4058 6316
246 361 348 412 265
369 379 376 382 ·

1481 346 1952 404 DECRETALIUM
1990 347 2375 402 COLLECTIO.

3506 351 3605 404 266

241 463 518 537 episcopi,
539 460 975 518 siconstitutum
993 459 1244 532 pretium
1271 458 1440 514 debet
1467 457 1645 530 recipi
1665 473 1870 525 necne,
1893 465 1954 542 Α
1971 457 2108 513 tate.
2139 456 2304 522 Quod
2329 456 2376 510 si
2405 455 2582 512 etiam
2613 454 2694 510 ibi
2723 454 3031 511 seditiones
3059 453 3341 511 concitare
3367 453 3607 527 proban-

238 562 477 630 propter
513 557 669 629 quod
706 571 855 627 stepe
903 554 1184 626 contingit
1233 552 1628 608 distractarum
1674 568 1875 607 rerum
1972 553 2103 620 tur,
2166 550 2447 622 episcOpis
2495 549 2709 604 ibidem
2764 549 3114 620 constitutis,
3168 548 3458 621 segregari
3508 563 3607 604 eos

238 652 493 708 redditus
532 649 874 723 ampliorem
925 663 1213 706 summam
1250 663 1354 721 pro
1408 650 1638 720 accepto
1685 645 1871 720 pretio

238 746 425 802 reddi.

311 841 442 895 XVI.
495 842 557 895 In
602 839 712 894 hoc
750 837 913 895 titulo
947 837 1124 893 verba
1164 838 1355 892 Graeca
1392 836 1514 891 haec
1551 837 1725 892 sunt:
1754 844 1872 908 Περὶ

237 942 332 991 τιῖιν
355 941 542 1003 ἀλογῶς
565 939 821 1002 διαγόντῶν
844 939 928 988 καὶ
955 937 1213 1002 διαγόνται,
1234 946 1362 1002 quas
1391 946 1496 985 nos
1523 929 1718 984 Latine
1744 947 1870 1001 pos-

235 1044 435 1082 sumus
495 1026 682 1081 dicere
733 1025 804 1079 de
852 1025 940 1080 his
987 1024 1086 1096 qui
1143 1022 1603 1079 irrationabiliter
1661 1023 1869 1078 versati

238 1124 373 1176 sunt
392 1121 505 1175 sive
531 1123 844 1176 versantur.
881 1119 1087 1176 Sensus
1119 1121 1335 1184 autem,
1366 1117 1426 1172 in
1451 1116 1555 1170 hac
1585 1117 1868 1172 sententia

236 1215 448 1286 duplex
489 1230 612 1269 esse
657 1216 864 1286 potest,
900 1212 997 1284 qui
1023 1228 1093 1268 ex
1121 1211 1386 1282 subjectis
1427 1209 1740 1281 conjicitur,
1771 1215 1868 1266 aut

237 1307 310 1364 de
339 1309 428 1363 his
458 1308 557 1380 qui
577 1324 706 1362 cum
735 1305 1038 1378 pecoribus
1057 1306 1210 1362 coitu
1228 1305 1380 1360 misti
1407 1310 1560 1373 sunt,
1584 1309 1682 1360 aut
1699 1320 1866 1360 more

236 1401 525 1474 pecudum
552 1401 769 1457 incesta
795 1417 926 1456 cum
952 1399 1291 1472 prOpinquis
1329 1400 1677 1471 sanguinum
1703 1415 1863 1454 com-

235 1495 607 1550 miscuerunt.
644 1495 936 1565 Quotquot
959 1493 1137 1565 igitur
1159 1496 1294 1548 ante
1318 1492 1655 1565 vigesimum
1681 1491 1865 1548 aetatis

234 1605 350 1644 sum
365 1604 582 1644 annum
602 1588 713 1644 tale
729 1587 944 1644 crimen
970 1586 1326 1658 admiserint,
1348 1586 1676 1658 quindecim
1700 1585 1864 1642 annis

232 1683 293 1738 in
336 1681 670 1754 pcenitentia
714 1681 976 1754 peractis,
1027 1680 1265 1736 orationi
1308 1683 1532 1737 tantum
1586 1680 1864 1752 incipiant

233 1777 679 1832 communicem.
727 1776 797 1831 Et
832 1775 1296 1848 quinquennium
1336 1775 1583 1830 alterum
1613 1774 1673 1828 in
1705 1790 1858 1830 com-

1970 659 2201 701 necesse
2248 647 2352 716 est,
2409 645 2466 699 et
2514 642 2886 701 nihilominus
2941 641 3277 717 presbyterii
3327 641 3605 716 dignitate

1969 739 2205 812 privari.

2041 833 2174 888 XIX.
2223 832 2514 903 Quotquot
2554 831 2935 904 virginitatem
2979 831 3291 904 pollicitam
3329 831 3602 903 praevari-

1973 929 2110 981 catae
2132 927 2284 993 sunt,
2305 924 2654 996 professione
2676 928 3024 998 contempta,
3055 926 3207 981 inter
3231 925 3511 997 bigamos,
3542 924 3601 980 id

1970 1025 2053 1076 est
2080 1018 2177 1092 qui
2195 1019 2270 1073 ad
2291 1019 2563 1074 secundas
2585 1020 2809 1090 nuptias
2835 1019 3204 1087 transierunt,
3219 1017 3419 1076 haberi
3438 1017 3604 1075 debe-

1969 1115 2132 1169 bunt.
2151 1112 2411 1185 Virgines
2424 1117 2612 1168 autem
2631 1114 2843 1185 puellas
2861 1111 2986 1186 62
3003 1129 3132 1185 quae
3147 1115 3428 1186 tanquam
3447 1129 3601 1168 soro-

1966 1223 2059 1262 res
2095 1222 2225 1262 cum
2269 1204 2558 1262 nonnullis
2585 1205 2722 1261 viris
2758 1206 3013 1262 habitare
3040 1207 3256 1277 volunt,
3285 1207 3357 1262 ab
3399 1222 3599 1264 eorum

1966 1301 2249 1356 consortio
2275 1301 2664 1372 prohibemus.

2033 1395 2137 1450 XX.
2202 1394 2257 1450 Si
2325 1393 2452 1466 quis
2515 1393 2858 1449 adulterium
2916 1392 3300 1461 commiserit,
3371 1396 3594 1466 septem

1962 1487 2128 1542 annis
2152 1488 2214 1542 in
2240 1487 2581 1560 poenitentia
2608 1486 2926 1559 completis,
2958 1487 3299 1559 perfectioni
3324 1486 3596 1542 reddatur

1964 1581 2277 1637 secundum
2300 1581 2574 1654 pristinos
2599 1580 2831 1652 gradus.

2031 1676 2159 1730 XXI.
2189 1677 2266 1731 De
2314 1675 2648 1731 mulieribus
2693 1691 2823 1747 quae
2870 1673 3245 1742 fornicantur,
3303 1677 3359 1728 et
3406 1677 3598 1745 partus

1961 1785 2094 1824 suos
2117 1771 2344 1840 necant,
2375 1769 2473 1825 sed
2499 1774 2554 1824 et
2573 1769 2642 1823 de
2669 1769 2755 1840 his
2774 1785 2901 1840 quae
2921 1771 3104 1840 agunt
3126 1782 3319 1821 secum
3347 1768 3411 1822 ut
3437 1769 3596 1822 utero

232 1870 506 1926 munione
549 1868 821 1925 orationis
857 1868 1032 1924 solius
1061 1869 1455 1940 perdurantes.
1484 1870 1620 1924 Post
1650 1868 1858 1940 vigesi-
1879 1837 1937 1910 B
1961 1866 2266 1934 conceptus
2333 1862 2654 1918 excutiatur
2677 1833 2723 2010 ,ὲ
2749 1862 2985 1934 antiqua
3043 1861 3277 1933 quidem
3345 1859 3595 1916 deﬁnitio

233 1981 393 2010 mum
417 1980 544 2010 cum
564 1963 847 2010 oblatione
873 1962 941 2010 ad
974 1961 1438 2010 communionem
1458 1962 1857 2010 susciniantnn
1959 1973 2140 2010 usaue
2185 1956 2260 2010 ad
2291 1955 2507 2010 exitum
2535 1956 2664 2010 vitae
2726 1972 2786 2010 as
2811 1955 2880 2010 ab
2911 1954 3144 2010 ecclesia
3171 1955 3447 2010 removet.
3479 1953 3590 2009 hu-

231 1981 395 2020 mum
417 1980 546 2020 cum
564 1963 847 2019 oblatione
873 1962 945 2018 ad
974 1961 1439 2018 communionem
1458 1962 1857 2034 suscipiantur,

229 2058 566 2114 discutiatur
577 2060 768 2113 autem
788 2060 845 2111 et
859 2056 974 2112 vita
990 2072 1190 2112 eorum
1203 2057 1388 2129 qualis
1411 2055 1583 2111 fuerit
1601 2058 1859 2127 tempore

229 2151 599 2224 paenitentiae.
626 2153 696 2206 Et
705 2151 870 2222 juxta
892 2151 1040 2206 hanc
1068 2150 1485 2206 humanitatem
1511 2165 1859 2221 consequan-

227 2249 338 2301 tur.
375 2245 544 2310 Quod
568 2246 615 2300 si
639 2245 766 2316 quis
794 2245 1244 2316 perseverantius
1277 2244 1484 2298 abusus
1511 2243 1704 2311 fuerit,
1744 2243 1856 2298 hoc

226 2339 466 2394 crimine
506 2339 779 2410 prolixius
821 2342 1066 2410 tempus,
1100 2338 1159 2393 id
1200 2341 1285 2393 est
1326 2337 1528 2408 viginti
1571 2353 1855 2393 annorum

223 2433 622 2505 paenitentiam
649 2431 931 2504 suscipiat.
968 2432 1074 2497 Qui
1110 2448 1262 2501 vero,
1298 2434 1491 2487 exacta
1517 2430 1720 2501 viginti
1749 2447 1851 2486 an-

221 2543 432 2583 norum
463 2529 649 2597 aetate,
681 2530 738 2582 et
767 2543 965 2583 uxores
990 2526 1267 2582 habentes
1290 2525 1350 2580 in
1375 2525 1485 2580 hoc
1515 2524 1732 2580 crimen
1759 2525 1852 2580 in-

221 2620 485 2688 ciderint,
528 2624 657 2691 post
685 2620 889 2691 viginti
927 2623 984 2675 et
1029 2619 1281 2692 quinque
1308 2634 1488 2674 annos
1516 2617 1854 2690 pcenitentia

218 2713 343 2766 acta
389 2710 464 2764 ad
506 2708 973 2765 communionem
1005 2709 1324 2763 orationum
1364 2706 1764 2775 admittantur,
1790 2707 1852 2763 in

219 2820 332 2876 qua
357 2803 760 2858 communione
785 2802 1107 2858 orationum
1124 2802 1300 2858 altero
1317 2800 1710 2874 quinquennio
1724 2818 1851 2873 per-

218 2897 497 2952 durantes
526 2896 752 2968 plenam
781 2895 1245 2952 communionem
1271 2911 1400 2949 cum
1427 2894 1684 2950 oratione
1704 2895 1846 2950 reci-

217 2992 395 3062 piant.
428 2991 592 3055 Quod
635 2990 681 3046 si
730 2990 906 3062 aliqui
953 2993 1010 3046 et
1055 3005 1254 3045 uxores
1282 2989 1578 3054 habentes,
1605 2992 1664 3044 et
1691 3005 1849 3045 exce-

215 3085 421 3141 dentes
445 3083 985 3158 quinquagesimum
1039 3083 1218 3138 aetatis
1257 3099 1374 3138 suae
1402 3099 1618 3137 annum
1644 3082 1704 3137 in
1735 3083 1846 3138 hoc

1959 1973 2140 2029 usque
2185 1956 2260 2012 ad
2291 1955 2507 2012 exitum
2535 1956 2664 2011 vita:
2693 1953 2786 2010 eas
2811 1955 2880 2010 ab
2911 1954 3144 2011 ecclesia
3171 1955 3447 2024 removet,
3479 1953 3590 2009 hu-

1959 2054 2146 2110 manis
2165 2070 2318 2110 nunc
2345 2053 2674 2124 deﬁnimus,
2704 2057 2770 2110 ut
2804 2053 2884 2109 eis
2910 2054 3109 2109 decem
3133 2067 3414 2108 annorum
3442 2053 3589 2108 tem-

1956 2166 2064 2221 pus
2086 2148 2438 2220 pcenitentiaa
2467 2147 2766 2203 tribuatur.

2025 2243 2178 2298 XXII.
2238 2242 2344 2306 Qui
2393 2241 2711 2296 voluntarie
2762 2239 3135 2295 homicidium
3186 2239 3463 2310 fecerint,
3518 2241 3590 2294 ad

1953 2335 2347 2406 paenitentiam
2397 2334 2634 2406 quidem
2666 2334 2882 2405 jugiter
2926 2350 2986 2388 se
3031 2334 3386 2389 submittant.
3435 2331 3591 2388 Circa
3641 2341 3650 2347 ‘

1955 2432 2150 2484 autem
2180 2429 2398 2483 exitum
2423 2428 2574 2497 vitae,
2602 2427 3007 2483 communione
3045 2427 3207 2498 digni
3249 2425 3586 2482 habeantur.

1954 2523 2062 2577 Eos
2106 2538 2236 2577 vero
2270 2521 2368 2592 qui
2411 2538 2526 2576 non
2574 2521 2881 2587 voluntate,
2921 2520 3018 2575 sed
3049 2537 3177 2575 casu
3215 2519 3586 2575 homicidium

1953 2616 2207 2683 fecerint,
2248 2613 2407 2688 prior
2441 2615 2641 2685 regula
2670 2617 2800 2686 post
2823 2597 3368 2690 septem'annorum
3395 2613 3582 2684 poeni-

1953 2710 2193 2766 tentiam
2218 2751 2232 2779 ,
2293 2707 2682 2764 communioni
2732 2706 2961 2762 sociavit
3007 2707 3320 2762 secundum
3373 2706 3584 2778 gradus

1950 2804 2298 2860 constitutos.
2330 2804 2460 2858 Haec
2479 2818 2614 2858 vero
2644 2800 2953 2857 humanior
2978 2799 3236 2857 deﬁnitio
3263 2799 3581 2872 quinquen-

1950 2898 2029 2952 nii
2060 2901 2288 2970 tempus
2310 2896 2528 2952 tribuit.

2018 2993 2196 3047 XXIII.
2227 2991 2334 3056 Qui
2377 2989 2623 3061 auguria
2658 2990 2748 3045 vel
2791 2988 3037 3061 auspicia
3076 2987 3190 3043 sive
3239 2987 3456 3043 somnia
3493 2991 3581 3045 vel

1945 3085 2324 3141 divinationes
2353 3083 2630 3157 quaslibet
2656 3084 2973 3140 secundum
3014 3098 3240 3138 morem
3276 3081 3577 3152 gentilium

212 3179 467 3250 prolapsi
500 3181 635 3232 sunt
666 3178 876 3233 scelere
923 3177 997 3233 ad
1038 3177 1254 3232 exitum
1283 3179 1510 3232 tantum
1535 3176 1666 3232 vitae
1694 3193 1921 3281 com-C
1945 3178 2265 3246 observant,
2304 3183 2403 3234 aut
2449 3177 2508 3233 in
2547 3178 2746 3234 domos
2790 3193 2918 3232 suas
2962 3175 3289 3247 hujusmodi
3315 3175 3576 3230 homines

210 3271 548 3327 munionem
567 3277 933 3327 moereantur.

279 3367 432 3421 XVII.
461 3367 572 3420 Hos
601 3365 850 3435 eosdem,
891 3382 1025 3420 sane
1064 3381 1179 3420 non
1219 3365 1404 3419 solum
1447 3366 1700 3435 leprosos
1742 3365 1846 3420 cri-

209 3459 365 3516 mine
403 3459 803 3531 hujuscemodi
849 3460 1043 3529 factos,
1089 3458 1189 3514 sed
1234 3463 1289 3514 et
1326 3457 1464 3513 alios
1505 3458 1614 3513 isto
1641 3457 1844 3513 morbo

207 3553 519 3625 replentes,
563 3553 779 3624 placuit
820 3552 970 3608 inter
1011 3568 1106 3607 eos
1149 3568 1314 3608 orare
1357 3551 1456 3623 qui
1499 3554 1840 3623 tempestate

199 3649 514 3718 jactentur,
546 3647 645 3718 qui
672 3664 706 3701 a
731 3646 890 3702 nobis
918 3647 1294 3718 energumeni
1319 3645 1738 3716 intelliguntur.

277 3743 466 3797 XVIII.
501 3740 556 3797 Si
588 3741 688 3812 qui
736 3741 988 3812 episcopi
1031 3740 1277 3812 suscepti
1324 3755 1444 3796 non
1483 3743 1616 3794 sunt
1662 3756 1696 3794 a
1737 3757 1841 3795 sua

207 3834 438 3890 dioecesi
463 3834 526 3888 in
552 3851 663 3906 qua
688 3834 915 3888 fuerant
935 3833 1311 3903 denominati,
1336 3833 1752 3905 compellantur
1767 3834 1840 3888 ad

209 3928 479 3984 eamdem
519 3927 726 3998 judicis
773 3927 954 3983 edicto
998 3927 1208 3984 redire.
1258 3928 1420 3992 Quod
1468 3927 1515 3981 si
1555 3927 1841 3982 voluerint

204 4023 339 4077 alias
371 4020 646 4076 Ecclesias
675 4037 968 4092 occupare,
1000 4026 1056 4076 et
1091 4021 1205 4075 vim
1248 4021 1432 4076 facere
1473 4020 1594 4076 aliis
1619 4019 1834 4091 episco-

203 4117 289 4187 pis
315 4133 464 4189 quos
495 4114 577 4170 ibi
607 4114 947 4182 invenerint,
977 4114 1284 4170 seditiones
1315 4114 1614 4170 excitando
1643 4115 1838 4169 adver-

203 4226 295 4264 sus
339 4226 455 4276 eos,
505 4209 609 4263 hos
651 4225 955 4279 segregare
989 4211 1226 4280 oportet.
1275 4209 1436 4272 Quod
1467 4209 1515 4262 si
1554 4209 1749 4263 volunt
1774 4207 1833 4262 in

201 4302 554 4375 presbyterio
587 4303 648 4356 in
693 4302 930 4357 ecclesia
967 4302 1066 4356 ubi
1107 4301 1267 4372 prius
1304 4303 1533 4358 fuerant
1561 4304 1831 4373 tanquam

200 4397 519 4470 presbyteri
535 4397 804 4466 residere,
829 4413 946 4452 non
967 4396 1318 4468 repellantur
1343 4412 1378 4452 a
1402 4396 1633 4468 propria
1652 4394 1836 4468 digni-

1943 3273 2317 3328 introducunt
2355 3272 2416 3327 in
2453 3271 2819 3344 exquirendis
2843 3270 3127 3342 aliquibus
3150 3272 3272 3360 arte
3295 3269 3573 3335 malefica,

1943 3372 2046 3423 aut
2089 3367 2290 3422 domus
2330 3368 2594 3435 lustrant,
2647 3364 2904 3432 confessi,
2944 3363 3338 3435 quinquennio
3389 3363 3572 3434 poeni-

1939 3459 2181 3517 tentiam
2219 3462 2392 3531 agant
2442 3457 3061 3528 secundum.antiquas
3102 3457 3327 3527 regulas
3356 3455 3568 3511 consti-

1939 3558 2109 3610 tutas.

2008 3649 2183 3704 XXIV.
2229 3647 2286 3702 Si
2334 3647 2460 3718 quis
2497 3661 2766 3718 sponsam
2801 3644 3036 3713 habens,
3079 3644 3258 3700 sorori
3299 3643 3421 3715 ejus
3460 3644 3570 3698 for-

1939 3741 2083 3796 sitan
2135 3740 2395 3796 intulerit
2448 3740 2671 3808 vitium,
2725 3740 2891 3811 eique
2943 3737 3230 3793 inliaaserit
3288 3741 3568 3808 tanquam

1939 3851 2056 3890 suae
2097 3839 2154 3891 et
2197 3835 2304 3890 sibi
2344 3834 2725 3905 expetendam
2772 3850 2892 3889 esse
2938 3831 3568 3904 conjunctionemLhac

1937 3932 2129 3983 autem
2143 3927 2399 3998 decepta,
2421 3931 2623 3998 postea
2636 3942 2877 3982 uxorem
2897 3925 3126 3980 duxerit
3145 3925 3564 3996 desponsatam.

1935 4023 2036 4076 Illa
2065 4037 2200 4077 vero
2243 4037 2371 4092 quae
2415 4020 2615 4076 vitium
2642 4037 2804 4093 passa
2847 4023 2949 4088 est,
2977 4019 3023 4074 si
3052 4019 3200 4074 forte
3232 4034 3430 4074 necem
3460 4017 3565 4072 sibi

1934 4115 2215 4182 intulerit,
2262 4131 2460 4171 omnes
2504 4113 2562 4168 hi
2611 4113 2708 4186 qui
2751 4113 2922 4184 huius
2974 4111 3106 4168 facti
3157 4115 3290 4168 sunt
3337 4112 3562 4178 conscii,

1936 4209 2136 4264 decem
2176 4208 2338 4264 annis
2363 4208 2424 4262 in
2465 4207 2864 4279 paenitentiam
2890 4207 3232 4279 redigantur
3254 4207 3563 4265 secundum

1933 4317 2174 4358 canones
2203 4302 2560 4357 constitutos.

2254 4395 2496 4464 Explicit
2523 4393 2826 4452 concilium
2853 4398 3240 4469 Ancyranum.

903 4821 1302 4890 INCIPIUNT
1344 4823 1734 4892 CAPITULA
1774 4821 2468 4893 NEOCJESARIENSIS
2513 4819 2866 4889 CONCILII.

272 5027 322 5078 I.
352 5023 436 5077 De
455 5020 799 5095 presbyteris
818 4981 1176 5097 quiuxorem
1196 5025 1401 5083 ducere
1419 5042 1534 5082 non
1557 5025 1822 5109 debeant.
1845 5041 1906 5114 D
1997 5032 2049 5083 9.
2099 5028 2177 5083 De
2241 5023 2587 5100 presbyteris
2647 5021 2927 5096 corporali
2987 5023 3215 5094 peccato
3269 5036 3553 5093 praeoccu-

265 5119 323 5172 2.
355 5117 439 5172 De
461 5116 702 5173 muliere
735 5117 955 5175 duobus
979 5120 1245 5180 fratribus
1259 5121 1478 5178 nubere
1498 5138 1616 5177 non
1634 5121 1824 5179 licere.

267 5213 322 5267 3.
353 5211 433 5266 De
463 5211 552 5266 his
574 5211 673 5284 qui
703 5214 899 5269 multis
922 5214 1141 5287 nuptiis
1167 5217 1753 5274 communicaverunt.

266 5306 320 5360 4.
354 5305 434 5360 De
460 5304 921 5377 concupiscentia
944 5325 1060 5365 non
1087 5315 1501 5367 consummata.

355 5399 432 5455 De
458 5399 882 5457 catechumenis
907 5404 1286 5475 peccantibus.

266 5496 320 5549 6.
351 5493 429 5549 De
456 5495 890 5565 praegnantibus
918 5496 1290 5569 baptizandis.

267 5592 318 5642 7.
353 5588 722 5661 Presbyteros
773 5589 834 5646 in
881 5592 1138 5649 secundis
1194 5594 1406 5666 nuptiis
1453 5611 1569 5650 non
1618 5593 1827 5651 debere

194 5697 385 5737 orare.

267 5779 320 5831 8.
352 5776 550 5834 Uxoris
599 5779 871 5838 adulterae
927 5780 1108 5838 virum
1134 5825 1148 5854 ,
1208 5781 1476 5839 clericum
1536 5782 1659 5839 ﬁeri
1709 5797 1828 5840 non

196 5869 432 5928 debere.

1965 5122 2092 5178 atis.

1965 5140 2092 5178 aus.

1926 5140 1964 5196 Ρ
2001 5220 2084 5273 10.
2137 5217 2216 5272 De
2273 5213 2599 5271 diaconibus
2649 5211 2928 5284 corporali
2976 5215 3209 5284 peccato
3269 5228 3552 5286 przeoccu-

1926 5311 2094 5383 patis.

2001 5410 2086 5461 II.
2116 5405 2194 5460 De
2237 5403 2566 5476 presbytero
2607 5400 2796 5458 minus
2843 5400 3080 5475 triginta
3124 5419 3407 5461 annorum
3446 5405 3552 5460 mi-

1926 5499 2084 5555 nime
2116 5496 2453 5554 ordinando.

1997 5597 2081 5649 I2.
2110 5594 2191 5648 De
2208 5591 2296 5646 his
2318 5590 2418 5663 qui
2442 5590 2500 5645 in
2529 5589 2867 5663 aegritudine
2894 5595 3028 5648 sunt
3049 5592 3335 5666 baptizati.

1999 5690 2084 5742 I3.
2113 5688 2193 5742 De
2217 5683 2567 5758 presbyteris
2595 5684 2825 5742 alterius
2855 5686 3125 5761 regionis.

2003 5783 2085 5838 14.
2122 5782 2200 5840 De
2223 5780 2554 5838 diaconibus
2580 5785 2821 5855 septem.
