4058 6314
482 329 574 383 251

1374 322 1658 378 APPEND.
1698 322 1785 376 AD
1823 322 1983 378 Szl-IC.
2026 323 2112 377 1X.
2141 350 2209 361 -—
2248 322 2492 378 lSlDORl
2530 320 2955 378 MERCATORIS

3739 322 3845 374 2352

478 432 731 508 pontiﬁci
781 436 975 487 nostro
1018 430 1281 486 Silvestre
1310 429 1611 484 universali
1639 446 1805 501 papae
1849 429 2112 485 concedi-
2132 430 2333 515 Ahaec
2363 446 2492 502 quae
2536 447 2570 484 a
2612 428 2773 484 nobis
2815 426 3102 500 imperiali
3129 427 3424 482 sanctione
3464 433 3845 482 sacrosanctae

482 545 612 582 mus
631 531 798 598 atque
829 524 1229 595 relinquimus,
1262 526 1321 577 et
1349 538 1737 577 successorum
1767 522 1942 593 ipsius
1968 539 2107 593 pon-

482 621 698 675 tiﬁcum
725 617 993 690 potestati
1028 622 1085 671 et
1112 616 1322 671 ditione
1346 615 1516 670 ﬁrma
1555 615 1843 686 imperiali
1872 632 2113 669 censura

480 731 587 786 per
597 714 745 768 hanc
758 711 1005 767 divalem
1022 713 1271 765 nostram
1283 725 1503 763 sacram
1516 711 1861 779 potestatem
1877 711 1935 762 et
1946 724 2111 780 prag-

482 807 757 863 maticum
816 804 1181 859 constitutum
1242 803 1608 857 decernimus
1665 802 2107 873 disponendum,

481 905 653 972 atque
662 898 777 970 juri
794 902 1003 953 sancta:
1020 898 1295 951 Romante
1314 895 1575 950 Ecclesiae
1597 895 1963 950 concedimus
1979 911 2110 966 per-

483 1008 842 1049 mansurum.
876 990 1033 1046 Unde
1079 1005 1399 1059 congruum
1435 988 1828 1059 prospeximus
1854 993 2111 1043 nostrum

484 1085 809 1158 imperium,
825 1083 1055 1154 etregni
1075 1085 1419 1154 potestatem
1432 1081 1799 1135 orientalibus
1818 1081 2113 1136 transferri

483 1184 542 1234 et
566 1176 934 1234 transmutari
955 1175 1310 1247 regionibus,
1333 1179 1389 1229 ct
1407 1174 1468 1229 iu
1495 1174 1760 1229 Bizantiae
1783 1173 2109 1245 provinciae,

478 1274 538 1327 in
565 1272 784 1344 optimo
804 1272 947 1338 loco,
978 1268 1201 1323 nomini
1222 1274 1415 1323 nostro
1437 1267 1719 1323 civitatem
1746 1267 2036 1338 aediﬁcari,
2055 1271 2113 1322 et

482 1372 742 1421 nostrum
767 1364 882 1419 illic
897 1362 1165 1417 constitui
1192 1361 1519 1433 imperium,
1540 1360 1813 1433 quoniam
1838 1360 1931 1415 ubi
1950 1360 2110 1432 prin-

481 1461 701 1532 cipatus
728 1457 1084 1512 sacerdotum
1103 1459 1162 1510 et
1177 1455 1512 1511 Christianae
1528 1454 1822 1524 religionis
1838 1458 2025 1526 caput,
2041 1453 2112 1509 ab

483 1554 828 1625 imperatore
859 1550 1072 1605 caelesti
1113 1549 1483 1604 constitutum
1511 1552 1615 1616 est,
1640 1549 1858 1619 justum
1886 1564 2000 1603 non
2031 1552 2115 1602 est

482 1651 549 1703 ut
572 1645 688 1700 illic
711 1645 1020 1716 imperator
1044 1645 1308 1698 terrenus
1334 1643 1543 1697 habeat
1572 1644 1941 1713 potestatem;
1991 1641 2113 1696 haec

484 1756 619 1794 vero
646 1737 842 1793 omnia
871 1753 997 1809 quae
1026 1752 1129 1808 per
1169 1737 1318 1791 hanc
1356 1740 1607 1791 nostram
1643 1734 1997 1806 imperialem
2025 1751 2109 1788 sa-

2212 524 2483 579 Romanae
2504 523 2765 579 Ecclesiae
2785 523 2868 576 vel
2893 522 3014 592 ejus
3041 520 3307 576 omnibus
3326 519 3691 592 pontificibus“
3711 536 3846 574 con-
3948 521 3955 527 ’

2212 633 2364 672 cessa
2384 620 2534 686 sunt,
2558 615 2834 688 refragari
2853 620 2951 670 aut
2974 614 3340 686 confringere
3365 615 3451 669 vel
3473 615 3533 669 in
3550 629 3844 686 quoquam

2210 711 2543 766 convellere.
2573 709 2631 765 Si
2653 709 2782 781 quis
2799 714 2989 764 autem
3008 708 3179 781 (quod
3198 725 3315 764 non
3330 706 3632 778 credimus)
3653 707 3714 762 in
3735 707 3845 761 hoc

2210 803 2526 854 temerator
2567 804 2666 855 aut
2708 801 3070 869 contemptor
3121 797 3416 867 exstiterit,
3446 796 3678 852 aeternis
3701 812 3841 851 con-

2214 893 2672 948 demnationibus
2698 892 2987 964 subjaceat
3010 890 3335 959 innodatus,
3386 896 3444 946 et
3481 892 3701 946 sanctos
3744 889 3845 944 Dei

2211 985 2497 1059 principes
2513 987 2903 1057 apostolorum
2921 987 3151 1042 Petrum
3169 989 3228 1040 et
3238 985 3495 1053 Paulum,
3508 983 3617 1038 sibi
3630 984 3690 1038 in
3702 999 3846 1055 prae-

2212 1080 2361 1135 senti
2404 1083 2462 1135 et
2504 1080 2698 1134 futura
2725 1080 2843 1134 vita
2866 1078 3076 1134 sentiat
3100 1077 3435 1146 contrarios,
3475 1082 3645 1149 atque
3675 1077 3736 1132 in
3764 1076 3848 1130 in-

2210 1174 2374 1229 ferno
2400 1173 2655 1228 inferiori
2680 1176 3075 1228 concrematus
3101 1188 3234 1227 cum
3256 1171 3483 1227 diabolo
3505 1174 3563 1227 et
3579 1170 3847 1226 omnibus

2211 1266 2435 1322 deﬁciat
2468 1248 2889 1373 impiis.\{‘lu/jus
2922 1282 3055 1322 vero
3080 1265 3393 1337 imperialis
3421 1264 3636 1321 decreti
3663 1264 3848 1320 nostri

2210 1360 2480 1433 paginam
2492 1360 3018 1432 propriisTﬁanibus
3033 1360 3565 1430 roborantes,super
3574 1374 3849 1414 veneran-

2213 1454 2354 1508 dum
2376 1440 2582 1525 corpus
2601 1452 2753 1507 beati
2782 1452 2931 1508 Petri
2957 1452 3227 1525 principis
3243 1452 3632 1524 apostolorum
3660 1451 3849 1523 posui-

2211 1563 2359 1614 mus,
2405 1547 2602 1618 ibique
2650 1547 2838 1601 eidem
2885 1562 3017 1601 cum
3061 1546 3318 1617 apostolo
3359 1545 3701 1617 spondentes
3741 1562 3847 1600 nos

2212 1645 2411 1695 cuncta
2433 1639 2835 1695 inviolabiliter
2858 1656 3214 1707 conservare,
3242 1644 3301 1695 et
3324 1639 3534 1695 nostris
3558 1655 3843 1694 successo-

2212 1734 2366 1788 ribus
2389 1732 2827 1804 imperatoribus
2852 1732 3239 1789 conservanda
3268 1733 3328 1788 in
3357 1732 3644 1789 mandatis
3668 1732 3841 1787 relin-

484 1850 660 1901 cram,
706 1834 765 1887 et
805 1846 910 1902 per
946 1829 1057 1885 alia
1103 1829 1313 1884 divalia
1350 1830 1575 1884 decreta
1614 1828 1913 1883 statuimus
1943 1812 2188 1898 atqueB
2214 1826 3849 1898 qui,PatrinostroSilvestrosummopontiﬁcietuniversali

485 1923 968 1992 conﬁrmavimus,
995 1939 1176 1994 usque
1196 1924 1256 1977 in
1283 1922 1458 1977 ﬁnem
1480 1922 1684 1994 mundi
1708 1920 1920 1976 illibata
1945 1925 2000 1975 et
2030 1920 2115 1975 in-

484 2036 753 2076 concussa
777 2014 1585 2090 permanenda_d_ecernimus.|
1603 2014 1758 2070 Unde
1788 2031 1981 2069 coram
2002 2016 2114 2069 Deo

483 2115 630 2183 vivo,
661 2112 761 2184 qui
801 2128 908 2166 nos
947 2080 1616 2182 regnarWdt
1657 2124 1848 2162 coram
1876 2107 2115 2163 terribili

488 2209 610 2280 ejus
634 2205 847 2277 judicio
867 2205 1234 2272 obtestamur,
1263 2219 1371 2274 per
1399 2203 1507 2257 hoc
1534 2205 1791 2256 nostrum
1818 2200 2114 2272 imperiale

487 2300 1093 2366 constitutum,omnes
1106 2299 1330 2351 nostros
1345 2295 2113 2367 successores,imperatores,

486 2396 576 2450 vel
603 2396 835 2448 cunctos
865 2391 1465 2463 optimates,satrapas
1496 2389 1671 2443 etiam
1699 2387 2115 2460 amplissimum

487 2494 751 2543 senatum
763 2484 1156 2541 etuniversum
1172 2483 1444 2554 populum
1458 2482 1519 2536 in
1534 2485 1651 2537 toto
1662 2483 1799 2536 orbe
1810 2488 2114 2552 terrarum,

486 2598 661 2648 nunc,
689 2583 748 2634 et
793 2579 853 2634 in
899 2581 1193 2649 posterum
1231 2576 1448 2631 cunctis
1477 2575 1848 2647 temporibus,
1874 2574 2116 2646 imperio

487 2680 683 2730 nostro
697 2672 1109 2743 subjacentem,
1130 2669 1276 2725 nulli
1298 2685 1498 2725 eorum
1519 2668 1924 2741 quoquomodo
1944 2668 2117 2724 licere

2212 1937 2394 1992 papae,
2417 1921 2653 1992 ejusque
2679 1920 2894 1976 cunctis
2924 1919 3341 1975 successoribus
3358 1920 3719 1991 pontiﬁcibus
3739 1920 3850 1975 Do-

2213 2014 2370 2068 mino
2396 2015 2510 2069 Deo
2541 2019 2597 2069 et
2622 2016 2902 2069 salvatore
2929 2017 3124 2069 nostro
3149 2015 3278 2069 Jesu
3304 2013 3530 2070 Christo
3555 2019 3847 2069 annuente

2213 2107 2492 2162 tradimus
2534 2107 2869 2178 perenniter
2897 2112 3067 2179 atque
3118 2107 3358 2163 feliciter
3384 2086 3762 2209 possidenda;
3780 2109 3850 2162 Et

2216 2199 2551 2272 subscriptio
2596 2201 2925 2272 imperialis,
2966 2200 3227 2257 divinitas
3272 2217 3374 2257 vos
3414 2199 3851 2272 conservet'per

2216 2295 2426 2350 multos
2457 2310 2655 2363 annos,
2689 2293 3025 2349 sanctissimi
3048 2311 3113 2349 ac
3136 2294 3447 2350 beatissimi
3490 2297 3702 2350 Patres.
3736 2296 3845 2350 Da-

2215 2392 2340 2443 tum
2368 2389 2583 2456 Romae,
2613 2388 2717 2443 sub
2746 2387 2915 2443 tertio
2944 2387 3037 2442 die
3069 2388 3264 2443 Kalen.
3286 2389 3586 2460 Aprilium,
3613 2388 3849 2444 domino

2214 2484 2407 2536 nostro
2450 2481 2635 2536 Flavio
2682 2481 3049 2538 Constantino
3085 2486 3336 2553 Augusto
3367 2486 3569 2555 quarto
3596 2485 3655 2538 et
3677 2482 3846 2538 Galli-

2217 2591 2360 2631 cano
2384 2576 2471 2643 ιν,
2495 2575 2632 2630 viris
2664 2574 2986 2631 clarissimis
3011 2576 3350 2631 consulibus.

1945 2801 2359 2815 Ἡ

1184 2929 1340 3007 QUO
1385 2927 1761 2994 TEMPORE
1803 2928 2073 2993 ACTUM
2115 2926 2241 2994 SIT
2283 2927 2663 2995 NICENUM
2706 2926 3150 2994 CONCILIUM.

561 3089 818 3144 Canones
864 3083 1219 3159 generalium
1268 3086 1637 3141 conciliorum
1685 3103 1719 3141 a
1767 3085 2118 3158 temporibus

488 3180 847 3238 Constantini
895 3183 1207 3252 coeperunt.
1256 3181 1317 3233 In
1367 3179 1826 3252 praecedentibus
1867 3196 2117 3251 namque

485 3275 650 3331 annis
687 3274 1078 3346 persecutione
1109 3274 1381 3342 fervente,
1424 3273 1806 3329 docendarum
1836 3273 2111 3345 plebium,

487 3369 598 3425 nisi
621 3385 750 3442 quae
778 3386 813 3424 a
835 3369 1094 3424 Romana
1117 3370 1519 3440 processerunt
1559 3367 1717 3437 sede,
1746 3366 1986 3422 minime
2015 3367 2113 3422 da-

2216 3103 2400 3142 unum
2414 3087 2718 3143 convenire
2733 3087 2838 3143 nisi
2860 3089 3117 3159 tempore
3131 3084 3435 3159 supradicti
3461 3084 3846 3159 imperatoris,

2217 3180 2336 3252 ipse
2364 3181 2518 3236 enim
2533 3181 2690 3237 dedit
2714 3181 3040 3237 facultatem
3058 3180 3390 3236 Christianis
3413 3179 3595 3235 libere
3613 3196 3852 3253 congre-

2218 3274 2358 3347 gari.
2377 3274 2490 3330 Sub
2516 3275 2628 3330 hoc
2642 3274 2817 3330 etiam
2836 3275 3015 3330 sancti
3041 3275 3256 3343 Patres,
3282 3274 3343 3329 in
3358 3274 3597 3329 concilio
3620 3274 3851 3330 Nicaano

2217 3367 2290 3423 de
2332 3367 2488 3423 omni
2521 3368 2658 3424 orbe
2698 3373 2984 3424 terrarum
3025 3367 3428 3424 convenientes
3461 3368 3629 3441 juxta
3671 3367 3851 3424 ﬁdem

485 3463 657 3519 batur
677 3464 932 3566 facultas.
960 3462 1098 3566 Inde
1128 3461 1519 3566 Christianitas
1546 3460 1884 3566 inldiversas
1930 3461 2113 3566 hare-
2135 3490 2191 3566 C
2215 3462 2603 3566 evangelicam
2633 3464 2691 3519 et
2712 3462 3103 3566 apostolicam,
3128 3461 3442 3518 secundum
3470 3465 3598 3535 post
3615 3466 3845 3535 aposto-

486 3573 573 3613 ses
620 3557 790 3613 scissa
834 3560 939 3625 est,
971 3556 1104 3628 quia
1141 3573 1260 3612 non
1305 3558 1427 3611 erat
1463 3554 1696 3611 licentia
1736 3554 2013 3629 episcopis
2056 3554 2117 3610 in
2145 3554 2190 3566 “’“
2215 3555 2299 3611 los
2327 3555 2653 3629 symbolum
2683 3555 3059 3613 tradiderunt.

1519 3829 1983 3900 PRIEFATIO
2045 3829 2370 3902 NIC/ENI
2429 3831 2823 3903 CONCILII.

561 3991 890 4049 Beatissimo
922 3991 1145 4048 Silvano
1190 3989 1248 4046 in
1287 3989 1430 4047 urbe
1455 3991 1638 4047 Roma
1675 3991 1999 4063 apostolicae
2029 4008 2117 4049 se-

491 4086 577 4143 dis
597 4084 865 4154 antistite,
888 4085 1257 4142 Constantino
1272 4074 1527 4157 Augusto
1554 4090 1612 4140 et
1635 4084 1850 4141 Licinio
1875 4087 2115 4158 Caesare,

489 4180 785 4236 consulatu
811 4178 1031 4235 Paulini
1056 4182 1113 4234 et
1134 4177 1340 4235 luliani
1365 4179 1621 4243 virorum
1649 4179 2115 4249 clarissimorum,

490 4275 562 4329 ab
607 4272 929 4328 Alexandro
971 4273 1369 4330 trecentesimo
1407 4272 1694 4329 tricesimo
1740 4279 1901 4330 sexto
1942 4291 2115 4343 anno,

487 4384 683 4423 mense
709 4367 875 4436 Julio,
901 4382 1000 4423 xm
1040 4367 1240 4423 Kalen.
1287 4367 1438 4435 Julii,
1483 4371 1721 4440 propter
1759 4368 2120 4442 insurgentes

488 4462 732 4518 haereses
749 4462 889 4517 ﬁdes
902 4460 1183 4517 catholica
1202 4461 1459 4534 exposita
1479 4467 1565 4517 est
1578 4463 1732 4535 apud
1746 4463 1991 4518 Nicaeam
2012 4464 2115 4534 By-

488 4556 708 4625 thiniaa,
746 4572 922 4629 quam
971 4561 1223 4612 sanctam
1260 4561 1318 4611 et
1350 4556 1827 4612 reverendissima
1860 4558 2121 4611 Romana

488 4650 887 4724 complectitur
901 4655 958 4705 et
974 4657 1279 4707 veneratur
1297 4650 1558 4719 Ecclesia,
1583 4650 1797 4722 quippe
1821 4665 1995 4721 quam
2010 4652 2123 4703 tre-

489 4746 635 4801 centi
656 4745 853 4801 decem
870 4750 927 4800 et
944 4749 1068 4801 octo
1084 4746 1281 4801 Patres
1308 4743 1686 4800 mediantibus
1704 4744 1930 4799 Victore
1950 4747 2118 4812 atque

488 4838 784 4894 Vincentio
815 4838 1246 4909 religiosissimis
1275 4838 1546 4891 Romanae
1575 4836 1721 4891 sedis
1754 4835 2116 4907 presbyteris,

2219 3994 2381 4062 coelo,
2415 3996 2473 4049 et
2497 4008 2853 4067 quaecunque
2879 3990 3113 4048 solveris
3140 4007 3312 4064 super
3329 3993 3541 4048 terram
3567 3995 3740 4048 erunt
3753 4007 3851 4047 so-

2216 4087 2334 4143 luta
2360 4090 2418 4142 et
2442 4087 2504 4143 in
2532 4087 2673 4143 coelo
2700 4087 2914 4159 (Matth.
2957 4103 3069 4155 xvn,
3120 4088 3205 4156 18,
3254 4086 3358 4157 l9).
3388 4106 3416 4137 »
3463 4084 3731 4141 Adhibita
3767 4090 3855 4142 est

2219 4181 2390 4236 etiam
2428 4181 2662 4237 societas
2705 4180 2765 4235 in
2809 4180 3008 4236 eadem
3055 4181 3311 4235 Romana
3354 4180 3494 4236 urbe
3538 4178 3854 4234 beatissimi

2220 4274 2455 4347 apostoli
2473 4274 2825 4345 Pauli,'vasis
2854 4273 3165 4343 electionis,
3196 4273 3296 4346 qui
3328 4290 3445 4329 uno
3478 4273 3588 4344 die,
3620 4289 3853 4345 unoque

2218 4375 2475 4440 tempore
2498 4368 2742 4439 gloriosa
2765 4374 2946 4425 morte
2963 4384 3093 4424 cum
3113 4369 3303 4436 Petro,
3328 4367 3432 4422 sub
3457 4367 3718 4440 principe
3738 4368 3849 4422 Ne-

2217 4477 2374 4531 rone,
2406 4460 2709 4533 agonizans
2739 4467 3038 4518 coronatus
3069 4465 3174 4530 est,
3203 4464 3260 4517 et
3286 4461 3456 4516 ambo
3503 4461 3719 4533 pariter
3745 4462 3848 4516 Ec-

2217 4553 2446 4610 clesiam
2473 4558 2726 4611 sanctam
2769 4556 3082 4611 Romanam
3118 4555 3341 4611 Christo
3369 4555 3607 4611 Domino
3658 4571 3853 4611 conse-

2217 4651 2541 4717 craverunt,
2586 4649 2822 4722 aliisque
2874 4649 3109 4705 urbibus
3157 4649 3421 4705 omnibus
3474 4648 3535 4703 in
3587 4648 3851 4704 universo

2218 4742 2436 4797 mundo
2455 4759 2557 4798 sua
2573 4743 2845 4815 potentia,
2864 4749 3031 4816 atque
3047 4743 3373 4799 venerando
3390 4742 3688 4815 triumpho
3706 4758 3855 4815 prae—

2221 4836 2490 4893 tulerunt.
2518 4838 2588 4893 Et
2615 4837 2747 4893 licet
2789 4854 2893 4909 pro
2921 4838 3185 4893 omnibus
3221 4837 3447 4893 assidua
3471 4837 3624 4909 apud
3654 4836 3851 4892 Domi-

489 4930 801 5002 inspirante
827 4933 957 5001 Deo,
985 4932 1057 4986 ad
1091 4929 1442 4985 obstruenda
1470 4928 1587 4983 Arii
1614 4944 1836 4983 venena
1866 4928 2115 4999 protule-
2137 4897 2198 4970 D
2220 4947 2360 4987 num
2384 4932 2643 4987 omnium
2669 4935 2997 4986 sanctorum
3027 4932 3296 4987 fundatur
3323 4931 3522 5002 oratio,
3542 4930 3631 4985 his
3655 4935 3853 4986 tamen

490 5027 645 5078 runt.
670 5025 812 5077 Nam
837 5028 894 5079 et
921 5025 1207 5079 nonnullae
1242 5023 1458 5094 regula:
1486 5021 1756 5076 subnexaa
1796 5025 1945 5091 sunt,
1980 5038 2122 5093 quas

490 5122 804 5172 memorata
821 5117 1132 5188 suspiciens
1145 5114 1505 5172 conﬁrmavit
1522 5115 1785 5170 Ecclesia.
1811 5114 2118 5171 Sciendum

492 5215 577 5266 est
601 5227 734 5265 sane
764 5210 835 5264 ab
864 5209 1127 5264 omnibus
1157 5208 1471 5278 catholicis,
1501 5206 1773 5279 quoniam
1804 5213 1994 5265 sancta
2022 5210 2120 5265 Ec-

491 5303 660 5360 clesia
686 5304 947 5358 Romana
969 5304 1137 5358 nullis
1168 5302 1451 5375 synodicis
1480 5301 1719 5357 decretis
1748 5303 1984 5373 praelata
2011 5308 2115 5375 est,

491 5398 592 5454 sed
645 5396 973 5468 evangelica
1014 5413 1149 5452 voce
1196 5396 1438 5465 Domini,
1486 5399 1543 5450 et
1582 5396 1884 5452 Salvatoris
1936 5398 2117 5453 nostri

489 5492 803 5567 primatum
831 5490 1095 5560 obtinuit,
1123 5490 1222 5545 ubi
1248 5489 1386 5545 dixit
1424 5490 1591 5546 beato
1628 5492 1793 5546 Petro
1820 5493 2073 5563 apostolo
2102 5509 2115 5548 :

494 5611 522 5641 ‹‹
549 5589 630 5644 Tu
656 5604 716 5642 es
741 5588 940 5641 Petrus
983 5589 1040 5640 et
1083 5601 1256 5656 super
1284 5585 1428 5639 hanc
1451 5591 1675 5657 petram
1698 5585 1984 5641 aediﬁcabo
2014 5588 2118 5642 Ec-

490 5683 719 5739 clesiam
743 5697 952 5749 meam,
981 5685 1039 5736 et
1061 5684 1240 5751 portae
1259 5679 1432 5734 inferi
1455 5697 1572 5735 non
1603 5680 1999 5752 praevalebunt
2023 5682 2121 5735 ad-

489 5795 683 5834 versus
713 5794 863 5833 eam.
893 5777 962 5831 Et
1004 5773 1108 5830 tibi
1154 5774 1299 5830 dabo
1345 5774 1523 5829 claves
1548 5773 1711 5847 regni
1737 5775 2029 5846 caelorum,
2062 5777 2120 5829 et

490 5887 842 5948 quaecunque
863 5868 1133 5947 ligaveris
1158 5885 1329 5945 super
1350 5870 1567 5927 terram
1588 5871 1760 5926 erunt
1784 5867 1961 5941 ligata
1979 5872 2037 5926 et
2057 5868 2117 5924 in

2217 5024 2403 5080 verbis
2437 5025 2645 5081 Paulus
2689 5025 3052 5081 beatissimus
3090 5027 3379 5097 apostolus
3420 5025 3688 5080 Romanis
3715 5040 3850 5096 pro-

2216 5119 2342 5190 prio
2367 5118 2747 5191 chirographo
2790 5119 3108 5191 pollicetur,
3158 5119 3350 5175 dicens
3379 5138 3392 5175 :
3428 5140 3456 5169 «
3493 5119 3667 5174 Testis
3697 5119 3854 5174 enim

2216 5210 2359 5267 mihi
2387 5217 2473 5268 est
2503 5214 2663 5281 Deus,
2693 5212 2783 5268 cui
2803 5214 2984 5268 servio
3000 5214 3061 5268 in
3087 5213 3289 5285 spiritu
3314 5229 3444 5268 meo
3463 5213 3524 5268 in
3542 5213 3855 5284 Evangelio

2216 5306 2341 5361 Filii
2372 5307 2496 5379 ejus
2527 5307 2679 5379 quod
2708 5307 2828 5362 sine
2849 5307 3267 5363 intermissione
3311 5306 3650 5363 memoriam
3678 5306 3857 5361 vestri

2216 5400 2363 5455 facio
2408 5400 2469 5455 in
2511 5400 2864 5456 orationibus
2907 5401 3054 5456 meis
3098 5401 3265 5473 (Rom.
3297 5418 3335 5470 1,
3366 5405 3419 5471 9,
3457 5402 3563 5472 10).
3598 5420 3626 5451 ››
3659 5399 3857 5455 Prima

2219 5510 2356 5566 ergo
2375 5494 2537 5549 sedes
2553 5494 2765 5550 caelesti
2784 5494 3060 5551 beneﬁcio
3080 5496 3353 5551 Romanae
3372 5494 3652 5565 Ecclesiae,
3672 5510 3856 5566 quam

2218 5587 2532 5642 beatissimi
2556 5589 2755 5643 Petrus
2793 5593 2963 5662 atque
3003 5590 3212 5645 Paulus
3244 5606 3346 5645 suo
3387 5588 3662 5660 martyrio
3697 5587 3862 5643 dedi-

2216 5685 2437 5737 carunt.
2480 5681 2736 5738 Secunda
2787 5686 2977 5739 autem
3029 5683 3193 5739 sedes
3246 5683 3396 5755 apud
3447 5681 3857 5739 Alexandriam

2216 5773 2370 5830 beati
2414 5775 2563 5831 Petri
2602 5776 2837 5833 nomine
2879 5793 2913 5832 a
2958 5777 3138 5833 Marco
3185 5776 3309 5849 ejus
3354 5775 3629 5849 discipulo
3680 5781 3857 5848 atque

2216 5868 2559 5944 evangelista
2587 5876 2913 5930 consecrata
2942 5874 3047 5943 est,
3091 5871 3224 5946 quia
3254 5876 3312 5929 et
3337 5871 3458 5945 ipse
3501 5871 3561 5929 in
3604 5872 3858 5945 Egypto
