  <div class='ocr_page' id='page_1' title='image "/cluster/home/n/w/nwhite01/storage/ocr_20150623/130/umn.319510024774230/166.png"; bbox 0 0 4058 6310; ppageno 0'>
   <div class='ocr_carea' id='block_1_1' title="bbox 237 321 338 370">
    <p class='ocr_par' dir='ltr' id='par_1_1' title="bbox 237 321 338 370">
     <span class='ocr_line' id='line_1_1' title="bbox 237 321 338 370; baseline 0 0"><span class='ocrx_word' id='word_1_1' title='bbox 237 321 268 370; x_wconf 80' lang='lat'><strong>2</strong></span> <span class='ocrx_word' id='word_1_2' title='bbox 279 321 338 370; x_wconf 64' lang='lat'>33</span> 
     </span>
    </p>
   </div>
   <div class='ocr_carea' id='block_1_2' title="bbox 1473 321 2358 380">
    <p class='ocr_par' dir='ltr' id='par_1_2' title="bbox 1473 321 2358 380">
     <span class='ocr_line' id='line_1_2' title="bbox 1473 321 2358 380; baseline 0.002 -4"><span class='ocrx_word' id='word_1_3' title='bbox 1473 321 1936 379; x_wconf 74' lang='lat' dir='ltr'>DECRETALIUM</span> <span class='ocrx_word' id='word_1_4' title='bbox 1975 325 2358 380; x_wconf 75' lang='lat' dir='ltr'>COLLECTIO.</span> 
     </span>
    </p>
   </div>
   <div class='ocr_carea' id='block_1_3' title="bbox 3501 331 3602 388">
    <p class='ocr_par' dir='ltr' id='par_1_3' title="bbox 3501 331 3602 388">
     <span class='ocr_line' id='line_1_3' title="bbox 3501 331 3602 388; baseline 0.02 -2"><span class='ocrx_word' id='word_1_5' title='bbox 3501 331 3602 388; x_wconf 74' lang='grc'>254</span> 
     </span>
    </p>
   </div>
   <div class='ocr_carea' id='block_1_4' title="bbox 235 425 3598 521">
    <p class='ocr_par' dir='ltr' id='par_1_4' title="bbox 235 425 3598 521">
     <span class='ocr_line' id='line_1_4' title="bbox 235 425 3598 521; baseline 0.006 -47"><span class='ocrx_word' id='word_1_6' title='bbox 235 425 460 495; x_wconf 77' lang='lat' dir='ltr'>primus</span> <span class='ocrx_word' id='word_1_7' title='bbox 485 425 723 480; x_wconf 84' lang='lat' dir='ltr'>verbum</span> <span class='ocrx_word' id='word_1_8' title='bbox 751 426 1002 482; x_wconf 77' lang='lat' dir='ltr'>veritatis</span> <span class='ocrx_word' id='word_1_9' title='bbox 1027 427 1272 482; x_wconf 87' lang='lat' dir='ltr'>directus</span> <span class='ocrx_word' id='word_1_10' title='bbox 1289 446 1322 482; x_wconf 92' lang='lat' dir='ltr'>a</span> <span class='ocrx_word' id='word_1_11' title='bbox 1339 431 1504 485; x_wconf 84' lang='lat' dir='ltr'>Petro</span> <span class='ocrx_word' id='word_1_12' title='bbox 1523 431 1866 502; x_wconf 64' lang='lat' dir='ltr'>praedicavit,</span> <span class='ocrx_word' id='word_1_13' title='bbox 1891 449 1950 521; x_wconf 74' lang='grc' dir='ltr'><strong>Α</strong></span> <span class='ocrx_word' id='word_1_14' title='bbox 1970 431 2091 500; x_wconf 90' lang='lat' dir='ltr'>der,</span> <span class='ocrx_word' id='word_1_15' title='bbox 2114 432 2432 503; x_wconf 90' lang='lat' dir='ltr'>episcopus,</span> <span class='ocrx_word' id='word_1_16' title='bbox 2459 435 2660 486; x_wconf 88' lang='lat' dir='ltr'>natura</span> <span class='ocrx_word' id='word_1_17' title='bbox 2679 433 2822 488; x_wconf 89' lang='lat' dir='ltr'>lenis</span> <span class='ocrx_word' id='word_1_18' title='bbox 2848 438 2906 488; x_wconf 91' lang='lat' dir='ltr'>et</span> <span class='ocrx_word' id='word_1_19' title='bbox 2931 433 3176 506; x_wconf 88' lang='lat' dir='ltr'>quietus,</span> <span class='ocrx_word' id='word_1_20' title='bbox 3193 435 3418 490; x_wconf 89' lang='lat' dir='ltr'>assidue</span> <span class='ocrx_word' id='word_1_21' title='bbox 3443 453 3598 494; x_wconf 89' lang='lat' dir='ltr'>com-</span> 
     </span>
    </p>
   </div>
   <div class='ocr_carea' id='block_1_5' title="bbox 237 519 1870 592">
    <p class='ocr_par' dir='ltr' id='par_1_5' title="bbox 237 519 1870 592">
     <span class='ocr_line' id='line_1_5' title="bbox 237 519 1870 592; baseline 0.005 -21"><span class='ocrx_word' id='word_1_22' title='bbox 237 523 294 572; x_wconf 87' lang='lat' dir='ltr'>et</span> <span class='ocrx_word' id='word_1_23' title='bbox 332 519 640 590; x_wconf 87' lang='lat' dir='ltr'>gloriosum</span> <span class='ocrx_word' id='word_1_24' title='bbox 683 520 926 591; x_wconf 88' lang='lat' dir='ltr'>suscepit</span> <span class='ocrx_word' id='word_1_25' title='bbox 969 522 1327 592; x_wconf 74' lang='lat' dir='ltr'>martyrium.</span> <span class='ocrx_word' id='word_1_26' title='bbox 1381 524 1482 578; x_wconf 74' lang='lat' dir='ltr'>(lui</span> <span class='ocrx_word' id='word_1_27' title='bbox 1531 525 1870 580; x_wconf 75' lang='lat' dir='ltr'>venerabilis</span> 
     </span>
    </p>
   </div>
   <div class='ocr_carea' id='block_1_6' title="bbox 235 613 1866 688">
    <p class='ocr_par' dir='ltr' id='par_1_6' title="bbox 235 613 1866 688">
     <span class='ocr_line' id='line_1_6' title="bbox 235 613 1866 688; baseline 0.005 -23"><span class='ocrx_word' id='word_1_28' title='bbox 235 613 506 666; x_wconf 84' lang='lat' dir='ltr'>successit</span> <span class='ocrx_word' id='word_1_29' title='bbox 549 613 784 668; x_wconf 82' lang='lat' dir='ltr'>Abilius.</span> <span class='ocrx_word' id='word_1_30' title='bbox 837 615 1022 668; x_wconf 89' lang='lat' dir='ltr'>Tertia</span> <span class='ocrx_word' id='word_1_31' title='bbox 1070 632 1202 670; x_wconf 92' lang='lat' dir='ltr'>vero</span> <span class='ocrx_word' id='word_1_32' title='bbox 1253 617 1419 670; x_wconf 86' lang='lat' dir='ltr'><strong>sedes</strong></span> <span class='ocrx_word' id='word_1_33' title='bbox 1467 618 1620 688; x_wconf 87' lang='lat' dir='ltr'>apud</span> <span class='ocrx_word' id='word_1_34' title='bbox 1665 620 1866 674; x_wconf 82' lang='lat' dir='ltr'>Antio-</span> 
     </span>
    </p>
   </div>
   <div class='ocr_carea' id='block_1_7' title="bbox 233 705 1864 780">
    <p class='ocr_par' dir='ltr' id='par_1_7' title="bbox 233 705 1864 780">
     <span class='ocr_line' id='line_1_7' title="bbox 233 705 1864 780; baseline 0.004 -20"><span class='ocrx_word' id='word_1_35' title='bbox 233 705 424 760; x_wconf 88' lang='lat' dir='ltr'>chiam</span> <span class='ocrx_word' id='word_1_36' title='bbox 455 707 710 778; x_wconf 84' lang='lat' dir='ltr'>ejusdem</span> <span class='ocrx_word' id='word_1_37' title='bbox 737 707 886 762; x_wconf 93' lang='lat' dir='ltr'>beati</span> <span class='ocrx_word' id='word_1_38' title='bbox 915 709 1062 762; x_wconf 90' lang='lat' dir='ltr'>Petri</span> <span class='ocrx_word' id='word_1_39' title='bbox 1088 711 1326 780; x_wconf 79' lang='lat' dir='ltr'>apostoli</span> <span class='ocrx_word' id='word_1_40' title='bbox 1363 711 1602 766; x_wconf 86' lang='lat' dir='ltr'>habetur</span> <span class='ocrx_word' id='word_1_41' title='bbox 1623 713 1864 766; x_wconf 86' lang='lat' dir='ltr'>honora-</span> 
     </span>
    </p>
   </div>
   <div class='ocr_carea' id='block_1_8' title="bbox 231 799 1868 873">
    <p class='ocr_par' dir='ltr' id='par_1_8' title="bbox 231 799 1868 873">
     <span class='ocr_line' id='line_1_8' title="bbox 231 799 1868 873; baseline 0.005 -21"><span class='ocrx_word' id='word_1_42' title='bbox 231 799 383 866; x_wconf 84' lang='lat' dir='ltr'>bilis,</span> <span class='ocrx_word' id='word_1_43' title='bbox 417 801 552 871; x_wconf 86' lang='lat' dir='ltr'>quia</span> <span class='ocrx_word' id='word_1_44' title='bbox 581 801 715 866; x_wconf 84' lang='lat' dir='ltr'>illic,</span> <span class='ocrx_word' id='word_1_45' title='bbox 745 802 1080 873; x_wconf 81' lang='lat' dir='ltr'>priusquam</span> <span class='ocrx_word' id='word_1_46' title='bbox 1107 805 1348 858; x_wconf 85' lang='lat' dir='ltr'>Romam</span> <span class='ocrx_word' id='word_1_47' title='bbox 1383 806 1618 872; x_wconf 89' lang='lat' dir='ltr'>veniret,</span> <span class='ocrx_word' id='word_1_48' title='bbox 1653 807 1868 860; x_wconf 88' lang='lat' dir='ltr'>habita-</span> 
     </span>
    </p>
   </div>
   <div class='ocr_carea' id='block_1_9' title="bbox 231 892 1864 970">
    <p class='ocr_par' dir='ltr' id='par_1_9' title="bbox 231 892 1864 970">
     <span class='ocr_line' id='line_1_9' title="bbox 231 892 1864 970; baseline 0.006 -26"><span class='ocrx_word' id='word_1_49' title='bbox 231 892 330 962; x_wconf 92' lang='lat' dir='ltr'>vit,</span> <span class='ocrx_word' id='word_1_50' title='bbox 351 897 406 948; x_wconf 91' lang='lat' dir='ltr'>et</span> <span class='ocrx_word' id='word_1_51' title='bbox 421 894 704 964; x_wconf 85' lang='lat' dir='ltr'>lgnatium</span> <span class='ocrx_word' id='word_1_52' title='bbox 722 895 1050 966; x_wconf 85' lang='lat' dir='ltr'>episcopum</span> <span class='ocrx_word' id='word_1_53' title='bbox 1080 898 1391 966; x_wconf 74' lang='lat' dir='ltr'>constituit,</span> <span class='ocrx_word' id='word_1_54' title='bbox 1411 899 1590 952; x_wconf 90' lang='lat' dir='ltr'>etillic</span> <span class='ocrx_word' id='word_1_55' title='bbox 1609 900 1864 970; x_wconf 89' lang='lat' dir='ltr'>primum</span> 
     </span>
    </p>
   </div>
   <div class='ocr_carea' id='block_1_10' title="bbox 229 987 1861 1062">
    <p class='ocr_par' dir='ltr' id='par_1_10' title="bbox 229 987 1861 1062">
     <span class='ocr_line' id='line_1_10' title="bbox 229 987 1861 1062; baseline 0.004 -22"><span class='ocrx_word' id='word_1_56' title='bbox 229 1003 452 1040; x_wconf 87' lang='lat' dir='ltr'>nomen</span> <span class='ocrx_word' id='word_1_57' title='bbox 495 987 940 1042; x_wconf 79' lang='lat' dir='ltr'>Christianorum</span> <span class='ocrx_word' id='word_1_58' title='bbox 969 991 1204 1044; x_wconf 66' lang='lat' dir='ltr'>novella:</span> <span class='ocrx_word' id='word_1_59' title='bbox 1242 992 1430 1062; x_wconf 86' lang='lat' dir='ltr'>gentis</span> <span class='ocrx_word' id='word_1_60' title='bbox 1467 995 1726 1046; x_wconf 83' lang='lat' dir='ltr'>exortum</span> <span class='ocrx_word' id='word_1_61' title='bbox 1757 997 1861 1048; x_wconf 90' lang='lat' dir='ltr'>est.</span> 
     </span>
    </p>
   </div>
   <div class='ocr_carea' id='block_1_11' title="bbox 229 1080 1864 1156">
    <p class='ocr_par' dir='ltr' id='par_1_11' title="bbox 229 1080 1864 1156">
     <span class='ocr_line' id='line_1_11' title="bbox 229 1080 1864 1156; baseline 0.005 -24"><span class='ocrx_word' id='word_1_62' title='bbox 229 1080 374 1134; x_wconf 76' lang='lat' dir='ltr'>Nam</span> <span class='ocrx_word' id='word_1_63' title='bbox 422 1085 478 1134; x_wconf 89' lang='lat' dir='ltr'>et</span> <span class='ocrx_word' id='word_1_64' title='bbox 520 1081 1058 1153; x_wconf 86' lang='lat' dir='ltr'>Hierosolymitanus</span> <span class='ocrx_word' id='word_1_65' title='bbox 1102 1084 1414 1156; x_wconf 88' lang='lat' dir='ltr'>episcopus,</span> <span class='ocrx_word' id='word_1_66' title='bbox 1449 1102 1552 1156; x_wconf 90' lang='lat' dir='ltr'>pro</span> <span class='ocrx_word' id='word_1_67' title='bbox 1581 1087 1724 1140; x_wconf 87' lang='lat' dir='ltr'>tanti</span> <span class='ocrx_word' id='word_1_68' title='bbox 1757 1087 1864 1141; x_wconf 90' lang='lat' dir='ltr'>loci</span> 
     </span>
    </p>
   </div>
   <div class='ocr_carea' id='block_1_12' title="bbox 229 1174 1862 1242">
    <p class='ocr_par' dir='ltr' id='par_1_12' title="bbox 229 1174 1862 1242">
     <span class='ocr_line' id='line_1_12' title="bbox 229 1174 1862 1242; baseline 0.005 -16"><span class='ocrx_word' id='word_1_69' title='bbox 229 1174 566 1242; x_wconf 89' lang='lat' dir='ltr'>reverentia,</span> <span class='ocrx_word' id='word_1_70' title='bbox 584 1175 654 1229; x_wconf 91' lang='lat' dir='ltr'>ab</span> <span class='ocrx_word' id='word_1_71' title='bbox 673 1175 936 1229; x_wconf 90' lang='lat' dir='ltr'>omnibus</span> <span class='ocrx_word' id='word_1_72' title='bbox 953 1177 1193 1231; x_wconf 90' lang='lat' dir='ltr'>habetur</span> <span class='ocrx_word' id='word_1_73' title='bbox 1219 1179 1591 1234; x_wconf 78' lang='lat' dir='ltr'>honorabilis.</span> <span class='ocrx_word' id='word_1_74' title='bbox 1621 1181 1862 1234; x_wconf 83' lang='lat' dir='ltr'>Maxime</span> 
     </span>
    </p>
   </div>
   <div class='ocr_carea' id='block_1_13' title="bbox 226 1266 1863 1342">
    <p class='ocr_par' dir='ltr' id='par_1_13' title="bbox 226 1266 1863 1342">
     <span class='ocr_line' id='line_1_13' title="bbox 226 1266 1863 1342; baseline 0.005 -23"><span class='ocrx_word' id='word_1_75' title='bbox 226 1267 382 1338; x_wconf 89' lang='lat' dir='ltr'>quod</span> <span class='ocrx_word' id='word_1_76' title='bbox 411 1266 524 1320; x_wconf 92' lang='lat' dir='ltr'>illic</span> <span class='ocrx_word' id='word_1_77' title='bbox 545 1268 762 1338; x_wconf 90' lang='lat' dir='ltr'>primus</span> <span class='ocrx_word' id='word_1_78' title='bbox 785 1268 1144 1324; x_wconf 84' lang='lat' dir='ltr'>beatissimus</span> <span class='ocrx_word' id='word_1_79' title='bbox 1164 1271 1424 1340; x_wconf 89' lang='lat' dir='ltr'>.lacobus,</span> <span class='ocrx_word' id='word_1_80' title='bbox 1453 1272 1550 1342; x_wconf 91' lang='lat' dir='ltr'>qui</span> <span class='ocrx_word' id='word_1_81' title='bbox 1572 1272 1863 1327; x_wconf 83' lang='lat' dir='ltr'>dicebatur</span> 
     </span>
    </p>
   </div>
   <div class='ocr_carea' id='block_1_14' title="bbox 220 1361 1861 1432">
    <p class='ocr_par' dir='ltr' id='par_1_14' title="bbox 220 1361 1861 1432">
     <span class='ocr_line' id='line_1_14' title="bbox 220 1361 1861 1432; baseline 0.004 -19"><span class='ocrx_word' id='word_1_82' title='bbox 220 1361 432 1430; x_wconf 90' lang='lat' dir='ltr'>justus,</span> <span class='ocrx_word' id='word_1_83' title='bbox 462 1361 558 1432; x_wconf 87' lang='lat' dir='ltr'>qui</span> <span class='ocrx_word' id='word_1_84' title='bbox 601 1361 776 1416; x_wconf 88' lang='lat' dir='ltr'>etiam</span> <span class='ocrx_word' id='word_1_85' title='bbox 808 1363 1123 1417; x_wconf 90' lang='lat' dir='ltr'>secundum</span> <span class='ocrx_word' id='word_1_86' title='bbox 1154 1381 1384 1418; x_wconf 90' lang='lat' dir='ltr'>carnem</span> <span class='ocrx_word' id='word_1_87' title='bbox 1423 1365 1602 1420; x_wconf 89' lang='lat' dir='ltr'>frater</span> <span class='ocrx_word' id='word_1_88' title='bbox 1631 1366 1861 1420; x_wconf 90' lang='lat' dir='ltr'>Domini</span> 
     </span>
    </p>
   </div>
   <div class='ocr_carea' id='block_1_15' title="bbox 225 1457 1858 1530">
    <p class='ocr_par' dir='ltr' id='par_1_15' title="bbox 225 1457 1858 1530">
     <span class='ocr_line' id='line_1_15' title="bbox 225 1457 1858 1530; baseline 0.003 -22"><span class='ocrx_word' id='word_1_89' title='bbox 225 1457 592 1525; x_wconf 87' lang='lat' dir='ltr'>nuncupatus</span> <span class='ocrx_word' id='word_1_90' title='bbox 616 1459 718 1522; x_wconf 82' lang='lat' dir='ltr'>est,</span> <span class='ocrx_word' id='word_1_91' title='bbox 752 1473 784 1509; x_wconf 90' lang='lat' dir='ltr'>a</span> <span class='ocrx_word' id='word_1_92' title='bbox 817 1458 998 1524; x_wconf 89' lang='lat' dir='ltr'>Petro,</span> <span class='ocrx_word' id='word_1_93' title='bbox 1029 1457 1233 1512; x_wconf 85' lang='lat' dir='ltr'>Jacobo</span> <span class='ocrx_word' id='word_1_94' title='bbox 1258 1462 1314 1511; x_wconf 89' lang='lat' dir='ltr'>et</span> <span class='ocrx_word' id='word_1_95' title='bbox 1340 1460 1558 1513; x_wconf 84' lang='lat' dir='ltr'>Joanne</span> <span class='ocrx_word' id='word_1_96' title='bbox 1591 1459 1858 1530; x_wconf 82' lang='lat' dir='ltr'>apostolis</span> 
     </span>
    </p>
   </div>
   <div class='ocr_carea' id='block_1_16' title="bbox 227 1549 1854 1625">
    <p class='ocr_par' dir='ltr' id='par_1_16' title="bbox 227 1549 1854 1625">
     <span class='ocr_line' id='line_1_16' title="bbox 227 1549 1854 1625; baseline 0.004 -24"><span class='ocrx_word' id='word_1_97' title='bbox 227 1553 312 1601; x_wconf 87' lang='lat' dir='ltr'>est</span> <span class='ocrx_word' id='word_1_98' title='bbox 341 1549 638 1620; x_wconf 89' lang='lat' dir='ltr'>episc0pus</span> <span class='ocrx_word' id='word_1_99' title='bbox 667 1550 976 1620; x_wconf 88' lang='lat' dir='ltr'>ordinatus,</span> <span class='ocrx_word' id='word_1_100' title='bbox 1009 1550 1223 1622; x_wconf 81' lang='lat' dir='ltr'>itaque,</span> <span class='ocrx_word' id='word_1_101' title='bbox 1257 1553 1568 1606; x_wconf 89' lang='lat' dir='ltr'>secundum</span> <span class='ocrx_word' id='word_1_102' title='bbox 1594 1554 1854 1625; x_wconf 88' lang='lat' dir='ltr'>antiquo-</span> 
     </span>
    </p>
   </div>
   <div class='ocr_carea' id='block_1_17' title="bbox 227 1642 1858 1718">
    <p class='ocr_par' dir='ltr' id='par_1_17' title="bbox 227 1642 1858 1718">
     <span class='ocr_line' id='line_1_17' title="bbox 227 1642 1858 1718; baseline 0.005 -24"><span class='ocrx_word' id='word_1_103' title='bbox 227 1657 358 1695; x_wconf 87' lang='lat' dir='ltr'>rum</span> <span class='ocrx_word' id='word_1_104' title='bbox 387 1643 614 1696; x_wconf 83' lang='lat' dir='ltr'>Patrum</span> <span class='ocrx_word' id='word_1_105' title='bbox 640 1642 1050 1714; x_wconf 89' lang='lat' dir='ltr'>deﬁnitionem,</span> <span class='ocrx_word' id='word_1_106' title='bbox 1079 1645 1238 1700; x_wconf 90' lang='lat' dir='ltr'><strong>sedes</strong></span> <span class='ocrx_word' id='word_1_107' title='bbox 1259 1645 1447 1716; x_wconf 89' lang='lat' dir='ltr'>prima</span> <span class='ocrx_word' id='word_1_108' title='bbox 1465 1646 1526 1699; x_wconf 92' lang='lat' dir='ltr'>in</span> <span class='ocrx_word' id='word_1_109' title='bbox 1553 1647 1858 1718; x_wconf 81' lang='lat' dir='ltr'>Hierosoly-</span> 
     </span>
    </p>
   </div>
   <div class='ocr_carea' id='block_1_18' title="bbox 1969 525 3604 601">
    <p class='ocr_par' dir='ltr' id='par_1_18' title="bbox 1969 525 3604 601">
     <span class='ocr_line' id='line_1_18' title="bbox 1969 525 3604 601; baseline 0.006 -24"><span class='ocrx_word' id='word_1_110' title='bbox 1969 526 2378 579; x_wconf 87' lang='lat' dir='ltr'>monitionibus</span> <span class='ocrx_word' id='word_1_111' title='bbox 2415 525 2614 580; x_wconf 88' lang='lat' dir='ltr'>Arium</span> <span class='ocrx_word' id='word_1_112' title='bbox 2664 531 2900 598; x_wconf 83' lang='lat' dir='ltr'>cuperet</span> <span class='ocrx_word' id='word_1_113' title='bbox 2923 545 2955 582; x_wconf 89' lang='lat' dir='ltr'>a</span> <span class='ocrx_word' id='word_1_114' title='bbox 2984 545 3162 600; x_wconf 91' lang='lat' dir='ltr'>pravo</span> <span class='ocrx_word' id='word_1_115' title='bbox 3191 530 3417 601; x_wconf 90' lang='lat' dir='ltr'>incepto</span> <span class='ocrx_word' id='word_1_116' title='bbox 3443 535 3500 586; x_wconf 90' lang='lat' dir='ltr'>et</span> <span class='ocrx_word' id='word_1_117' title='bbox 3521 549 3604 587; x_wconf 90' lang='lat' dir='ltr'>as-</span> 
     </span>
    </p>
   </div>
   <div class='ocr_carea' id='block_1_19' title="bbox 1968 618 3602 690">
    <p class='ocr_par' dir='ltr' id='par_1_19' title="bbox 1968 618 3602 690">
     <span class='ocr_line' id='line_1_19' title="bbox 1968 618 3602 690; baseline 0.006 -20"><span class='ocrx_word' id='word_1_118' title='bbox 1968 618 2310 672; x_wconf 90' lang='lat' dir='ltr'>sertionibus</span> <span class='ocrx_word' id='word_1_119' title='bbox 2333 619 2520 690; x_wconf 86' lang='lat' dir='ltr'>impiis</span> <span class='ocrx_word' id='word_1_120' title='bbox 2541 637 2826 688; x_wconf 88' lang='lat' dir='ltr'>revocare,</span> <span class='ocrx_word' id='word_1_121' title='bbox 2843 639 2946 676; x_wconf 90' lang='lat' dir='ltr'>nec</span> <span class='ocrx_word' id='word_1_122' title='bbox 2964 626 3160 677; x_wconf 88' lang='lat' dir='ltr'>tamen</span> <span class='ocrx_word' id='word_1_123' title='bbox 3183 641 3273 678; x_wconf 90' lang='lat' dir='ltr'>res</span> <span class='ocrx_word' id='word_1_124' title='bbox 3293 641 3356 678; x_wconf 86' lang='lat' dir='ltr'>ex</span> <span class='ocrx_word' id='word_1_125' title='bbox 3377 629 3602 680; x_wconf 88' lang='lat' dir='ltr'>senten-</span> 
     </span>
    </p>
   </div>
   <div class='ocr_carea' id='block_1_20' title="bbox 1966 711 3602 790">
    <p class='ocr_par' dir='ltr' id='par_1_20' title="bbox 1966 711 3602 790">
     <span class='ocr_line' id='line_1_20' title="bbox 1966 711 3602 790; baseline 0.006 -26"><span class='ocrx_word' id='word_1_126' title='bbox 1966 711 2043 764; x_wconf 89' lang='lat' dir='ltr'>tia</span> <span class='ocrx_word' id='word_1_127' title='bbox 2056 712 2472 781; x_wconf 86' lang='lat' dir='ltr'>procederet,et</span> <span class='ocrx_word' id='word_1_128' title='bbox 2484 715 2638 784; x_wconf 89' lang='lat' dir='ltr'>quod</span> <span class='ocrx_word' id='word_1_129' title='bbox 2651 716 2954 786; x_wconf 90' lang='lat' dir='ltr'>plerosque</span> <span class='ocrx_word' id='word_1_130' title='bbox 2971 716 3217 786; x_wconf 88' lang='lat' dir='ltr'>quodam</span> <span class='ocrx_word' id='word_1_131' title='bbox 3233 719 3492 788; x_wconf 87' lang='lat' dir='ltr'>contagio</span> <span class='ocrx_word' id='word_1_132' title='bbox 3505 737 3602 790; x_wconf 91' lang='lat' dir='ltr'>pe-</span> 
     </span>
    </p>
   </div>
   <div class='ocr_carea' id='block_1_21' title="bbox 1967 804 3602 882">
    <p class='ocr_par' dir='ltr' id='par_1_21' title="bbox 1967 804 3602 882">
     <span class='ocr_line' id='line_1_21' title="bbox 1967 804 3602 882; baseline 0.006 -26"><span class='ocrx_word' id='word_1_133' title='bbox 1967 804 2178 858; x_wconf 64' lang='lat' dir='ltr'>stiferae</span> <span class='ocrx_word' id='word_1_134' title='bbox 2197 805 2522 858; x_wconf 89' lang='lat' dir='ltr'>assertionis</span> <span class='ocrx_word' id='word_1_135' title='bbox 2539 806 2830 876; x_wconf 85' lang='lat' dir='ltr'>infecerat,</span> <span class='ocrx_word' id='word_1_136' title='bbox 2855 825 2968 862; x_wconf 89' lang='lat' dir='ltr'>non</span> <span class='ocrx_word' id='word_1_137' title='bbox 2987 809 3172 864; x_wconf 91' lang='lat' dir='ltr'>solum</span> <span class='ocrx_word' id='word_1_138' title='bbox 3191 811 3342 882; x_wconf 90' lang='lat' dir='ltr'>apud</span> <span class='ocrx_word' id='word_1_139' title='bbox 3361 811 3602 866; x_wconf 86' lang='lat' dir='ltr'>Alexan-</span> 
     </span>
    </p>
   </div>
   <div class='ocr_carea' id='block_1_22' title="bbox 1967 897 3600 974">
    <p class='ocr_par' dir='ltr' id='par_1_22' title="bbox 1967 897 3600 974">
     <span class='ocr_line' id='line_1_22' title="bbox 1967 897 3600 974; baseline 0.006 -24"><span class='ocrx_word' id='word_1_140' title='bbox 1967 897 2172 964; x_wconf 87' lang='lat' dir='ltr'>driam,</span> <span class='ocrx_word' id='word_1_141' title='bbox 2196 914 2394 952; x_wconf 88' lang='lat' dir='ltr'>verum</span> <span class='ocrx_word' id='word_1_142' title='bbox 2425 902 2482 952; x_wconf 92' lang='lat' dir='ltr'>et</span> <span class='ocrx_word' id='word_1_143' title='bbox 2509 915 2610 968; x_wconf 91' lang='lat' dir='ltr'>per</span> <span class='ocrx_word' id='word_1_144' title='bbox 2635 901 2767 954; x_wconf 88' lang='lat' dir='ltr'>alias</span> <span class='ocrx_word' id='word_1_145' title='bbox 2793 902 3114 971; x_wconf 82' lang='lat' dir='ltr'>provincias</span> <span class='ocrx_word' id='word_1_146' title='bbox 3140 904 3486 974; x_wconf 87' lang='lat' dir='ltr'>disperserat</span> <span class='ocrx_word' id='word_1_147' title='bbox 3511 923 3600 960; x_wconf 90' lang='lat' dir='ltr'>ur-</span> 
     </span>
    </p>
   </div>
   <div class='ocr_carea' id='block_1_23' title="bbox 1963 989 3690 1070">
    <p class='ocr_par' dir='ltr' id='par_1_23' title="bbox 1963 989 3690 1070">
     <span class='ocr_line' id='line_1_23' title="bbox 1963 989 3690 1070; baseline 0.007 -27"><span class='ocrx_word' id='word_1_148' title='bbox 1963 989 2084 1058; x_wconf 88' lang='lat' dir='ltr'>bes,</span> <span class='ocrx_word' id='word_1_149' title='bbox 2127 991 2504 1061; x_wconf 88' lang='lat' dir='ltr'>perniciosum</span> <span class='ocrx_word' id='word_1_150' title='bbox 2533 993 2648 1046; x_wconf 86' lang='lat' dir='ltr'>fore</span> <span class='ocrx_word' id='word_1_151' title='bbox 2677 994 2934 1062; x_wconf 86' lang='lat' dir='ltr'>credens,</span> <span class='ocrx_word' id='word_1_152' title='bbox 2966 995 3010 1049; x_wconf 89' lang='lat' dir='ltr'>si</span> <span class='ocrx_word' id='word_1_153' title='bbox 3039 997 3426 1054; x_wconf 86' lang='lat' dir='ltr'>dissimularet</span> <span class='ocrx_word' id='word_1_154' title='bbox 3449 1015 3482 1052; x_wconf 89' lang='lat' dir='ltr'>a</span> <span class='ocrx_word' id='word_1_155' title='bbox 3507 1003 3595 1054; x_wconf 89' lang='lat' dir='ltr'>ta-</span> <span class='ocrx_word' id='word_1_156' title='bbox 3685 1061 3690 1070; x_wconf 39' lang='grc' dir='ltr'>ι</span> 
     </span>
    </p>
   </div>
   <div class='ocr_carea' id='block_1_24' title="bbox 1963 1083 3588 1155">
    <p class='ocr_par' dir='ltr' id='par_1_24' title="bbox 1963 1083 3588 1155">
     <span class='ocr_line' id='line_1_24' title="bbox 1963 1083 3588 1155; baseline 0.006 -19"><span class='ocrx_word' id='word_1_157' title='bbox 1963 1083 2131 1154; x_wconf 88' lang='lat' dir='ltr'>libus,</span> <span class='ocrx_word' id='word_1_158' title='bbox 2184 1085 2450 1155; x_wconf 87' lang='lat' dir='ltr'>plurimis</span> <span class='ocrx_word' id='word_1_159' title='bbox 2491 1087 2978 1142; x_wconf 89' lang='lat' dir='ltr'>consacerdotibus</span> <span class='ocrx_word' id='word_1_160' title='bbox 3020 1089 3136 1144; x_wconf 87' lang='lat' dir='ltr'>suis</span> <span class='ocrx_word' id='word_1_161' title='bbox 3181 1107 3306 1145; x_wconf 92' lang='lat' dir='ltr'>rem</span> <span class='ocrx_word' id='word_1_162' title='bbox 3356 1091 3588 1148; x_wconf 88' lang='lat' dir='ltr'>indicat.</span> 
     </span>
    </p>
   </div>
   <div class='ocr_carea' id='block_1_25' title="bbox 1961 1177 3590 1254">
    <p class='ocr_par' dir='ltr' id='par_1_25' title="bbox 1961 1177 3590 1254">
     <span class='ocr_line' id='line_1_25' title="bbox 1961 1177 3590 1254; baseline 0.007 -25"><span class='ocrx_word' id='word_1_163' title='bbox 1961 1177 2208 1240; x_wconf 75' lang='lat' dir='ltr'>Quaestio</span> <span class='ocrx_word' id='word_1_164' title='bbox 2231 1177 2385 1232; x_wconf 92' lang='lat' dir='ltr'>laicis</span> <span class='ocrx_word' id='word_1_165' title='bbox 2417 1177 2736 1234; x_wconf 88' lang='lat' dir='ltr'>innotescit.</span> <span class='ocrx_word' id='word_1_166' title='bbox 2767 1181 2962 1235; x_wconf 90' lang='lat' dir='ltr'>Sermo</span> <span class='ocrx_word' id='word_1_167' title='bbox 2988 1199 3168 1254; x_wconf 88' lang='lat' dir='ltr'>usque</span> <span class='ocrx_word' id='word_1_168' title='bbox 3197 1184 3268 1240; x_wconf 87' lang='lat' dir='ltr'>ad</span> <span class='ocrx_word' id='word_1_169' title='bbox 3299 1201 3465 1238; x_wconf 90' lang='lat' dir='ltr'>aures</span> <span class='ocrx_word' id='word_1_170' title='bbox 3497 1203 3590 1240; x_wconf 89' lang='lat' dir='ltr'>re-</span> 
     </span>
    </p>
   </div>
   <div class='ocr_carea' id='block_1_26' title="bbox 1960 1269 3591 1344">
    <p class='ocr_par' dir='ltr' id='par_1_26' title="bbox 1960 1269 3591 1344">
     <span class='ocr_line' id='line_1_26' title="bbox 1960 1269 3591 1344; baseline 0.007 -22"><span class='ocrx_word' id='word_1_171' title='bbox 1960 1269 2148 1339; x_wconf 90' lang='lat' dir='ltr'>ligiosi</span> <span class='ocrx_word' id='word_1_172' title='bbox 2197 1271 2468 1342; x_wconf 89' lang='lat' dir='ltr'>principis</span> <span class='ocrx_word' id='word_1_173' title='bbox 2515 1271 2746 1344; x_wconf 89' lang='lat' dir='ltr'>(quippe</span> <span class='ocrx_word' id='word_1_174' title='bbox 2794 1273 2892 1344; x_wconf 90' lang='lat' dir='ltr'>qui</span> <span class='ocrx_word' id='word_1_175' title='bbox 2944 1275 3098 1329; x_wconf 90' lang='lat' dir='ltr'>omni</span> <span class='ocrx_word' id='word_1_176' title='bbox 3153 1277 3340 1332; x_wconf 89' lang='lat' dir='ltr'>studio</span> <span class='ocrx_word' id='word_1_177' title='bbox 3395 1283 3450 1333; x_wconf 88' lang='lat' dir='ltr'>et</span> <span class='ocrx_word' id='word_1_178' title='bbox 3507 1279 3591 1332; x_wconf 87' lang='lat' dir='ltr'>di-</span> 
     </span>
    </p>
   </div>
   <div class='ocr_carea' id='block_1_27' title="bbox 1959 1363 3591 1439">
    <p class='ocr_par' dir='ltr' id='par_1_27' title="bbox 1959 1363 3591 1439">
     <span class='ocr_line' id='line_1_27' title="bbox 1959 1363 3591 1439; baseline 0.007 -23"><span class='ocrx_word' id='word_1_179' title='bbox 1959 1363 2196 1434; x_wconf 83' lang='lat' dir='ltr'>ligentia</span> <span class='ocrx_word' id='word_1_180' title='bbox 2243 1370 2471 1420; x_wconf 88' lang='lat' dir='ltr'>curaret</span> <span class='ocrx_word' id='word_1_181' title='bbox 2520 1382 2647 1436; x_wconf 66' lang='lat' dir='ltr'>quae</span> <span class='ocrx_word' id='word_1_182' title='bbox 2695 1371 2886 1420; x_wconf 88' lang='lat' dir='ltr'>nostra</span> <span class='ocrx_word' id='word_1_183' title='bbox 2931 1368 3081 1438; x_wconf 89' lang='lat' dir='ltr'>sunt)</span> <span class='ocrx_word' id='word_1_184' title='bbox 3127 1371 3402 1439; x_wconf 85' lang='lat' dir='ltr'>pervenit.</span> <span class='ocrx_word' id='word_1_185' title='bbox 3449 1373 3591 1426; x_wconf 92' lang='lat' dir='ltr'>Tum</span> 
     </span>
    </p>
   </div>
   <div class='ocr_carea' id='block_1_28' title="bbox 1957 1456 3590 1531">
    <p class='ocr_par' dir='ltr' id='par_1_28' title="bbox 1957 1456 3590 1531">
     <span class='ocr_line' id='line_1_28' title="bbox 1957 1456 3590 1531; baseline 0.006 -21"><span class='ocrx_word' id='word_1_186' title='bbox 1957 1456 2052 1510; x_wconf 91' lang='lat' dir='ltr'>ille</span> <span class='ocrx_word' id='word_1_187' title='bbox 2098 1474 2166 1510; x_wconf 83' lang='lat' dir='ltr'>ex</span> <span class='ocrx_word' id='word_1_188' title='bbox 2212 1459 2494 1512; x_wconf 85' lang='lat' dir='ltr'>sententia</span> <span class='ocrx_word' id='word_1_189' title='bbox 2527 1459 2888 1514; x_wconf 88' lang='lat' dir='ltr'>sacerdotum</span> <span class='ocrx_word' id='word_1_190' title='bbox 2915 1462 3066 1531; x_wconf 89' lang='lat' dir='ltr'>apud</span> <span class='ocrx_word' id='word_1_191' title='bbox 3107 1462 3306 1518; x_wconf 90' lang='lat' dir='ltr'>urbem</span> <span class='ocrx_word' id='word_1_192' title='bbox 3343 1464 3590 1520; x_wconf 79' lang='lat' dir='ltr'>Nicaeam</span> 
     </span>
    </p>
   </div>
   <div class='ocr_carea' id='block_1_29' title="bbox 1961 1548 3592 1628">
    <p class='ocr_par' dir='ltr' id='par_1_29' title="bbox 1961 1548 3592 1628">
     <span class='ocr_line' id='line_1_29' title="bbox 1961 1548 3592 1628; baseline 0.006 -25"><span class='ocrx_word' id='word_1_193' title='bbox 1961 1548 2086 1622; x_wconf 85' lang='lat'>59</span> <span class='ocrx_word' id='word_1_194' title='bbox 2116 1551 2432 1622; x_wconf 88' lang='lat' dir='ltr'>episcopale</span> <span class='ocrx_word' id='word_1_195' title='bbox 2461 1553 2756 1606; x_wconf 89' lang='lat' dir='ltr'>concilium</span> <span class='ocrx_word' id='word_1_196' title='bbox 2794 1557 3082 1622; x_wconf 79' lang='lat' dir='ltr'>convocat,</span> <span class='ocrx_word' id='word_1_197' title='bbox 3111 1556 3376 1610; x_wconf 88' lang='lat' dir='ltr'>trecentis</span> <span class='ocrx_word' id='word_1_198' title='bbox 3401 1557 3592 1628; x_wconf 85' lang='lat' dir='ltr'>ibique</span> 
     </span>
    </p>
   </div>
   <div class='ocr_carea' id='block_1_30' title="bbox 1956 1644 3591 1718">
    <p class='ocr_par' dir='ltr' id='par_1_30' title="bbox 1956 1644 3591 1718">
     <span class='ocr_line' id='line_1_30' title="bbox 1956 1644 3591 1718; baseline 0.006 -22"><span class='ocrx_word' id='word_1_199' title='bbox 1956 1644 2154 1697; x_wconf 90' lang='lat' dir='ltr'>Arium</span> <span class='ocrx_word' id='word_1_200' title='bbox 2181 1644 2378 1698; x_wconf 88' lang='lat' dir='ltr'>decem</span> <span class='ocrx_word' id='word_1_201' title='bbox 2417 1648 2474 1698; x_wconf 91' lang='lat' dir='ltr'>et</span> <span class='ocrx_word' id='word_1_202' title='bbox 2517 1649 2642 1700; x_wconf 90' lang='lat' dir='ltr'>octo</span> <span class='ocrx_word' id='word_1_203' title='bbox 2674 1646 2953 1718; x_wconf 88' lang='lat' dir='ltr'>episcopis</span> <span class='ocrx_word' id='word_1_204' title='bbox 2987 1646 3363 1703; x_wconf 89' lang='lat' dir='ltr'>residentibus</span> <span class='ocrx_word' id='word_1_205' title='bbox 3395 1651 3591 1706; x_wconf 86' lang='lat' dir='ltr'>adesse</span> 
     </span>
    </p>
   </div>
   <div class='ocr_carea' id='block_1_31' title="bbox 227 1735 3592 1814">
    <p class='ocr_par' dir='ltr' id='par_1_31' title="bbox 227 1735 3592 1814">
     <span class='ocr_line' id='line_1_31' title="bbox 227 1735 3592 1814; baseline 0.003 -26"><span class='ocrx_word' id='word_1_206' title='bbox 227 1735 334 1789; x_wconf 89' lang='lat' dir='ltr'>mis</span> <span class='ocrx_word' id='word_1_207' title='bbox 366 1752 488 1790; x_wconf 92' lang='lat' dir='ltr'>esse</span> <span class='ocrx_word' id='word_1_208' title='bbox 520 1737 755 1790; x_wconf 86' lang='lat' dir='ltr'>minime</span> <span class='ocrx_word' id='word_1_209' title='bbox 778 1736 1003 1805; x_wconf 91' lang='lat' dir='ltr'>dicitur,</span> <span class='ocrx_word' id='word_1_210' title='bbox 1043 1754 1117 1792; x_wconf 90' lang='lat' dir='ltr'>ne</span> <span class='ocrx_word' id='word_1_211' title='bbox 1147 1738 1292 1794; x_wconf 87' lang='lat' dir='ltr'>forte</span> <span class='ocrx_word' id='word_1_212' title='bbox 1321 1739 1390 1793; x_wconf 90' lang='lat' dir='ltr'>ab</span> <span class='ocrx_word' id='word_1_213' title='bbox 1416 1739 1740 1794; x_wconf 89' lang='lat' dir='ltr'>inﬁdelibus</span> <span class='ocrx_word' id='word_1_214' title='bbox 1759 1747 1859 1796; x_wconf 89' lang='lat' dir='ltr'>aut</span> <span class='ocrx_word' id='word_1_215' title='bbox 1949 1735 2134 1804; x_wconf 83' lang='lat' dir='ltr'>jubet,</span> <span class='ocrx_word' id='word_1_216' title='bbox 2165 1753 2230 1790; x_wconf 82' lang='lat' dir='ltr'>ac</span> <span class='ocrx_word' id='word_1_217' title='bbox 2249 1737 2318 1790; x_wconf 84' lang='lat' dir='ltr'>de</span> <span class='ocrx_word' id='word_1_218' title='bbox 2343 1736 2465 1806; x_wconf 85' lang='lat' dir='ltr'>ejus</span> <span class='ocrx_word' id='word_1_219' title='bbox 2484 1737 2971 1808; x_wconf 78' lang='lat' dir='ltr'>propositionibus</span> <span class='ocrx_word' id='word_1_220' title='bbox 2997 1745 3054 1794; x_wconf 87' lang='lat' dir='ltr'>et</span> <span class='ocrx_word' id='word_1_221' title='bbox 3081 1741 3592 1814; x_wconf 68' lang='lat' dir='ltr'>qufestionihusju-</span> 
     </span>
    </p>
   </div>
   <div class='ocr_carea' id='block_1_32' title="bbox 225 1819 3588 1906">
    <p class='ocr_par' dir='ltr' id='par_1_32' title="bbox 225 1819 3588 1906">
     <span class='ocr_line' id='line_1_32' title="bbox 225 1819 3588 1906; baseline 0.004 -24"><span class='ocrx_word' id='word_1_222' title='bbox 225 1828 419 1883; x_wconf 90' lang='lat' dir='ltr'>idiotis</span> <span class='ocrx_word' id='word_1_223' title='bbox 449 1830 610 1884; x_wconf 88' lang='lat' dir='ltr'>sedes</span> <span class='ocrx_word' id='word_1_224' title='bbox 630 1830 854 1884; x_wconf 88' lang='lat' dir='ltr'>Domini</span> <span class='ocrx_word' id='word_1_225' title='bbox 885 1831 1068 1885; x_wconf 89' lang='lat' dir='ltr'>nostri</span> <span class='ocrx_word' id='word_1_226' title='bbox 1089 1833 1218 1886; x_wconf 84' lang='lat' dir='ltr'>Jesu</span> <span class='ocrx_word' id='word_1_227' title='bbox 1245 1833 1613 1904; x_wconf 66' lang='lat' dir='ltr'>Christi,quaa</span> <span class='ocrx_word' id='word_1_228' title='bbox 1637 1835 1694 1888; x_wconf 91' lang='lat' dir='ltr'>in</span> <span class='ocrx_word' id='word_1_229' title='bbox 1716 1836 1855 1888; x_wconf 65' lang='lat' dir='ltr'>coelo</span> <span class='ocrx_word' id='word_1_230' title='bbox 1875 1819 1932 1892; x_wconf 89' lang='lat' dir='ltr'><strong>B</strong></span> <span class='ocrx_word' id='word_1_231' title='bbox 1957 1827 2160 1882; x_wconf 74' lang='lat' dir='ltr'>dical&#39;e-</span> <span class='ocrx_word' id='word_1_232' title='bbox 2192 1829 2294 1884; x_wconf 82' lang='lat' dir='ltr'>Sed</span> <span class='ocrx_word' id='word_1_233' title='bbox 2324 1829 2384 1882; x_wconf 81' lang='lat' dir='ltr'>in</span> <span class='ocrx_word' id='word_1_234' title='bbox 2411 1846 2477 1884; x_wconf 79' lang='lat'>80</span> <span class='ocrx_word' id='word_1_235' title='bbox 2505 1831 2742 1884; x_wconf 84' lang='lat' dir='ltr'>ConCilio</span> <span class='ocrx_word' id='word_1_236' title='bbox 2767 1831 3078 1888; x_wconf 73' lang='lat' dir='ltr'>admirable</span> <span class='ocrx_word' id='word_1_237' title='bbox 3127 1835 3338 1888; x_wconf 85' lang='lat' dir='ltr'>factum</span> <span class='ocrx_word' id='word_1_238' title='bbox 3377 1835 3588 1906; x_wconf 88' lang='lat' dir='ltr'>princi-</span> 
     </span>
    </p>
   </div>
   <div class='ocr_carea' id='block_1_33' title="bbox 225 1922 3591 1996">
    <p class='ocr_par' dir='ltr' id='par_1_33' title="bbox 225 1922 3591 1996">
     <span class='ocr_line' id='line_1_33' title="bbox 225 1922 3591 1996; baseline 0.002 -20"><span class='ocrx_word' id='word_1_239' title='bbox 225 1925 331 1989; x_wconf 89' lang='lat' dir='ltr'>est,</span> <span class='ocrx_word' id='word_1_240' title='bbox 367 1922 424 1976; x_wconf 91' lang='lat' dir='ltr'>in</span> <span class='ocrx_word' id='word_1_241' title='bbox 453 1926 608 1978; x_wconf 87' lang='lat' dir='ltr'>terra</span> <span class='ocrx_word' id='word_1_242' title='bbox 633 1939 751 1978; x_wconf 91' lang='lat' dir='ltr'>esse</span> <span class='ocrx_word' id='word_1_243' title='bbox 779 1927 1098 1994; x_wconf 87' lang='lat' dir='ltr'>putaretur.</span> <span class='ocrx_word' id='word_1_244' title='bbox 1139 1925 1360 1980; x_wconf 87' lang='lat' dir='ltr'>Etenim</span> <span class='ocrx_word' id='word_1_245' title='bbox 1406 1927 1564 1980; x_wconf 80' lang='lat' dir='ltr'>sedes</span> <span class='ocrx_word' id='word_1_246' title='bbox 1607 1927 1653 1996; x_wconf 87' lang='lat' dir='ltr'>ej</span> <span class='ocrx_word' id='word_1_247' title='bbox 1666 1945 1727 1980; x_wconf 91' lang='lat' dir='ltr'>us</span> <span class='ocrx_word' id='word_1_248' title='bbox 1754 1945 1858 1983; x_wconf 77' lang='lat' dir='ltr'>coe-</span> <span class='ocrx_word' id='word_1_249' title='bbox 1957 1922 2044 1992; x_wconf 89' lang='lat' dir='ltr'>pis</span> <span class='ocrx_word' id='word_1_250' title='bbox 2069 1939 2186 1976; x_wconf 87' lang='lat' dir='ltr'>non</span> <span class='ocrx_word' id='word_1_251' title='bbox 2217 1927 2354 1994; x_wconf 91' lang='lat' dir='ltr'>puto</span> <span class='ocrx_word' id='word_1_252' title='bbox 2387 1924 2756 1980; x_wconf 90' lang='lat' dir='ltr'>reticendum.</span> <span class='ocrx_word' id='word_1_253' title='bbox 2782 1927 3002 1982; x_wconf 81' lang='lat' dir='ltr'>Etenim</span> <span class='ocrx_word' id='word_1_254' title='bbox 3033 1945 3164 1982; x_wconf 91' lang='lat' dir='ltr'>cum</span> <span class='ocrx_word' id='word_1_255' title='bbox 3211 1945 3280 1982; x_wconf 86' lang='lat' dir='ltr'>ex</span> <span class='ocrx_word' id='word_1_256' title='bbox 3325 1929 3591 1984; x_wconf 88' lang='lat' dir='ltr'>omnibus</span> 
     </span>
    </p>
   </div>
   <div class='ocr_carea' id='block_1_34' title="bbox 227 2015 3584 2094">
    <p class='ocr_par' dir='ltr' id='par_1_34' title="bbox 227 2015 3584 2094">
     <span class='ocr_line' id='line_1_34' title="bbox 227 2015 3584 2094; baseline 0.003 -25"><span class='ocrx_word' id='word_1_257' title='bbox 227 2017 1856 2092; x_wconf 85' lang='lat' dir='ltr'>lum,terraautemscabellumpednmejus,quoniamipse</span> <span class='ocrx_word' id='word_1_258' title='bbox 1956 2031 2103 2086; x_wconf 90' lang='lat' dir='ltr'>pene</span> <span class='ocrx_word' id='word_1_259' title='bbox 2145 2015 2281 2070; x_wconf 89' lang='lat' dir='ltr'>locis</span> <span class='ocrx_word' id='word_1_260' title='bbox 2320 2017 2566 2088; x_wconf 90' lang='lat' dir='ltr'>episcopi</span> <span class='ocrx_word' id='word_1_261' title='bbox 2605 2019 3017 2091; x_wconf 82' lang='lat' dir='ltr'>convenissent,</span> <span class='ocrx_word' id='word_1_262' title='bbox 3049 2027 3123 2090; x_wconf 90' lang='lat' dir='ltr'>et,</span> <span class='ocrx_word' id='word_1_263' title='bbox 3167 2027 3229 2076; x_wconf 91' lang='lat' dir='ltr'>ut</span> <span class='ocrx_word' id='word_1_264' title='bbox 3269 2023 3393 2076; x_wconf 88' lang='lat' dir='ltr'>ﬁeri</span> <span class='ocrx_word' id='word_1_265' title='bbox 3424 2024 3584 2094; x_wconf 87' lang='lat' dir='ltr'>solet,</span> 
     </span>
    </p>
   </div>
   <div class='ocr_carea' id='block_1_35' title="bbox 223 2109 3586 2186">
    <p class='ocr_par' dir='ltr' id='par_1_35' title="bbox 223 2109 3586 2186">
     <span class='ocr_line' id='line_1_35' title="bbox 223 2109 3586 2186; baseline 0.003 -27"><span class='ocrx_word' id='word_1_266' title='bbox 223 2113 330 2176; x_wconf 90' lang='lat' dir='ltr'>est,</span> <span class='ocrx_word' id='word_1_267' title='bbox 347 2125 450 2181; x_wconf 86' lang='lat' dir='ltr'>per</span> <span class='ocrx_word' id='word_1_268' title='bbox 474 2126 650 2181; x_wconf 87' lang='lat' dir='ltr'>quem</span> <span class='ocrx_word' id='word_1_269' title='bbox 678 2111 874 2166; x_wconf 83' lang='lat' dir='ltr'>omnia</span> <span class='ocrx_word' id='word_1_270' title='bbox 903 2111 1052 2166; x_wconf 81' lang='lat' dir='ltr'>facta</span> <span class='ocrx_word' id='word_1_271' title='bbox 1073 2119 1222 2180; x_wconf 80' lang='lat' dir='ltr'>sunt,</span> <span class='ocrx_word' id='word_1_272' title='bbox 1262 2117 1318 2168; x_wconf 78' lang='lat' dir='ltr'>et</span> <span class='ocrx_word' id='word_1_273' title='bbox 1359 2113 1476 2168; x_wconf 84' lang='lat' dir='ltr'>sine</span> <span class='ocrx_word' id='word_1_274' title='bbox 1503 2131 1616 2185; x_wconf 80' lang='lat' dir='ltr'>quo</span> <span class='ocrx_word' id='word_1_275' title='bbox 1643 2115 1854 2170; x_wconf 79' lang='lat' dir='ltr'>factum</span> <span class='ocrx_word' id='word_1_276' title='bbox 1957 2109 2187 2164; x_wconf 87' lang='lat' dir='ltr'>diversis</span> <span class='ocrx_word' id='word_1_277' title='bbox 2204 2126 2266 2164; x_wconf 88' lang='lat' dir='ltr'><strong>ex</strong></span> <span class='ocrx_word' id='word_1_278' title='bbox 2296 2111 2642 2166; x_wconf 90' lang='lat' dir='ltr'>causisinter</span> <span class='ocrx_word' id='word_1_279' title='bbox 2658 2129 2714 2166; x_wconf 91' lang='lat' dir='ltr'>se</span> <span class='ocrx_word' id='word_1_280' title='bbox 2733 2113 2994 2183; x_wconf 73' lang='lat' dir='ltr'>quaedam</span> <span class='ocrx_word' id='word_1_281' title='bbox 3015 2115 3208 2186; x_wconf 88' lang='lat' dir='ltr'>jurgia</span> <span class='ocrx_word' id='word_1_282' title='bbox 3237 2115 3586 2184; x_wconf 89' lang='lat' dir='ltr'>detulissent,</span> 
     </span>
    </p>
   </div>
   <div class='ocr_carea' id='block_1_36' title="bbox 223 2203 1852 2279">
    <p class='ocr_par' dir='ltr' id='par_1_36' title="bbox 223 2203 1852 2279">
     <span class='ocr_line' id='line_1_36' title="bbox 223 2203 1852 2279; baseline 0.003 -21"><span class='ocrx_word' id='word_1_283' title='bbox 223 2208 310 2258; x_wconf 90' lang='lat' dir='ltr'>est</span> <span class='ocrx_word' id='word_1_284' title='bbox 333 2203 851 2274; x_wconf 78' lang='lat' dir='ltr'>nihil(Joan.1,3),«</span> <span class='ocrx_word' id='word_1_285' title='bbox 869 2206 1140 2276; x_wconf 87' lang='lat' dir='ltr'>quoniam</span> <span class='ocrx_word' id='word_1_286' title='bbox 1173 2223 1236 2260; x_wconf 86' lang='lat' dir='ltr'>ex</span> <span class='ocrx_word' id='word_1_287' title='bbox 1273 2207 1414 2278; x_wconf 90' lang='lat' dir='ltr'>ipso,</span> <span class='ocrx_word' id='word_1_288' title='bbox 1447 2211 1501 2262; x_wconf 87' lang='lat' dir='ltr'>et.</span> <span class='ocrx_word' id='word_1_289' title='bbox 1520 2225 1621 2278; x_wconf 91' lang='lat' dir='ltr'>per</span> <span class='ocrx_word' id='word_1_290' title='bbox 1647 2209 1852 2279; x_wconf 89' lang='lat' dir='ltr'>ipsum,</span> 
     </span>
    </p>
   </div>
   <div class='ocr_carea' id='block_1_37' title="bbox 225 2297 1851 2371">
    <p class='ocr_par' dir='ltr' id='par_1_37' title="bbox 225 2297 1851 2371">
     <span class='ocr_line' id='line_1_37' title="bbox 225 2297 1851 2371; baseline 0.006 -22"><span class='ocrx_word' id='word_1_291' title='bbox 225 2301 284 2350; x_wconf 89' lang='lat' dir='ltr'>et</span> <span class='ocrx_word' id='word_1_292' title='bbox 309 2297 368 2350; x_wconf 91' lang='lat' dir='ltr'>in</span> <span class='ocrx_word' id='word_1_293' title='bbox 399 2298 519 2368; x_wconf 91' lang='lat' dir='ltr'>ipso</span> <span class='ocrx_word' id='word_1_294' title='bbox 552 2303 686 2354; x_wconf 89' lang='lat' dir='ltr'>sunt</span> <span class='ocrx_word' id='word_1_295' title='bbox 711 2299 922 2366; x_wconf 89' lang='lat' dir='ltr'>omnia,</span> <span class='ocrx_word' id='word_1_296' title='bbox 951 2299 1060 2371; x_wconf 91' lang='lat' dir='ltr'>ipsi</span> <span class='ocrx_word' id='word_1_297' title='bbox 1088 2299 1268 2371; x_wconf 81' lang='lat' dir='ltr'>gloria</span> <span class='ocrx_word' id='word_1_298' title='bbox 1301 2301 1358 2356; x_wconf 89' lang='lat' dir='ltr'>in</span> <span class='ocrx_word' id='word_1_299' title='bbox 1384 2302 1584 2356; x_wconf 67' lang='lat' dir='ltr'>saecula</span> <span class='ocrx_word' id='word_1_300' title='bbox 1616 2303 1851 2358; x_wconf 73' lang='lat' dir='ltr'>smculo-</span> 
     </span>
    </p>
   </div>
   <div class='ocr_carea' id='block_1_38' title="bbox 221 2393 1074 2464">
    <p class='ocr_par' dir='ltr' id='par_1_38' title="bbox 221 2393 1074 2464">
     <span class='ocr_line' id='line_1_38' title="bbox 221 2393 1074 2464; baseline 0.005 -20"><span class='ocrx_word' id='word_1_301' title='bbox 221 2407 372 2445; x_wconf 90' lang='lat' dir='ltr'>rum.</span> <span class='ocrx_word' id='word_1_302' title='bbox 399 2395 586 2446; x_wconf 82' lang='lat' dir='ltr'>Amen</span> <span class='ocrx_word' id='word_1_303' title='bbox 612 2393 780 2462; x_wconf 88' lang='lat' dir='ltr'>(Rom.</span> <span class='ocrx_word' id='word_1_304' title='bbox 815 2409 872 2458; x_wconf 80' lang='grc' dir='ltr'>ιι,</span> <span class='ocrx_word' id='word_1_305' title='bbox 902 2393 1012 2464; x_wconf 88' lang='lat'>36).</span> <span class='ocrx_word' id='word_1_306' title='bbox 1047 2415 1074 2443; x_wconf 76' lang='grc'><strong>››</strong></span> 
     </span>
    </p>
   </div>
   <div class='ocr_carea' id='block_1_39' title="bbox 291 2485 1856 2560">
    <p class='ocr_par' dir='ltr' id='par_1_39' title="bbox 291 2485 1856 2560">
     <span class='ocr_line' id='line_1_39' title="bbox 291 2485 1856 2560; baseline 0.004 -21"><span class='ocrx_word' id='word_1_307' title='bbox 291 2485 457 2556; x_wconf 85' lang='lat' dir='ltr'>Apud</span> <span class='ocrx_word' id='word_1_308' title='bbox 483 2487 770 2556; x_wconf 88' lang='lat' dir='ltr'>Ephesum</span> <span class='ocrx_word' id='word_1_309' title='bbox 793 2503 922 2541; x_wconf 87' lang='lat' dir='ltr'>vero</span> <span class='ocrx_word' id='word_1_310' title='bbox 953 2486 1312 2543; x_wconf 86' lang='lat' dir='ltr'>beatissimus</span> <span class='ocrx_word' id='word_1_311' title='bbox 1336 2490 1604 2557; x_wconf 80' lang='lat' dir='ltr'>Joannes,</span> <span class='ocrx_word' id='word_1_312' title='bbox 1635 2495 1856 2560; x_wconf 87' lang='lat' dir='ltr'>aposto-</span> 
     </span>
    </p>
   </div>
   <div class='ocr_carea' id='block_1_40' title="bbox 219 2579 1854 2652">
    <p class='ocr_par' dir='ltr' id='par_1_40' title="bbox 219 2579 1854 2652">
     <span class='ocr_line' id='line_1_40' title="bbox 219 2579 1854 2652; baseline 0.005 -22"><span class='ocrx_word' id='word_1_313' title='bbox 219 2579 308 2632; x_wconf 89' lang='lat' dir='ltr'>lus</span> <span class='ocrx_word' id='word_1_314' title='bbox 325 2583 383 2633; x_wconf 91' lang='lat' dir='ltr'>et</span> <span class='ocrx_word' id='word_1_315' title='bbox 399 2579 769 2650; x_wconf 82' lang='lat' dir='ltr'>evangelista,</span> <span class='ocrx_word' id='word_1_316' title='bbox 793 2581 975 2635; x_wconf 87' lang='lat' dir='ltr'>multo</span> <span class='ocrx_word' id='word_1_317' title='bbox 997 2585 1254 2652; x_wconf 88' lang='lat' dir='ltr'>tempore</span> <span class='ocrx_word' id='word_1_318' title='bbox 1277 2587 1404 2652; x_wconf 89' lang='lat' dir='ltr'>post</span> <span class='ocrx_word' id='word_1_319' title='bbox 1427 2583 1651 2637; x_wconf 91' lang='lat' dir='ltr'>Domini</span> <span class='ocrx_word' id='word_1_320' title='bbox 1671 2601 1854 2638; x_wconf 90' lang='lat' dir='ltr'>resur-</span> 
     </span>
    </p>
   </div>
   <div class='ocr_carea' id='block_1_41' title="bbox 221 2672 1852 2747">
    <p class='ocr_par' dir='ltr' id='par_1_41' title="bbox 221 2672 1852 2747">
     <span class='ocr_line' id='line_1_41' title="bbox 221 2672 1852 2747; baseline 0.004 -21"><span class='ocrx_word' id='word_1_321' title='bbox 221 2672 532 2728; x_wconf 89' lang='lat' dir='ltr'>rectionem</span> <span class='ocrx_word' id='word_1_322' title='bbox 548 2677 602 2728; x_wconf 90' lang='lat' dir='ltr'>et</span> <span class='ocrx_word' id='word_1_323' title='bbox 613 2674 1002 2729; x_wconf 88' lang='lat' dir='ltr'>ascensionem</span> <span class='ocrx_word' id='word_1_324' title='bbox 1015 2675 1074 2729; x_wconf 92' lang='lat' dir='ltr'>in</span> <span class='ocrx_word' id='word_1_325' title='bbox 1087 2675 1476 2742; x_wconf 87' lang='lat' dir='ltr'>coelos,divina</span> <span class='ocrx_word' id='word_1_326' title='bbox 1487 2677 1852 2747; x_wconf 89' lang='lat' dir='ltr'>inspiratione</span> 
     </span>
    </p>
   </div>
   <div class='ocr_carea' id='block_1_42' title="bbox 217 2767 1850 2841">
    <p class='ocr_par' dir='ltr' id='par_1_42' title="bbox 217 2767 1850 2841">
     <span class='ocr_line' id='line_1_42' title="bbox 217 2767 1850 2841; baseline 0.004 -21"><span class='ocrx_word' id='word_1_327' title='bbox 217 2767 596 2838; x_wconf 87' lang='lat' dir='ltr'>Evangelium</span> <span class='ocrx_word' id='word_1_328' title='bbox 641 2768 970 2839; x_wconf 89' lang='lat' dir='ltr'>conscripsit</span> <span class='ocrx_word' id='word_1_329' title='bbox 1011 2773 1180 2840; x_wconf 89' lang='lat' dir='ltr'>atque</span> <span class='ocrx_word' id='word_1_330' title='bbox 1227 2769 1520 2841; x_wconf 87' lang='lat' dir='ltr'>requievit.</span> <span class='ocrx_word' id='word_1_331' title='bbox 1551 2772 1620 2826; x_wconf 90' lang='lat' dir='ltr'>Et</span> <span class='ocrx_word' id='word_1_332' title='bbox 1649 2771 1719 2824; x_wconf 90' lang='lat' dir='ltr'>ob</span> <span class='ocrx_word' id='word_1_333' title='bbox 1745 2772 1850 2826; x_wconf 86' lang='lat' dir='ltr'>hoc</span> 
     </span>
    </p>
   </div>
   <div class='ocr_carea' id='block_1_43' title="bbox 217 2861 1848 2936">
    <p class='ocr_par' dir='ltr' id='par_1_43' title="bbox 217 2861 1848 2936">
     <span class='ocr_line' id='line_1_43' title="bbox 217 2861 1848 2936; baseline 0.004 -22"><span class='ocrx_word' id='word_1_334' title='bbox 217 2861 515 2932; x_wconf 86' lang='lat' dir='ltr'>episcOpus</span> <span class='ocrx_word' id='word_1_335' title='bbox 543 2862 878 2932; x_wconf 88' lang='lat' dir='ltr'>Ephesinus,</span> <span class='ocrx_word' id='word_1_336' title='bbox 917 2879 1022 2934; x_wconf 90' lang='lat' dir='ltr'>pro</span> <span class='ocrx_word' id='word_1_337' title='bbox 1053 2863 1195 2917; x_wconf 85' lang='lat' dir='ltr'>tanti</span> <span class='ocrx_word' id='word_1_338' title='bbox 1237 2864 1476 2934; x_wconf 84' lang='lat' dir='ltr'>apostoli</span> <span class='ocrx_word' id='word_1_339' title='bbox 1508 2867 1566 2919; x_wconf 91' lang='lat' dir='ltr'>et</span> <span class='ocrx_word' id='word_1_340' title='bbox 1603 2881 1848 2936; x_wconf 88' lang='lat' dir='ltr'>evange-</span> 
     </span>
    </p>
   </div>
   <div class='ocr_carea' id='block_1_44' title="bbox 217 2955 1848 3029">
    <p class='ocr_par' dir='ltr' id='par_1_44' title="bbox 217 2955 1848 3029">
     <span class='ocr_line' id='line_1_44' title="bbox 217 2955 1848 3029; baseline 0.003 -22"><span class='ocrx_word' id='word_1_341' title='bbox 217 2955 360 3008; x_wconf 61' lang='lat' dir='ltr'>lista:</span> <span class='ocrx_word' id='word_1_342' title='bbox 392 2955 699 3024; x_wconf 89' lang='lat' dir='ltr'>memoria,</span> <span class='ocrx_word' id='word_1_343' title='bbox 729 2956 944 3012; x_wconf 72' lang='lat' dir='ltr'>caeteris</span> <span class='ocrx_word' id='word_1_344' title='bbox 988 2956 1262 3028; x_wconf 90' lang='lat' dir='ltr'>episcopis</span> <span class='ocrx_word' id='word_1_345' title='bbox 1299 2959 1750 3029; x_wconf 88' lang='lat' dir='ltr'>metropolitanis</span> <span class='ocrx_word' id='word_1_346' title='bbox 1789 2961 1848 3014; x_wconf 91' lang='lat' dir='ltr'>in</span> 
     </span>
    </p>
   </div>
   <div class='ocr_carea' id='block_1_45' title="bbox 215 3049 1455 3118">
    <p class='ocr_par' dir='ltr' id='par_1_45' title="bbox 215 3049 1455 3118">
     <span class='ocr_line' id='line_1_45' title="bbox 215 3049 1455 3118; baseline 0.003 -18"><span class='ocrx_word' id='word_1_347' title='bbox 215 3049 452 3118; x_wconf 71' lang='lat' dir='ltr'>synodis</span> <span class='ocrx_word' id='word_1_348' title='bbox 479 3049 965 3105; x_wconf 86' lang='lat' dir='ltr'>honorabiliorem</span> <span class='ocrx_word' id='word_1_349' title='bbox 996 3050 1218 3104; x_wconf 88' lang='lat' dir='ltr'>obtinet</span> <span class='ocrx_word' id='word_1_350' title='bbox 1244 3051 1455 3106; x_wconf 91' lang='lat' dir='ltr'>sedem.</span> 
     </span>
    </p>
   </div>
   <div class='ocr_carea' id='block_1_46' title="bbox 287 3142 1846 3217">
    <p class='ocr_par' dir='ltr' id='par_1_46' title="bbox 287 3142 1846 3217">
     <span class='ocr_line' id='line_1_46' title="bbox 287 3142 1846 3217; baseline 0.001 -19"><span class='ocrx_word' id='word_1_351' title='bbox 287 3142 396 3198; x_wconf 92' lang='lat' dir='ltr'>Sed</span> <span class='ocrx_word' id='word_1_352' title='bbox 417 3143 690 3214; x_wconf 88' lang='lat' dir='ltr'>quoniam</span> <span class='ocrx_word' id='word_1_353' title='bbox 718 3143 788 3198; x_wconf 89' lang='lat' dir='ltr'>de</span> <span class='ocrx_word' id='word_1_354' title='bbox 807 3143 1042 3198; x_wconf 90' lang='lat' dir='ltr'>concilio</span> <span class='ocrx_word' id='word_1_355' title='bbox 1062 3144 1290 3199; x_wconf 72' lang='lat' dir='ltr'>Nicaeno</span> <span class='ocrx_word' id='word_1_356' title='bbox 1318 3145 1714 3200; x_wconf 90' lang='lat' dir='ltr'>disserendum</span> <span class='ocrx_word' id='word_1_357' title='bbox 1743 3151 1846 3217; x_wconf 91' lang='lat' dir='ltr'>est,</span> 
     </span>
    </p>
   </div>
   <div class='ocr_carea' id='block_1_47' title="bbox 211 3235 1846 3309">
    <p class='ocr_par' dir='ltr' id='par_1_47' title="bbox 211 3235 1846 3309">
     <span class='ocr_line' id='line_1_47' title="bbox 211 3235 1846 3309; baseline 0.003 -20"><span class='ocrx_word' id='word_1_358' title='bbox 211 3253 341 3308; x_wconf 73' lang='lat' dir='ltr'>qua:</span> <span class='ocrx_word' id='word_1_359' title='bbox 385 3237 508 3290; x_wconf 66' lang='lat' dir='ltr'>haec</span> <span class='ocrx_word' id='word_1_360' title='bbox 561 3235 694 3291; x_wconf 89' lang='lat' dir='ltr'>fecit</span> <span class='ocrx_word' id='word_1_361' title='bbox 735 3253 922 3307; x_wconf 89' lang='lat' dir='ltr'>causa,</span> <span class='ocrx_word' id='word_1_362' title='bbox 969 3243 1034 3292; x_wconf 93' lang='lat' dir='ltr'>ut</span> <span class='ocrx_word' id='word_1_363' title='bbox 1085 3241 1214 3308; x_wconf 91' lang='lat' dir='ltr'>post</span> <span class='ocrx_word' id='word_1_364' title='bbox 1261 3237 1416 3292; x_wconf 89' lang='lat' dir='ltr'>illam</span> <span class='ocrx_word' id='word_1_365' title='bbox 1463 3239 1846 3309; x_wconf 88' lang='lat' dir='ltr'>apostolorum</span> 
     </span>
    </p>
   </div>
   <div class='ocr_carea' id='block_1_48' title="bbox 213 3329 1846 3402">
    <p class='ocr_par' dir='ltr' id='par_1_48' title="bbox 213 3329 1846 3402">
     <span class='ocr_line' id='line_1_48' title="bbox 213 3329 1846 3402; baseline 0.004 -19"><span class='ocrx_word' id='word_1_366' title='bbox 213 3329 528 3401; x_wconf 81' lang='lat' dir='ltr'>gloriosam</span> <span class='ocrx_word' id='word_1_367' title='bbox 557 3329 1040 3401; x_wconf 69' lang='lat' dir='ltr'>przedicationem,</span> <span class='ocrx_word' id='word_1_368' title='bbox 1087 3348 1216 3402; x_wconf 70' lang='lat' dir='ltr'>qua:</span> <span class='ocrx_word' id='word_1_369' title='bbox 1262 3331 1316 3386; x_wconf 91' lang='lat' dir='ltr'>in</span> <span class='ocrx_word' id='word_1_370' title='bbox 1360 3347 1588 3388; x_wconf 90' lang='lat' dir='ltr'>omnem</span> <span class='ocrx_word' id='word_1_371' title='bbox 1633 3337 1846 3390; x_wconf 89' lang='lat' dir='ltr'>terram</span> 
     </span>
    </p>
   </div>
   <div class='ocr_carea' id='block_1_49' title="bbox 183 3409 1842 3496">
    <p class='ocr_par' dir='ltr' id='par_1_49' title="bbox 183 3409 1842 3496">
     <span class='ocr_line' id='line_1_49' title="bbox 183 3409 1842 3496; baseline 0.002 -18"><span class='ocrx_word' id='word_1_372' title='bbox 183 3409 190 3416; x_wconf 62' lang='grc'><em>’</em></span> <span class='ocrx_word' id='word_1_373' title='bbox 211 3423 550 3478; x_wconf 86' lang='lat' dir='ltr'>mirabiliter</span> <span class='ocrx_word' id='word_1_374' title='bbox 563 3423 766 3478; x_wconf 76' lang='lat' dir='ltr'>diffusa</span> <span class='ocrx_word' id='word_1_375' title='bbox 789 3427 890 3494; x_wconf 91' lang='lat' dir='ltr'>est,</span> <span class='ocrx_word' id='word_1_376' title='bbox 911 3425 1013 3478; x_wconf 90' lang='lat' dir='ltr'>sub</span> <span class='ocrx_word' id='word_1_377' title='bbox 1044 3425 1412 3481; x_wconf 88' lang='lat' dir='ltr'>Constantino</span> <span class='ocrx_word' id='word_1_378' title='bbox 1429 3427 1683 3496; x_wconf 86' lang='lat' dir='ltr'>Augusto</span> <span class='ocrx_word' id='word_1_379' title='bbox 1701 3427 1842 3482; x_wconf 89' lang='lat' dir='ltr'>tanti</span> 
     </span>
    </p>
   </div>
   <div class='ocr_carea' id='block_1_50' title="bbox 212 3518 1842 3589">
    <p class='ocr_par' dir='ltr' id='par_1_50' title="bbox 212 3518 1842 3589">
     <span class='ocr_line' id='line_1_50' title="bbox 212 3518 1842 3589; baseline 0.002 -18"><span class='ocrx_word' id='word_1_380' title='bbox 212 3521 708 3589; x_wconf 79' lang='lat' dir='ltr'>congregarentur</span> <span class='ocrx_word' id='word_1_381' title='bbox 723 3518 1014 3589; x_wconf 83' lang='lat' dir='ltr'>episcopi?</span> <span class='ocrx_word' id='word_1_382' title='bbox 1031 3519 1220 3573; x_wconf 85' lang='lat' dir='ltr'>Ruﬁni</span> <span class='ocrx_word' id='word_1_383' title='bbox 1233 3519 1397 3573; x_wconf 93' lang='lat' dir='ltr'>nobis</span> <span class='ocrx_word' id='word_1_384' title='bbox 1411 3519 1662 3574; x_wconf 91' lang='lat' dir='ltr'>decimus</span> <span class='ocrx_word' id='word_1_385' title='bbox 1679 3521 1842 3589; x_wconf 87' lang='lat' dir='ltr'>liber,</span> 
     </span>
    </p>
   </div>
   <div class='ocr_carea' id='block_1_51' title="bbox 211 3611 1846 3684">
    <p class='ocr_par' dir='ltr' id='par_1_51' title="bbox 211 3611 1846 3684">
     <span class='ocr_line' id='line_1_51' title="bbox 211 3611 1846 3684; baseline 0.003 -19"><span class='ocrx_word' id='word_1_386' title='bbox 211 3611 310 3684; x_wconf 90' lang='lat' dir='ltr'>qui</span> <span class='ocrx_word' id='word_1_387' title='bbox 327 3611 455 3682; x_wconf 88' lang='lat' dir='ltr'>conj</span> <span class='ocrx_word' id='word_1_388' title='bbox 465 3613 664 3666; x_wconf 90' lang='lat' dir='ltr'>unctus</span> <span class='ocrx_word' id='word_1_389' title='bbox 677 3615 762 3666; x_wconf 83' lang='lat' dir='ltr'>est</span> <span class='ocrx_word' id='word_1_390' title='bbox 774 3629 978 3666; x_wconf 90' lang='lat' dir='ltr'>novem</span> <span class='ocrx_word' id='word_1_391' title='bbox 1001 3613 1160 3667; x_wconf 90' lang='lat' dir='ltr'>libris</span> <span class='ocrx_word' id='word_1_392' title='bbox 1175 3613 1566 3668; x_wconf 66' lang='lat' dir='ltr'>ecclesiastica:</span> <span class='ocrx_word' id='word_1_393' title='bbox 1587 3613 1846 3670; x_wconf 67' lang='lat' dir='ltr'>Historias</span> 
     </span>
    </p>
   </div>
   <div class='ocr_carea' id='block_1_52' title="bbox 211 3705 1841 3779">
    <p class='ocr_par' dir='ltr' id='par_1_52' title="bbox 211 3705 1841 3779">
     <span class='ocr_line' id='line_1_52' title="bbox 211 3705 1841 3779; baseline 0.002 -21"><span class='ocrx_word' id='word_1_394' title='bbox 211 3721 354 3777; x_wconf 88' lang='lat' dir='ltr'>quos</span> <span class='ocrx_word' id='word_1_395' title='bbox 393 3705 481 3758; x_wconf 88' lang='lat' dir='ltr'>vir</span> <span class='ocrx_word' id='word_1_396' title='bbox 522 3705 935 3760; x_wconf 88' lang='lat' dir='ltr'>eruditissimus</span> <span class='ocrx_word' id='word_1_397' title='bbox 961 3707 1234 3761; x_wconf 89' lang='lat' dir='ltr'>Eusebius</span> <span class='ocrx_word' id='word_1_398' title='bbox 1262 3706 1620 3762; x_wconf 76' lang='lat' dir='ltr'>Caesariensis</span> <span class='ocrx_word' id='word_1_399' title='bbox 1646 3707 1841 3779; x_wconf 91' lang='lat' dir='ltr'>edidit,</span> 
     </span>
    </p>
   </div>
   <div class='ocr_carea' id='block_1_53' title="bbox 211 3799 1846 3874">
    <p class='ocr_par' dir='ltr' id='par_1_53' title="bbox 211 3799 1846 3874">
     <span class='ocr_line' id='line_1_53' title="bbox 211 3799 1846 3874; baseline 0.001 -20"><span class='ocrx_word' id='word_1_400' title='bbox 211 3799 526 3854; x_wconf 89' lang='lat' dir='ltr'>necessario</span> <span class='ocrx_word' id='word_1_401' title='bbox 549 3799 854 3870; x_wconf 67' lang='lat' dir='ltr'>praefertur</span> <span class='ocrx_word' id='word_1_402' title='bbox 884 3799 958 3854; x_wconf 91' lang='lat' dir='ltr'>ad</span> <span class='ocrx_word' id='word_1_403' title='bbox 980 3801 1257 3870; x_wconf 90' lang='lat' dir='ltr'>medium,</span> <span class='ocrx_word' id='word_1_404' title='bbox 1285 3805 1350 3855; x_wconf 91' lang='lat' dir='ltr'>ut</span> <span class='ocrx_word' id='word_1_405' title='bbox 1375 3817 1548 3872; x_wconf 87' lang='lat' dir='ltr'>parva</span> <span class='ocrx_word' id='word_1_406' title='bbox 1575 3818 1704 3874; x_wconf 72' lang='lat' dir='ltr'>quae</span> <span class='ocrx_word' id='word_1_407' title='bbox 1723 3803 1846 3874; x_wconf 86' lang='lat' dir='ltr'>ejus</span> 
     </span>
    </p>
   </div>
   <div class='ocr_carea' id='block_1_54' title="bbox 211 3891 1842 3966">
    <p class='ocr_par' dir='ltr' id='par_1_54' title="bbox 211 3891 1842 3966">
     <span class='ocr_line' id='line_1_54' title="bbox 211 3891 1842 3966; baseline 0.002 -20"><span class='ocrx_word' id='word_1_408' title='bbox 211 3893 366 3947; x_wconf 90' lang='lat' dir='ltr'>inter</span> <span class='ocrx_word' id='word_1_409' title='bbox 409 3891 574 3946; x_wconf 91' lang='lat' dir='ltr'>initia</span> <span class='ocrx_word' id='word_1_410' title='bbox 621 3893 690 3947; x_wconf 90' lang='lat' dir='ltr'>de</span> <span class='ocrx_word' id='word_1_411' title='bbox 733 3893 850 3948; x_wconf 85' lang='lat' dir='ltr'>Arii</span> <span class='ocrx_word' id='word_1_412' title='bbox 895 3893 1265 3964; x_wconf 86' lang='lat' dir='ltr'>perversitate</span> <span class='ocrx_word' id='word_1_413' title='bbox 1319 3895 1640 3966; x_wconf 88' lang='lat' dir='ltr'>conscripta</span> <span class='ocrx_word' id='word_1_414' title='bbox 1691 3901 1842 3966; x_wconf 89' lang='lat' dir='ltr'>sunt,</span> 
     </span>
    </p>
   </div>
   <div class='ocr_carea' id='block_1_55' title="bbox 211 3985 1845 4058">
    <p class='ocr_par' dir='ltr' id='par_1_55' title="bbox 211 3985 1845 4058">
     <span class='ocr_line' id='line_1_55' title="bbox 211 3985 1845 4058; baseline 0.002 -18"><span class='ocrx_word' id='word_1_415' title='bbox 211 3988 633 4054; x_wconf 88' lang='lat' dir='ltr'>memorentur,</span> <span class='ocrx_word' id='word_1_416' title='bbox 667 3985 802 4058; x_wconf 87' lang='lat' dir='ltr'>quia</span> <span class='ocrx_word' id='word_1_417' title='bbox 837 3987 1074 4042; x_wconf 90' lang='lat' dir='ltr'>dubium</span> <span class='ocrx_word' id='word_1_418' title='bbox 1115 4005 1229 4043; x_wconf 93' lang='lat' dir='ltr'>non</span> <span class='ocrx_word' id='word_1_419' title='bbox 1268 3993 1370 4058; x_wconf 89' lang='lat' dir='ltr'>est,</span> <span class='ocrx_word' id='word_1_420' title='bbox 1401 3987 1526 4044; x_wconf 90' lang='lat' dir='ltr'>ideo</span> <span class='ocrx_word' id='word_1_421' title='bbox 1565 3991 1845 4045; x_wconf 89' lang='lat' dir='ltr'>trecentos</span> 
     </span>
    </p>
   </div>
   <div class='ocr_carea' id='block_1_56' title="bbox 213 4080 1844 4152">
    <p class='ocr_par' dir='ltr' id='par_1_56' title="bbox 213 4080 1844 4152">
     <span class='ocr_line' id='line_1_56' title="bbox 213 4080 1844 4152; baseline 0.002 -17"><span class='ocrx_word' id='word_1_422' title='bbox 213 4080 412 4135; x_wconf 90' lang='lat' dir='ltr'>decem</span> <span class='ocrx_word' id='word_1_423' title='bbox 472 4083 532 4134; x_wconf 91' lang='lat' dir='ltr'>et</span> <span class='ocrx_word' id='word_1_424' title='bbox 582 4083 705 4136; x_wconf 91' lang='lat' dir='ltr'>octo</span> <span class='ocrx_word' id='word_1_425' title='bbox 760 4081 1135 4136; x_wconf 87' lang='lat' dir='ltr'>sanctissimos</span> <span class='ocrx_word' id='word_1_426' title='bbox 1193 4083 1401 4152; x_wconf 88' lang='lat' dir='ltr'>Patres,</span> <span class='ocrx_word' id='word_1_427' title='bbox 1462 4101 1531 4137; x_wconf 81' lang='lat' dir='ltr'>ex</span> <span class='ocrx_word' id='word_1_428' title='bbox 1587 4083 1844 4139; x_wconf 90' lang='lat' dir='ltr'>universo</span> 
     </span>
    </p>
   </div>
   <div class='ocr_carea' id='block_1_57' title="bbox 214 4173 1888 4254">
    <p class='ocr_par' dir='ltr' id='par_1_57' title="bbox 214 4173 1888 4254">
     <span class='ocr_line' id='line_1_57' title="bbox 214 4173 1888 4254; baseline 0.002 -25"><span class='ocrx_word' id='word_1_429' title='bbox 214 4174 478 4230; x_wconf 85' lang='lat' dir='ltr'>orientali</span> <span class='ocrx_word' id='word_1_430' title='bbox 498 4173 634 4230; x_wconf 88' lang='lat' dir='ltr'>orbe</span> <span class='ocrx_word' id='word_1_431' title='bbox 651 4175 710 4229; x_wconf 91' lang='lat' dir='ltr'>in</span> <span class='ocrx_word' id='word_1_432' title='bbox 727 4173 910 4230; x_wconf 72' lang='lat' dir='ltr'>Nicaea</span> <span class='ocrx_word' id='word_1_433' title='bbox 937 4175 1212 4248; x_wconf 73' lang='lat' dir='ltr'>Bithyniae</span> <span class='ocrx_word' id='word_1_434' title='bbox 1239 4179 1634 4249; x_wconf 88' lang='lat' dir='ltr'>congregatos,</span> <span class='ocrx_word' id='word_1_435' title='bbox 1653 4180 1713 4231; x_wconf 92' lang='lat' dir='ltr'>ut</span> <span class='ocrx_word' id='word_1_436' title='bbox 1727 4178 1845 4232; x_wconf 82' lang='lat' dir='ltr'>Arii</span> <span class='ocrx_word' id='word_1_437' title='bbox 1879 4249 1888 4254; x_wconf 84' lang='lat'>_</span> 
     </span>
    </p>
   </div>
   <div class='ocr_carea' id='block_1_58' title="bbox 209 4259 1897 4389">
    <p class='ocr_par' dir='ltr' id='par_1_58' title="bbox 209 4259 1897 4389">
     <span class='ocr_line' id='line_1_58' title="bbox 209 4259 1897 4389; baseline 0.002 -66"><span class='ocrx_word' id='word_1_438' title='bbox 209 4268 456 4339; x_wconf 89' lang='lat' dir='ltr'>impium</span> <span class='ocrx_word' id='word_1_439' title='bbox 486 4268 696 4340; x_wconf 88' lang='lat' dir='ltr'>dogma</span> <span class='ocrx_word' id='word_1_440' title='bbox 717 4268 924 4324; x_wconf 88' lang='lat' dir='ltr'>Christi</span> <span class='ocrx_word' id='word_1_441' title='bbox 946 4269 1152 4325; x_wconf 86' lang='lat' dir='ltr'>auxilio</span> <span class='ocrx_word' id='word_1_442' title='bbox 1181 4271 1436 4325; x_wconf 90' lang='lat' dir='ltr'>funditus</span> <span class='ocrx_word' id='word_1_443' title='bbox 1457 4271 1840 4326; x_wconf 81' lang='lat' dir='ltr'>damnaretur.</span> <span class='ocrx_word' id='word_1_444' title='bbox 1855 4259 1897 4389; x_wconf 66' lang='grc' dir='ltr'><em>Ι</em></span> 
     </span>
     <span class='ocr_line' id='line_1_59' title="bbox 211 4361 1838 4389; baseline 0 0"><span class='ocrx_word' id='word_1_445' title='bbox 211 4364 274 4389; x_wconf 67' lang='lat' dir='ltr'>II&quot;</span> <span class='ocrx_word' id='word_1_446' title='bbox 310 4361 516 4389; x_wconf 74' lang='lat' dir='ltr'>-..I..‘l...:</span> <span class='ocrx_word' id='word_1_447' title='bbox 546 4361 902 4389; x_wconf 65' lang='grc' dir='ltr'>νι-η-.;ι1λ..ι;..</span> <span class='ocrx_word' id='word_1_448' title='bbox 936 4365 1368 4389; x_wconf 57' lang='grc' dir='ltr'>,ιλ-...ιζιηΛ-Αιηη</span> <span class='ocrx_word' id='word_1_449' title='bbox 1396 4365 1539 4389; x_wconf 71' lang='grc' dir='ltr'>..η--.ι</span> <span class='ocrx_word' id='word_1_450' title='bbox 1567 4365 1620 4389; x_wconf 72' lang='grc' dir='ltr'>ε...</span> <span class='ocrx_word' id='word_1_451' title='bbox 1655 4367 1838 4389; x_wconf 66' lang='lat' dir='ltr'>_.....-s_</span> 
     </span>
    </p>
   </div>
   <div class='ocr_carea' id='block_1_59' title="bbox 211 4361 1846 4437">
    <p class='ocr_par' dir='ltr' id='par_1_59' title="bbox 211 4361 1846 4437">
     <span class='ocr_line' id='line_1_60' title="bbox 211 4361 1846 4437; baseline 0.001 -20"><span class='ocrx_word' id='word_1_452' title='bbox 211 4364 280 4418; x_wconf 85' lang='lat' dir='ltr'>Et</span> <span class='ocrx_word' id='word_1_453' title='bbox 309 4361 520 4416; x_wconf 89' lang='lat' dir='ltr'>salubri</span> <span class='ocrx_word' id='word_1_454' title='bbox 546 4361 908 4434; x_wconf 89' lang='lat' dir='ltr'>providentia</span> <span class='ocrx_word' id='word_1_455' title='bbox 933 4365 1368 4419; x_wconf 90' lang='lat' dir='ltr'>constitueretur</span> <span class='ocrx_word' id='word_1_456' title='bbox 1392 4365 1540 4437; x_wconf 91' lang='lat' dir='ltr'>quod</span> <span class='ocrx_word' id='word_1_457' title='bbox 1567 4365 1624 4418; x_wconf 92' lang='lat' dir='ltr'>in</span> <span class='ocrx_word' id='word_1_458' title='bbox 1653 4367 1846 4419; x_wconf 85' lang='lat' dir='ltr'>sancta</span> 
     </span>
    </p>
   </div>
   <div class='ocr_carea' id='block_1_60' title="bbox 209 4455 1844 4514">
    <p class='ocr_par' dir='ltr' id='par_1_60' title="bbox 209 4455 1844 4514">
     <span class='ocr_line' id='line_1_61' title="bbox 209 4455 1844 4514; baseline 0.001 -4"><span class='ocrx_word' id='word_1_459' title='bbox 209 4456 488 4512; x_wconf 87' lang='lat' dir='ltr'>catholica</span> <span class='ocrx_word' id='word_1_460' title='bbox 517 4456 762 4511; x_wconf 89' lang='lat' dir='ltr'>Ecclesia</span> <span class='ocrx_word' id='word_1_461' title='bbox 788 4455 994 4512; x_wconf 88' lang='lat' dir='ltr'>debeat</span> <span class='ocrx_word' id='word_1_462' title='bbox 1020 4457 1322 4512; x_wconf 87' lang='lat' dir='ltr'>observari.</span> <span class='ocrx_word' id='word_1_463' title='bbox 1375 4461 1518 4513; x_wconf 90' lang='lat' dir='ltr'>Item</span> <span class='ocrx_word' id='word_1_464' title='bbox 1549 4459 1618 4512; x_wconf 89' lang='lat' dir='ltr'>ad</span> <span class='ocrx_word' id='word_1_465' title='bbox 1656 4460 1844 4514; x_wconf 90' lang='lat' dir='ltr'>locum</span> 
     </span>
    </p>
   </div>
   <div class='ocr_carea' id='block_1_61' title="bbox 1956 2201 3591 2278">
    <p class='ocr_par' dir='ltr' id='par_1_61' title="bbox 1956 2201 3591 2278">
     <span class='ocr_line' id='line_1_62' title="bbox 1956 2201 3591 2278; baseline 0.006 -22"><span class='ocrx_word' id='word_1_466' title='bbox 1956 2201 2423 2275; x_wconf 88' lang='lat' dir='ltr'>interpellabatur</span> <span class='ocrx_word' id='word_1_467' title='bbox 2459 2205 2794 2276; x_wconf 90' lang='lat' dir='ltr'>frequenter</span> <span class='ocrx_word' id='word_1_468' title='bbox 2838 2223 2871 2260; x_wconf 89' lang='lat' dir='ltr'>a</span> <span class='ocrx_word' id='word_1_469' title='bbox 2916 2206 3174 2278; x_wconf 82' lang='lat' dir='ltr'>singulis,</span> <span class='ocrx_word' id='word_1_470' title='bbox 3203 2207 3591 2264; x_wconf 79' lang='lat' dir='ltr'>offerebantur</span> 
     </span>
    </p>
   </div>
   <div class='ocr_carea' id='block_1_62' title="bbox 1952 2295 3587 2374">
    <p class='ocr_par' dir='ltr' id='par_1_62' title="bbox 1952 2295 3587 2374">
     <span class='ocr_line' id='line_1_63' title="bbox 1952 2295 3587 2374; baseline 0.005 -24"><span class='ocrx_word' id='word_1_471' title='bbox 1952 2295 2148 2366; x_wconf 86' lang='lat' dir='ltr'>libelli,</span> <span class='ocrx_word' id='word_1_472' title='bbox 2177 2297 2358 2368; x_wconf 69' lang='lat' dir='ltr'>culpae</span> <span class='ocrx_word' id='word_1_473' title='bbox 2395 2299 2850 2369; x_wconf 83' lang='lat' dir='ltr'>proferebantur,</span> <span class='ocrx_word' id='word_1_474' title='bbox 2879 2304 2936 2354; x_wconf 92' lang='lat' dir='ltr'>et</span> <span class='ocrx_word' id='word_1_475' title='bbox 2958 2301 3142 2372; x_wconf 88' lang='lat' dir='ltr'>magis</span> <span class='ocrx_word' id='word_1_476' title='bbox 3167 2301 3240 2356; x_wconf 93' lang='lat' dir='ltr'>ad</span> <span class='ocrx_word' id='word_1_477' title='bbox 3266 2303 3388 2358; x_wconf 81' lang='lat' dir='ltr'>haec</span> <span class='ocrx_word' id='word_1_478' title='bbox 3413 2319 3587 2374; x_wconf 90' lang='lat' dir='ltr'>quam</span> 
     </span>
    </p>
   </div>
   <div class='ocr_carea' id='block_1_63' title="bbox 1953 2389 3585 2466">
    <p class='ocr_par' dir='ltr' id='par_1_63' title="bbox 1953 2389 3585 2466">
     <span class='ocr_line' id='line_1_64' title="bbox 1953 2389 3585 2466; baseline 0.004 -22"><span class='ocrx_word' id='word_1_479' title='bbox 1953 2390 2022 2444; x_wconf 90' lang='lat' dir='ltr'>ad</span> <span class='ocrx_word' id='word_1_480' title='bbox 2049 2389 2104 2444; x_wconf 94' lang='lat' dir='ltr'>id</span> <span class='ocrx_word' id='word_1_481' title='bbox 2131 2407 2232 2460; x_wconf 91' lang='lat' dir='ltr'>pro</span> <span class='ocrx_word' id='word_1_482' title='bbox 2259 2408 2373 2462; x_wconf 90' lang='lat' dir='ltr'>quo</span> <span class='ocrx_word' id='word_1_483' title='bbox 2398 2392 2588 2446; x_wconf 88' lang='lat' dir='ltr'>fuerat</span> <span class='ocrx_word' id='word_1_484' title='bbox 2615 2395 2846 2447; x_wconf 90' lang='lat' dir='ltr'>ventum</span> <span class='ocrx_word' id='word_1_485' title='bbox 2873 2393 3098 2450; x_wconf 89' lang='lat' dir='ltr'>animos</span> <span class='ocrx_word' id='word_1_486' title='bbox 3123 2395 3354 2450; x_wconf 86' lang='lat' dir='ltr'>dabant.</span> <span class='ocrx_word' id='word_1_487' title='bbox 3375 2399 3446 2451; x_wconf 88' lang='lat' dir='ltr'>At</span> <span class='ocrx_word' id='word_1_488' title='bbox 3475 2397 3585 2466; x_wconf 85' lang='lat' dir='ltr'>ille,</span> 
     </span>
    </p>
   </div>
   <div class='ocr_carea' id='block_1_64' title="bbox 1953 2482 3582 2557">
    <p class='ocr_par' dir='ltr' id='par_1_64' title="bbox 1953 2482 3582 2557">
     <span class='ocr_line' id='line_1_65' title="bbox 1953 2482 3582 2557; baseline 0.006 -22"><span class='ocrx_word' id='word_1_489' title='bbox 1953 2482 2148 2537; x_wconf 90' lang='lat' dir='ltr'>videns</span> <span class='ocrx_word' id='word_1_490' title='bbox 2177 2485 2326 2554; x_wconf 89' lang='lat' dir='ltr'>quod</span> <span class='ocrx_word' id='word_1_491' title='bbox 2353 2501 2454 2555; x_wconf 91' lang='lat' dir='ltr'>per</span> <span class='ocrx_word' id='word_1_492' title='bbox 2479 2485 2806 2555; x_wconf 89' lang='lat' dir='ltr'>hujusmodi</span> <span class='ocrx_word' id='word_1_493' title='bbox 2827 2485 3024 2557; x_wconf 88' lang='lat' dir='ltr'>jurgia</span> <span class='ocrx_word' id='word_1_494' title='bbox 3055 2504 3222 2542; x_wconf 89' lang='lat' dir='ltr'>causa</span> <span class='ocrx_word' id='word_1_495' title='bbox 3248 2490 3456 2544; x_wconf 88' lang='lat' dir='ltr'>summi</span> <span class='ocrx_word' id='word_1_496' title='bbox 3483 2506 3582 2544; x_wconf 90' lang='lat' dir='ltr'>ne-</span> 
     </span>
    </p>
   </div>
   <div class='ocr_carea' id='block_1_65' title="bbox 1955 2576 3584 2652">
    <p class='ocr_par' dir='ltr' id='par_1_65' title="bbox 1955 2576 3584 2652">
     <span class='ocr_line' id='line_1_66' title="bbox 1955 2576 3584 2652; baseline 0.004 -22"><span class='ocrx_word' id='word_1_497' title='bbox 1955 2576 2094 2646; x_wconf 87' lang='lat' dir='ltr'>gotii</span> <span class='ocrx_word' id='word_1_498' title='bbox 2120 2578 2509 2644; x_wconf 86' lang='lat' dir='ltr'>frustraretur,</span> <span class='ocrx_word' id='word_1_499' title='bbox 2555 2578 2706 2634; x_wconf 90' lang='lat' dir='ltr'>diem</span> <span class='ocrx_word' id='word_1_500' title='bbox 2749 2583 2968 2634; x_wconf 90' lang='lat' dir='ltr'>certum</span> <span class='ocrx_word' id='word_1_501' title='bbox 3014 2581 3212 2635; x_wconf 89' lang='lat' dir='ltr'>statuit</span> <span class='ocrx_word' id='word_1_502' title='bbox 3253 2598 3366 2652; x_wconf 92' lang='lat' dir='ltr'>quo</span> <span class='ocrx_word' id='word_1_503' title='bbox 3417 2599 3584 2637; x_wconf 88' lang='lat' dir='ltr'>unus-</span> 
     </span>
    </p>
   </div>
   <div class='ocr_carea' id='block_1_66' title="bbox 1953 2670 3580 2744">
    <p class='ocr_par' dir='ltr' id='par_1_66' title="bbox 1953 2670 3580 2744">
     <span class='ocr_line' id='line_1_67' title="bbox 1953 2670 3580 2744; baseline 0.005 -21"><span class='ocrx_word' id='word_1_504' title='bbox 1953 2670 2190 2742; x_wconf 88' lang='lat' dir='ltr'>quisque</span> <span class='ocrx_word' id='word_1_505' title='bbox 2219 2671 2630 2742; x_wconf 89' lang='lat' dir='ltr'>episcoporum,</span> <span class='ocrx_word' id='word_1_506' title='bbox 2677 2671 2722 2725; x_wconf 91' lang='lat' dir='ltr'>si</span> <span class='ocrx_word' id='word_1_507' title='bbox 2760 2672 2896 2742; x_wconf 89' lang='lat' dir='ltr'>quid</span> <span class='ocrx_word' id='word_1_508' title='bbox 2943 2673 3322 2744; x_wconf 65' lang='lat' dir='ltr'>querimoniae</span> <span class='ocrx_word' id='word_1_509' title='bbox 3368 2675 3580 2731; x_wconf 89' lang='lat' dir='ltr'>habere</span> 
     </span>
    </p>
   </div>
   <div class='ocr_carea' id='block_1_67' title="bbox 1951 2764 3580 2840">
    <p class='ocr_par' dir='ltr' id='par_1_67' title="bbox 1951 2764 3580 2840">
     <span class='ocr_line' id='line_1_68' title="bbox 1951 2764 3580 2840; baseline 0.005 -25"><span class='ocrx_word' id='word_1_510' title='bbox 1951 2764 2256 2834; x_wconf 87' lang='lat' dir='ltr'>videretur,</span> <span class='ocrx_word' id='word_1_511' title='bbox 2289 2765 2554 2820; x_wconf 90' lang='lat' dir='ltr'>deferret.</span> <span class='ocrx_word' id='word_1_512' title='bbox 2585 2769 2728 2822; x_wconf 88' lang='lat' dir='ltr'>Cum</span> <span class='ocrx_word' id='word_1_513' title='bbox 2765 2766 3082 2834; x_wconf 90' lang='lat' dir='ltr'>resedisset,</span> <span class='ocrx_word' id='word_1_514' title='bbox 3133 2769 3380 2840; x_wconf 88' lang='lat' dir='ltr'>suscepit</span> <span class='ocrx_word' id='word_1_515' title='bbox 3407 2785 3439 2822; x_wconf 91' lang='lat' dir='ltr'>a</span> <span class='ocrx_word' id='word_1_516' title='bbox 3466 2769 3580 2824; x_wconf 90' lang='lat' dir='ltr'>sin-</span> 
     </span>
    </p>
   </div>
   <div class='ocr_carea' id='block_1_68' title="bbox 1954 2857 3584 2928">
    <p class='ocr_par' dir='ltr' id='par_1_68' title="bbox 1954 2857 3584 2928">
     <span class='ocr_line' id='line_1_69' title="bbox 1954 2857 3584 2928; baseline 0.004 -18"><span class='ocrx_word' id='word_1_517' title='bbox 1954 2857 2102 2928; x_wconf 83' lang='lat' dir='ltr'>gulis</span> <span class='ocrx_word' id='word_1_518' title='bbox 2139 2857 2374 2912; x_wconf 91' lang='lat' dir='ltr'>libellos.</span> <span class='ocrx_word' id='word_1_519' title='bbox 2419 2859 2569 2923; x_wconf 87' lang='lat' dir='ltr'>Quos</span> <span class='ocrx_word' id='word_1_520' title='bbox 2612 2859 2779 2914; x_wconf 90' lang='lat' dir='ltr'>simul</span> <span class='ocrx_word' id='word_1_521' title='bbox 2811 2876 3012 2914; x_wconf 89' lang='lat' dir='ltr'>omnes</span> <span class='ocrx_word' id='word_1_522' title='bbox 3035 2859 3096 2915; x_wconf 90' lang='lat' dir='ltr'>in</span> <span class='ocrx_word' id='word_1_523' title='bbox 3125 2861 3254 2918; x_wconf 87' lang='lat' dir='ltr'>sinu</span> <span class='ocrx_word' id='word_1_524' title='bbox 3281 2878 3384 2916; x_wconf 90' lang='lat' dir='ltr'>suo</span> <span class='ocrx_word' id='word_1_525' title='bbox 3413 2863 3584 2918; x_wconf 90' lang='lat' dir='ltr'>conti-</span> 
     </span>
    </p>
   </div>
   <div class='ocr_carea' id='block_1_69' title="bbox 1951 2951 3584 3024">
    <p class='ocr_par' dir='ltr' id='par_1_69' title="bbox 1951 2951 3584 3024">
     <span class='ocr_line' id='line_1_70' title="bbox 1951 2951 3584 3024; baseline 0.003 -19"><span class='ocrx_word' id='word_1_526' title='bbox 1951 2968 2091 3006; x_wconf 89' lang='lat' dir='ltr'>nens</span> <span class='ocrx_word' id='word_1_527' title='bbox 2126 2968 2230 3006; x_wconf 90' lang='lat' dir='ltr'>nec</span> <span class='ocrx_word' id='word_1_528' title='bbox 2255 2951 2314 3005; x_wconf 92' lang='lat' dir='ltr'>in</span> <span class='ocrx_word' id='word_1_529' title='bbox 2343 2951 2423 3006; x_wconf 91' lang='lat' dir='ltr'>eis</span> <span class='ocrx_word' id='word_1_530' title='bbox 2450 2953 2602 3023; x_wconf 91' lang='lat' dir='ltr'>quod</span> <span class='ocrx_word' id='word_1_531' title='bbox 2646 2952 3037 3008; x_wconf 89' lang='lat' dir='ltr'>contineretur</span> <span class='ocrx_word' id='word_1_532' title='bbox 3071 2955 3348 3024; x_wconf 89' lang='lat' dir='ltr'>aperiens,</span> <span class='ocrx_word' id='word_1_533' title='bbox 3391 2956 3470 3012; x_wconf 89' lang='lat' dir='ltr'>ait</span> <span class='ocrx_word' id='word_1_534' title='bbox 3510 2955 3584 3010; x_wconf 89' lang='lat' dir='ltr'>ad</span> 
     </span>
    </p>
   </div>
   <div class='ocr_carea' id='block_1_70' title="bbox 1953 3045 3582 3121">
    <p class='ocr_par' dir='ltr' id='par_1_70' title="bbox 1953 3045 3582 3121">
     <span class='ocr_line' id='line_1_71' title="bbox 1953 3045 3582 3121; baseline 0.004 -22"><span class='ocrx_word' id='word_1_535' title='bbox 1953 3045 2244 3116; x_wconf 89' lang='lat' dir='ltr'>episcopos</span> <span class='ocrx_word' id='word_1_536' title='bbox 2273 3061 2286 3099; x_wconf 92' lang='lat'>:</span> <span class='ocrx_word' id='word_1_537' title='bbox 2319 3065 2347 3096; x_wconf 83' lang='grc'>‹‹</span> <span class='ocrx_word' id='word_1_538' title='bbox 2377 3047 2521 3101; x_wconf 89' lang='lat' dir='ltr'>Deus</span> <span class='ocrx_word' id='word_1_539' title='bbox 2560 3063 2658 3100; x_wconf 90' lang='lat' dir='ltr'>vos</span> <span class='ocrx_word' id='word_1_540' title='bbox 2703 3046 2998 3102; x_wconf 89' lang='lat' dir='ltr'>constituit</span> <span class='ocrx_word' id='word_1_541' title='bbox 3031 3047 3367 3116; x_wconf 89' lang='lat' dir='ltr'>sacerdotes,</span> <span class='ocrx_word' id='word_1_542' title='bbox 3407 3053 3464 3104; x_wconf 85' lang='lat' dir='ltr'>et</span> <span class='ocrx_word' id='word_1_543' title='bbox 3487 3067 3582 3121; x_wconf 90' lang='lat' dir='ltr'>po-</span> 
     </span>
    </p>
   </div>
   <div class='ocr_carea' id='block_1_71' title="bbox 1949 3139 3584 3212">
    <p class='ocr_par' dir='ltr' id='par_1_71' title="bbox 1949 3139 3584 3212">
     <span class='ocr_line' id='line_1_72' title="bbox 1949 3139 3584 3212; baseline 0.003 -19"><span class='ocrx_word' id='word_1_544' title='bbox 1949 3142 2212 3194; x_wconf 88' lang='lat' dir='ltr'>testatem</span> <span class='ocrx_word' id='word_1_545' title='bbox 2240 3139 2392 3193; x_wconf 90' lang='lat' dir='ltr'>vobis</span> <span class='ocrx_word' id='word_1_546' title='bbox 2419 3139 2578 3194; x_wconf 91' lang='lat' dir='ltr'>dedit</span> <span class='ocrx_word' id='word_1_547' title='bbox 2619 3139 2687 3194; x_wconf 89' lang='lat' dir='ltr'>de</span> <span class='ocrx_word' id='word_1_548' title='bbox 2723 3139 2888 3194; x_wconf 89' lang='lat' dir='ltr'>nobis</span> <span class='ocrx_word' id='word_1_549' title='bbox 2917 3157 3144 3212; x_wconf 86' lang='lat' dir='ltr'>quoque</span> <span class='ocrx_word' id='word_1_550' title='bbox 3167 3141 3484 3212; x_wconf 86' lang='lat' dir='ltr'>judicandi.</span> <span class='ocrx_word' id='word_1_551' title='bbox 3513 3145 3584 3198; x_wconf 89' lang='lat' dir='ltr'>Et</span> 
     </span>
    </p>
   </div>
   <div class='ocr_carea' id='block_1_72' title="bbox 1949 3231 3582 3308">
    <p class='ocr_par' dir='ltr' id='par_1_72' title="bbox 1949 3231 3582 3308">
     <span class='ocr_line' id='line_1_73' title="bbox 1949 3231 3582 3308; baseline 0.004 -22"><span class='ocrx_word' id='word_1_552' title='bbox 1949 3231 2080 3287; x_wconf 90' lang='lat' dir='ltr'>ideo</span> <span class='ocrx_word' id='word_1_553' title='bbox 2109 3249 2214 3286; x_wconf 91' lang='lat' dir='ltr'>nos</span> <span class='ocrx_word' id='word_1_554' title='bbox 2240 3249 2274 3286; x_wconf 90' lang='lat' dir='ltr'>a</span> <span class='ocrx_word' id='word_1_555' title='bbox 2300 3233 2453 3286; x_wconf 89' lang='lat' dir='ltr'>vobis</span> <span class='ocrx_word' id='word_1_556' title='bbox 2468 3237 2619 3288; x_wconf 88' lang='lat' dir='ltr'>recte</span> <span class='ocrx_word' id='word_1_557' title='bbox 2635 3232 2982 3304; x_wconf 86' lang='lat' dir='ltr'>judicamur,</span> <span class='ocrx_word' id='word_1_558' title='bbox 2999 3251 3096 3288; x_wconf 88' lang='lat' dir='ltr'>vos</span> <span class='ocrx_word' id='word_1_559' title='bbox 3130 3239 3320 3290; x_wconf 90' lang='lat' dir='ltr'>autem</span> <span class='ocrx_word' id='word_1_560' title='bbox 3343 3253 3458 3292; x_wconf 90' lang='lat' dir='ltr'>non</span> <span class='ocrx_word' id='word_1_561' title='bbox 3484 3253 3582 3308; x_wconf 92' lang='lat' dir='ltr'>po-</span> 
     </span>
    </p>
   </div>
   <div class='ocr_carea' id='block_1_73' title="bbox 1947 3325 3580 3400">
    <p class='ocr_par' dir='ltr' id='par_1_73' title="bbox 1947 3325 3580 3400">
     <span class='ocr_line' id='line_1_74' title="bbox 1947 3325 3580 3400; baseline 0.004 -20"><span class='ocrx_word' id='word_1_562' title='bbox 1947 3325 2104 3380; x_wconf 88' lang='lat' dir='ltr'>testis</span> <span class='ocrx_word' id='word_1_563' title='bbox 2120 3327 2190 3379; x_wconf 91' lang='lat' dir='ltr'>ab</span> <span class='ocrx_word' id='word_1_564' title='bbox 2219 3326 2544 3381; x_wconf 88' lang='lat' dir='ltr'>hominibus</span> <span class='ocrx_word' id='word_1_565' title='bbox 2559 3326 2823 3396; x_wconf 90' lang='lat' dir='ltr'>judicari.</span> <span class='ocrx_word' id='word_1_566' title='bbox 2847 3329 3086 3398; x_wconf 81' lang='lat' dir='ltr'>Propter</span> <span class='ocrx_word' id='word_1_567' title='bbox 3104 3329 3254 3400; x_wconf 91' lang='lat' dir='ltr'>quod</span> <span class='ocrx_word' id='word_1_568' title='bbox 3289 3329 3388 3384; x_wconf 91' lang='lat' dir='ltr'>Dei</span> <span class='ocrx_word' id='word_1_569' title='bbox 3406 3331 3580 3386; x_wconf 89' lang='lat' dir='ltr'>solius</span> 
     </span>
    </p>
   </div>
   <div class='ocr_carea' id='block_1_74' title="bbox 1947 3419 3580 3495">
    <p class='ocr_par' dir='ltr' id='par_1_74' title="bbox 1947 3419 3580 3495">
     <span class='ocr_line' id='line_1_75' title="bbox 1947 3419 3580 3495; baseline 0.004 -23"><span class='ocrx_word' id='word_1_570' title='bbox 1947 3419 2097 3474; x_wconf 87' lang='lat' dir='ltr'>inter</span> <span class='ocrx_word' id='word_1_571' title='bbox 2129 3437 2223 3473; x_wconf 90' lang='lat' dir='ltr'>vos</span> <span class='ocrx_word' id='word_1_572' title='bbox 2266 3423 2589 3490; x_wconf 83' lang='lat' dir='ltr'>exspectate</span> <span class='ocrx_word' id='word_1_573' title='bbox 2610 3420 2913 3489; x_wconf 90' lang='lat' dir='ltr'>judicium,</span> <span class='ocrx_word' id='word_1_574' title='bbox 2956 3425 3020 3475; x_wconf 91' lang='lat' dir='ltr'>ut</span> <span class='ocrx_word' id='word_1_575' title='bbox 3070 3425 3128 3474; x_wconf 88' lang='lat' dir='ltr'>et</span> <span class='ocrx_word' id='word_1_576' title='bbox 3175 3427 3359 3478; x_wconf 90' lang='lat' dir='ltr'>vestra</span> <span class='ocrx_word' id='word_1_577' title='bbox 3383 3423 3580 3495; x_wconf 88' lang='lat' dir='ltr'>jurgia</span> 
     </span>
    </p>
   </div>
   <div class='ocr_carea' id='block_1_75' title="bbox 1948 3512 3580 3584">
    <p class='ocr_par' dir='ltr' id='par_1_75' title="bbox 1948 3512 3580 3584">
     <span class='ocr_line' id='line_1_76' title="bbox 1948 3512 3580 3584; baseline 0.004 -18"><span class='ocrx_word' id='word_1_578' title='bbox 1948 3529 2298 3584; x_wconf 60' lang='lat' dir='ltr'>quascunque</span> <span class='ocrx_word' id='word_1_579' title='bbox 2333 3518 2464 3568; x_wconf 92' lang='lat' dir='ltr'>sunt</span> <span class='ocrx_word' id='word_1_580' title='bbox 2493 3513 2566 3566; x_wconf 90' lang='lat' dir='ltr'>ad</span> <span class='ocrx_word' id='word_1_581' title='bbox 2593 3513 2730 3566; x_wconf 92' lang='lat' dir='ltr'>illud</span> <span class='ocrx_word' id='word_1_582' title='bbox 2759 3512 3016 3567; x_wconf 90' lang='lat' dir='ltr'>divinum</span> <span class='ocrx_word' id='word_1_583' title='bbox 3059 3520 3422 3570; x_wconf 88' lang='lat' dir='ltr'>reserventur</span> <span class='ocrx_word' id='word_1_584' title='bbox 3450 3534 3580 3572; x_wconf 80' lang='lat' dir='ltr'>exa-</span> 
     </span>
    </p>
   </div>
   <div class='ocr_carea' id='block_1_76' title="bbox 1944 3606 3580 3676">
    <p class='ocr_par' dir='ltr' id='par_1_76' title="bbox 1944 3606 3580 3676">
     <span class='ocr_line' id='line_1_77' title="bbox 1944 3606 3580 3676; baseline 0.003 -14"><span class='ocrx_word' id='word_1_585' title='bbox 1944 3623 2101 3676; x_wconf 91' lang='lat' dir='ltr'>men,</span> <span class='ocrx_word' id='word_1_586' title='bbox 2135 3623 2231 3660; x_wconf 92' lang='lat' dir='ltr'>vos</span> <span class='ocrx_word' id='word_1_587' title='bbox 2273 3606 2486 3662; x_wconf 89' lang='lat' dir='ltr'>etenim</span> <span class='ocrx_word' id='word_1_588' title='bbox 2525 3606 2688 3661; x_wconf 90' lang='lat' dir='ltr'>nobis</span> <span class='ocrx_word' id='word_1_589' title='bbox 2726 3623 2759 3659; x_wconf 90' lang='lat' dir='ltr'>a</span> <span class='ocrx_word' id='word_1_590' title='bbox 2781 3607 2896 3661; x_wconf 88' lang='lat' dir='ltr'>Deo</span> <span class='ocrx_word' id='word_1_591' title='bbox 2916 3607 3035 3662; x_wconf 91' lang='lat' dir='ltr'>dati</span> <span class='ocrx_word' id='word_1_592' title='bbox 3063 3608 3198 3663; x_wconf 89' lang='lat' dir='ltr'>estis</span> <span class='ocrx_word' id='word_1_593' title='bbox 3239 3609 3335 3664; x_wconf 92' lang='lat' dir='ltr'>dii.</span> <span class='ocrx_word' id='word_1_594' title='bbox 3369 3612 3580 3667; x_wconf 90' lang='lat' dir='ltr'>Conve-</span> 
     </span>
    </p>
   </div>
   <div class='ocr_carea' id='block_1_77' title="bbox 1945 3699 3576 3771">
    <p class='ocr_par' dir='ltr' id='par_1_77' title="bbox 1945 3699 3576 3771">
     <span class='ocr_line' id='line_1_78' title="bbox 1945 3699 3576 3771; baseline 0.002 -15"><span class='ocrx_word' id='word_1_595' title='bbox 1945 3702 2106 3756; x_wconf 90' lang='lat' dir='ltr'>niens</span> <span class='ocrx_word' id='word_1_596' title='bbox 2131 3717 2248 3756; x_wconf 90' lang='lat' dir='ltr'>non</span> <span class='ocrx_word' id='word_1_597' title='bbox 2275 3706 2360 3755; x_wconf 91' lang='lat' dir='ltr'>est</span> <span class='ocrx_word' id='word_1_598' title='bbox 2385 3705 2449 3756; x_wconf 90' lang='lat' dir='ltr'>ut</span> <span class='ocrx_word' id='word_1_599' title='bbox 2473 3701 2642 3755; x_wconf 92' lang='lat' dir='ltr'>homo</span> <span class='ocrx_word' id='word_1_600' title='bbox 2660 3699 2882 3771; x_wconf 88' lang='lat' dir='ltr'>judicet</span> <span class='ocrx_word' id='word_1_601' title='bbox 2905 3701 3062 3770; x_wconf 90' lang='lat' dir='ltr'>deos,</span> <span class='ocrx_word' id='word_1_602' title='bbox 3094 3701 3189 3756; x_wconf 92' lang='lat' dir='ltr'>sed</span> <span class='ocrx_word' id='word_1_603' title='bbox 3215 3701 3308 3757; x_wconf 91' lang='lat' dir='ltr'>ille</span> <span class='ocrx_word' id='word_1_604' title='bbox 3336 3705 3487 3758; x_wconf 91' lang='lat' dir='ltr'>solus</span> <span class='ocrx_word' id='word_1_605' title='bbox 3505 3705 3576 3760; x_wconf 92' lang='lat' dir='ltr'>de</span> 
     </span>
    </p>
   </div>
   <div class='ocr_carea' id='block_1_78' title="bbox 1945 3793 3580 3868">
    <p class='ocr_par' dir='ltr' id='par_1_78' title="bbox 1945 3793 3580 3868">
     <span class='ocr_line' id='line_1_79' title="bbox 1945 3793 3580 3868; baseline 0.002 -19"><span class='ocrx_word' id='word_1_606' title='bbox 1945 3811 2060 3867; x_wconf 90' lang='lat' dir='ltr'>quo</span> <span class='ocrx_word' id='word_1_607' title='bbox 2090 3795 2364 3866; x_wconf 87' lang='lat' dir='ltr'>scriptum</span> <span class='ocrx_word' id='word_1_608' title='bbox 2399 3797 2524 3849; x_wconf 90' lang='lat' dir='ltr'>est:</span> <span class='ocrx_word' id='word_1_609' title='bbox 2561 3813 2588 3846; x_wconf 78' lang='grc' dir='ltr'><strong>(ί</strong></span> <span class='ocrx_word' id='word_1_610' title='bbox 2618 3795 2765 3848; x_wconf 92' lang='lat' dir='ltr'>Deus</span> <span class='ocrx_word' id='word_1_611' title='bbox 2812 3793 2966 3849; x_wconf 85' lang='lat' dir='ltr'>stetit</span> <span class='ocrx_word' id='word_1_612' title='bbox 3013 3795 3074 3850; x_wconf 94' lang='lat' dir='ltr'>in</span> <span class='ocrx_word' id='word_1_613' title='bbox 3113 3812 3409 3868; x_wconf 85' lang='lat' dir='ltr'>synagoga</span> <span class='ocrx_word' id='word_1_614' title='bbox 3450 3796 3580 3853; x_wconf 88' lang='lat' dir='ltr'>deo-</span> 
     </span>
    </p>
   </div>
   <div class='ocr_carea' id='block_1_79' title="bbox 1945 3887 3576 3962">
    <p class='ocr_par' dir='ltr' id='par_1_79' title="bbox 1945 3887 3576 3962">
     <span class='ocr_line' id='line_1_80' title="bbox 1945 3887 3576 3962; baseline 0.002 -19"><span class='ocrx_word' id='word_1_615' title='bbox 1945 3905 2094 3956; x_wconf 89' lang='lat' dir='ltr'>rum,</span> <span class='ocrx_word' id='word_1_616' title='bbox 2117 3889 2178 3942; x_wconf 91' lang='lat' dir='ltr'>in</span> <span class='ocrx_word' id='word_1_617' title='bbox 2199 3888 2386 3944; x_wconf 90' lang='lat' dir='ltr'>medio</span> <span class='ocrx_word' id='word_1_618' title='bbox 2404 3893 2594 3943; x_wconf 87' lang='lat' dir='ltr'>autem</span> <span class='ocrx_word' id='word_1_619' title='bbox 2613 3887 2751 3942; x_wconf 92' lang='lat' dir='ltr'>deos</span> <span class='ocrx_word' id='word_1_620' title='bbox 2771 3887 3043 3944; x_wconf 88' lang='lat' dir='ltr'>discernit</span> <span class='ocrx_word' id='word_1_621' title='bbox 3061 3889 3228 3961; x_wconf 85' lang='lat' dir='ltr'>(Psal.</span> <span class='ocrx_word' id='word_1_622' title='bbox 3248 3907 3429 3962; x_wconf 76' lang='lat' dir='ltr'><strong>LXXXI,</strong></span> <span class='ocrx_word' id='word_1_623' title='bbox 3449 3893 3518 3961; x_wconf 77' lang='lat' dir='ltr'>i).</span> <span class='ocrx_word' id='word_1_624' title='bbox 3547 3913 3576 3942; x_wconf 75' lang='lat' dir='ltr'>n</span> 
     </span>
    </p>
   </div>
   <div class='ocr_carea' id='block_1_80' title="bbox 1946 3981 3580 4056">
    <p class='ocr_par' dir='ltr' id='par_1_80' title="bbox 1946 3981 3580 4056">
     <span class='ocr_line' id='line_1_81' title="bbox 1946 3981 3580 4056; baseline 0.001 -19"><span class='ocrx_word' id='word_1_625' title='bbox 1946 3984 2012 4038; x_wconf 91' lang='lat' dir='ltr'>Et</span> <span class='ocrx_word' id='word_1_626' title='bbox 2051 3983 2198 4052; x_wconf 92' lang='lat' dir='ltr'>ideo,</span> <span class='ocrx_word' id='word_1_627' title='bbox 2215 3983 2302 4038; x_wconf 91' lang='lat' dir='ltr'>his</span> <span class='ocrx_word' id='word_1_628' title='bbox 2331 3981 2573 4050; x_wconf 90' lang='lat' dir='ltr'>omissis,</span> <span class='ocrx_word' id='word_1_629' title='bbox 2590 3981 2700 4036; x_wconf 91' lang='lat' dir='ltr'>alia</span> <span class='ocrx_word' id='word_1_630' title='bbox 2722 3999 2850 4053; x_wconf 78' lang='lat' dir='ltr'>quae</span> <span class='ocrx_word' id='word_1_631' title='bbox 2875 3983 2946 4037; x_wconf 91' lang='lat' dir='ltr'>ad</span> <span class='ocrx_word' id='word_1_632' title='bbox 2969 3982 3142 4038; x_wconf 88' lang='lat' dir='ltr'>ﬁdem</span> <span class='ocrx_word' id='word_1_633' title='bbox 3169 3985 3264 4040; x_wconf 89' lang='lat' dir='ltr'>Dei</span> <span class='ocrx_word' id='word_1_634' title='bbox 3291 3984 3580 4056; x_wconf 86' lang='lat' dir='ltr'>pertinent</span> 
     </span>
    </p>
   </div>
   <div class='ocr_carea' id='block_1_81' title="bbox 1946 4077 3576 4148">
    <p class='ocr_par' dir='ltr' id='par_1_81' title="bbox 1946 4077 3576 4148">
     <span class='ocr_line' id='line_1_82' title="bbox 1946 4077 3576 4148; baseline 0.002 -17"><span class='ocrx_word' id='word_1_635' title='bbox 1946 4077 2159 4148; x_wconf 89' lang='lat' dir='ltr'>absque</span> <span class='ocrx_word' id='word_1_636' title='bbox 2185 4077 2302 4132; x_wconf 88' lang='lat' dir='ltr'>ulla</span> <span class='ocrx_word' id='word_1_637' title='bbox 2342 4077 2668 4131; x_wconf 88' lang='lat' dir='ltr'>animorum</span> <span class='ocrx_word' id='word_1_638' title='bbox 2704 4077 3063 4132; x_wconf 90' lang='lat' dir='ltr'>contentione</span> <span class='ocrx_word' id='word_1_639' title='bbox 3106 4077 3387 4134; x_wconf 89' lang='lat' dir='ltr'>discutite.</span> <span class='ocrx_word' id='word_1_640' title='bbox 3436 4081 3576 4134; x_wconf 83' lang='lat' dir='ltr'>Cum</span> 
     </span>
    </p>
   </div>
   <div class='ocr_carea' id='block_1_82' title="bbox 1945 4169 3578 4245">
    <p class='ocr_par' dir='ltr' id='par_1_82' title="bbox 1945 4169 3578 4245">
     <span class='ocr_line' id='line_1_83' title="bbox 1945 4169 3578 4245; baseline 0.002 -21"><span class='ocrx_word' id='word_1_641' title='bbox 1945 4171 2070 4225; x_wconf 78' lang='lat' dir='ltr'>haec</span> <span class='ocrx_word' id='word_1_642' title='bbox 2115 4171 2342 4226; x_wconf 82' lang='lat' dir='ltr'>dixisset</span> <span class='ocrx_word' id='word_1_643' title='bbox 2391 4187 2592 4224; x_wconf 87' lang='lat' dir='ltr'>omnes</span> <span class='ocrx_word' id='word_1_644' title='bbox 2636 4169 3128 4242; x_wconf 87' lang='lat' dir='ltr'>querimoniarum</span> <span class='ocrx_word' id='word_1_645' title='bbox 3157 4172 3375 4228; x_wconf 92' lang='lat' dir='ltr'>libellos</span> <span class='ocrx_word' id='word_1_646' title='bbox 3408 4174 3578 4245; x_wconf 86' lang='lat' dir='ltr'>jussit</span> 
     </span>
    </p>
   </div>
   <div class='ocr_carea' id='block_1_83' title="bbox 1945 4264 3576 4338">
    <p class='ocr_par' dir='ltr' id='par_1_83' title="bbox 1945 4264 3576 4338">
     <span class='ocr_line' id='line_1_84' title="bbox 1945 4264 3576 4338; baseline 0.002 -20"><span class='ocrx_word' id='word_1_647' title='bbox 1945 4264 2124 4334; x_wconf 84' lang='lat' dir='ltr'>exuri,</span> <span class='ocrx_word' id='word_1_648' title='bbox 2153 4282 2224 4318; x_wconf 91' lang='lat' dir='ltr'>ne</span> <span class='ocrx_word' id='word_1_649' title='bbox 2253 4264 2638 4319; x_wconf 90' lang='lat' dir='ltr'>innotesceret</span> <span class='ocrx_word' id='word_1_650' title='bbox 2683 4265 2762 4319; x_wconf 93' lang='lat' dir='ltr'>illi</span> <span class='ocrx_word' id='word_1_651' title='bbox 2803 4265 2998 4318; x_wconf 91' lang='lat' dir='ltr'>odium</span> <span class='ocrx_word' id='word_1_652' title='bbox 3047 4271 3102 4322; x_wconf 92' lang='lat' dir='ltr'>et</span> <span class='ocrx_word' id='word_1_653' title='bbox 3141 4266 3463 4338; x_wconf 89' lang='lat' dir='ltr'>suggillatio</span> <span class='ocrx_word' id='word_1_654' title='bbox 3495 4285 3576 4322; x_wconf 88' lang='lat' dir='ltr'>sa-</span> 
     </span>
    </p>
   </div>
   <div class='ocr_carea' id='block_1_84' title="bbox 1945 4357 3574 4434">
    <p class='ocr_par' dir='ltr' id='par_1_84' title="bbox 1945 4357 3574 4434">
     <span class='ocr_line' id='line_1_85' title="bbox 1945 4357 3574 4434; baseline 0.003 -22"><span class='ocrx_word' id='word_1_655' title='bbox 1945 4358 2263 4413; x_wconf 89' lang='lat' dir='ltr'>cerdotum.</span> <span class='ocrx_word' id='word_1_656' title='bbox 2297 4359 2502 4413; x_wconf 88' lang='lat' dir='ltr'>Verum</span> <span class='ocrx_word' id='word_1_657' title='bbox 2534 4375 2664 4412; x_wconf 92' lang='lat' dir='ltr'>cum</span> <span class='ocrx_word' id='word_1_658' title='bbox 2691 4375 2796 4430; x_wconf 92' lang='lat' dir='ltr'>per</span> <span class='ocrx_word' id='word_1_659' title='bbox 2821 4357 2943 4414; x_wconf 89' lang='lat' dir='ltr'>dies</span> <span class='ocrx_word' id='word_1_660' title='bbox 2963 4361 3172 4414; x_wconf 91' lang='lat' dir='ltr'>multos</span> <span class='ocrx_word' id='word_1_661' title='bbox 3203 4360 3262 4414; x_wconf 89' lang='lat' dir='ltr'>in</span> <span class='ocrx_word' id='word_1_662' title='bbox 3292 4361 3574 4434; x_wconf 87' lang='lat' dir='ltr'>episcopo-</span> 
     </span>
    </p>
   </div>
   <div class='ocr_carea' id='block_1_85' title="bbox 1943 4451 3576 4523">
    <p class='ocr_par' dir='ltr' id='par_1_85' title="bbox 1943 4451 3576 4523">
     <span class='ocr_line' id='line_1_86' title="bbox 1943 4451 3576 4523; baseline 0.002 -17"><span class='ocrx_word' id='word_1_663' title='bbox 1943 4469 2074 4506; x_wconf 92' lang='lat' dir='ltr'>rum</span> <span class='ocrx_word' id='word_1_664' title='bbox 2098 4451 2333 4506; x_wconf 91' lang='lat' dir='ltr'>concilio</span> <span class='ocrx_word' id='word_1_665' title='bbox 2362 4451 2432 4506; x_wconf 86' lang='lat' dir='ltr'>de</span> <span class='ocrx_word' id='word_1_666' title='bbox 2461 4451 2571 4507; x_wconf 87' lang='lat' dir='ltr'>ﬁde</span> <span class='ocrx_word' id='word_1_667' title='bbox 2602 4452 2840 4523; x_wconf 67' lang='lat' dir='ltr'>quaestio</span> <span class='ocrx_word' id='word_1_668' title='bbox 2871 4455 3203 4522; x_wconf 89' lang='lat' dir='ltr'>verteretur,</span> <span class='ocrx_word' id='word_1_669' title='bbox 3233 4459 3288 4508; x_wconf 87' lang='lat' dir='ltr'>et</span> <span class='ocrx_word' id='word_1_670' title='bbox 3313 4456 3576 4510; x_wconf 90' lang='lat' dir='ltr'>nonnulli</span> 
     </span>
    </p>
   </div>
   <div class='ocr_carea' id='block_1_86' title="bbox 212 4545 3569 4644">
    <p class='ocr_par' dir='ltr' id='par_1_86' title="bbox 212 4545 3569 4644">
     <span class='ocr_line' id='line_1_87' title="bbox 212 4545 3569 4644; baseline -0.001 -39"><span class='ocrx_word' id='word_1_671' title='bbox 212 4567 282 4605; x_wconf 82' lang='lat' dir='ltr'>ex</span> <span class='ocrx_word' id='word_1_672' title='bbox 323 4549 470 4606; x_wconf 89' lang='lat' dir='ltr'>libro</span> <span class='ocrx_word' id='word_1_673' title='bbox 517 4550 739 4605; x_wconf 91' lang='lat' dir='ltr'>decimo</span> <span class='ocrx_word' id='word_1_674' title='bbox 785 4551 980 4606; x_wconf 76' lang='lat' dir='ltr'>Rufini</span> <span class='ocrx_word' id='word_1_675' title='bbox 1010 4568 1023 4606; x_wconf 89' lang='lat'>:</span> <span class='ocrx_word' id='word_1_676' title='bbox 1053 4551 1230 4622; x_wconf 88' lang='lat' dir='ltr'>Igitur</span> <span class='ocrx_word' id='word_1_677' title='bbox 1255 4569 1386 4605; x_wconf 92' lang='lat' dir='ltr'>cum</span> <span class='ocrx_word' id='word_1_678' title='bbox 1427 4553 1578 4623; x_wconf 90' lang='lat' dir='ltr'>apud</span> <span class='ocrx_word' id='word_1_679' title='bbox 1603 4554 1842 4608; x_wconf 78' lang='lat' dir='ltr'>Alexan-</span> <span class='ocrx_word' id='word_1_680' title='bbox 1861 4571 1920 4644; x_wconf 86' lang='lat' dir='ltr'>D</span> <span class='ocrx_word' id='word_1_681' title='bbox 1945 4545 2162 4644; x_wconf 70' lang='lat' dir='ltr'>diversa</span> <span class='ocrx_word' id='word_1_682' title='bbox 2189 4545 2464 4600; x_wconf 82' lang='lat' dir='ltr'>sentirent</span> <span class='ocrx_word' id='word_1_683' title='bbox 2481 4563 2546 4644; x_wconf 73' lang='lat' dir='ltr'>ac</span> <span class='ocrx_word' id='word_1_684' title='bbox 2563 4546 2929 4644; x_wconf 83' lang='lat' dir='ltr'>vehementer</span> <span class='ocrx_word' id='word_1_685' title='bbox 2954 4547 3128 4619; x_wconf 91' lang='lat' dir='ltr'>ceptis</span> <span class='ocrx_word' id='word_1_686' title='bbox 3154 4547 3569 4644; x_wconf 85' lang='lat' dir='ltr'>Ariifaverent,</span> 
     </span>
    </p>
   </div>
   <div class='ocr_carea' id='block_1_87' title="bbox 211 4643 1840 4716">
    <p class='ocr_par' dir='ltr' id='par_1_87' title="bbox 211 4643 1840 4716">
     <span class='ocr_line' id='line_1_88' title="bbox 211 4643 1840 4716; baseline 0.001 -17"><span class='ocrx_word' id='word_1_687' title='bbox 211 4645 398 4700; x_wconf 87' lang='lat' dir='ltr'>driam</span> <span class='ocrx_word' id='word_1_688' title='bbox 438 4649 568 4714; x_wconf 89' lang='lat' dir='ltr'>post</span> <span class='ocrx_word' id='word_1_689' title='bbox 599 4643 890 4714; x_wconf 72' lang='lat' dir='ltr'>Achillem,</span> <span class='ocrx_word' id='word_1_690' title='bbox 937 4645 1034 4716; x_wconf 91' lang='lat' dir='ltr'>qui</span> <span class='ocrx_word' id='word_1_691' title='bbox 1077 4645 1228 4700; x_wconf 91' lang='lat' dir='ltr'>Petri</span> <span class='ocrx_word' id='word_1_692' title='bbox 1277 4645 1520 4716; x_wconf 87' lang='lat' dir='ltr'>matyrio</span> <span class='ocrx_word' id='word_1_693' title='bbox 1561 4647 1840 4714; x_wconf 90' lang='lat' dir='ltr'>successit,</span> 
     </span>
    </p>
   </div>
   <div class='ocr_carea' id='block_1_88' title="bbox 211 4737 1843 4811">
    <p class='ocr_par' dir='ltr' id='par_1_88' title="bbox 211 4737 1843 4811">
     <span class='ocr_line' id='line_1_89' title="bbox 211 4737 1843 4811; baseline -0.001 -16"><span class='ocrx_word' id='word_1_694' title='bbox 211 4739 549 4809; x_wconf 87' lang='lat' dir='ltr'>suscepisset</span> <span class='ocrx_word' id='word_1_695' title='bbox 570 4737 888 4794; x_wconf 84' lang='lat' dir='ltr'>Alexander</span> <span class='ocrx_word' id='word_1_696' title='bbox 919 4738 1322 4807; x_wconf 89' lang='lat' dir='ltr'>sacerdotium,</span> <span class='ocrx_word' id='word_1_697' title='bbox 1349 4739 1482 4810; x_wconf 89' lang='lat' dir='ltr'>quia</span> <span class='ocrx_word' id='word_1_698' title='bbox 1507 4757 1614 4811; x_wconf 79' lang='lat' dir='ltr'>pax</span> <span class='ocrx_word' id='word_1_699' title='bbox 1637 4740 1843 4795; x_wconf 88' lang='lat' dir='ltr'>nostris</span> 
     </span>
    </p>
   </div>
   <div class='ocr_carea' id='block_1_89' title="bbox 213 4833 1845 4905">
    <p class='ocr_par' dir='ltr' id='par_1_89' title="bbox 213 4833 1845 4905">
     <span class='ocr_line' id='line_1_90' title="bbox 213 4833 1845 4905; baseline 0 -17"><span class='ocrx_word' id='word_1_700' title='bbox 213 4837 270 4888; x_wconf 90' lang='lat' dir='ltr'>et</span> <span class='ocrx_word' id='word_1_701' title='bbox 294 4833 456 4905; x_wconf 91' lang='lat' dir='ltr'>quies</span> <span class='ocrx_word' id='word_1_702' title='bbox 500 4849 534 4886; x_wconf 91' lang='lat' dir='ltr'>a</span> <span class='ocrx_word' id='word_1_703' title='bbox 577 4833 1064 4904; x_wconf 89' lang='lat' dir='ltr'>persecutionibus</span> <span class='ocrx_word' id='word_1_704' title='bbox 1090 4839 1233 4904; x_wconf 88' lang='lat' dir='ltr'>erat,</span> <span class='ocrx_word' id='word_1_705' title='bbox 1275 4838 1444 4904; x_wconf 89' lang='lat' dir='ltr'>atque</span> <span class='ocrx_word' id='word_1_706' title='bbox 1470 4834 1845 4888; x_wconf 87' lang='lat' dir='ltr'>Ecclesiarum</span> 
     </span>
    </p>
   </div>
   <div class='ocr_carea' id='block_1_90' title="bbox 211 4927 1846 4999">
    <p class='ocr_par' dir='ltr' id='par_1_90' title="bbox 211 4927 1846 4999">
     <span class='ocr_line' id='line_1_91' title="bbox 211 4927 1846 4999; baseline 0.001 -18"><span class='ocrx_word' id='word_1_707' title='bbox 211 4927 398 4998; x_wconf 87' lang='lat' dir='ltr'>gloria</span> <span class='ocrx_word' id='word_1_708' title='bbox 435 4927 822 4981; x_wconf 80' lang='lat' dir='ltr'>confessorum</span> <span class='ocrx_word' id='word_1_709' title='bbox 869 4927 1088 4982; x_wconf 91' lang='lat' dir='ltr'>meritis</span> <span class='ocrx_word' id='word_1_710' title='bbox 1144 4927 1449 4998; x_wconf 88' lang='lat' dir='ltr'>gaudebat,</span> <span class='ocrx_word' id='word_1_711' title='bbox 1503 4927 1846 4999; x_wconf 89' lang='lat' dir='ltr'>prosperitas</span> 
     </span>
    </p>
   </div>
   <div class='ocr_carea' id='block_1_91' title="bbox 209 5021 1841 5076">
    <p class='ocr_par' dir='ltr' id='par_1_91' title="bbox 209 5021 1841 5076">
     <span class='ocr_line' id='line_1_92' title="bbox 209 5021 1841 5076; baseline 0 0"><span class='ocrx_word' id='word_1_712' title='bbox 209 5037 408 5076; x_wconf 87' lang='lat' dir='ltr'>rerum</span> <span class='ocrx_word' id='word_1_713' title='bbox 425 5025 748 5076; x_wconf 89' lang='lat' dir='ltr'>nostrarum</span> <span class='ocrx_word' id='word_1_714' title='bbox 775 5021 1084 5076; x_wconf 87' lang='lat' dir='ltr'>domestica</span> <span class='ocrx_word' id='word_1_715' title='bbox 1109 5021 1468 5076; x_wconf 90' lang='lat' dir='ltr'>contentione</span> <span class='ocrx_word' id='word_1_716' title='bbox 1483 5021 1841 5076; x_wconf 89' lang='lat' dir='ltr'>turbabatur.</span> 
     </span>
    </p>
   </div>
   <div class='ocr_carea' id='block_1_92' title="bbox 211 5115 1846 5187">
    <p class='ocr_par' dir='ltr' id='par_1_92' title="bbox 211 5115 1846 5187">
     <span class='ocr_line' id='line_1_93' title="bbox 211 5115 1846 5187; baseline 0.001 -17"><span class='ocrx_word' id='word_1_717' title='bbox 211 5115 440 5171; x_wconf 88' lang='lat' dir='ltr'>Etenim</span> <span class='ocrx_word' id='word_1_718' title='bbox 455 5115 751 5187; x_wconf 77' lang='lat' dir='ltr'>presbyter</span> <span class='ocrx_word' id='word_1_719' title='bbox 763 5115 996 5187; x_wconf 88' lang='lat' dir='ltr'>quidam</span> <span class='ocrx_word' id='word_1_720' title='bbox 1011 5116 1159 5187; x_wconf 90' lang='lat' dir='ltr'>apud</span> <span class='ocrx_word' id='word_1_721' title='bbox 1176 5116 1598 5183; x_wconf 75' lang='lat' dir='ltr'>Alexandriam,</span> <span class='ocrx_word' id='word_1_722' title='bbox 1613 5115 1846 5171; x_wconf 89' lang='lat' dir='ltr'>nomine</span> 
     </span>
    </p>
   </div>
   <div class='ocr_carea' id='block_1_93' title="bbox 212 5209 1844 5282">
    <p class='ocr_par' dir='ltr' id='par_1_93' title="bbox 212 5209 1844 5282">
     <span class='ocr_line' id='line_1_94' title="bbox 212 5209 1844 5282; baseline -0.001 -17"><span class='ocrx_word' id='word_1_723' title='bbox 212 5209 400 5279; x_wconf 86' lang='lat' dir='ltr'>Arius,</span> <span class='ocrx_word' id='word_1_724' title='bbox 429 5209 518 5264; x_wconf 88' lang='lat' dir='ltr'>vir</span> <span class='ocrx_word' id='word_1_725' title='bbox 540 5209 660 5280; x_wconf 88' lang='lat' dir='ltr'>ipse</span> <span class='ocrx_word' id='word_1_726' title='bbox 688 5213 744 5264; x_wconf 92' lang='lat' dir='ltr'>et</span> <span class='ocrx_word' id='word_1_727' title='bbox 765 5209 946 5264; x_wconf 89' lang='lat' dir='ltr'>forma</span> <span class='ocrx_word' id='word_1_728' title='bbox 973 5209 1160 5281; x_wconf 89' lang='lat' dir='ltr'>magis</span> <span class='ocrx_word' id='word_1_729' title='bbox 1180 5227 1352 5282; x_wconf 89' lang='lat' dir='ltr'>quam</span> <span class='ocrx_word' id='word_1_730' title='bbox 1384 5210 1588 5265; x_wconf 87' lang='lat' dir='ltr'>virtute</span> <span class='ocrx_word' id='word_1_731' title='bbox 1623 5209 1844 5282; x_wconf 89' lang='lat' dir='ltr'>religio-</span> 
     </span>
    </p>
   </div>
   <div class='ocr_carea' id='block_1_94' title="bbox 213 5301 1848 5375">
    <p class='ocr_par' dir='ltr' id='par_1_94' title="bbox 213 5301 1848 5375">
     <span class='ocr_line' id='line_1_95' title="bbox 213 5301 1848 5375; baseline 0.001 -18"><span class='ocrx_word' id='word_1_732' title='bbox 213 5321 324 5370; x_wconf 89' lang='lat' dir='ltr'>sus,</span> <span class='ocrx_word' id='word_1_733' title='bbox 355 5301 454 5358; x_wconf 91' lang='lat' dir='ltr'>sed</span> <span class='ocrx_word' id='word_1_734' title='bbox 490 5301 686 5374; x_wconf 69' lang='lat' dir='ltr'>gloria:</span> <span class='ocrx_word' id='word_1_735' title='bbox 716 5301 1014 5374; x_wconf 89' lang='lat' dir='ltr'>laudisque</span> <span class='ocrx_word' id='word_1_736' title='bbox 1053 5307 1111 5358; x_wconf 89' lang='lat' dir='ltr'>et</span> <span class='ocrx_word' id='word_1_737' title='bbox 1143 5303 1408 5358; x_wconf 87' lang='lat' dir='ltr'>novitatis</span> <span class='ocrx_word' id='word_1_738' title='bbox 1439 5303 1698 5375; x_wconf 81' lang='lat' dir='ltr'>improbe</span> <span class='ocrx_word' id='word_1_739' title='bbox 1725 5321 1848 5374; x_wconf 91' lang='lat' dir='ltr'>per-</span> 
     </span>
    </p>
   </div>
   <div class='ocr_carea' id='block_1_95' title="bbox 213 5395 1843 5468">
    <p class='ocr_par' dir='ltr' id='par_1_95' title="bbox 213 5395 1843 5468">
     <span class='ocr_line' id='line_1_96' title="bbox 213 5395 1843 5468; baseline 0 -16"><span class='ocrx_word' id='word_1_740' title='bbox 213 5395 474 5468; x_wconf 83' lang='lat' dir='ltr'>cupidus,</span> <span class='ocrx_word' id='word_1_741' title='bbox 529 5413 708 5468; x_wconf 87' lang='lat' dir='ltr'>prava</span> <span class='ocrx_word' id='word_1_742' title='bbox 749 5397 1012 5468; x_wconf 75' lang='lat' dir='ltr'>quaedam</span> <span class='ocrx_word' id='word_1_743' title='bbox 1056 5397 1124 5451; x_wconf 90' lang='lat' dir='ltr'>de</span> <span class='ocrx_word' id='word_1_744' title='bbox 1169 5397 1372 5453; x_wconf 82' lang='lat' dir='ltr'>Christi</span> <span class='ocrx_word' id='word_1_745' title='bbox 1417 5397 1526 5451; x_wconf 88' lang='lat' dir='ltr'>ﬁde</span> <span class='ocrx_word' id='word_1_746' title='bbox 1571 5399 1843 5468; x_wconf 86' lang='lat' dir='ltr'>proferre,</span> 
     </span>
    </p>
   </div>
   <div class='ocr_carea' id='block_1_96' title="bbox 213 5489 1845 5564">
    <p class='ocr_par' dir='ltr' id='par_1_96' title="bbox 213 5489 1845 5564">
     <span class='ocr_line' id='line_1_97' title="bbox 213 5489 1845 5564; baseline 0 -18"><span class='ocrx_word' id='word_1_747' title='bbox 213 5497 270 5546; x_wconf 90' lang='lat' dir='ltr'>et</span> <span class='ocrx_word' id='word_1_748' title='bbox 297 5507 428 5564; x_wconf 69' lang='lat' dir='ltr'>qum</span> <span class='ocrx_word' id='word_1_749' title='bbox 472 5495 592 5546; x_wconf 88' lang='lat' dir='ltr'>arte</span> <span class='ocrx_word' id='word_1_750' title='bbox 639 5489 1017 5562; x_wconf 89' lang='lat' dir='ltr'>inquisitionis</span> <span class='ocrx_word' id='word_1_751' title='bbox 1059 5490 1350 5546; x_wconf 89' lang='lat' dir='ltr'>invenerat</span> <span class='ocrx_word' id='word_1_752' title='bbox 1392 5492 1577 5562; x_wconf 88' lang='lat' dir='ltr'>ccepit.</span> <span class='ocrx_word' id='word_1_753' title='bbox 1611 5491 1845 5546; x_wconf 83' lang='lat' dir='ltr'>Abscin-</span> 
     </span>
    </p>
   </div>
   <div class='ocr_carea' id='block_1_97' title="bbox 213 5585 1848 5658">
    <p class='ocr_par' dir='ltr' id='par_1_97' title="bbox 213 5585 1848 5658">
     <span class='ocr_line' id='line_1_98' title="bbox 213 5585 1848 5658; baseline -0.001 -18"><span class='ocrx_word' id='word_1_754' title='bbox 213 5586 348 5640; x_wconf 88' lang='lat' dir='ltr'>dere</span> <span class='ocrx_word' id='word_1_755' title='bbox 376 5585 554 5652; x_wconf 88' lang='lat' dir='ltr'>enim,</span> <span class='ocrx_word' id='word_1_756' title='bbox 599 5601 664 5640; x_wconf 87' lang='lat' dir='ltr'>ac</span> <span class='ocrx_word' id='word_1_757' title='bbox 703 5601 962 5658; x_wconf 88' lang='lat' dir='ltr'>separare</span> <span class='ocrx_word' id='word_1_758' title='bbox 992 5585 1062 5640; x_wconf 89' lang='lat' dir='ltr'>ab</span> <span class='ocrx_word' id='word_1_759' title='bbox 1088 5585 1182 5640; x_wconf 90' lang='lat' dir='ltr'>illa</span> <span class='ocrx_word' id='word_1_760' title='bbox 1209 5589 1426 5640; x_wconf 71' lang='lat' dir='ltr'>aeterna</span> <span class='ocrx_word' id='word_1_761' title='bbox 1471 5588 1529 5639; x_wconf 92' lang='lat' dir='ltr'>et</span> <span class='ocrx_word' id='word_1_762' title='bbox 1569 5585 1848 5640; x_wconf 82' lang='lat' dir='ltr'>ineffabili</span> 
     </span>
    </p>
   </div>
   <div class='ocr_carea' id='block_1_98' title="bbox 212 5679 1845 5736">
    <p class='ocr_par' dir='ltr' id='par_1_98' title="bbox 212 5679 1845 5736">
     <span class='ocr_line' id='line_1_99' title="bbox 212 5679 1845 5736; baseline -0.001 -2"><span class='ocrx_word' id='word_1_763' title='bbox 212 5679 314 5734; x_wconf 91' lang='lat' dir='ltr'>Dei</span> <span class='ocrx_word' id='word_1_764' title='bbox 337 5679 522 5736; x_wconf 85' lang='lat' dir='ltr'>Patris</span> <span class='ocrx_word' id='word_1_765' title='bbox 551 5679 866 5735; x_wconf 86' lang='lat' dir='ltr'>substantia</span> <span class='ocrx_word' id='word_1_766' title='bbox 909 5681 998 5736; x_wconf 87' lang='lat' dir='ltr'>vel</span> <span class='ocrx_word' id='word_1_767' title='bbox 1045 5684 1252 5735; x_wconf 88' lang='lat' dir='ltr'>natura</span> <span class='ocrx_word' id='word_1_768' title='bbox 1277 5679 1482 5734; x_wconf 88' lang='lat' dir='ltr'>Filium</span> <span class='ocrx_word' id='word_1_769' title='bbox 1514 5679 1845 5734; x_wconf 89' lang='lat' dir='ltr'>conabatur.</span> 
     </span>
    </p>
   </div>
   <div class='ocr_carea' id='block_1_99' title="bbox 213 5773 1850 5846">
    <p class='ocr_par' dir='ltr' id='par_1_99' title="bbox 213 5773 1850 5846">
     <span class='ocr_line' id='line_1_100' title="bbox 213 5773 1850 5846; baseline -0.001 -18"><span class='ocrx_word' id='word_1_770' title='bbox 213 5775 350 5840; x_wconf 77' lang='lat' dir='ltr'>Quae</span> <span class='ocrx_word' id='word_1_771' title='bbox 381 5791 476 5830; x_wconf 90' lang='lat' dir='ltr'>res</span> <span class='ocrx_word' id='word_1_772' title='bbox 501 5773 558 5828; x_wconf 91' lang='lat' dir='ltr'>in</span> <span class='ocrx_word' id='word_1_773' title='bbox 585 5773 832 5830; x_wconf 88' lang='lat' dir='ltr'>Ecclesia</span> <span class='ocrx_word' id='word_1_774' title='bbox 855 5774 1135 5846; x_wconf 88' lang='lat' dir='ltr'>plurimos</span> <span class='ocrx_word' id='word_1_775' title='bbox 1161 5774 1556 5844; x_wconf 88' lang='lat' dir='ltr'>conturbabat,</span> <span class='ocrx_word' id='word_1_776' title='bbox 1579 5777 1680 5829; x_wconf 88' lang='lat' dir='ltr'>eta</span> <span class='ocrx_word' id='word_1_777' title='bbox 1698 5773 1850 5829; x_wconf 91' lang='lat' dir='ltr'>dulci</span> 
     </span>
    </p>
   </div>
   <div class='ocr_carea' id='block_1_100' title="bbox 215 5867 1848 5944">
    <p class='ocr_par' dir='ltr' id='par_1_100' title="bbox 215 5867 1848 5944">
     <span class='ocr_line' id='line_1_101' title="bbox 215 5867 1848 5944; baseline -0.002 -14"><span class='ocrx_word' id='word_1_778' title='bbox 215 5869 430 5930; x_wconf 88' lang='lat' dir='ltr'>mentis</span> <span class='ocrx_word' id='word_1_779' title='bbox 475 5869 886 5944; x_wconf 85' lang='lat' dir='ltr'>tranquillitate</span> <span class='ocrx_word' id='word_1_780' title='bbox 925 5869 1266 5928; x_wconf 86' lang='lat' dir='ltr'>dimovebat.</span> <span class='ocrx_word' id='word_1_781' title='bbox 1308 5867 1416 5928; x_wconf 88' lang='lat' dir='ltr'>Sed</span> <span class='ocrx_word' id='word_1_782' title='bbox 1445 5885 1576 5926; x_wconf 91' lang='lat' dir='ltr'>cum</span> <span class='ocrx_word' id='word_1_783' title='bbox 1601 5867 1848 5926; x_wconf 80' lang='lat' dir='ltr'>Alexan-</span> 
     </span>
    </p>
   </div>
   <div class='ocr_carea' id='block_1_101' title="bbox 1941 4639 3576 4713">
    <p class='ocr_par' dir='ltr' id='par_1_101' title="bbox 1941 4639 3576 4713">
     <span class='ocr_line' id='line_1_102' title="bbox 1941 4639 3576 4713; baseline 0.001 -19"><span class='ocrx_word' id='word_1_784' title='bbox 1941 4641 2134 4712; x_wconf 90' lang='lat' dir='ltr'>plures</span> <span class='ocrx_word' id='word_1_785' title='bbox 2161 4644 2356 4696; x_wconf 89' lang='lat' dir='ltr'>tamen</span> <span class='ocrx_word' id='word_1_786' title='bbox 2379 4643 2541 4694; x_wconf 89' lang='lat' dir='ltr'>erant</span> <span class='ocrx_word' id='word_1_787' title='bbox 2556 4639 2652 4711; x_wconf 90' lang='lat' dir='ltr'>qui</span> <span class='ocrx_word' id='word_1_788' title='bbox 2674 4639 2920 4711; x_wconf 90' lang='lat' dir='ltr'>impium</span> <span class='ocrx_word' id='word_1_789' title='bbox 2942 4643 3368 4696; x_wconf 78' lang='lat' dir='ltr'>exsecrarentur</span> <span class='ocrx_word' id='word_1_790' title='bbox 3387 4640 3576 4713; x_wconf 63' lang='lat' dir='ltr'>incep«</span> 
     </span>
    </p>
   </div>
   <div class='ocr_carea' id='block_1_102' title="bbox 1941 4732 3575 4806">
    <p class='ocr_par' dir='ltr' id='par_1_102' title="bbox 1941 4732 3575 4806">
     <span class='ocr_line' id='line_1_103' title="bbox 1941 4732 3575 4806; baseline 0 -16"><span class='ocrx_word' id='word_1_791' title='bbox 1941 4739 2085 4790; x_wconf 91' lang='lat' dir='ltr'>tum.</span> <span class='ocrx_word' id='word_1_792' title='bbox 2118 4737 2372 4806; x_wconf 88' lang='lat' dir='ltr'>Cumque</span> <span class='ocrx_word' id='word_1_793' title='bbox 2411 4733 2472 4788; x_wconf 92' lang='lat' dir='ltr'>in</span> <span class='ocrx_word' id='word_1_794' title='bbox 2505 4732 2710 4787; x_wconf 91' lang='lat' dir='ltr'>eodem</span> <span class='ocrx_word' id='word_1_795' title='bbox 2736 4732 2976 4787; x_wconf 91' lang='lat' dir='ltr'>concilio</span> <span class='ocrx_word' id='word_1_796' title='bbox 3009 4737 3155 4787; x_wconf 87' lang='lat' dir='ltr'>esset</span> <span class='ocrx_word' id='word_1_797' title='bbox 3185 4735 3575 4790; x_wconf 88' lang='lat' dir='ltr'>confessorum</span> 
     </span>
    </p>
   </div>
   <div class='ocr_carea' id='block_1_103' title="bbox 1942 4825 3576 4901">
    <p class='ocr_par' dir='ltr' id='par_1_103' title="bbox 1942 4825 3576 4901">
     <span class='ocr_line' id='line_1_104' title="bbox 1942 4825 3576 4901; baseline 0 -17"><span class='ocrx_word' id='word_1_798' title='bbox 1942 4846 2185 4901; x_wconf 89' lang='lat' dir='ltr'>magnus</span> <span class='ocrx_word' id='word_1_799' title='bbox 2212 4843 2486 4884; x_wconf 89' lang='lat' dir='ltr'>numerus</span> <span class='ocrx_word' id='word_1_800' title='bbox 2528 4825 2903 4896; x_wconf 89' lang='lat' dir='ltr'>sacerdotum,</span> <span class='ocrx_word' id='word_1_801' title='bbox 2947 4843 3149 4881; x_wconf 91' lang='lat' dir='ltr'>omnes</span> <span class='ocrx_word' id='word_1_802' title='bbox 3179 4827 3292 4881; x_wconf 88' lang='lat' dir='ltr'>Arii</span> <span class='ocrx_word' id='word_1_803' title='bbox 3322 4829 3576 4884; x_wconf 81' lang='lat' dir='ltr'>novitati-</span> 
     </span>
    </p>
   </div>
   <div class='ocr_carea' id='block_1_104' title="bbox 1943 4921 3576 4994">
    <p class='ocr_par' dir='ltr' id='par_1_104' title="bbox 1943 4921 3576 4994">
     <span class='ocr_line' id='line_1_105' title="bbox 1943 4921 3576 4994; baseline 0 -16"><span class='ocrx_word' id='word_1_804' title='bbox 1943 4924 2049 4979; x_wconf 91' lang='lat' dir='ltr'>bus</span> <span class='ocrx_word' id='word_1_805' title='bbox 2075 4923 2541 4978; x_wconf 86' lang='lat' dir='ltr'>adversabantur.</span> <span class='ocrx_word' id='word_1_806' title='bbox 2582 4921 2866 4978; x_wconf 89' lang='lat' dir='ltr'>Favebant</span> <span class='ocrx_word' id='word_1_807' title='bbox 2906 4937 3036 4976; x_wconf 90' lang='lat' dir='ltr'>vero</span> <span class='ocrx_word' id='word_1_808' title='bbox 3080 4922 3130 4975; x_wconf 85' lang='lat' dir='ltr'>ei</span> <span class='ocrx_word' id='word_1_809' title='bbox 3171 4921 3272 4976; x_wconf 86' lang='lat' dir='ltr'>viri</span> <span class='ocrx_word' id='word_1_810' title='bbox 3321 4921 3379 4977; x_wconf 92' lang='lat' dir='ltr'>in</span> <span class='ocrx_word' id='word_1_811' title='bbox 3426 4939 3576 4994; x_wconf 71' lang='lat' dir='ltr'>quaa-</span> 
     </span>
    </p>
   </div>
   <div class='ocr_carea' id='block_1_105' title="bbox 1945 5015 3572 5088">
    <p class='ocr_par' dir='ltr' id='par_1_105' title="bbox 1945 5015 3572 5088">
     <span class='ocr_line' id='line_1_106' title="bbox 1945 5015 3572 5088; baseline -0.001 -15"><span class='ocrx_word' id='word_1_812' title='bbox 1945 5017 2220 5073; x_wconf 90' lang='lat' dir='ltr'>stionibus</span> <span class='ocrx_word' id='word_1_813' title='bbox 2245 5016 2451 5087; x_wconf 89' lang='lat' dir='ltr'>callidi,</span> <span class='ocrx_word' id='word_1_814' title='bbox 2486 5019 2544 5071; x_wconf 91' lang='lat' dir='ltr'>et</span> <span class='ocrx_word' id='word_1_815' title='bbox 2568 5017 2639 5072; x_wconf 92' lang='lat' dir='ltr'>ob</span> <span class='ocrx_word' id='word_1_816' title='bbox 2674 5017 2732 5071; x_wconf 93' lang='lat' dir='ltr'>id</span> <span class='ocrx_word' id='word_1_817' title='bbox 2771 5015 3112 5088; x_wconf 87' lang='lat' dir='ltr'>simplicitati</span> <span class='ocrx_word' id='word_1_818' title='bbox 3153 5016 3284 5071; x_wconf 86' lang='lat' dir='ltr'>ﬁdei</span> <span class='ocrx_word' id='word_1_819' title='bbox 3315 5017 3572 5073; x_wconf 89' lang='lat' dir='ltr'>adversa-</span> 
     </span>
    </p>
   </div>
   <div class='ocr_carea' id='block_1_106' title="bbox 1945 5110 3572 5182">
    <p class='ocr_par' dir='ltr' id='par_1_106' title="bbox 1945 5110 3572 5182">
     <span class='ocr_line' id='line_1_107' title="bbox 1945 5110 3572 5182; baseline -0.001 -15"><span class='ocrx_word' id='word_1_820' title='bbox 1945 5113 2170 5168; x_wconf 88' lang='lat' dir='ltr'>bantur.</span> <span class='ocrx_word' id='word_1_821' title='bbox 2203 5115 2484 5178; x_wconf 88' lang='lat' dir='ltr'>Quantam</span> <span class='ocrx_word' id='word_1_822' title='bbox 2503 5127 2637 5168; x_wconf 90' lang='lat' dir='ltr'>vero</span> <span class='ocrx_word' id='word_1_823' title='bbox 2664 5110 2871 5166; x_wconf 87' lang='lat' dir='ltr'>habeat</span> <span class='ocrx_word' id='word_1_824' title='bbox 2899 5111 3164 5164; x_wconf 87' lang='lat' dir='ltr'>virtutem</span> <span class='ocrx_word' id='word_1_825' title='bbox 3199 5110 3334 5166; x_wconf 92' lang='lat' dir='ltr'>ﬁdei</span> <span class='ocrx_word' id='word_1_826' title='bbox 3358 5110 3572 5182; x_wconf 87' lang='lat' dir='ltr'>simpli-</span> 
     </span>
    </p>
   </div>
   <div class='ocr_carea' id='block_1_107' title="bbox 1946 5201 3578 5277">
    <p class='ocr_par' dir='ltr' id='par_1_107' title="bbox 1946 5201 3578 5277">
     <span class='ocr_line' id='line_1_108' title="bbox 1946 5201 3578 5277; baseline -0.001 -16"><span class='ocrx_word' id='word_1_827' title='bbox 1946 5207 2105 5276; x_wconf 84' lang='lat' dir='ltr'>citas,</span> <span class='ocrx_word' id='word_1_828' title='bbox 2137 5207 2306 5262; x_wconf 89' lang='lat' dir='ltr'>etiam</span> <span class='ocrx_word' id='word_1_829' title='bbox 2354 5223 2421 5262; x_wconf 86' lang='lat' dir='ltr'>ex</span> <span class='ocrx_word' id='word_1_830' title='bbox 2463 5205 2551 5260; x_wconf 88' lang='lat' dir='ltr'>his</span> <span class='ocrx_word' id='word_1_831' title='bbox 2595 5221 2724 5277; x_wconf 75' lang='lat' dir='ltr'>qua:</span> <span class='ocrx_word' id='word_1_832' title='bbox 2765 5204 2842 5258; x_wconf 87' lang='lat' dir='ltr'>ibi</span> <span class='ocrx_word' id='word_1_833' title='bbox 2887 5208 3042 5275; x_wconf 86' lang='lat' dir='ltr'>gesta</span> <span class='ocrx_word' id='word_1_834' title='bbox 3088 5208 3239 5274; x_wconf 85' lang='lat' dir='ltr'>sunt,</span> <span class='ocrx_word' id='word_1_835' title='bbox 3289 5201 3578 5276; x_wconf 86' lang='lat' dir='ltr'>cognosci-</span> 
     </span>
    </p>
   </div>
   <div class='ocr_carea' id='block_1_108' title="bbox 1947 5297 3578 5370">
    <p class='ocr_par' dir='ltr' id='par_1_108' title="bbox 1947 5297 3578 5370">
     <span class='ocr_line' id='line_1_109' title="bbox 1947 5297 3578 5370; baseline -0.001 -14"><span class='ocrx_word' id='word_1_836' title='bbox 1947 5319 2095 5356; x_wconf 89' lang='lat' dir='ltr'>mus.</span> <span class='ocrx_word' id='word_1_837' title='bbox 2128 5301 2349 5358; x_wconf 89' lang='lat' dir='ltr'>Etenim</span> <span class='ocrx_word' id='word_1_838' title='bbox 2401 5317 2532 5354; x_wconf 90' lang='lat' dir='ltr'>cum</span> <span class='ocrx_word' id='word_1_839' title='bbox 2581 5316 2685 5370; x_wconf 92' lang='lat' dir='ltr'>pro</span> <span class='ocrx_word' id='word_1_840' title='bbox 2729 5297 2916 5353; x_wconf 88' lang='lat' dir='ltr'>studio</span> <span class='ocrx_word' id='word_1_841' title='bbox 2947 5297 3192 5370; x_wconf 80' lang='lat' dir='ltr'>religiosi</span> <span class='ocrx_word' id='word_1_842' title='bbox 3222 5299 3578 5370; x_wconf 88' lang='lat' dir='ltr'>imperatoris</span> 
     </span>
    </p>
   </div>
   <div class='ocr_carea' id='block_1_109' title="bbox 1949 5383 3588 5464">
    <p class='ocr_par' dir='ltr' id='par_1_109' title="bbox 1949 5383 3588 5464">
     <span class='ocr_line' id='line_1_110' title="bbox 1949 5383 3588 5464; baseline -0.001 -15"><span class='ocrx_word' id='word_1_843' title='bbox 1949 5412 2012 5449; x_wconf 81' lang='lat' dir='ltr'>ex</span> <span class='ocrx_word' id='word_1_844' title='bbox 2039 5395 2194 5450; x_wconf 90' lang='lat' dir='ltr'>omni</span> <span class='ocrx_word' id='word_1_845' title='bbox 2213 5399 2366 5450; x_wconf 90' lang='lat' dir='ltr'>terra</span> <span class='ocrx_word' id='word_1_846' title='bbox 2391 5391 2714 5448; x_wconf 86' lang='lat' dir='ltr'>sacerdotes</span> <span class='ocrx_word' id='word_1_847' title='bbox 2745 5393 2844 5447; x_wconf 89' lang='lat' dir='ltr'>Dei</span> <span class='ocrx_word' id='word_1_848' title='bbox 2874 5393 3286 5462; x_wconf 86' lang='lat' dir='ltr'>convenissent,</span> <span class='ocrx_word' id='word_1_849' title='bbox 3311 5383 3588 5464; x_wconf 64' lang='lat' dir='ltr'>opinione</span> 
     </span>
    </p>
   </div>
   <div class='ocr_carea' id='block_1_110' title="bbox 1948 5486 3580 5559">
    <p class='ocr_par' dir='ltr' id='par_1_110' title="bbox 1948 5486 3580 5559">
     <span class='ocr_line' id='line_1_111' title="bbox 1948 5486 3580 5559; baseline -0.002 -16"><span class='ocrx_word' id='word_1_850' title='bbox 1948 5488 2224 5544; x_wconf 90' lang='lat' dir='ltr'>commoti</span> <span class='ocrx_word' id='word_1_851' title='bbox 2251 5486 2574 5559; x_wconf 90' lang='lat' dir='ltr'>philosophi</span> <span class='ocrx_word' id='word_1_852' title='bbox 2605 5503 2832 5557; x_wconf 81' lang='lat' dir='ltr'>quoque</span> <span class='ocrx_word' id='word_1_853' title='bbox 2879 5492 2936 5540; x_wconf 91' lang='lat' dir='ltr'>et</span> <span class='ocrx_word' id='word_1_854' title='bbox 2979 5486 3258 5542; x_wconf 90' lang='lat' dir='ltr'>dialectici</span> <span class='ocrx_word' id='word_1_855' title='bbox 3295 5487 3454 5542; x_wconf 87' lang='lat' dir='ltr'>valde</span> <span class='ocrx_word' id='word_1_856' title='bbox 3485 5503 3580 5540; x_wconf 83' lang='lat' dir='ltr'>no-</span> 
     </span>
    </p>
   </div>
   <div class='ocr_carea' id='block_1_111' title="bbox 1946 5580 3578 5654">
    <p class='ocr_par' dir='ltr' id='par_1_111' title="bbox 1946 5580 3578 5654">
     <span class='ocr_line' id='line_1_112' title="bbox 1946 5580 3578 5654; baseline -0.002 -18"><span class='ocrx_word' id='word_1_857' title='bbox 1946 5583 2088 5636; x_wconf 90' lang='lat' dir='ltr'>biles</span> <span class='ocrx_word' id='word_1_858' title='bbox 2114 5586 2172 5636; x_wconf 88' lang='lat' dir='ltr'>et</span> <span class='ocrx_word' id='word_1_859' title='bbox 2195 5581 2576 5654; x_wconf 87' lang='lat' dir='ltr'>opinatissimi</span> <span class='ocrx_word' id='word_1_860' title='bbox 2606 5586 3013 5636; x_wconf 79' lang='lat' dir='ltr'>ronvenemnt.</span> <span class='ocrx_word' id='word_1_861' title='bbox 3043 5583 3102 5634; x_wconf 87' lang='lat' dir='ltr'>lu</span> <span class='ocrx_word' id='word_1_862' title='bbox 3129 5582 3328 5652; x_wconf 87' lang='lat' dir='ltr'>quibus</span> <span class='ocrx_word' id='word_1_863' title='bbox 3347 5580 3578 5650; x_wconf 85' lang='lat' dir='ltr'>quidam</span> 
     </span>
    </p>
   </div>
   <div class='ocr_carea' id='block_1_112' title="bbox 1947 5672 3568 5747">
    <p class='ocr_par' dir='ltr' id='par_1_112' title="bbox 1947 5672 3568 5747">
     <span class='ocr_line' id='line_1_113' title="bbox 1947 5672 3568 5747; baseline -0.002 -17"><span class='ocrx_word' id='word_1_864' title='bbox 1947 5677 2188 5747; x_wconf 86' lang='lat' dir='ltr'>insignis</span> <span class='ocrx_word' id='word_1_865' title='bbox 2211 5677 2266 5730; x_wconf 90' lang='lat' dir='ltr'>in</span> <span class='ocrx_word' id='word_1_866' title='bbox 2297 5679 2417 5730; x_wconf 88' lang='lat' dir='ltr'>arte</span> <span class='ocrx_word' id='word_1_867' title='bbox 2457 5675 2744 5730; x_wconf 83' lang='lat' dir='ltr'>dialectica</span> <span class='ocrx_word' id='word_1_868' title='bbox 2775 5692 2876 5746; x_wconf 89' lang='lat' dir='ltr'>per</span> <span class='ocrx_word' id='word_1_869' title='bbox 2907 5675 3028 5729; x_wconf 89' lang='lat' dir='ltr'>dies</span> <span class='ocrx_word' id='word_1_870' title='bbox 3072 5675 3321 5745; x_wconf 87' lang='lat' dir='ltr'>singulos</span> <span class='ocrx_word' id='word_1_871' title='bbox 3351 5672 3568 5726; x_wconf 78' lang='lat' dir='ltr'>conflic-</span> 
     </span>
    </p>
   </div>
   <div class='ocr_carea' id='block_1_113' title="bbox 1947 5765 3578 5840">
    <p class='ocr_par' dir='ltr' id='par_1_113' title="bbox 1947 5765 3578 5840">
     <span class='ocr_line' id='line_1_114' title="bbox 1947 5765 3578 5840; baseline -0.002 -14"><span class='ocrx_word' id='word_1_872' title='bbox 1947 5775 2071 5827; x_wconf 91' lang='lat' dir='ltr'>tum</span> <span class='ocrx_word' id='word_1_873' title='bbox 2104 5770 2314 5825; x_wconf 91' lang='lat' dir='ltr'>summi</span> <span class='ocrx_word' id='word_1_874' title='bbox 2344 5769 2668 5826; x_wconf 82' lang='lat' dir='ltr'>certaminis</span> <span class='ocrx_word' id='word_1_875' title='bbox 2713 5787 2842 5824; x_wconf 86' lang='lat' dir='ltr'>cum</span> <span class='ocrx_word' id='word_1_876' title='bbox 2883 5769 3160 5840; x_wconf 88' lang='lat' dir='ltr'>episcopis</span> <span class='ocrx_word' id='word_1_877' title='bbox 3211 5765 3410 5820; x_wconf 89' lang='lat' dir='ltr'>nostris</span> <span class='ocrx_word' id='word_1_878' title='bbox 3445 5766 3578 5821; x_wconf 90' lang='lat' dir='ltr'>viris</span> 
     </span>
    </p>
   </div>
   <div class='ocr_carea' id='block_1_114' title="bbox 1951 5859 3576 5939">
    <p class='ocr_par' dir='ltr' id='par_1_114' title="bbox 1951 5859 3576 5939">
     <span class='ocr_line' id='line_1_115' title="bbox 1951 5859 3576 5939; baseline -0.002 -15"><span class='ocrx_word' id='word_1_879' title='bbox 1951 5883 2114 5939; x_wconf 68' lang='lat' dir='ltr'>seque</span> <span class='ocrx_word' id='word_1_880' title='bbox 2145 5865 2206 5922; x_wconf 89' lang='lat' dir='ltr'>in</span> <span class='ocrx_word' id='word_1_881' title='bbox 2232 5864 2525 5926; x_wconf 86' lang='lat' dir='ltr'>dialectica</span> <span class='ocrx_word' id='word_1_882' title='bbox 2553 5883 2668 5922; x_wconf 90' lang='lat' dir='ltr'>non</span> <span class='ocrx_word' id='word_1_883' title='bbox 2705 5861 3153 5938; x_wconf 87' lang='lat' dir='ltr'>improbabiliter</span> <span class='ocrx_word' id='word_1_884' title='bbox 3189 5859 3428 5916; x_wconf 86' lang='lat' dir='ltr'>eruditis</span> <span class='ocrx_word' id='word_1_885' title='bbox 3455 5877 3576 5920; x_wconf 83' lang='lat' dir='ltr'>m0-</span> 
     </span>
    </p>
   </div>
  </div>
