4058 6296
475 315 580 379 ‘255

1367 320 1647 376 APPEND.
1688 314 1775 374 AD
1812 319 1970 375 SIEC.
2014 318 2100 375 IX.
2128 348 2198 361 —-
2237 314 2478 375 lSlDORl
2517 305 2939 376 MERCATORIS

3732 317 3844 378 256

478 434 665 487 vehat.
698 433 768 486 Et
787 431 958 486 ﬁebat
983 431 1189 502 ingens
1222 429 1605 501 spectaculum
1636 427 2106 483 convenientibus
2126 438 2186 513 Α
2206 427 2463 499 pefactus
2478 428 2683 483 virtute
2697 428 2981 482 dictorum
2997 430 3194 484 mutus
3209 428 3280 483 ad
3295 428 3494 483 omnia
3520 429 3632 485 hoc
3648 430 3843 484 solum

482 526 553 580 ad
581 525 934 580 audiendum
961 524 1139 579 doctis
1184 527 1241 577 et
1285 521 1548 577 litteratis
1581 520 1733 575 viris.
1773 521 1886 575 Nec
1915 523 2106 575 tamen

478 620 599 673 ullo
627 635 836 689 genere
867 617 1235 689 philosophus
1261 614 1525 670 concludi
1555 630 1589 668 a
1617 613 1868 685 quodam
1886 616 2109 685 poterat

481 716 581 765 aut
608 711 936 782 constringi.
950 712 1127 765 Tanta
1146 708 1299 763 enim
1319 707 1542 763 dicendi
1557 711 1677 761 arte
1693 706 1927 777 objectis
1948 722 2105 778 ques-

484 805 763 859 stionibus
788 803 1135 869 occurrebat,
1152 807 1215 856 ut
1237 800 1338 856 ubi
1361 800 1608 855 maxime
1629 804 1927 870 putaretur
1940 798 2106 853 astri-

484 903 608 952 ctus
638 898 790 951 velut
814 896 1014 965 anguis
1040 894 1290 949 lubricus
1317 894 1660 948 elaberetur.
1689 892 1798 948 Sed
1828 895 1892 945 ut
1916 899 2105 947 osten-

485 991 648 1045 deret
692 992 850 1056 Deus,
897 988 1029 1058 quia
1080 1009 1108 1037 «
1136 1004 1252 1042 non
1300 987 1360 1040 in
1402 1002 1663 1041 sermone
1704 1001 1949 1055 regnum
1985 985 2105 1053 Dei,

482 1086 581 1138 sed
608 1084 669 1137 in
698 1083 903 1136 virtute
948 1081 1201 1136 consistit
1231 1082 1281 1152 (Ι
1310 1080 1429 1135 Cor.
1478 1096 1550 1145 1v,
1587 1078 1701 1148 20),
1730 1099 1757 1128 »
1787 1078 2018 1150 quidam
2045 1095 2110 1132 ex

482 1175 916 1243 confessoribus,
962 1172 1400 1244 simplicissimaa
1451 1178 1667 1226 naturae
1707 1172 1821 1238 vir,
1865 1176 1921 1226 et
1967 1172 2110 1225 nihil

483 1270 638 1325 aliud
668 1270 851 1323 sciens
879 1289 905 1317 «
938 1267 1047 1320 nisi
1074 1266 1359 1321 Christum
1384 1267 1596 1333 Iesum,
1642 1269 1699 1319 et
1743 1266 1897 1319 hunc
1926 1263 2109 1319 cruci-

482 1364 655 1418 ﬁxum
691 1365 729 1431 (1
775 1365 893 1420 Cor.
920 1365 985 1431 ιι,
1026 1362 1099 1430 2),
1134 1380 1161 1408 n
1203 1359 1352 1413 inter
1392 1362 1627 1413 cmteros
1673 1358 1960 1412 auditores
1988 1357 2109 1427 epi-

484 1365 655 1418 ﬁxum
691 1365 729 1431 (1
775 1365 893 1420 Cor.
948 1378 985 1428 1,
1026 1365 1099 1430 2),
1134 1380 1161 1408 n
1203 1365 1352 1413 inter
1392 1365 1627 1413 cmteros
1673 1365 1960 1412 auditores
1988 1365 2109 1427 epi-

484 1474 685 1527 sropos
717 1365 1057 1571 aderatkui
1085 1469 1215 1506 cum
1243 1452 1476 1506 vidisset
1502 1451 1910 1522 philosophum
1940 1450 2114 1505 insul-

484 1554 695 1571 Α,..ι-.μ
731 1547 936 1571 ..ινφ-,2-
995 1552 1045 1571 λι
1090 1545 1279 1571 -..Πειιη
1326 1562 1382 1571 ..Α
1418 1544 1812 1571 Ᾱζι-..ς-.Ι.ηι;η..ζη
1844 1549 1960 1571 ...ιιι-ι
1991 1544 2079 1571 ξηι-

484 1554 703 1604 tantem
731 1544 957 1611 nostris:
992 1552 1048 1600 et
1086 1545 1284 1600 callida
1326 1562 1384 1600 se
1416 1544 1815 1615 disputationis
1843 1549 1961 1599 arte
1985 1544 2108 1614 jac-

484 1648 730 1708 tantem,
759 1639 941 1711 poscit
985 1638 1055 1693 ab
1096 1638 1363 1693 omnibus
1403 1638 1590 1691 locum
1637 1637 1777 1691 velle
1820 1653 1878 1690 se
1924 1636 2113 1706 paucis

437 1708 447 1716 -
486 1751 616 1790 cum
659 1733 996 1804 philosopho
1035 1731 1417 1786 sermocinari.
1450 1731 1593 1784 Tum
1637 1746 1770 1784 vero
1813 1729 1988 1783 nostri
2015 1729 2113 1799 qui

2207 521 2395 590 potuit
2418 522 2770 592 respondere
2802 538 2815 576 :
2854 524 2933 575 lta
2958 520 3063 575 sibi
3085 520 3285 588 videri,
3323 538 3426 577 nec
3455 521 3612 577 aliud
3639 540 3847 578 verum

2207 629 2327 668 esse
2365 630 2538 684 quam
2569 614 2809 669 dixerat.
2843 616 2998 669 Tunc
3039 614 3234 669 senior
3261 615 3382 669 haec
3406 615 3595 687 inquit
3627 634 3641 671 :
3678 616 3735 671 Si
3763 617 3849 670 ita

2208 721 2327 760 esse
2373 706 2682 775 credidisti,
2742 724 2933 779 surge,
2993 712 3050 763 et
3102 724 3340 780 sequere
3387 725 3482 764 me
3526 709 3599 764 ad
3645 710 3845 765 Domi-

2210 801 2421 868 nicum,
2454 805 2511 855 et
2566 801 2736 870 hujus
2774 800 2906 856 ﬁdei
2950 801 3306 872 signaculum
3356 803 3593 875 suscipe.
3649 805 3717 858 Et
3766 804 3850 858 ita

2207 892 2582 964 philosophus
2608 893 2959 948 Christianus
2990 894 3223 949 eﬁ‘ectus
3251 895 3484 950 tandem
3513 912 3571 950 se
3601 898 3850 967 gratula-

2208 990 2299 1040 tus
2323 991 2409 1040 est
2430 986 2665 1041 victum.
2684 988 2746 1040 In
2774 987 2870 1041 illo
2891 987 3062 1042 etiam
3083 987 3326 1042 concilio
3351 987 3461 1043 fuit
3486 989 3849 1060 Paphnutius

2209 1078 2384 1134 homo
2432 1080 2533 1133 Dei
2579 1080 2878 1151 episcopus
2907 1080 3156 1152 Egypti,
3190 1080 3250 1135 in
3290 1097 3403 1152 quo
3440 1085 3600 1137 tanta
3636 1082 3848 1138 virtute

2209 1171 2399 1227 inerat
2429 1172 2625 1243 gratia,
2660 1178 2723 1227 ut
2758 1173 2923 1243 signa
2965 1191 3070 1244 per
3094 1189 3229 1228 eum
3272 1190 3391 1229 non
3427 1175 3621 1230 minus
3666 1192 3845 1248 quam

2211 1264 2432 1319 dudum
2461 1282 2566 1336 per
2592 1266 2875 1337 apostolos
2899 1267 3132 1322 ﬁerent.
3152 1267 3271 1332 Quo
3297 1268 3471 1323 etiam
3494 1268 3554 1323 in
3584 1274 3847 1342 tempore

2210 1361 2269 1411 et
2291 1358 2593 1430 Spyridion
2623 1360 2862 1430 Cyprius
2890 1360 3187 1432 episcopus
3227 1361 3470 1432 insignis
3508 1363 3845 1419 habebatur.

2209 1451 2371 1506 Tales
2402 1452 2579 1522 igitur
2606 1452 2666 1507 in
2695 1452 2809 1507 illis
2836 1453 3023 1508 adhuc
3050 1454 3405 1525 temporibus
3443 1456 3613 1511 multi
3638 1457 3745 1511 viri
3783 1457 3845 1511 in

2211 1545 2471 1599 Ecclesiis
2501 1540 2724 1600 Domini
2764 1546 3144 1617 refulgebant,
3178 1564 3245 1602 ex
3288 1548 3492 1619 quibus
3524 1550 3756 1620 plurimi
3785 1551 3845 1605 in

2210 1638 2309 1692 illo
2336 1638 2575 1693 concilio
2603 1638 2856 1694 fuerunt.
2885 1641 3108 1694 Interea
3126 1657 3231 1711 per
3249 1640 3368 1696 dies
3397 1642 3651 1714 singulos
3669 1644 3848 1715 agita-

2211 1730 2377 1784 batur
2404 1735 2737 1799 conventus,
2771 1748 2875 1786 nec
2914 1732 3079 1786 facile
3125 1737 3224 1787 aut
3265 1739 3482 1789 temere
3524 1739 3686 1790 tanta
3732 1740 3844 1790 sta-

487 1803 908 1898 simplicitatem
946 1826 1051 1879 viri
1096 1830 1151 1879 et
1180 1824 1528 1894 imperitiam
1572 1823 1633 1877 in
1663 1839 1924 1876 sermone
1963 1823 2107 1876 dun-
2131 1803 2188 1875 B
2212 1827 2372 1877 tuere
2402 1824 2708 1894 audebant,
2755 1829 2813 1879 et
2857 1826 3164 1882 vocabatur
3202 1828 3365 1883 Arius
3411 1829 3744 1900 frequenter
3786 1830 3845 1884 in

484 1926 642 1976 taxat
680 1922 928 1986 nossent,
963 1934 1168 1989 pavere
1204 1920 1261 1971 et
1290 1918 1445 1971 velut
1479 1915 1761 1986 pudorem
1802 1915 2113 1986 quemdam

488 2014 604 2086 pati
636 2030 708 2067 ne
736 2014 882 2067 forte
904 2011 1059 2083 apud
1088 2010 1323 2065 callidos
1343 2009 1604 2064 homines
1625 2008 1761 2062 risui
1794 2008 2114 2063 efﬁceretur

488 2109 684 2161 sancta
718 2105 1062 2176 simplicitas.
1103 2102 1350 2157 Pcrstitit
1395 2106 1590 2155 tamen
1628 2101 1835 2169 senior,
1880 2106 1937 2154 et
1981 2100 2113 2155 hinc

489 2199 670 2254 movit
698 2197 974 2252 sermonis
998 2196 1319 2251 exordium.
1352 2214 1379 2246 «
1413 2197 1475 2249 1n
1500 2194 2113 2265 nomine,inquit,Jesu

487 2293 715 2361 Christi,
748 2290 1111 2363 philosophe,
1143 2288 1280 2343 audi
1310 2304 1437 2359 quae
1465 2304 1599 2342 vera
1620 2292 1771 2342 sunt.
1799 2289 1945 2342 Deus
1971 2304 2114 2342 unus

489 2391 575 2442 est
598 2386 697 2457 qui
722 2385 854 2439 fecit
878 2384 1081 2438 ccelum
1108 2386 1165 2436 et
1188 2386 1421 2449 terram,
1453 2381 1663 2452 quique
1700 2380 1916 2435 homini
1940 2397 2114 2452 quem

490 2481 561 2534 de
590 2480 729 2533 limo
770 2483 936 2532 terrae
977 2478 1323 2531 formaverat
1348 2474 1611 2545 spiritum
1644 2474 1818 2542 dedit,
1849 2475 2114 2529 universa

485 2589 612 2646 quae
637 2573 901 2626 videntur
930 2570 1035 2624 sibi
1063 2569 1269 2624 virtute
1301 2567 1465 2622 Verbi
1494 2567 1581 2621 sui
1623 2568 1854 2636 creavit,
1897 2572 1954 2623 et
1994 2567 2116 2639 Spi-

486 2671 627 2724 ritus
655 2665 743 2721 sui
771 2663 1217 2719 sanctiﬁcatione
1243 2660 1506 2728 ﬁrmavit,
1525 2661 1632 2715 hoc
1651 2661 1890 2716 verbum
1928 2678 1995 2715 ac
2023 2677 2113 2715 sa-

486 2761 701 2837 pientia
713 2775 887 2831 quam
906 2773 1009 2810 nos
1023 2755 1224 2809 Filium
1240 2754 1479 2808 dicimus
1491 2754 1777 2808 humanos
1789 2732 2112 2821 misei'atus,

489 2870 711 2909 errores
743 2868 809 2905 ex
833 2848 1063 2920 Virgine
1096 2847 1361 2914 nascitur,
1391 2851 1447 2900 et
1472 2863 1574 2916 per
1606 2847 1933 2917 passionem
1959 2864 2114 2901 mor-

490 2948 562 3001 tis
590 2964 624 3000 a
649 2948 922 3017 perpetua
946 2959 1048 2997 nos
1086 2945 1268 2996 morte
1305 2939 1579 3007 liberavit,
1611 2957 1675 2995 ac
1701 2940 2114 2995 resurrectione

490 3057 593 3095 sua
622 3044 895 3094 aeternam
922 3036 1087 3091 nobis
1116 3034 1358 3089 contulit
1390 3033 1583 3101 vitam,
1619 3050 1790 3104 quem
1831 3037 2113 3105 exspecta-

2211 1916 2534 1984 concilium,
2557 1921 2614 1971 et
2629 1918 2854 1973 assiduo
2865 1922 3109 1975 tractatu
3140 1921 3481 1977 assertiones
3513 1923 3634 1994 ejus
3656 1923 3841 1979 discu-

2212 2010 2515 2077 tiebantur,
2542 2016 2599 2064 et
2616 2011 2768 2081 quod
2791 2012 3089 2067 adversum
3112 2013 3235 2068 haec
3260 2017 3457 2070 tenere
3480 2015 3761 2071 deberent
3782 2033 3847 2070 ac

2211 2103 2379 2157 statui
2413 2119 2640 2158 summa
2668 2120 2800 2158 cum
2834 2105 3241 2162 deliberatione
3271 2109 3621 2180 quaerebant.
3636 2110 3847 2165 Verum

2214 2200 2341 2266 post
2360 2195 2642 2250 diutinum
2668 2197 3029 2269 multumque
3040 2203 3344 2255 tractatum
3356 2201 3570 2272 placuit
3579 2203 3850 2257 omnibus

2176 2282 2202 2371 ί
2212 2305 2276 2342 ac
2289 2288 2441 2343 velut
2452 2306 2571 2344 uno
2590 2295 2923 2345 cunctorum
2939 2307 3034 2346 ore
3050 2297 3104 2348 et
3119 2293 3292 2349 corde
3309 2295 3639 2350 decernitur
3649 2297 3846 2353 Omou-

2213 2384 2330 2437 sion
2357 2382 2638 2437 conscribi
2665 2383 2894 2451 debere,
2913 2384 2971 2439 id
2987 2388 3072 2440 est
3095 2385 3353 2457 ejusdem
3385 2404 3516 2443 cum
3539 2390 3702 2443 Patre
3721 2390 3853 2444 sub.

2213 2474 2437 2530 stantize
2466 2475 2667 2530 Filium
2700 2477 2981 2532 conﬁteri.
3015 2482 3197 2549 Atque
3227 2480 3555 2536 ﬁrmissima
3587 2483 3849 2538 omnium

2215 2569 2497 2622 sententia
2526 2570 2944 2639 pronuntiatur.
2980 2572 3188 2627 Decem
3215 2577 3273 2628 et
3299 2577 3523 2645 septem
3567 2577 3675 2631 soli
3713 2580 3851 2631 tunc

2212 2661 2386 2717 fuisse
2412 2662 2676 2716 dicuntur
2703 2664 2908 2735 quibus
2932 2665 3052 2719 Arii
3080 2667 3262 2736 magis
3304 2667 3446 2724 ﬁdes
3476 2669 3727 2740 placeret
3752 2688 3847 2725 ex-

2214 2754 2488 2810 trinsecus
2514 2760 2769 2811 creatum
2794 2757 2889 2812 Dei
2920 2758 3126 2813 Filium
3149 2776 3219 2814 ex
3240 2761 3409 2816 nullis
3435 2762 3848 2834 substantibus,

2215 2851 2272 2902 et
2298 2865 2419 2903 non
2445 2864 2513 2903 ex
2542 2849 2666 2920 ipsa
2691 2850 2869 2905 Patris
2889 2851 3097 2907 deitate
3117 2855 3480 2926 progenitum
3504 2857 3853 2912 conﬁrman-

2215 2946 2317 2996 tes.
2346 2943 2611 2997 Defertur
2637 2944 2707 2998 ad
2747 2944 3180 3001 Constantinum
3211 2950 3577 3005 sacerdotalis
3625 2950 3852 3006 concilii

2215 3035 2516 3091 sententia.
2548 3037 2641 3091 Ille
2670 3041 2946 3110 tanquam
2989 3056 3024 3093 a
3067 3041 3181 3096 Deo
3224 3042 3500 3113 prolatam
3523 3048 3848 3101 veneratur.

490 3150 618 3188 mus
635 3132 889 3203 judicem
906 3129 1166 3185 omnium
1195 3144 1319 3199 qua:
1339 3126 1628 3198 egerimus
1651 3144 1772 3181 esse
1790 3131 2111 3182 venturum.
2137 3169 2192 3245 Ο
2216 3128 2315 3186 Cui
2350 3128 2398 3183 si
2421 3129 2548 3201 quis
2577 3133 2848 3186 tentasset
2880 3133 3062 3189 obniti
3099 3135 3251 3190 velut
3279 3142 3476 3192 contra
3505 3136 3699 3193 divina
3732 3144 3849 3195 sta-

493 3225 724 3245 n,-_j!_l-
742 3224 895 3245 _--:1_
921 3239 1032 3245 ---Α
1070 3220 1479 3245 -ι.;ι--,...ι.,.ον.
1512 3220 2111 3245 Διειιληκηξκ-.....---...
2220 3225 2333 3245 ι--1..
2367 3221 2689 3245 ---..2-..ι-...
2740 3223 2790 3245 2..
2827 3225 3071 3245 --Αξὶξηνη
3307 3235 3315 3245 .
3391 3234 3400 3245 ι
3448 3236 3457 3245 .
3630 3235 3639 3245 .

492 3225 684 3282 Credis
695 3224 1053 3291 haecitaesse,
1068 3220 1484 3293 philosophe?»
1501 3225 1567 3276 At
1582 3220 1673 3275 ille
1688 3238 1753 3275 ac
1769 3220 1812 3275 si
1826 3237 2117 3293 nunquam
2139 3220 2192 3245 υ
2220 3225 2340 3277 tuta
2367 3221 2717 3293 venientem,
2740 3223 2799 3279 in
2820 3225 3081 3282 exsilium
3112 3245 3172 3283 se
3196 3234 3536 3299 protestetur
3560 3235 3850 3289 acturum.

492 3320 672 3375 ullum
698 3334 1018 3374 sermonem
1049 3314 1478 3372 contradicendi
1494 3314 1795 3386 didicisset,
1829 3315 1906 3369 ita
1930 3316 2117 3370 obstu-

562 3742 611 3796 1.
639 3740 716 3795 De
744 3735 1027 3795 Eunuchis
1052 3733 1150 3810 qui
1180 3737 1391 3808 seipsos
1419 3736 1779 3793 abscindunt.

556 3837 611 3889 2.
638 3835 715 3889 De
743 3832 831 3887 his
855 3833 953 3904 qui
980 3833 1111 3903 post
1134 3829 1420 3901 baptisma
1444 3830 1632 3885 statim
1664 3830 1738 3884 ad
1765 3830 1981 3884 clerum
2014 3845 2117 3900 ap-

488 3927 796 4000 plicantur.

563 4023 614 4076 3.
648 4021 724 4075 De
758 4010 1203 4073 subintroductis
1232 4012 1586 4072 mulieribus.

561 4115 613 4167 4.
643 4112 892 4176 Qualiter
912 4109 1156 4182 episcopi
1181 4109 1428 4165 debeant
1455 4108 1727 4164 ordinari.

564 4211 614 4261 5.
644 4209 721 4261 De
753 4203 1256 4260 excommunicatis
1280 4203 1498 4258 clericis
1522 4203 1608 4258 vel
1637 4202 1812 4258 laicis.

564 4304 618 4357 6.
649 4300 724 4354 De
742 4297 1080 4371 primatibus
1100 4298 1499 4370 episc0porum
1522 4296 2117 4369 metropolitanorum.

563 4398 615 4449 7.
647 4395 728 4449 De
753 4393 971 4448 honore
991 4390 1238 4464 episcopi
1263 4390 1779 4463 Hierosolymitani.

563 4491 616 4544 8.
647 4489 727 4543 De
756 4486 1095 4543 Novatianis.

564 4586 616 4638 9.
643 4583 721 4637 De
744 4580 1091 4653 presbyteris
1117 4579 1239 4635 sine
1263 4577 1683 4635 examinatione
1705 4578 2044 4635 constitutis.
2128 4646 2129 4649 η

564 4679 649 4732 10.
683 4677 760 4730 De
792 4676 963 4748 lapsis
993 4674 1205 4735 clericis
1235 4674 1529 4730 ordinatis.

2214 3316 2460 3388 Emplicit
2481 3318 2761 3387 praefatio.

1355 3582 1758 3655 INCIPIUNT
1814 3584 2210 3654 CAPITULA
2270 3582 2560 3654 NICENI
2622 3587 2979 3656 CONCILII.

2293 3737 2380 3793 13.
2412 3736 2494 3791 De
2523 3736 2931 3793 cathecuminis
2958 3735 3146 3810 lapsis.

2293 3832 2379 3886 14.
2400 3833 2478 3887 De
2508 3830 2858 3902 diaconibus,
2884 3849 2957 3887 ne
2983 3848 3188 3904 corpus
3211 3832 3417 3890 Christi
3444 3831 3679 3889 tradant
3698 3850 3857 3907 pres-

2218 3924 2453 3996 byteris,
2476 3926 2567 3980 vel
2596 3929 2728 3982 ante
2752 3926 3113 3998 presbyteros
3138 3927 3586 3985 communicent.

2295 4017 2379 4074 15.
2409 4019 2485 4075 De
2507 4018 2725 4074 clericis
2752 4024 2969 4076 temere
3000 4021 3072 4076 ab
3100 4022 3344 4078 Ecclesia
3368 4022 3785 4079 recedentibus.

2294 4112 2379 4168 16.
2412 4113 2490 4167 De
2516 4113 2880 4184 presbyteris,
2911 4118 2969 4169 et
2994 4113 3321 4170 diaconibus
3359 4117 3447 4172 vel
3490 4117 3707 4173 clericis
3753 4116 3856 4188 qui

2219 4204 2288 4260 ad
2311 4205 2451 4261 alias
2475 4206 2724 4261 civitates
2753 4211 3072 4264 transeunt.

2295 4300 2380 4354 17.
2413 4299 2495 4354 De
2539 4298 2756 4353 clericis
2807 4298 3008 4356 alienis
3055 4301 3177 4358 sine
3224 4299 3583 4359 conniventia
3635 4303 3858 4377 proprii

2221 4389 2472 4465 episcopi
2500 4391 2570 4446 ab
2598 4390 2706 4447 alio
2733 4390 2791 4447 in
2818 4411 2917 4448 sua
2943 4394 3175 4451 ecclesia
3209 4414 3323 4452 non
3354 4396 3705 4453 ordinandis.

2294 4488 2380 4541 18.
2413 4486 2492 4540 De
2521 4483 2733 4541 clcricis
2758 4504 2995 4543 usuram
3016 4490 3101 4544 vel
3130 4491 3560 4563 ampliationem
3578 4492 3860 4565 accipien-

2218 4579 2384 4635 tibus.

2234 4670 2237 4673 ’
2294 4674 2380 4729 19.
2410 4674 2487 4729 De
2510 4674 2868 4732 Paulianistis
2893 4681 2949 4733 et
2971 4675 3328 4751 Cataphrigis
3355 4678 3793 4752 rebaptizandis.
3856 4722 3863 4728 .

492 4842 497 4843 ί
567 4774 653 4825 11.
685 4770 761 4824 De
788 4734 875 4824 his
902 4769 1000 4841 qui
1025 4772 1227 4841 sponte
1275 4768 1421 4839 lapsi
1446 4770 1580 4823 sunt
1605 4734 1849 4839 qualiter
1875 4765 2120 4822 debeant
2137 4740 2197 4812 D
2289 4770 2379 4824 20.
2412 4769 2490 4824 De
2515 4769 2714 4825 diebus
2739 4770 3048 4827 Dominicis
3091 4734 3147 4828 et
3189 4734 3567 4846 Pentecostes,
3597 4734 3747 4831 utin
3774 4772 3857 4833 eis

491 4863 789 4937 poenitere.

570 4960 653 5012 12.
684 4958 761 5012 De
786 4955 1292 5015 excommunicatis
1317 4974 1350 5013 a
1381 4956 1588 5014 saeculo
1620 4954 1974 5012 exeuntibus.

2221 4864 2428 4919 stantes
2457 4878 2705 4919 oremus.

2021 5078 2303 5093 *ο

1383 5210 1782 5284 INCIPIUNT
1843 5212 2203 5282 CANONES
2264 5212 2552 5284 NICZENI
2613 5217 2971 5286 CONCILII.

498 5361 693 5442 Quod
714 5367 935 5425 actum
963 5363 1056 5423 es!
1083 5354 1202 5421 sub
1238 5356 1664 5422 Constantino
1692 5354 2394 5500 z'mperatoreKPclzujz'nlo
2424 5364 2488 5419 et
2509 5356 2776 5420 Julz'ano
2804 5357 3171 5422 consulibus
3195 5358 3541 5440 fratribus,
3569 5377 3680 5422 an.
3709 5364 3853 5435 363,

1962 5454 2032 5499 ιιι
2132 5454 2172 5498 α
2206 5485 2217 5498 .
2295 5456 2338 5498 u
2372 5483 2384 5497 .

1962 5454 2032 5499 III
2068 5454 2217 5499 Λαι.
2251 5454 2384 5499 Jul.

562 5593 706 5646 Cum
731 5587 1083 5643 convenisset
1113 5585 1218 5638 hoc
1250 5587 1509 5639 sanctum
1540 5590 1597 5640 et
1625 5596 1900 5657 magnum
1928 5583 2118 5639 conci-

493 5684 638 5738 lium
681 5663 835 5754 apud
877 5680 1122 5735 Nicaeam
1153 5676 1441 5731 civitatem
1491 5676 1788 5748 provinciae
1822 5679 2120 5751 Bithyniae,

497 5782 707 5832 statuta
733 5776 866 5829 sunt
894 5772 965 5828 ab
992 5773 1073 5826 cis
1103 5772 1223 5826 htec
1265 5788 1394 5843 quae
1444 5770 1593 5826 infra
1635 5774 1842 5845 scripta
1870 5778 2021 5841 sunt,
2054 5788 2125 5828 ex

493 5869 692 5925 Graeco
717 5870 778 5924 in
817 5867 1079 5925 Latinum
1099 5881 1257 5921 versa
1277 5880 1624 5921 sermonem.

2291 5583 2332 5638 I.
2363 5583 2421 5637 Si
2451 5582 2577 5654 quis
2604 5583 2663 5637 in
2693 5585 3031 5656 aegritudine
3074 5587 3162 5640 vel
3209 5603 3241 5641 a
3272 5585 3505 5641 medicis
3532 5588 3720 5639 sectus
3750 5590 3856 5652 est,

2223 5678 2308 5731 vel
2347 5693 2381 5731 a
2419 5677 2674 5731 barbaris
2704 5682 2996 5746 castratus,
3028 5680 3240 5751 placuit
3279 5684 3343 5734 ut
3377 5681 3483 5735 iste
3519 5681 3862 5750 permaneat

2223 5771 2286 5826 in
2312 5772 2483 5826 clero.
2518 5771 2577 5827 Si
2607 5772 2733 5844 quis
2773 5781 2969 5830 autem
3016 5790 3189 5830 sanus
3236 5775 3486 5847 seipsum
3533 5772 3857 5841 abscindat,

2226 5864 2445 5922 etiamsi
2472 5869 2557 5922 est
2580 5866 2639 5922 in
2666 5868 2837 5937 clero,
2874 5884 3093 5923 cessare
3124 5868 3295 5925 debet
3323 5871 3381 5925 et
3409 5884 3475 5926 ex
3500 5867 3607 5924 hoc
3631 5867 3860 5924 nullum
