4058 6332
217 333 317 384 '25?

1452 332 1916 391 DECRETALIUM
1953 330 2340 389 COLLECTIO.

3470 341 3572 394 258

213 439 391 492 talem
423 440 651 508 oportet
675 436 948 493 ordinari.
987 437 1140 495 Sicut
1183 442 1375 494 autem
1402 441 1471 495 de
1503 442 1590 496 his
1627 443 1727 514 qui
1755 443 1845 498 vel
1867 457 1926 529 Α
1949 445 2006 496 et
2029 442 2349 514 Pentapoli,
2378 446 2442 497 ut
2467 443 2888 501 Alexandrinus
2917 446 3213 518 episcopus
3229 444 3432 501 horum
3455 463 3576 500 om-

210 529 596 586 aﬁ'ectaverint
632 530 754 585 haec
800 531 889 586 vel
932 533 1054 587 ausi
1085 539 1218 588 sunt
1247 534 1460 604 seipsos
1496 535 1843 607 abscindere,

210 624 353 692 haec,
384 640 512 695 quas
541 623 797 692 dicimus,
832 629 1042 681 statuta
1082 630 1230 682 sunt.
1267 629 1350 681 lta
1379 628 1424 681 si
1454 628 1551 700 qui
1577 645 1610 684 a
1637 630 1843 684 barba-

211 717 288 771 ris
313 717 460 772 vela
499 717 744 773 dominis
776 718 890 772 suis
934 719 1090 789 secti,
1123 723 1180 774 et
1208 719 1514 791 probabilis
1541 721 1672 776 vitae
1711 722 1842 791 sint,

210 811 354 866 tales
379 811 615 882 suscipit
640 811 1011 866 ecclesiastica
1039 813 1242 884 regula
1269 813 1328 868 in
1355 815 1594 871 clerum.

280 905 346 960 ll.
374 903 660 969 Quoniam
686 907 864 960 multa
891 905 1004 960 sive
1039 922 1144 976 per
1184 907 1600 976 necessitatem,
1629 909 1744 964 sive
1775 924 1844 962 ex

209 1013 551 1069 quacunque
595 1013 767 1053 causa
794 1003 988 1053 contra
1015 998 1273 1070 regulam
1309 1003 1470 1069 gesta
1497 1005 1650 1071 sunt,
1676 1000 1753 1056 ita
1781 1005 1846 1056 ut

208 1091 478 1146 homines
507 1107 574 1145 ex
595 1091 706 1146 vita
732 1092 932 1163 gentili
962 1108 1147 1163 nuper
1173 1092 1362 1148 adhuc
1392 1093 1735 1161 catechizati,
1754 1093 1843 1147 vel

209 1185 454 1240 instituti
482 1184 670 1239 statim
690 1185 762 1240 ad
788 1184 1142 1256 spiritualem
1165 1186 1512 1258 baptismum
1536 1187 1841 1256 venissent,

209 1281 265 1332 et
287 1277 561 1332 continuo
591 1293 720 1332 cum
745 1278 1012 1348 baptizati
1042 1283 1190 1346 sunt,
1227 1278 1399 1333 etiam
1435 1280 1508 1334 ad
1554 1280 1840 1351 episcopa-

208 1375 354 1440 tum,
385 1372 476 1425 vel
519 1372 588 1427 ad
619 1371 1034 1443 presbyterium
1080 1373 1333 1443 provecti
1359 1377 1509 1427 sunt.
1543 1374 1712 1428 Recte
1743 1373 1846 1444 igi-

208 1468 303 1520 tur
327 1465 516 1519 visum
541 1469 625 1520 est
650 1465 720 1519 de
746 1467 955 1520 caetero
987 1465 1129 1520 nihil
1156 1467 1268 1521 tale
1297 1466 1508 1520 debere
1534 1466 1678 1521 ﬁeri.
1703 1468 1843 1521 Nam

210 1563 265 1613 et
292 1564 554 1629 tempore
591 1575 733 1630 opus
763 1563 846 1614 est
888 1564 954 1614 ut
994 1559 1068 1612 sit
1106 1560 1572 1627 catechumenus,
1618 1563 1676 1613 et
1716 1567 1845 1631 post

209 1651 558 1724 baptismum
576 1653 756 1708 multa
781 1653 1120 1723 probatione
1144 1653 1387 1724 indiget.
1417 1653 1659 1708 Evidens
1686 1670 1843 1708 nam-

211 1762 320 1816 que
345 1748 433 1800 est
461 1745 829 1817 apostolicum
851 1751 1203 1819 praeceptum
1231 1747 1422 1800 dicens
1453 1764 1464 1800 :
1500 1768 1526 1795 «
1558 1747 1677 1801 Non
1706 1763 1838 1801 neo-

1945 535 2107 589 nium
2145 535 2356 591 habeat
2397 541 2757 608 potestatem,
2800 539 3074 611 quoniam
3117 539 3350 611 quidem
3374 544 3432 594 et
3457 541 3568 594 Bo-

1945 645 2117 683 mano
2130 629 2394 700 episcopo
2409 631 2599 701 parilis
2609 649 2735 688 mos
2746 636 2848 688 est.
2865 633 3136 689 Similiter
3146 637 3333 688 autem
3353 636 3410 687 et
3421 634 3572 704 apud

1943 721 2302 776 Antiochiam
2333 721 2458 795 60
2487 731 2829 799 cmterasque
2856 726 3174 798 provincias
3216 727 3404 781 honor
3437 742 3573 780 suus

1943 814 2253 885 unicuique
2280 823 2532 871 servetur
2555 820 2830 874 Ecclesiae.
2847 822 2954 874 Per
2973 820 3166 875 omnia
3184 825 3378 874 autem
3394 819 3574 873 mani-

1945 907 2153 961 festum
2196 911 2282 962 est
2323 909 2479 980 quod
2508 911 2551 963 si
2583 911 2710 982 quis
2738 917 2948 984 praeter
2981 913 3329 968 voluntatem
3355 916 3411 966 et
3435 928 3568 966 con-

1946 1000 2244 1054 scientiam
2275 1001 2696 1074 metropolitani
2738 1006 2988 1078 episcopi
3040 1005 3211 1060 fuerit
3253 1005 3566 1069 ordinatus,

1943 1093 2096 1146 hunc
2139 1093 2438 1148 concilium
2484 1111 2760 1166 magnum
2808 1105 2864 1154 et
2906 1102 3162 1153 sanctum
3198 1097 3419 1153 censuit
3451 1113 3568 1151 non

1945 1184 2150 1239 debere
2175 1201 2295 1241 esse
2322 1185 2671 1258 episcopum.
2705 1191 2846 1243 Sane
2891 1190 2938 1243 si
2979 1190 3268 1244 communi
3311 1189 3570 1244 omnium

1943 1293 2218 1332 consensu
2263 1280 2673 1336 rationabiliter
2715 1282 2973 1352 probato,
3025 1284 3334 1337 secundum
3383 1283 3561 1337 eccle-

1943 1370 2223 1426 siasticam
2262 1373 2525 1443 regulam
2560 1374 2672 1429 duo
2704 1376 2794 1429 vel
2835 1379 2948 1430 tres
2989 1375 3348 1430 animositate
3393 1376 3565 1440 ducti,

1943 1480 2045 1535 per
2079 1465 2498 1521 contentionem
2543 1468 2953 1534 contradicant,
3000 1468 3253 1523 obtineat
3289 1469 3564 1538 plurimo-

1943 1573 2073 1611 rum
2100 1559 2442 1613 sententiam
2467 1560 2843 1616 sacerdotum.

2014 1651 2121 1706 νη.
2150 1652 2430 1715 Quoniam
2474 1670 2601 1709 mos
2642 1654 2909 1726 antiquus
2946 1655 3210 1724 obtinuit,
3258 1659 3314 1709 et
3352 1657 3568 1710 vetusta

1941 1743 2171 1798 traditio
2216 1748 2278 1798 ut
2319 1745 2475 1814 Elise,
2522 1747 2583 1801 id
2626 1750 2712 1802 est
2749 1747 3268 1820 Hierosolymorum
3303 1747 3567 1818 episcopo

207 1839 453 1910 phytum
481 1857 554 1893 ne
583 1839 729 1894 forte
759 1840 937 1894 elatus
978 1840 1040 1893 in
1077 1839 1361 1910 judicium
1391 1840 1647 1894 incurrat
1674 1845 1730 1895 et
1758 1841 1839 1895 la-
1863 1831 1919 1904 B
1944 1837 2130 1892 honor
2160 1837 2466 1908 deferatur,
2481 1840 3119 1913 habeatconsequenter
3134 1842 3432 1910 honorem,
3454 1856 3572 1894 ma-

209 1948 423 2003 queum
461 1931 666 1987 diaboli
711 1931 759 2004 (Ι
785 1935 918 1988 Tim.
951 1949 1030 2000 III,
1057 1936 1129 2002 6).
1155 1953 1183 1982 »
1227 1933 1285 1989 Si
1331 1949 1464 1988 vero
1499 1934 1841 2004 procedente

208 2028 471 2097 tempore
502 2025 731 2098 aliquod
761 2029 1061 2097 peccatum
1086 2026 1395 2094 admiserit,
1449 2029 1506 2080 et
1554 2027 1841 2082 convictus

207 2118 430 2174 duobus
460 2119 545 2174 vel
575 2119 757 2174 tribus
796 2119 1032 2174 testibus
1078 2119 1269 2191 fuerit,
1298 2124 1478 2175 cesset
1510 2136 1542 2174 a
1569 2119 1717 2175 clero
1744 2121 1842 2192 qui

207 2212 540 2284 hujusmodi
583 2217 683 2267 est.
718 2211 774 2267 Si
822 2213 946 2283 quis
987 2228 1120 2267 vero
1164 2217 1373 2284 praeter
1396 2213 1518 2268 haec
1544 2213 1695 2284 facit,
1721 2218 1844 2268 tan-

206 2323 381 2378 quam
409 2306 696 2360 contraria
725 2306 947 2360 statutis
989 2307 1166 2361 sancti
1197 2306 1423 2362 concilii
1464 2323 1688 2379 gerens,
1718 2307 1841 2379 ipse

205 2399 620 2470 periclitabitur
650 2399 720 2453 de
749 2403 896 2454 statu
925 2400 1013 2454 sui
1038 2401 1195 2455 cleri.

275 2495 362 2548 Ill.
393 2493 671 2549 Omnibus
699 2492 887 2548 modis
916 2493 1216 2548 interdixit
1244 2499 1437 2550 sancta
1465 2496 1710 2567 synodus
1735 2512 1836 2550 ne-

207 2604 316 2660 que
365 2587 652 2659 episcopo,
698 2602 884 2659 neque
938 2588 1290 2660 presbytero,
1341 2606 1530 2661 neque
1577 2589 1836 2659 diacono,

205 2697 392 2753 neque
440 2680 539 2735 ulli
577 2680 918 2735 clericorum
957 2681 1192 2736 omnino
1220 2681 1390 2737 licere
1415 2682 1624 2738 habere
1649 2699 1840 2738 secum

205 2774 511 2829 mulierem
542 2777 898 2844 extraneam,
930 2773 1037 2829 nisi
1081 2776 1224 2830 forte
1267 2777 1472 2846 mater,
1516 2779 1616 2831 aut
1657 2793 1836 2847 soror,

204 2871 304 2923 aut
329 2867 478 2934 avia,
511 2875 608 2922 aut
635 2867 826 2936 amita,
863 2867 948 2921 vel
980 2871 1282 2923 matertera
1315 2869 1408 2924 sit.
1439 2870 1500 2923 In
1540 2869 1628 2923 his
1672 2886 1835 2924 nam-

205 2977 316 3032 que
342 2960 478 3016 solis
506 2960 784 3032 personis,
814 2965 870 3016 et
909 2961 1114 3016 harum
1159 2961 1436 3017 similibus
1485 2963 1669 3017 omnis
1709 2979 1839 3036 qua:

205 3071 272 3108 ex
304 3054 642 3109 mulieribus
686 3059 769 3109 est
813 3055 1055 3126 suspicio
1109 3055 1442 3124 declinatur,
1497 3057 1597 3128 qui
1646 3062 1838 3112 autem

201 3151 415 3220 praeter
441 3148 567 3202 haec
593 3147 712 3220 agit
737 3148 1090 3219 periclitatur
1119 3149 1189 3204 de
1221 3149 1396 3204 clero.

276 3243 368 3298 IV.
399 3205 756 3313 Episcopum;
785 3245 1011 3313 oportet
1048 3242 1120 3296 ab
1153 3243 1418 3298 omnibus
1461 3242 1757 3316 episcopis,
1791 3242 1839 3299 si
1860 3205 1914 3279 Ο

204 3335 331 3390 ﬁeri
360 3337 569 3406 potest,
599 3335 697 3406 qui
745 3341 876 3390 sunt
915 3335 975 3390 in
1018 3337 1304 3407 provincia
1337 3337 1459 3409 ejus
1484 3337 1750 3394 ordinari.
1781 3339 1839 3394 Si

203 3445 336 3484 vero
357 3429 464 3484 hoc
490 3428 720 3484 difﬁcile
751 3428 943 3497 fuerit,
975 3429 1063 3485 vel
1089 3429 1281 3504 aliqua
1305 3435 1548 3503 urgente
1589 3431 1834 3486 necessi-

202 3526 338 3589 tatc,
386 3522 476 3578 vel
523 3521 746 3578 itineris
792 3521 1175 3594 longitudine,
1220 3527 1373 3579 certe
1423 3527 1538 3580 tres
1590 3524 1838 3596 episcopi

203 3617 414 3672 debent
444 3616 504 3671 in
531 3633 715 3671 unum
740 3633 861 3672 esse
887 3618 1240 3690 congregati,
1276 3616 1355 3673 ita
1379 3622 1447 3672 ut
1471 3618 1642 3674 etiam
1671 3625 1834 3675 caete‘

203 3726 403 3765 rorum
431 3710 530 3781 qui
555 3709 814 3765 absentes
839 3715 972 3766 sunt
991 3727 1333 3766 consensum
1358 3711 1560 3767 litteris
1584 3715 1834 3784 teneant,

204 3808 262 3858 et
287 3803 368 3858 ita
394 3803 611 3859 faciant
638 3803 1069 3860 ordinationem.
1100 3807 1349 3861 Potestas
1391 3822 1527 3861 sane
1555 3797 1658 3862 'vel
1697 3823 1836 3863 con-

203 3897 461 3952 ﬁrmatio
481 3897 791 3969 pertinebit
809 3913 914 3970 per
933 3899 1184 3970 singulas
1199 3899 1524 3970 provincias
1543 3900 1612 3956 ad
1632 3905 1840 3957 metro-

204 3992 528 4063 politanum
554 3991 897 4064 episcopum.

275 4086 338 4140 V.
391 4084 659 4141 Servatur
705 4085 811 4140 ista
863 4086 1160 4158 sententia,
1214 4091 1280 4142 ut
1330 4087 1390 4142 hi
1446 4088 1544 4160 qui
1594 4089 1664 4143 ab
1716 4087 1839 4143 aliis

206 4178 779 4235 excommunicantur
815 4180 887 4235 ab
925 4181 1048 4235 aliis
1091 4180 1165 4236 ad
1209 4183 1673 4238 communionem
1723 4198 1840 4237 non

206 4273 576 4344 recipiantur.
601 4272 943 4344 Requiratur
965 4290 1102 4329 sane
1123 4274 1168 4328 si
1189 4274 1335 4330 forte
1357 4275 1552 4347 aliqua
1576 4275 1840 4347 indignas

206 4366 381 4434 tione,
437 4370 538 4420 aut
586 4368 964 4436 contentione,
1011 4371 1112 4423 aut
1154 4369 1404 4439 qualibet
1459 4370 1838 4424 commotione

207 4459 457 4530 episcopi
497 4459 584 4514 sui
629 4461 1099 4518 excommunicati
1121 4462 1251 4517 sint.
1270 4464 1338 4517 Ut
1359 4479 1496 4534 ergo
1523 4463 1695 4535 digna
1719 4464 1839 4518 haec

1941 1932 2113 1986 nente
2145 1935 2334 1987 tamen
2365 1933 2820 2004 metropolitanaa
2847 1934 3089 1990 civitatis
3117 1934 3347 2006 propria
3376 1933 3565 2004 digni-

1939 2029 2077 2104 tate.

2013 2119 2144 2173 VIII.
2178 2119 2234 2174 Si
2257 2119 2355 2191 qui
2380 2119 2659 2175 voluerint
2688 2119 2878 2176 venire
2923 2121 2995 2176 ad
3025 2121 3328 2177 Ecclesiam
3375 2122 3561 2176 catho-

1941 2210 2109 2266 licam
2134 2228 2199 2268 ex
2225 2213 2570 2280 Novatianis,
2596 2214 2803 2285 placuit
2826 2219 3022 2270 sancto
3058 2215 3291 2269 concilio
3321 2217 3386 2268 ut
3411 2213 3565 2268 ordi-

1939 2311 2152 2360 nentur
2181 2310 2238 2361 et
2263 2306 2341 2360 sic
2369 2311 2638 2361 maneant
2680 2307 2734 2361 in
2782 2309 2950 2364 clero.
2979 2311 3125 2363 Ante
3153 2307 3348 2363 omnia
3373 2313 3568 2362 autem

1940 2399 2087 2454 hanc
2126 2399 2374 2454 habeant
2417 2401 2855 2472 confessionem,
2887 2417 3056 2473 quam
3084 2418 3189 2472 per
3217 2401 3569 2472 Scripturam

1940 2493 2092 2564 exigi
2132 2497 2374 2564 oportet,
2418 2497 2485 2547 ut
2527 2495 2816 2549 fateantur
2860 2511 2918 2549 se
2961 2495 3252 2550 communi
3295 2510 3566 2549 consensu

1939 2585 2229 2641 catholicae
2255 2586 2511 2641 Ecclesiae
2536 2591 2744 2642 statuta
2769 2587 3177 2656 observaturos,
3208 2587 3263 2642 id
3289 2593 3376 2642 est
3403 2603 3562 2642 com-

1940 2679 2326 2734 municaturos
2367 2695 2448 2750 se,
2480 2682 2537 2734 et
2580 2680 2668 2734 his
2697 2680 2795 2752 qui
2829 2681 2974 2737 forte
3017 2681 3294 2736 secundas
3339 2680 3590 2752 nuptias-

1941 2773 2156 2844 experti
2181 2777 2332 2840 sunt,
2361 2773 2451 2827 vel
2478 2773 2567 2827 his
2595 2773 2693 2844 qui
2719 2774 3122 2845 persecutionis
3144 2779 3397 2844 tempore
3422 2772 3565 2844 lapsi

1940 2869 2090 2937 sunt,
2132 2867 2338 2938 quibus
2390 2871 2584 2922 tamen
2635 2867 2804 2939 lapsis
2861 2868 3212 2938 poenitentia:
3261 2869 3463 2923 modus
3511 2872 3569 2921 et

1939 2964 2165 3031 tempus
2200 2959 2509 3032 ascriptum
2537 2964 2642 3029 est,
2671 2966 2736 3016 ut
2760 2961 2821 3016 in
2851 2962 3113 3016 omnibus
3153 2967 3468 3034 sequantur
3502 2978 3567 3016 ea

1938 3070 2066 3124 quae
2115 3053 2174 3107 in
2225 3054 2469 3110 Ecclesia
2513 3054 2791 3110 catholica
2832 3055 3220 3110 observantur.
3272 3057 3343 3111 Et
3387 3054 3564 3110 sicubi

1937 3146 2113 3201 iidem
2138 3147 2248 3218 ipsi
2273 3148 2489 3202 fuerint
2517 3147 2752 3216 inventi,
2785 3148 2900 3204 sive
2916 3149 2976 3204 in
2993 3149 3126 3204 vicis
3141 3165 3242 3204 seu
3257 3149 3316 3205 in
3330 3148 3566 3204 urbibus

1938 3240 2126 3297 clerici
2154 3241 2397 3297 ordinati
2439 3258 2473 3295 a
2510 3241 2818 3310 catholicis,
2863 3241 2940 3297 sic
2983 3242 3154 3298 etiam
3179 3243 3238 3298 in
3267 3243 3417 3298 clero
3444 3258 3570 3314 per-

1937 3334 2155 3402 sistant,
2194 3334 2579 3406 unusquisque
2607 3339 2802 3389 tamen
2842 3334 2904 3389 in
2945 3351 3046 3390 suo
3090 3336 3310 3391 ordine.
3347 3336 3403 3391 Si
3429 3351 3565 3390 vero

1938 3427 2239 3500 episcopus
2263 3428 2352 3481 vel
2382 3427 2676 3499 presbyter
2703 3428 2995 3483 catholicae
3020 3429 3282 3484 Ecclesia:
3303 3429 3479 3484 fuerit
3492 3429 3564 3483 ad

1937 3537 2110 3593 quem
2139 3520 2314 3592 aliqui
2352 3535 2416 3576 ex
2442 3521 2530 3575 his
2553 3521 2844 3584 accedunt,
2884 3524 3106 3576 certum
3138 3527 3224 3576 est
3256 3521 3414 3593 quod
3440 3521 3562 3592 epi-

1938 3630 2136 3686 scopus
2162 3613 2396 3686 quidem
2424 3613 2728 3668 catholicus
2752 3629 2912 3669 suam
2937 3614 3150 3669 habeat
3200 3613 3562 3685 dignitatem.

1937 3707 2205 3764 Similiter
2239 3712 2432 3762 autem
2477 3707 2790 3780 presbyteri
2835 3712 2892 3763 et
2931 3707 3155 3763 diaconi
3182 3707 3454 3762 habeant.
3498 3707 3564 3762 Hi

1936 3818 2073 3857 vero
2100 3801 2197 3874 qui
2223 3801 2295 3856 ab
2331 3800 2452 3857 istis
2479 3800 2736 3869 veniunt,
2772 3799 2818 3855 si
2849 3801 2995 3856 forte
3036 3800 3335 3874 episcopus
3372 3800 3564 3868 fuerit,

1938 3896 2148 3952 habeat
2171 3895 2470 3951 sacerdotii
2500 3895 2855 3967 dignitatem,
2883 3894 2991 3950 nisi
3034 3895 3178 3950 forte
3204 3895 3426 3967 placeat
3451 3894 3566 3966 epi-

1938 4006 2108 4062 scopo
2135 3989 2406 4044 catholico
2444 3989 2754 4044 concedere
2793 3989 2848 4044 ei
2892 3990 3065 4044 etiam
3109 3989 3446 4061 episcopalis
3470 4005 3568 4044 no-

1938 4084 2112 4139 minis
2137 4083 2442 4154 honorem,
2493 4083 2552 4138 Si
2595 4099 2726 4139 vero
2765 4099 2883 4139 non
2925 4083 3201 4155 placuerit
3230 4082 3478 4139 inveniat
3515 4083 3570 4138 ei

1938 4178 2147 4247 locum,
2182 4183 2243 4233 ut
2281 4177 2352 4232 sit
2387 4178 2446 4232 in
2476 4177 2743 4250 parochia
2784 4177 3173 4250 coepiscOpus,
3206 4181 3306 4232 aut
3330 4177 3390 4232 in
3417 4177 3567 4233 clero

1938 4273 2257 4344 presbyter,
2307 4277 2363 4327 et
2405 4271 2464 4326 in
2505 4271 2728 4329 civitate
2770 4288 2888 4326 una
2942 4287 3054 4326 non
3105 4271 3402 4326 videantur
3452 4271 3566 4326 duo

1939 4366 2186 4437 episcopi
2211 4381 2353 4435 esse,
2380 4369 2437 4420 et
2462 4364 2558 4419 ille
2587 4364 2916 4420 omnimode
2941 4364 3003 4420 in
3032 4365 3182 4420 clero
3225 4380 3566 4437 permanere

1938 4459 2214 4515 videatur.

209 4553 427 4624 possint
454 4553 875 4610 examinatione
904 4555 1160 4627 perquiri
1188 4561 1341 4611 recte
1380 4557 1565 4612 visum
1594 4555 1707 4625 est,
1736 4573 1917 4656 perD
2010 4553 2094 4608 IX.
2125 4552 2182 4608 Si
2211 4552 2308 4623 qui
2340 4553 2458 4608 sine
2505 4552 2919 4609 examinatione
2955 4553 3200 4625 promoti
3247 4552 3567 4625 presbyteri

209 4646 463 4718 singulos
491 4663 692 4716 annos,
736 4647 795 4702 in
838 4647 1075 4719 singulis
1116 4649 1421 4720 provinciis
1456 4650 1542 4704 bis
1585 4651 1646 4705 in
1687 4665 1836 4706 anno

211 4739 607 4812 episcoporum
631 4741 937 4797 concilium
956 4742 1104 4812 ﬁeri,
1126 4746 1191 4797 ut
1209 4743 1377 4798 simul
1407 4744 1467 4798 in
1494 4760 1676 4799 unum
1708 4761 1839 4800 con-

210 4833 501 4890 venientes
525 4851 597 4890 ex
623 4836 915 4891 communi
943 4837 1235 4908 provincia
1274 4837 1599 4909 hujusmodi
1631 4839 1839 4894 exami-

209 4930 344 4982 nent
368 4928 737 5000 quaestiones,
766 4933 832 4984 ut
871 4929 950 4984 ita
993 4931 1226 4986 demum
1271 4931 1332 4986 hi
1384 4931 1482 5003 qui
1525 4931 1598 4987 ob
1644 4932 1838 5004 culpas

211 5037 336 5076 suas
363 5021 766 5093 episcoporum
793 5040 1026 5079 suorum
1057 5025 1303 5081 offensas
1323 5027 1531 5081 merito
1553 5030 1841 5081 contraxe-

210 5117 342 5170 runt
368 5115 544 5187 digne
576 5116 748 5171 etiam
771 5135 805 5171 a
830 5119 1047 5174 caeteris
1076 5120 1548 5175 excommunicati
1580 5119 1841 5175 similiter

210 5207 547 5278 habeantur,
575 5226 870 5283 quousque
914 5212 973 5267 in
1015 5213 1302 5270 communi
1330 5216 1416 5270 vel
1442 5215 1547 5287 ipsi
1577 5215 1839 5287 episcopo

211 5318 310 5356 suo
328 5303 516 5358 visum
534 5304 707 5360 fuerit
724 5306 1125 5362 humaniorem
1151 5308 1297 5363 circa
1318 5325 1416 5364 eos
1441 5310 1593 5364 ferre
1620 5313 1841 5365 senten-

210 5395 364 5452 tiam.
413 5398 698 5453 Habeatur
740 5405 930 5456 autem
974 5402 1148 5458 semel
1197 5403 1501 5458 concilium
1545 5409 1678 5458 ante
1722 5403 1840 5459 dies

209 5488 696 5564 Quadragesimas,
740 5497 807 5548 ut
846 5496 1130 5564 omnibus,
1173 5495 1218 5550 si
1246 5513 1374 5568 quae
1401 5501 1552 5566 sunt,
1581 5498 1838 5553 simulta-

204 5585 353 5640 tibus
365 5587 700 5659 amputatis,
714 5589 1001 5644 mundum
1027 5590 1284 5646 solemne
1306 5593 1419 5647 Deo
1443 5609 1648 5648 munus
1663 5592 1840 5665 possit

207 5677 422 5735 offerri.
475 5680 805 5738 Secundum
846 5699 984 5739 vero
1029 5689 1230 5756 agatur
1280 5687 1427 5741 circa
1475 5690 1701 5759 tempus
1748 5703 1843 5742 au-

209 5773 418 5830 tumni.

279 5867 368 5926 Vl.
394 5868 511 5925 Mos
539 5869 804 5944 antiquus
832 5872 1104 5945 perduret
1127 5874 1186 5930 in
1215 5876 1478 5950 Egypto,
1520 5878 1610 5934 vel
1650 5877 1841 5952 Libya,

623 5969 893 6036 PATROI..
947 5973 1172 6036 CXXX.

1939 4650 2090 4717 sunt,
2136 4651 2192 4702 et
2236 4651 2437 4718 postea
2495 4645 2821 4713 examinati,
2877 4647 3117 4701 confessi
3163 4649 3297 4701 sunt
3332 4650 3567 4717 peccata

1939 4756 2062 4810 sua,
2091 4745 2148 4796 et
2168 4755 2300 4795 cum
2342 4740 2580 4795 confessi
2622 4739 2882 4808 fuissent,
2915 4745 3109 4794 contra
3153 4738 3415 4810 regulam
3464 4754 3563 4793 ve-

1939 4835 2158 4890 nientes
2207 4833 2468 4889 homines
2513 4847 2719 4889 manus
2769 4832 2849 4888 eis
2889 4837 3104 4889 temere
3151 4831 3563 4905 imposuerunt,

1939 4930 2041 4984 hos
2091 4929 2493 4984 ecclesiasticus
2546 4928 2686 4984 ordo
2737 4943 2854 4982 non
2907 4927 3130 4999 recipit.
3189 4928 3250 4982 In
3303 4927 3568 4983 omnibus

1939 5024 2092 5080 enim
2123 5024 2275 5096 quod
2300 5023 2797 5096 irreprehensibile
2827 5027 2912 5078 est
2939 5021 3196 5077 defendit
3219 5021 3480 5078 Ecclesia.

2010 5119 2071 5173 Χ.
2129 5117 2463 5190 Quicunque
2511 5134 2582 5172 ex
2634 5115 2803 5188 lapsis
2851 5131 2954 5186 per
3000 5115 3384 5187 ignorantiam
3435 5121 3571 5171 sunt

1942 5212 2206 5282 ordinati,
2233 5212 2323 5268 vel
2348 5216 2741 5284 contemptum
2783 5225 2984 5266 eorum
3015 5211 3113 5282 qui
3144 5227 3243 5266 eos
3271 5209 3568 5267 ordinave-

1939 5311 2094 5375 runt,
2117 5307 2226 5361 hoc
2253 5323 2370 5361 non
2395 5306 2728 5378 praejudicat
2754 5304 2967 5376 regulae
3001 5304 3412 5376 ecclesiasticae,
3439 5321 3568 5360 cum

1941 5400 2096 5456 enim
2120 5405 2474 5472 compertum
2504 5399 2677 5455 fuerit
2703 5399 3082 5474 deponantur.

2013 5495 2096 5549 Xl.
2127 5495 2341 5550 Placuit
2382 5497 2594 5549 sanctae
2633 5495 2869 5566 synodo,
2899 5494 3031 5549 licet
3054 5493 3283 5567 indigni
3321 5495 3434 5551 sint
3469 5493 3571 5549 mi-

1941 5588 2284 5661 sericordias,
2330 5594 2524 5644 tamen
2574 5587 2787 5661 aliquid
2843 5588 2988 5644 circa
3051 5605 3148 5645 eos
3202 5587 3571 5644 humanitatis

1944 5683 2184 5740 ostendi.
2212 5683 2268 5739 Si
2287 5698 2431 5756 quos
2465 5699 2601 5755 ergo
2625 5699 2696 5739 ex
2717 5682 2910 5739 animo
2935 5683 3173 5756 panitet
3198 5682 3375 5737 tribus
3405 5678 3571 5735 annis

1944 5779 2092 5834 inter
2118 5778 2460 5852 poenitentes
2499 5778 2834 5835 habeantur.
2867 5778 2924 5834 Si
2954 5781 3146 5832 tamen
3186 5774 3380 5830 fideles
3416 5779 3571 5843 sunt,

1946 5879 2163 5948 septem
2206 5873 2370 5930 annis
2417 5874 2538 5930 aliis
2587 5873 2737 5930 inter
2785 5871 3128 5946 poenitentes
3175 5869 3310 5938 sint,
3355 5867 3577 5924 duobus

3140 5973 3178 6029 9
