4058 6300
490 301 592 353 259

1366 291 1648 349 APPEND.
1691 292 1778 347 AD
1817 291 1980 346 S£C.
2022 290 2108 344 IX.
2138 317 2205 328 —
2235 287 2470 343 ISIDORI
2511 285 2938 343 MERCATORIS

3744 283 3850 336 260

473 411 680 482 autem
706 402 870 458 annis
907 402 1061 458 idem
1098 399 1219 456 sine
1263 401 1547 456 oblatione
1590 400 1649 454 in
1682 399 1942 455 oratione
1991 399 2109 453 sola
2129 397 2442 482 Afuerint,
2491 413 2608 452 non
2655 396 2864 452 debent
2910 393 3114 466 suscipi
3157 395 3218 449 in
3260 392 3531 461 Ecclesia,
3563 391 3662 446 sed
3711 407 3847 445 cum

490 497 832 570 participent
873 497 1109 568 populo.
1157 495 1212 552 Si
1259 495 1354 566 qui
1397 511 1550 563 vero,
1587 510 1688 565 per
1728 493 1830 548 Dei
1869 493 2116 564 gratiam

488 591 672 647 vocati
698 591 885 662 primo
913 590 1143 662 quidem
1178 589 1546 644 ostenderunt
1576 587 1750 641 ﬁdem
1789 603 1970 654 suam,
2015 588 2114 643 de-

490 686 674 756 posito
702 684 919 739 militia:
945 683 1190 755 cingulo,
1223 685 1352 754 post
1373 682 1493 735 haec
1514 686 1707 736 autem
1730 680 1801 735 ad
1819 681 2115 752 proprium

490 779 773 834 vomitum
798 777 1009 832 reversi
1037 779 1187 843 sunt,
1218 779 1282 830 ut
1307 780 1362 830 et
1387 774 1658 846 pecunias
1683 774 1886 828 darent
1909 777 1967 829 et
1995 791 2113 834 am,-

409 878 416 884 '
489 871 680 927 birent
708 871 892 926 redire
928 886 1154 924 rursum
1186 869 1260 923 ad
1289 868 1573 937 militiam,
1604 867 1696 922 isti
1729 867 1927 923 decem
1957 868 2118 922 annis

491 966 606 1019 sint
633 965 785 1018 inter
812 963 1170 1034 pcenitentes,
1214 964 1340 1033 post
1371 961 1626 1033 primum
1665 961 1978 1015 triennium
2003 978 2116 1033 quo

488 1057 717 1125 fuerint,
745 1057 892 1112 inter
921 1049 1236 1122 audientes,
1269 1053 1339 1108 ab
1359 1055 1622 1109 omnibus
1647 1070 1777 1109 vero
1805 1054 1945 1110 illud
1970 1071 2109 1126 prae-

490 1151 654 1222 cipue
675 1150 1022 1217 observetur,
1053 1154 1114 1204 ut
1135 1148 1362 1203 animus
1387 1163 1584 1202 eorum
1611 1150 1668 1202 et
1694 1147 1910 1202 fructus
1935 1147 2115 1219 paeni-

487 1243 681 1298 tentia:
723 1243 1075 1299 observetur.
1125 1240 1462 1311 Quicunque
1494 1241 1648 1296 enim
1689 1257 1818 1295 cum
1850 1240 2006 1296 omni
2041 1241 2122 1295 ti-v

490 1353 652 1392 more
685 1342 742 1393 et
764 1335 1032 1408 lacrymis
1071 1333 1562 1407 perseverantibus
1583 1339 1641 1389 et
1664 1333 1927 1405 operibus
1953 1334 2118 1389 bonis

488 1429 976 1486 conversationem
1020 1445 1184 1484 suam
1229 1444 1344 1482 non
1388 1428 1571 1483 verbis
1614 1428 1762 1495 solis,
1805 1427 1902 1482 sed
1944 1438 2127 1499 opere’

491 1529 546 1579 et
560 1523 803 1578 veritate
818 1523 1229 1591 demonstrant,
1250 1541 1378 1578 cum
1397 1527 1623 1594 tempus
1641 1525 1919 1579 statutum
1942 1522 2117 1577 etiam

489 1616 558 1670 ab
586 1617 675 1670 his
701 1615 877 1670 fuerit
899 1616 1221 1688 impletum,
1245 1623 1303 1674 et
1322 1617 1671 1673 orationibus
1684 1617 1809 1687 jam
1825 1619 2121 1687 coeperunt

489 1709 926 1778 communicare,
951 1708 1142 1764 licebit
1159 1712 1330 1766 etiam
1352 1710 1614 1783 episcopo
1643 1710 1955 1783 humanius
1974 1707 2119 1763 circa

2215 491 2370 546 omni
2399 490 2737 546 necessitate
2758 493 3054 560 cogantur,
3078 491 3144 544 ut
3168 488 3404 543 redeant
3435 485 3508 540 ad
3538 484 3851 539 Ecclesiam

2215 601 2394 652 suam,
2443 584 2596 657 quod
2641 583 2688 638 si
2716 581 3159 656 permanserint,
3205 579 3702 637 excommunicare
3751 593 3852 632 eos

2215 681 2458 750 oportet.

2286 771 2437 825 XVII.
2495 769 2552 824 Si
2616 769 2742 840 quis
2803 785 2972 824 ausus
3041 766 3214 823 fuerit
3281 765 3553 837 aliquem,
3616 763 3716 834 qui
3776 762 3852 816 ad

2217 865 2459 918 alterum
2484 862 2753 934 pertinet,
2782 863 3042 918 ordinare
3068 861 3129 916 in
3159 877 3260 916 sua
3281 859 3545 925 Ecclesia,
3575 873 3704 912 cum
3734 873 3851 910 non

2215 956 2428 1012 habeat
2448 971 2787 1011 consensum
2815 955 3066 1027 episcopi
3089 953 3267 1025 ipsius
3294 970 3328 1008 a
3346 969 3461 1024 quo
3484 949 3714 1006 recessit
3737 949 3850 1004 cle-

2216 1049 2382 1120 ricus,
2415 1049 2578 1104 irrita
2602 1048 2711 1104 erit
2739 1047 3068 1119 hujusmodi
3097 1046 3404 1102 ordinatio.

2287 1144 2464 1199 XVIII.
2492 1142 2773 1207 Quoniam
2803 1142 2971 1196 multi
3009 1139 3217 1208 clerici,
3245 1139 3492 1194 avaritia:
3537 1153 3710 1192 causa
3736 1140 3854 1191 tur-

2217 1236 2311 1308 pia
2334 1236 2489 1291 lucra
2509 1238 2806 1304 sectantes,
2831 1234 2991 1291 obliti
3017 1238 3148 1289 sunt
3173 1233 3347 1288 divini
3375 1231 3665 1303 praecepti,
3698 1230 3855 1302 quod

2218 1331 2434 1386 dictum
2465 1334 2567 1396 est,
2597 1329 2694 1401 qui
2721 1329 3020 1400 pecuniam
3053 1343 3217 1383 suam
3261 1342 3378 1381 non
3427 1325 3585 1380 dedit
3615 1325 3688 1380 ad
3717 1341 3850 1378 usu-

2217 1440 2366 1491 ram,
2416 1424 2736 1478 fenerantes
2789 1421 3124 1477 centesimas
3170 1419 3432 1491 exigant,
3495 1417 3689 1473 statuit
3740 1418 3854 1472 hoc

2218 1522 2472 1572 sanctum
2501 1516 2821 1584 concilium,
2850 1515 2897 1569 si
2925 1515 3052 1587 quis
3077 1514 3346 1568 inventus
3362 1513 3534 1567 fuerit
3550 1513 3680 1583 post
3705 1511 3854 1565 hanc

2219 1610 2608 1665 deﬁnitionem
2650 1626 2852 1664 usuras
2895 1608 3171 1680 accipere,
3220 1607 3307 1663 vel
3353 1623 3424 1661 ex
3467 1605 3721 1677 quolibet
3752 1604 3856 1659 tali

2217 1705 2448 1775 negotio
2485 1703 2677 1776 turpia
2720 1703 2875 1758 lucra
2918 1702 3142 1773 sectari,
3170 1700 3260 1756 vel
3290 1699 3460 1755 etiam
3485 1699 3704 1771 species
3727 1698 3852 1753 fru-

491 1818 586 1856 eos
613 1801 825 1874 aliquid
852 1803 1129 1874 cogitare.
1158 1804 1268 1868 Qui
1294 1781 1428 1859 vero
1457 1781 1854 1858 indifferenter
1897 1801 2114 1857 habue-
2136 1781 2195 1853 B
2217 1801 2543 1853 mentorum
2587 1797 2661 1852 ad
2704 1797 3027 1868 sextuplum
3069 1796 3227 1866 dare,
3259 1793 3445 1848 omnis
3483 1792 3580 1864 qui
3607 1792 3717 1848 tale
3755 1792 3855 1846 ali-

490 1895 607 1949 rint
629 1894 874 1966 lapsum,
905 1900 962 1950 et
987 1896 1246 1952 sufﬁcere
1285 1897 1389 1952 sibi
1429 1897 1580 1968 quod
1607 1895 1912 1951 Ecclesiam
1938 1895 2115 1949 intro-

489 1987 680 2043 ierunt
702 1988 1070 2059 arbitrantur,
1117 1990 1207 2045 isti
1254 1989 1590 2046 omnimodo
1615 1994 1876 2060 tempora
1909 1991 2120 2044 statuta

488 2080 874 2152 complebunt.

557 2175 665 2229 Xll.
694 2175 773 2229 De
798 2175 888 2230 his
915 2189 1050 2232 vero
1097 2175 1198 2248 qui
1243 2175 1520 2232 recedunt
1567 2193 1634 2232 ex
1673 2191 1936 2248 corpore,
1972 2173 2116 2230 anti-

489 2281 617 2339 quae
640 2268 784 2340 legis
826 2271 1026 2341 regula
1055 2271 1448 2326 observabitur
1477 2270 1653 2326 etiam
1679 2287 1851 2340 nunc,
1879 2271 1958 2325 ita
1984 2273 2050 2324 ut
2073 2269 2118 2323 si

488 2361 631 2417 forte
672 2362 796 2433 quis
840 2363 1060 2418 recedit
1104 2381 1168 2419 ex
1220 2381 1474 2435 corpore,
1507 2363 1825 2419 necessaria
1847 2362 1976 2418 vitas
2005 2379 2119 2418 suae

486 2453 689 2510 viatico
732 2472 849 2511 non
895 2456 1284 2536 defraudatur,
1313 2457 1462 2529 quod
1491 2457 1537 2512 si
1564 2458 1892 2529 desperatus
1917 2457 2120 2529 aliquis

486 2552 716 2621 recepta
746 2551 1151 2606 communione
1183 2551 1582 2622 supervixerit,
1615 2552 1688 2605 sit
1712 2551 1863 2605 inter
1900 2567 1996 2605 eos
2022 2550 2120 2622 qui

485 2643 606 2700 sola
635 2643 888 2698 oratione
914 2644 1359 2700 communicant.
1407 2646 1483 2700 De
1521 2644 1785 2700 omnibus
1813 2647 2006 2700 tamen
2035 2644 2122 2698 his

489 2737 586 2808 qui
610 2753 644 2791 a
672 2753 909 2809 corpore
933 2738 1222 2805 recedunt,
1250 2739 1308 2792 in
1335 2739 1612 2792 tradendo
1645 2738 1728 2792 eis
1763 2738 2118 2793 communio-

488 2847 626 2885 nem
658 2833 714 2885 et
744 2848 877 2885 cura
905 2835 962 2885 et
988 2830 1250 2902 probatio
1279 2831 1350 2885 sit
1372 2831 1641 2902 episcopi.

559 2918 691 2975 XIII.
729 2918 946 2973 Placuit
994 2919 1100 2974 hoc
1151 2925 1344 2973 sancto
1401 2922 1460 2973 et
1501 2935 1713 2991 magno
1763 2920 2004 2974 concilio
2049 2919 2121 2974 de

490 3011 914 3067 catechumenis
959 3012 1057 3083 qui
1098 3012 1240 3083 lapsi
1269 3015 1422 3079 sunt,
1469 3015 1532 3066 ut
1577 3012 1757 3066 tribus
1782 3012 1945 3066 annis
1974 3013 2124 3068 inter

492 3105 787 3160 audientes
815 3104 1053 3160 verbum
1083 3105 1196 3160 sint
1220 3105 1644 3173 tantummodo,
1677 3110 1806 3176 post
1837 3106 1960 3161 haec
1987 3121 2120 3162 vero

491 3204 655 3254 orent
673 3214 804 3254 cum
831 3199 1276 3255 catechumenis.

563 3291 693 3349 XIV.
728 3293 988 3349 Pervenit
1037 3292 1112 3348 ad
1163 3295 1422 3348 sanctum
1472 3291 1775 3347 concilium
1830 3291 2005 3364 quod,
2058 3291 2120 3346 in

491 3385 628 3443 locis
672 3386 1010 3459 quibusdam
1055 3389 1113 3442 et
1153 3385 1494 3455 civitatibus,
1545 3386 1886 3457 presbyteris
1939 3402 2120 3441 sacra-

495 3485 688 3538 menta
716 3479 944 3536 diaconi
969 3478 1284 3552 porrigant,
1315 3481 1422 3535 hoc
1454 3497 1641 3552 neque
1674 3481 1892 3551 regula,
1939 3495 2124 3552 neque

490 3575 838 3630 consuetudo
863 3574 1099 3630 tradidit
1124 3578 1190 3629 ut
1208 3573 1267 3628 hi
1293 3573 1390 3646 qui
1417 3573 1692 3630 oﬁ'erendi
1719 3574 1978 3630 sacriﬁcii
2005 3590 2124 3629 non

490 3670 705 3724 habent
731 3670 1092 3741 potestatem,
1139 3669 1229 3724 his
1273 3668 1371 3740 qui
1407 3667 1656 3723 offerunt
1679 3685 1886 3739 corpus
1915 3667 2124 3722 Christi

491 3761 804 3833 porrigant,
833 3762 930 3818 sed
968 3765 1024 3817 et
1067 3762 1208 3816 illud
1252 3761 1505 3816 innotuit
1545 3761 1697 3832 quod
1736 3761 1970 3831 quidem
2009 3760 2128 3816 dia-

495 3871 668 3910 cones
696 3855 865 3909 etiam
895 3859 1027 3910 ante
1055 3853 1354 3925 episcopos
1385 3856 1742 3909 sacramenta
1771 3857 2018 3908 sumunt.

566 3949 694 4003 Haec
737 3947 932 4002 omnia
981 3950 1354 4018 amputentur
1401 3951 1459 4002 et
1493 3946 1770 4018 accipiant
1812 3947 2126 4003 secundum

497 4042 758 4098 ordinem
785 4043 912 4112 post
940 4040 1298 4113 presbyteros
1340 4040 1410 4095 ab
1442 4040 1705 4112 episcopo
1730 4042 1819 4096 vel
1845 4057 1880 4096 a
1903 4042 2128 4114 presby-

498 4138 621 4190 tero
651 4148 869 4189 sacram
915 4133 1391 4190 communionem.
1442 4134 1608 4199 Quod
1654 4132 1700 4189 si
1733 4151 1847 4190 non
1874 4134 2046 4190 fuerit
2066 4135 2128 4190 in

498 4228 769 4300 prasenti
791 4228 879 4283 vel
907 4227 1206 4300 episcopus
1232 4229 1318 4283 vel
1347 4228 1661 4302 presbyter,
1696 4231 1832 4284 tunc
1860 4228 1966 4300 ipsi
1993 4244 2124 4300 pro-

498 4322 686 4377 ferant
714 4323 772 4376 et
797 4321 990 4377 edant.
1022 4321 1133 4377 Sed
1160 4338 1262 4378 nec
1286 4322 1485 4378 sedere
1513 4322 1744 4394 quidem
1775 4323 1908 4378 licet
1931 4322 1990 4377 in
2014 4338 2131 4378 me-

500 4415 594 4470 dio
639 4413 1102 4486 presbyterorum
1151 4414 1438 4472 diacones.
1491 4416 1547 4472 Si
1595 4415 1722 4487 quis
1773 4421 1963 4472 autem
2014 4432 2129 4471 non

2142 3159 2198 3233 C

2219 1891 2358 1964 quid
2393 1895 2626 1946 conatus
2650 1891 2826 1946 fuerit
2849 1890 2920 1944 ad
2947 1893 3228 1961 quaestum
3263 1886 3560 1958 dejiciatur
3599 1903 3632 1940 a
3673 1885 3852 1956 clero,

2218 1989 2276 2041 et
2305 1984 2524 2040 alienus
2553 1985 2624 2040 ab
2651 1983 3028 2039 ecclesiastico
3051 1982 3333 2036 habeatur
3357 1981 3560 2052 gradu.

2288 2077 2418 2133 XIX.
2447 2077 2503 2133 Si
2531 2077 2658 2150 quis
2689 2075 2950 2147 confugit
2973 2075 3044 2130 ad
3068 2073 3372 2129 Ecclesiam
3409 2072 3747 2128 catholicam
3780 2071 3854 2126 de

2219 2170 2570 2226 Paulianistis
2597 2174 2654 2226 et
2677 2167 3040 2241 Ca'taphrigis
3069 2170 3343 2223 statutum
3389 2168 3474 2222 est
3514 2165 3855 2237 rebaptizari

2219 2281 2316 2321 eos
2360 2264 2588 2320 debere.
2620 2263 2677 2319 Si
2705 2263 2803 2336 qui
2830 2278 2965 2318 vero
3003 2261 3190 2317 clerici
3221 2264 3384 2315 erant
3424 2259 3575 2331 apud
3619 2275 3738 2329 eos,
3788 2258 3856 2313 si-

2220 2358 2452 2431 quidem
2480 2357 2752 2429 inculpati
2791 2355 3009 2410 fuerint
3037 2357 3096 2409 et
3120 2352 3664 2425 irreprehensibiles,
3697 2352 3858 2408 reba-

2219 2451 2412 2524 ptizati
2437 2467 2634 2506 rursus
2664 2450 2837 2505 etiam
2867 2448 3207 2504 ordinentur
3245 2448 3315 2501 ab
3363 2446 3628 2518 episcopo
3672 2447 3858 2502 Eccle-

2220 2545 2317 2601 siae
2345 2545 2656 2601 catholicae.
2683 2543 2741 2600 Si
2766 2559 2902 2598 vero
2929 2541 3244 2597 examinati
3273 2540 3463 2595 minus
3493 2539 3710 2595 fuerint
3735 2540 3859 2612 apti

2222 2639 2584 2711 deprehensi,
2614 2637 2826 2710 deponi
2861 2653 2960 2692 eos
3004 2637 3245 2707 oportet.
3279 2633 3550 2691 Similiter
3575 2638 3770 2690 autem
3801 2637 3861 2689 et

2221 2732 2371 2788 circa
2400 2733 2666 2788 diacones
2707 2736 2764 2786 et
2810 2731 2880 2785 de
2930 2729 3195 2785 omnibus
3222 2728 3319 2800 qui
3360 2728 3423 2783 in
3461 2728 3663 2783 eodem
3698 2727 3856 2783 clero

2220 2825 2611 2893 inveniuntur,
2641 2825 2840 2880 eadem
2858 2824 3052 2878 forma.
3069 2821 3405 2878 servabitur.
3426 2822 3854 2877 Commemora-

2220 2919 2405 2974 vimus
2429 2921 2622 2975 autem
2650 2917 2992 2974 diaconissas
3014 2933 3143 2988 quae
3171 2916 3231 2970 in
3250 2915 3357 2970 hoc
3385 2914 3587 2970 ordine
3612 2915 3858 2970 inventa:

2222 3017 2373 3081 sunt,
2389 3029 2518 3084 quas
2529 3029 2633 3067 nec
2653 3028 2858 3067 manus
2877 3009 3305 3082 impositionem
3320 3009 3569 3080 aliquam
3583 3008 3856 3077 habeant,

2222 3109 2286 3161 ut
2311 3106 2641 3161 omnimodo
2660 3105 2812 3161 inter
2829 3105 2997 3160 laicas
3013 3103 3346 3159 habeantur.
3371 3102 3646 3158 Similiter
3663 3104 3862 3156 autem

2223 3199 2552 3254 diaconissas
2593 3215 2722 3271 quae
2765 3199 2826 3254 in
2865 3198 3142 3254 catholico
3189 3213 3408 3252 canone
3434 3212 3551 3251 non
3577 3195 3861 3251 habentur

2222 3293 2393 3348 simili
2414 3294 2558 3364 loco,
2591 3293 2650 3348 id
2675 3296 2759 3349 est
2785 3292 2944 3348 laicaa
2969 3295 3028 3348 et
3053 3294 3328 3364 tanquam
3358 3306 3475 3347 non
3513 3291 3860 3346 consecratae

2223 3387 2586 3458 deputentur.

2293 3482 2397 3536 XX.
2452 3481 2732 3546 Quoniam
2769 3485 2904 3536 sunt
2948 3480 3008 3536 in
3053 3479 3144 3536 die
3183 3477 3474 3534 Dominica
3512 3473 3750 3550 quidam
3783 3474 3858 3533 ad

2222 3577 2537 3630 orationem
2564 3591 2748 3647 genua
2767 3575 3076 3641 ﬂectentes,
3101 3573 3236 3629 etin
3261 3573 3459 3628 diebus
3478 3573 3855 3641 Pentecostes,

2223 3674 2530 3741 propterea
2554 3673 2640 3724 est
2662 3669 2852 3740 itaque
2881 3670 3156 3723 statutum
3181 3684 3214 3722 a
3245 3669 3434 3722 sancta
3463 3665 3682 3737 synodo
3714 3681 3856 3736 quo-

2226 3762 2382 3818 niam
2425 3778 2674 3817 consona
2716 3765 2776 3817 et
2819 3762 3158 3817 conveniens
3205 3776 3308 3832 per
3346 3775 3546 3815 omnes
3599 3758 3862 3814 ecclesias

2225 3856 2593 3912 custodienda
2619 3855 2968 3911 consuetudo
2997 3859 3084 3910 est
3109 3858 3174 3910 ut
3208 3857 3420 3909 stantes
3441 3852 3514 3908 ad
3542 3853 3862 3908 orationem

2225 3949 2464 4004 Domino
2493 3954 2623 4004 vota
2647 3949 2970 4006 reddamus.

2511 4043 2825 4112 Symbolum
2848 4043 3083 4113 ejusdem
3107 4043 3316 4102 Nicmi
3341 4041 3572 4097 concilii.

2299 4136 2595 4193 Credimus
2621 4136 2680 4190 in
2709 4153 2888 4192 unum
2915 4137 3096 4191 Deum
3122 4137 3348 4190 Patrem
3379 4134 3862 4206 omnipotentem,

2226 4231 2532 4286 visibilium
2576 4235 2634 4285 et
2667 4228 3041 4285 invisibilium
3083 4229 3459 4284 conditorem.
3501 4229 3569 4283 Et
3592 4227 3653 4282 in
3681 4243 3866 4283 unum

2229 4323 2538 4379 Dominum
2564 4325 2759 4378 Jesum
2790 4323 3100 4390 Christum,
3147 4323 3352 4379 Filium
3398 4320 3520 4392 Dei,
3563 4326 3767 4377 natum
3794 4321 3869 4377 de

2228 4418 2393 4472 Patre
2441 4417 2829 4488 unigenitum,
2868 4418 2976 4472 hoc
3020 4422 3123 4486 est,
3169 4417 3240 4472 de
3297 4415 3610 4471 substantia
3661 4414 3867 4482 Patris,

500 4510 621 4564 vult
643 4508 732 4564 his
757 4507 1043 4564 sufﬁciens
1071 4525 1214 4578 esse,
1239 4513 1367 4582 post
1400 4509 1550 4565 hanc
1582 4509 1975 4567 deﬁnitionem
2006 4527 2126 4566 ces-
2149 4535 2209 4609 D
2231 4512 2412 4566 Deum
2457 4511 2527 4566 de
2569 4513 2706 4580 Deo,
2756 4512 2954 4566 lumen
2981 4511 3052 4565 de
3089 4510 3328 4580 lumine,
3361 4512 3539 4565 Deum
3568 4525 3769 4564 verum
3793 4508 3868 4564 de

502 4605 586 4660 set
608 4620 730 4660 esse
757 4602 1048 4660 diaconus.

572 4699 678 4754 XV.
709 4701 948 4771 Propter
983 4698 1190 4755 multas
1228 4698 1689 4771 perturbationes
1720 4703 1778 4755 et
1805 4699 2133 4770 frequentes

505 4791 782 4847 tumultus
807 4791 1178 4863 seditionum,
1207 4809 1336 4865 quae
1381 4792 1505 4848 ﬁeri
1534 4792 1740 4861 solent,
1769 4792 1978 4862 placuit
2006 4809 2132 4848 om-

505 4885 739 4940 nimodo
781 4883 950 4941 istam
993 4884 1250 4941 abscindi
1280 4885 1755 4941 consuetudinem
1785 4900 1910 4954 qua:
1935 4887 2135 4940 contra

507 4978 768 5050 regulam
790 4982 892 5049 est,
917 4979 1096 5036 sicubi
1115 4984 1311 5036 tamen
1332 4979 1422 5045 sit,
1445 4977 1503 5032 id
1528 4979 1614 5032 est
1633 4993 1704 5031 ne
1725 4977 1795 5032 de
1821 4977 2045 5032 civitate
2064 4979 2134 5033 ad

506 5073 796 5130 civitatem
828 5077 1079 5130 transeat
1103 5074 1192 5128 vel
1233 5072 1556 5144 episcopus,
1584 5070 1674 5124 vel
1701 5070 2019 5143 presbyter,
2048 5073 2135 5127 vel

507 5168 799 5224 diaconus.
831 5168 885 5224 Si
916 5167 1041 5239 quis
1065 5182 1199 5222 vero
1225 5169 1358 5238 post
1383 5165 1506 5219 haec
1535 5166 1743 5219 statuta
1770 5165 1951 5220 sancti
1967 5165 2136 5237 hujus

507 5262 732 5319 concilii
775 5260 889 5316 tale
932 5259 1146 5332 aliquid
1185 5273 1355 5330 agere
1411 5257 1728 5326 tentaverit,
1786 5257 2137 5330 infringetur

509 5357 663 5413 omni
709 5371 919 5427 genere
967 5349 1366 5424 hujuscemodi
1415 5353 1650 5406 conatus
1703 5356 1761 5408 et
1807 5353 2138 5410 restituatur

506 5450 751 5524 proprize
780 5447 1040 5504 Ecclesiae
1069 5445 1128 5500 in
1154 5461 1270 5516 qua
1296 5444 1585 5501 ordinatus
1613 5448 1716 5502 est.

579 5545 710 5600 XVI.
759 5542 816 5599 Si
853 5540 951 5614 qui
998 5555 1132 5594 vero
1177 5538 1450 5595 timorem
1495 5540 1594 5596 Dei
1643 5543 1775 5597 ante
1800 5542 1990 5598 oculos
2018 5559 2134 5600 non

509 5639 809 5707 habentes,
853 5650 1040 5706 neque
1085 5632 1458 5690 ecclesiastica
1497 5638 1707 5692 statuta
1735 5637 2132 5708 custodientes,

508 5732 806 5789 recesserit
833 5729 905 5785 ab
933 5727 1174 5784 Ecclesia
1199 5744 1296 5784 sua
1327 5728 1441 5784 sive
1485 5729 1784 5802 presbyter
1809 5732 1922 5787 sive
1946 5732 2132 5788 diaco-

512 5843 636 5894 nus,
669 5827 753 5880 vel
798 5825 855 5879 iu
907 5838 1249 5896 quocunque
1295 5823 1666 5879 ecclesiastico
1715 5825 1912 5880 ordine
1965 5825 2134 5896 positi

2233 4605 2350 4660 Deo
2375 4621 2532 4673 vero,
2557 4609 2777 4672 natum,
2807 4621 2923 4659 non
2942 4601 3174 4674 factum,
3197 4602 3738 4658 consubstantialem
3755 4603 3868 4658 Pa-

2232 4698 2325 4770 tri,
2354 4698 2414 4752 id
2433 4702 2538 4769 est,
2566 4698 2737 4754 unius
2775 4698 3106 4754 substantiae
3132 4714 3264 4753 cum
3294 4699 3461 4753 Patre
3491 4696 3661 4769 (quod
3687 4696 3869 4751 Graeci

2234 4795 2507 4848 omousicn
2533 4792 2746 4864 dicunt)
2766 4809 2872 4864 per
2891 4808 3063 4864 quem
3091 4791 3287 4848 omnia
3311 4792 3461 4846 facta
3487 4795 3618 4846 sunt
3645 4806 3777 4862 qua:
3805 4790 3870 4844 in

2235 4887 2372 4942 coelo
2412 4891 2468 4943 et
2506 4886 2566 4940 in
2606 4889 2780 4942 terra.
2822 4885 2932 4950 Qui
2959 4890 3190 4958 propter
3218 4902 3321 4940 nos
3349 4885 3632 4952 homines,
3661 4889 3720 4938 et
3742 4900 3874 4956 pro-

2234 4987 2360 5053 pter
2384 4986 2636 5036 nostram
2678 4980 2919 5036 salutem
2961 4979 3258 5035 descendit
3297 4978 3367 5034 de
3393 4978 3568 5047 caelis,
3603 4982 3661 5032 et
3689 4977 3875 5033 incar~

2233 5077 2401 5130 natus
2427 5079 2532 5143 est,
2577 5077 2749 5147 atque
2784 5074 2960 5129 homo
2998 5073 3199 5145 factus,
3233 5090 3447 5145 passus,
3476 5076 3739 5128 mortuus
3763 5077 3872 5142 est,

2235 5173 2291 5224 et
2310 5168 2617 5224 resurrexit
2644 5169 2817 5223 tertia
2845 5169 2957 5239 die,
3000 5168 3256 5222 ascendit
3278 5168 3348 5222 ad
3374 5167 3562 5235 caelos,
3594 5173 3874 5221 venturus

2227 5262 2486 5334 judicare
2532 5263 2683 5319 vivos
2710 5267 2767 5318 et
2790 5266 3072 5318 mortuos.
3105 5263 3173 5317 Et
3196 5261 3257 5316 in
3283 5261 3555 5333 Spiritum
3585 5265 3870 5315 sanctum.

2234 5358 2343 5412 Eos
2370 5361 2564 5412 autem
2593 5357 2694 5429 qui
2719 5357 2918 5412 dicunt
2948 5360 3092 5424 erat,
3122 5356 3348 5428 quando
3378 5371 3495 5410 non
3532 5356 3655 5410 erat
3679 5357 3737 5409 et
3765 5371 3874 5410 an-

2234 5453 2467 5523 tequam
2511 5453 2841 5505 nasceretur
2874 5467 2992 5505 non
3018 5451 3159 5518 erat,
3193 5453 3250 5505 et
3275 5449 3431 5521 quod
3460 5465 3528 5503 ex
3559 5447 3734 5502 nullis
3759 5449 3877 5504 exi.

2235 5545 2513 5599 stentibus
2555 5544 2736 5599 factus
2783 5550 2886 5614 est,
2935 5547 3035 5600 aut
3073 5561 3141 5598 ex
3182 5544 3376 5614 aliqua
3424 5542 3737 5598 substantia
3781 5542 3875 5596 vel

2236 5641 2456 5709 natura,
2485 5653 2620 5692 eum
2643 5638 2893 5694 dicentes
2920 5656 3041 5694 esse
3068 5637 3426 5709 mutabilem,
3459 5641 3516 5693 et
3541 5635 3880 5691 convertibi-

2235 5731 2343 5786 lem
2378 5729 2580 5787 Filium
2625 5733 2744 5801 Dei,
2784 5733 3139 5806 perliibendo
3187 5733 3288 5786 hos
3325 5729 3784 5800 anathematizat,
3821 5735 3881 5787 et

2236 5827 2576 5883 condemnat
2603 5825 2878 5886 catholica
2909 5833 2966 5884 et
3005 5827 3316 5901 apostolica
3343 5808 3611 5922 Ecclesia‘
3635 5824 3762 5880 Haec
3791 5826 3878 5882 est
