4058 6310
209 353 303 408 261

1477 361 1947 422 DECRETALIUM
1986 370 2366 428 COLLECTIO.

3475 387 3576 439 262

210 483 349 537 ﬁdes
375 500 555 554 quam
590 495 976 558 exposuerunt
999 492 1188 545 patres
1219 491 1468 563 Primum
1499 496 1731 566 quidem
1755 497 1846 551 δέ,
1869 490 1926 560 Α
1947 476 2044 545 tia,
2089 481 2386 536 continens
2426 482 2622 537 omnia
2647 500 2776 560 qua:
2804 485 3069 556 existunt,
3118 489 3286 543 Filius
3313 505 3476 544 verus
3507 492 3575 546 de

207 592 406 630 versus
427 577 1062 654 Ariumblasphemum,
1089 584 1370 640 dicentem
1391 591 1709 642 creaturam
1731 604 1849 643 esse

210 668 420 724 Filium
460 671 582 742 Dei,
628 675 685 727 et
721 674 986 730 adversus
1017 693 1248 732 omnem
1280 679 1566 748 haeresim,
1602 680 1846 751 Sabellii,

209 761 461 832 Photini,
510 765 672 819 Pauli
714 767 1109 839 Samosateni,
1159 771 1487 842 Manichaei,
1541 774 1846 842 Valentini,

206 854 526 927 Marcionis,
563 862 620 913 et
647 858 917 915 adversus
941 879 1172 918 omnem
1205 864 1438 920 omnino
1469 866 1761 935 haeresim,
1802 867 1848 921 si

206 964 334 1019 quae
368 949 748 1007 insurrexerit
787 958 984 1010 contra
1027 957 1365 1012 catholicam
1397 964 1452 1014 et
1479 961 1849 1031 apostolicam

206 1042 516 1098 Ecclesiam
544 1061 716 1116 quam
743 1063 947 1103 omnes
971 1050 1496 1108 condemnaverunt
1515 1053 1700 1108 Nicaea
1719 1070 1849 1108 con-

207 1137 436 1207 gregati
466 1139 710 1211 episcopi
734 1143 974 1197 trecenti
1002 1145 1198 1199 decem
1228 1149 1283 1199 et
1309 1150 1457 1201 octo.

682 1235 838 1290 Fides
870 1235 1115 1307 Gregorii
1133 1238 1374 1308 majoris.

275 1320 439 1378 Unus
469 1325 636 1393 Deus,
670 1327 1034 1400 principium,
1080 1334 1138 1385 et
1176 1333 1344 1386 Pater
1385 1332 1552 1387 Verbi
1589 1332 1843 1404 viventis,

205 1415 503 1486 sapientiae
535 1419 846 1490 existentis,
868 1428 925 1477 et
950 1424 1190 1491 virtutis,
1214 1429 1269 1479 et
1289 1425 1557 1496 imaginis
1576 1426 1843 1498 propriae,

202 1509 492 1579 perfectus
519 1513 753 1583 perfecti
777 1516 1022 1587 genitor,
1051 1522 1106 1572 et
1134 1535 1284 1573 unus
1312 1519 1588 1573 Dominus
1615 1536 1682 1574 ex
1708 1537 1842 1587 uno,

201 1603 367 1657 Pater
396 1605 500 1658 ﬁlii
531 1606 831 1678 unigeniti,
863 1613 920 1664 et
941 1627 1086 1665 unus
1123 1611 1398 1666 Dominus
1428 1629 1492 1666 ex
1528 1631 1665 1683 uno,
1702 1614 1846 1668 Deus

200 1695 274 1749 de
301 1697 441 1768 Deo,
486 1698 670 1771 ﬁgura
707 1701 1048 1758 substantiae
1074 1705 1276 1774 Patris,
1321 1705 1513 1778 imago
1554 1707 1673 1776 Dei,
1704 1709 1846 1762 Deus

199 1790 452 1846 Verbum
481 1794 703 1864 mundi,
739 1800 793 1851 et
817 1796 992 1850 totius
1020 1798 1347 1853 substantias
1368 1799 1580 1871 opifex,
1611 1800 1841 1871 sapien-

1948 571 2111 626 Patre
2135 589 2288 642 vero,
2317 573 2615 630 invisibilis
2643 577 2714 630 de
2741 578 3030 650 invisibili,
3052 581 3491 653 incorruptibilis
3508 585 3578 640 de

1949 662 2383 737 incorruptibili,
2426 668 2767 724 immortalis
2803 673 2874 726 de
2906 673 3243 746 immortali,
3285 681 3343 730 et
3367 677 3574 748 sempi-

1947 760 2145 813 ternus
2167 759 2238 813 de
2264 761 2628 832 sempiterno,
2659 768 2714 818 et
2751 782 2896 819 unus
2925 766 3167 838 Spiritus
3186 774 3430 837 sanctus,
3450 786 3579 841 per-

1947 851 2146 919 fectus,
2187 853 2441 924 perfecta
2481 856 2614 925 vita,
2659 857 2968 913 viventium
3019 862 3304 930 sanctitas,
3350 867 3408 917 et
3447 863 3575 918 fons

1948 945 2276 1016 sanctitatis,
2313 950 2370 1001 et
2403 949 2794 1005 sedificationis
2828 952 3198 1022 ministrator,
3242 971 3348 1026 per
3398 972 3574 1028 quem

1946 1040 2091 1093 Deus
2119 1039 2178 1093 in
2207 1055 2406 1096 omnes
2432 1042 2721 1097 credentes
2758 1048 2815 1098 et
2839 1062 3012 1116 super
3051 1063 3270 1117 omnes,
3314 1057 3371 1103 et
3400 1049 3574 1104 Filius

1949 1133 2046 1202 qui
2071 1148 2174 1203 per
2203 1149 2419 1190 omnes.
2447 1135 2707 1203 Trinitas,
2737 1138 2985 1208 perfecta
3015 1140 3212 1210 gloria,
3241 1145 3299 1196 et
3325 1158 3570 1213 regnum

1946 1231 2382 1301 sempiternum,
2423 1231 2800 1300 individuum,
2846 1238 2902 1288 et
2944 1236 3326 1293 inalienabile.
3375 1239 3568 1310 Neque

1944 1322 2121 1395 igitur
2145 1327 2396 1380 creatum
2438 1324 2674 1396 aliquid,
2715 1329 2773 1381 et
2807 1343 3032 1383 servum
3064 1346 3163 1384 seu
3197 1331 3475 1386 famulum
3508 1332 3570 1387 in

1943 1418 2230 1485 Trinitate,
2271 1434 2461 1490 neque
2508 1418 2902 1488 adventitium,
2944 1422 3034 1475 vel
3072 1422 3568 1480 subintroductum

1945 1516 2221 1582 tanquam
2268 1512 2422 1583 quod
2458 1515 2592 1567 ante
2629 1530 2746 1569 non
2783 1515 3073 1581 exstiterit,
3118 1520 3175 1570 et
3201 1516 3570 1572 novissimum

1945 1609 2362 1677 subintraverit,
2391 1626 2581 1681 neque
2624 1612 2780 1666 enim
2815 1613 3024 1666 desinit
3059 1612 3364 1684 aliquando
3399 1615 3570 1670 Filius

1943 1703 2115 1771 Patri,
2139 1706 2238 1757 aut
2258 1703 2414 1772 Filio,
2445 1703 2690 1774 Spiritus
2716 1710 2965 1773 sanctus,
2998 1707 3095 1761 sed
3123 1706 3499 1763 immutabilis
3516 1713 3572 1765 et

1941 1795 2386 1852 inconvertibilis
2411 1796 2533 1852 haec
2558 1798 2756 1854 eadem
2784 1798 3029 1854 Trinitas
3053 1816 3302 1872 semper.

1047 2080 1448 2147 INCIPIUNT
1491 2080 1884 2148 CAPITULA
1927 2078 2258 2146 CONCILII
2299 2079 2724 2146 ANCYRANI.

273 2240 322 2290 1.
354 2234 432 2288 De
460 2235 802 2307 presbyteris
831 2236 1003 2309 lapsis
1031 2237 1090 2293 in
1120 2239 1536 2311 persecutione.

271 2333 324 2383 2.
358 2330 435 2383 De
465 2329 798 2386 diaconibus
823 2332 923 2403 qui
950 2331 1411 2389 immolaverunt.

271 2425 326 2478 3.
360 2424 440 2478 De
463 2423 684 2478 clericis
717 2425 830 2480 sive
869 2426 1023 2480 laicis
1060 2443 1300 2498 quorum
1339 2443 1548 2482 manus
1579 2427 1673 2482 alii
1703 2445 1834 2485 cum

197 2516 412 2588 injuria
440 2533 611 2588 super
639 2518 920 2574 idolorum
952 2520 1227 2575 sacriﬁcia
1258 2524 1590 2592 posuerunt.

272 2610 327 2664 4.
362 2611 441 2664 De
464 2610 556 2664 his
581 2609 678 2683 qui
714 2612 775 2666 in
796 2613 1024 2684 templis
1045 2612 1331 2668 idolorum
1351 2617 1738 2685 cremaverunt,
1761 2615 1832 2671 de

201 2702 412 2773 quibus
437 2719 629 2775 supra.

273 2800 325 2851 5.
381 2797 458 2853 De
504 2797 590 2852 his
631 2796 730 2870 qui
785 2798 989 2854 timore
1041 2799 1184 2855 ritus
1244 2800 1546 2872 gentilium
1585 2817 1830 2873 perege-

194 2897 350 2946 runt.

269 2988 321 3040 6.
358 2987 432 3040 De
464 2985 550 3040 his
577 2985 677 3057 qui
702 2986 762 3040 in
793 2986 928 3042 locis
955 2985 1240 3042 idolorum
1270 2988 1775 3044 manducaverunt.

268 3083 322 3132 7.
356 3081 428 3133 De
461 3079 548 3133 his
581 3079 680 3150 qui
705 3081 1032 3152 frequenter
1059 3080 1224 3135 idolis
1248 3081 1708 3138 immolaverunt.

267 3175 320 3227 8.
351 3173 431 3227 De
462 3172 552 3226 his
580 3173 681 3244 qui
711 3174 883 3228 coacti
910 3173 1073 3229 idolis
1103 3173 1559 3230 immolaverunt.

268 3268 322 3322 9.
379 3267 457 3320 De
515 3266 604 3322 his
663 3268 761 3338 qui
815 3267 939 3322 aliis
1002 3267 1351 3324 sacriﬁcandi
1409 3285 1634 3324 causam
1675 3274 1826 3325 attu-

192 3361 406 3416 lerunt.

267 3457 353 3510 10.
390 3454 471 3510 De
498 3451 852 3512 diaconibus.

267 3551 353 3605 11.
415 3551 493 3606 De
543 3548 901 3621 desponsatis
943 3549 1146 3621 puellis
1215 3553 1274 3605 et
1329 3551 1400 3606 ab
1453 3549 1579 3606 aliis
1631 3565 1822 3605 corru-

187 3646 325 3718 ptis.

1855 2253 1911 2324 B

2009 2240 2092 2293 12.
2140 2239 2218 2293 De
2265 2237 2352 2292 his
2402 2238 2501 2310 qui
2546 2243 2678 2294 ante
2723 2239 3069 2311 baptismum
3114 2237 3567 2298 sacriﬁcaverunt

1934 2331 2122 2387 idolis.

2007 2429 2092 2480 13.
2116 2426 2196 2481 De
2224 2425 2589 2498 coepiscopis.

2003 2519 2089 2573 14.
2125 2519 2199 2572 De
2227 2518 2567 2589 presbyteris
2591 2536 2625 2572 a
2654 2534 2824 2574 carne
2849 2535 2907 2574 se
2933 2519 3370 2576 abstinentibus.

2008 2614 2092 2666 l5.
2147 2612 2271 2666 Non
2332 2610 2543 2666 debere
2593 2611 2952 2682 presbyteros
3017 2615 3395 2672 ecclesiastica
3430 2616 3562 2686 jura

1931 2705 2197 2760 vendere.
2442 2713 2448 2718 '

2006 2799 2092 2853 16.
2123 2798 2202 2852 De
2225 2796 2314 2852 his
2341 2797 2440 2869 qui
2475 2796 2940 2852 irrationabiliter
2966 2797 3245 2854 vixerunt.

2005 2894 2089 2946 17.
2118 2892 2198 2946 De
2227 2891 2316 2946 his
2345 2891 2444 2962 qui
2474 2890 2620 2945 sicut
2643 2892 2802 2945 muta
2830 2890 3108 2946 animalia
3132 2892 3418 2951 vixerunt.

2008 2987 2092 3041 18.
2123 2987 2198 3041 De
2226 2986 2501 3057 episcopis
2529 2985 2627 3058 qui
2659 2985 2905 3041 ordinati
2931 3003 3050 3041 non
3079 2988 3486 3061 suscipiuntur.

2002 3083 2086 3136 19.
2121 3081 2197 3134 De
2224 3079 2313 3134 his
2340 3079 2437 3151 qui
2465 3079 2855 3151 virginitatem
2880 3079 3239 3152 proﬁtentur.

2001 3176 2089 3228 20.
2121 3175 2200 3228 De
2226 3173 2515 3228 adulteris.

1996 3271 2086 3322 21.
2151 3267 2226 3321 De
2277 3265 2612 3322 mulieribus
2661 3283 2790 3340 quae
2841 3266 3132 3324 fornicatus
3191 3273 3383 3341 partus
3431 3289 3560 3330 suos

1924 3363 2154 3416 necant.

1996 3458 2082 3512 22.
2119 3455 2193 3510 De
2224 3453 2310 3508 his
2336 3453 2433 3524 qui
2463 3454 2713 3509 volentes
2741 3453 3114 3511 homicidium
3137 3456 3416 3514 fecerunt.

1994 3552 2084 3605 23.
2113 3549 2190 3602 De
2215 3548 2304 3603 his
2332 3545 2431 3618 qui
2460 3563 2622 3602 more
2652 3547 2953 3618 gentilium
2977 3549 3192 3606 vivunt.

1993 3644 2083 3700 24.
2114 3643 2194 3698 De
2223 3659 2290 3698 eo
2315 3642 2414 3713 qui
2443 3657 2696 3697 sororem
2721 3657 2948 3713 sponsae
2974 3659 3092 3699 suae
3120 3645 3355 3702 vitiavit.

855 3959 861 3962 .
943 3895 1059 3972 61
1125 3903 1472 3977 INCIPIT
1552 3901 2080 3976 CONGILIUM
2156 3898 2794 3976 ANCYRANUM.

1558 4047 1739 4117 (Anno
1773 4045 2000 4102 Domini
2032 4048 2179 4117 600.)

255 4199 350 4253 lsti
395 4197 631 4270 quidem
673 4213 938 4265 canones,
987 4213 1085 4253 seu
1133 4199 1376 4270 regulae,
1422 4197 1640 4270 priores
1686 4203 1892 4277 suntC
1917 4199 2058 4271 priaa
2083 4197 2357 4268 retinere,
2399 4195 2603 4253 oﬁ‘erre
2643 4201 2835 4252 autem
2877 4194 2985 4252 illis
3026 4199 3083 4253 et
3120 4214 3448 4256 sermonem
3479 4200 3549 4256 ad

189 4292 448 4360 Nicenis,
469 4291 570 4346 sed
585 4291 715 4346 ideo
735 4290 947 4346 Nicaani
969 4307 1218 4346 canones
1238 4292 1459 4364 priores
1475 4293 1818 4363 scribuntur,
1855 4297 1860 4304 '

185 4391 426 4457 propter
453 4385 852 4440 auctoritatem
879 4385 1079 4456 magni
1115 4390 1173 4439 et
1213 4387 1393 4441 sancti
1430 4386 1648 4442 concilii
1670 4385 1820 4458 apud

187 4480 431 4535 Nicaeam
460 4479 658 4534 habiti.

255 4575 662 4628 Convenerunt
686 4577 874 4628 autem
902 4572 964 4628 in
985 4573 1271 4644 synodum
1289 4577 1691 4644 memoratam,
1713 4576 1822 4630 An-

187 4682 383 4738 cyram
412 4665 716 4733 civitatem,
748 4666 807 4719 hi
834 4666 931 4738 qui
976 4667 1128 4722 infra
1165 4667 1359 4739 scripti
1402 4671 1554 4735 sunt,
1591 4669 1819 4724 Marcel-

189 4762 274 4816 lus
299 4762 655 4832 Ancyranus,
673 4758 1003 4830 Agricolaus
1021 4761 1402 4829 Caesariensis,
1423 4762 1612 4832 Lupus
1642 4762 1820 4816 Thar-

189 4854 384 4923 sensis,
443 4853 648 4910 Vitalio
703 4855 1117 4924 Antiochensis,
1184 4855 1418 4910 Basilius
1481 4857 1818 4924 Amasenus,

188 4947 589 5018 Philadelphus
611 4947 1067 5021 Juliopolitanus,
1097 4949 1357 5005 Testulus
1376 4948 1818 5017 Nicomedensis,

183 5040 478 5096 Heraclius
525 5042 872 5113 Zolonensis,
923 5044 1122 5099 Petrus
1169 5043 1494 5111 lconiensis,
1537 5042 1820 5099 Munecius

186 5133 562 5203 Laodicensis,
591 5135 906 5208 Pergianus
931 5136 1338 5192 Antiochaenus
1354 5135 1642 5205 Phisidias,
1672 5137 1813 5192 Nar-

184 5227 359 5284 cissus
383 5228 766 5286 Nerodiensis.

251 5325 383 5380 CAP.
416 5323 457 5378 1.
488 5322 870 5396 Presbyteros,
912 5325 1010 5397 qui
1047 5325 1487 5382 immolaverunt
1524 5330 1582 5382 et
1621 5331 1820 5398 postea

184 5415 395 5472 iterum
421 5421 706 5472 certamen
733 5419 1006 5490 inieruut,
1048 5419 1094 5473 si
1124 5420 1235 5475 hoc
1271 5421 1460 5492 ipsum
1499 5436 1571 5475 ex
1602 5420 1736 5488 ﬁde,
1765 5424 1822 5476 et

181 5525 299 5566 non
328 5511 518 5583 aliquo
546 5518 890 5584 argumento
913 5512 1138 5570 sibimet
1156 5517 1528 5586 preparantes
1549 5517 1813 5586 egerunt,

1920 4293 2202 4364 populum
2226 4293 2434 4360 facere,
2465 4294 2564 4346 aut
2584 4290 2870 4362 aliquibus
2888 4291 3332 4350 sacerdotalibus
3352 4294 3552 4350 ofﬁciis

1918 4385 2084 4457 fungi
2110 4401 2230 4439 non
2257 4384 2444 4440 liceat.
2903 4431 2921 4446 ,

1991 4479 2056 4532 ll.
2093 4477 2364 4533 Diacones
2404 4477 2689 4548 similiter,
2729 4477 2826 4550 qui
2865 4477 3322 4547 immolaverunt,
3349 4484 3551 4552 postea

1918 4576 2112 4627 autem
2138 4571 2352 4627 iterum
2393 4571 2653 4627 reluctati
2698 4575 2851 4639 sunt,
2893 4571 3016 4626 illos
3059 4572 3291 4644 quidem
3329 4573 3549 4629 honore

1920 4682 2112 4722 carere
2139 4667 2365 4737 oportet
2405 4681 2626 4720 cessare
2666 4680 2799 4719 vero
2840 4663 3046 4720 debere
3088 4665 3157 4719 ab
3200 4665 3358 4719 omni
3395 4682 3551 4720 sacro

1921 4759 2258 4828 ministerio,
2284 4759 2360 4814 ita
2385 4761 2452 4813 ut
2478 4774 2587 4813 nec
2626 4773 2839 4830 panem
2871 4773 2972 4812 nec
3007 4757 3244 4812 calicem
3286 4757 3549 4831 offerant,

1923 4871 2025 4909 nec
2052 4853 2452 4926 pronuntient,
2481 4851 2591 4908 nisi
2622 4851 2768 4907 forte
2792 4850 2968 4924 aliqui
2992 4850 3390 4924 episcoporum
3422 4869 3553 4908 con-

1921 4948 2020 5004 scii
2047 4947 2160 5003 sint
2187 4947 2397 5003 laboris
2422 4963 2624 5003 eorum
2665 4951 2722 5002 et
2744 4944 3108 5013 humilitatis,
3143 4948 3200 5000 et
3227 4953 3552 5004 mansuetu-

1921 5041 2089 5111 dinis,
2117 5047 2174 5098 et
2201 5039 2483 5098 voluerint
2511 5040 2593 5096 eis
2637 5039 2852 5112 aliquid
2889 5037 3134 5110 amplius
3172 5039 3426 5097 tribuere
3464 5043 3553 5098 vel

1919 5135 2195 5206 adimere,
2225 5152 2406 5208 penes
2430 5134 2580 5206 ipsos
2611 5150 2749 5206 ergo
2778 5132 2849 5188 de
2875 5131 2965 5187 his
2989 5132 3097 5188 erit
3115 5138 3384 5205 potestas.

1991 5232 2084 5288 Ill.
2111 5230 2218 5294 Qui
2259 5227 2544 5302 fugientes
2587 5228 2789 5282 timore
2824 5227 3255 5299 persecutionis,
3289 5245 3550 5302 compre-

1917 5325 2082 5381 hensi
2108 5326 2259 5391 sunt,
2287 5323 2373 5378 vel
2402 5339 2435 5377 a
2471 5320 2849 5377 familiaribus
2886 5337 2987 5376 seu
3022 5337 3057 5376 a
3088 5321 3410 5378 domesticis
3439 5327 3549 5380 tra-

1921 5419 2046 5488 diti,
2073 5423 2130 5474 et
2149 5417 2238 5473 vel
2262 5417 2412 5473 bona
2445 5414 2676 5488 propria
2693 5415 3029 5487 amiserunt,
3051 5417 3137 5471 vel
3166 5417 3554 5474 sustinuerunt

1921 5515 2224 5580 tormenta,
2260 5510 2349 5566 vel
2379 5509 2554 5565 etiam
2595 5509 2914 5565 carceribus
2949 5511 3152 5566 inclusi
3188 5517 3340 5569 sunt.
3373 5513 3439 5568 Et
3472 5515 3553 5566 tae

184 5610 244 5659 ut
271 5605 485 5660 iterum
525 5583 706 5661 teneri
743 5606 1093 5678 viderentur,
1139 5583 1240 5684 aut
1261 5583 1817 5679 tormentis—subjici
1835 5583 1894 5656 D
1915 5624 2051 5664 men
2081 5605 2570 5678 proclamaverunt
2589 5621 2647 5661 se
2666 5621 2788 5660 esse
2809 5603 3178 5678 Christianos,
3201 5606 3338 5679 quin
3354 5604 3548 5677 etiam,

179 5699 456 5770 putentur
483 5701 760 5772 tanquam
786 5700 968 5769 inviti,
996 5700 1042 5756 si
1064 5717 1134 5756 ex
1160 5701 1275 5757 ﬁde
1301 5718 1437 5774 ergo
1465 5702 1661 5758 luctati
1686 5703 1818 5757 sunt
1914 5701 2318 5775 perseverante
2365 5697 2657 5768 violentia,
2699 5699 2772 5755 ad
2811 5697 2873 5754 id
2911 5715 3088 5772 usque
3125 5698 3378 5771 perducti
3416 5701 3550 5753 sunt

179 5795 235 5874 et
261 5808 382 5848 non
410 5808 482 5848 ex
513 5795 827 5866 compacto,
858 5794 933 5850 ad
951 5796 1414 5864 ostentationem,
1448 5801 1515 5852 ut
1544 5797 1818 5853 offerrent

178 5886 286 5960 ipsi
309 5887 592 5958 fecerunt,
613 5889 718 5943 hos
737 5888 950 5963 placuit
969 5889 1252 5946 honorem
1275 5889 1508 5965 quidem
1522 5891 1667 5947 sedis
1685 5907 1814 5964 pro-

1919 5799 1980 5853 ut
2009 5809 2213 5851 manus
2238 5809 2440 5850 eorum
2467 5793 2872 5866 apprehensas,
2901 5796 2958 5848 et
2984 5791 3259 5848 violenter
3284 5794 3548 5848 attrectas

1917 5906 2087 5963 super
2107 5887 2376 5945 sacriﬁcia
2394 5885 2782 5961 imponerent,
2807 5885 2918 5942 illis
2946 5885 3160 5940 scilicet
3182 5900 3548 5957 perseveran-
