4058 6384
487 406 586 459 263

1384 399 1664 456 APPEND.
1709 398 1794 454 AD
1833 396 1996 453 SJEC.
2039 396 2128 452 IX.
2156 424 2224 435 —
2261 394 2508 451 ISIDORI
2545 393 2966 452 MERCATORIS

3745 385 3848 440 264

485 511 631 565 tibus
657 508 716 564 in
746 509 878 577 ﬁde,
927 512 985 564 et
1027 508 1374 564 Christianos
1411 523 1469 562 se
1497 523 1619 561 esse
1647 505 2106 574 vociferantibus,
2132 503 2401 590 Aminus
2447 504 2643 574 epulas
2688 502 2902 555 ibidem
2952 502 3318 572 portaverunt
3350 500 3408 552 et
3446 495 3850 590 comederunt,

482 603 592 658 hoc
616 619 753 674 ergo
779 602 930 675 quod
957 603 1035 658 eis
1071 602 1263 657 invitis
1307 605 1362 656 et
1395 600 1518 655 aliis
1561 599 1901 670 cogentibus
1935 598 2111 654 conti-

483 695 586 767 git,
619 697 664 751 si
689 698 844 752 luctu
870 700 927 751 et
945 711 1186 752 maerore
1207 693 1381 750 animi
1407 693 1608 748 acerbe
1633 709 1691 748 se
1710 693 1856 748 ferre
1878 691 2112 747 demon-

479 793 677 858 strant,
719 789 938 862 ipsique
983 789 1183 844 humili
1223 805 1326 858 per
1364 788 1573 842 bonam
1621 785 2106 841 conversationem

479 881 678 936 habitu
702 881 1026 937 incedentes
1055 882 1242 937 dolere
1281 897 1340 936 se
1379 881 1536 953 quod
1577 880 1738 934 inviti
1771 879 1946 934 coacti
1975 883 2108 934 sunt

477 975 733 1042 doceant,
760 976 864 1030 hos
884 980 1157 1046 tanquam
1177 974 1499 1046 inculpatos
1518 991 1552 1028 a
1569 972 1972 1028 communione
1989 988 2106 1027 non

476 1068 670 1123 vetari.
694 1068 748 1124 Si
775 1071 964 1123 autem
973 1068 1093 1139 jam
1109 1067 1385 1140 prohibiti
1397 1069 1529 1122 sunt
1538 1066 1608 1120 ab
1619 1066 1899 1137 aliquibus
1910 1081 1943 1120 a
1957 1081 2106 1120 com-

474 1161 748 1217 munione
771 1161 1008 1232 majoris
1041 1161 1357 1232 diligentiae
1381 1159 1764 1231 inquisitionis
1793 1175 1978 1226 causa,
2007 1162 2106 1214 aut

471 1270 577 1326 per
599 1255 918 1327 aliquorum
956 1254 1343 1326 ignorantiam
1385 1253 1572 1308 statim
1611 1252 1790 1324 recipi
1821 1257 2097 1323 oportere,

472 1349 578 1403 hoc
605 1351 800 1403 autem
843 1347 1128 1402 observari
1169 1350 1416 1419 oportet,
1463 1349 1522 1402 et
1563 1346 1633 1402 de
1676 1345 1890 1401 clericis
1935 1353 1991 1399 et
2029 1345 2101 1400 de

469 1441 628 1496 laicis
656 1441 938 1496 omnibus.
972 1441 1167 1496 Laicos
1197 1456 1332 1495 sane
1362 1440 1460 1513 qui
1489 1441 1550 1495 in
1581 1439 1824 1494 similem
1852 1438 2098 1494 necessi-

469 1534 598 1589 tatis
623 1551 850 1589 causam
879 1534 1222 1604 inciderunt,
1255 1537 1536 1605 tanquam
1578 1533 1623 1588 si
1649 1534 1796 1588 nihil
1831 1549 2097 1604 peccave-

469 1623 607 1691 rint,
631 1623 876 1678 maxime
917 1623 965 1678 si
994 1639 1088 1680 eos
1124 1623 1429 1694 probabilis
1471 1623 1585 1678 vita
1623 1623 2001 1690 commendet,
2028 1622 2100 1675 ad

468 1716 882 1772 ordinationem
918 1717 1093 1788 recipi
1113 1717 1341 1788 placuit.
1369 1735 1391 1820 Ι

539 1811 625 1864 IV.
659 1811 737 1864 De
763 1810 872 1880 his,
899 1810 998 1881 qui
1045 1809 1563 1865 sacriﬁcare'coacti
1588 1814 1739 1878 sunt,
1780 1809 2009 1881 insuper
2036 1809 2097 1864 in

2209 596 2426 668 placuit
2455 599 2517 650 ut
2541 599 2667 667 post
2692 593 2905 649 biennii
2937 592 3154 665 poenite.

2207 694 2405 744 tamen
2435 694 2628 744 utrum
2656 692 2754 743 aut
2778 704 2909 742 cum
2939 685 3196 742 oblationi

2209 783 2281 838 ad
2306 783 2485 837 solam
2514 781 2977 838 communionem
3015 779 3220 834 admitt

2208 893 2318 948 que
2347 877 2742 948 episcoporum
2769 875 3053 930 examinet
3077 873 3241 928 vitam

2205 971 2284 1024 ita
2308 987 2370 1024 ac
2400 969 2703 1041 praesentia
2723 968 2918 1024 habita
2945 967 3266 1022 considerat

2274 1064 2412 1118 Vlll.
2443 1062 2507 1117 Hi
2537 1067 2730 1118 autem
2761 1062 2861 1133 qui
2891 1059 3141 1116 secundo
3167 1060 3254 1114 vel
3297 1068 3349 1113 te

2202 1161 2338 1211 runt
2365 1156 2419 1210 vi
2463 1155 2656 1226 coacti,
2689 1158 2935 1227 quatuor
2985 1154 3151 1209 annis
3181 1169 3301 1208 sese
3342 1152 3414 1206 ad
3441 1202 3458 1222 Α

2203 1249 2560 1317 submittant,
2590 1249 2810 1304 duobus
2835 1253 3031 1303 autem
3056 1247 3177 1302 aliis
3219 1246 3340 1301 sine
3364 1244 3481 1299 obla

2201 1343 2517 1410 municent,
2575 1343 2815 1414 septimo
2871 1359 3020 1397 anno
3082 1339 3482 1413 perfectionem

2201 1436 2646 1492 communionis.

2271 1532 2359 1586 IX.
2393 1530 2690 1601 Quotquot
2724 1530 2919 1583 autem
2954 1544 3071 1582 non
3101 1526 3281 1581 solum
3317 1542 3349 1580 a
3388 1523 3478 1579 ﬁd'
3533 1523 3540 1604 |
3732 1523 3796 1604 χ]χ

2271 1532 2359 1586 ΙΧ.
2393 1530 2690 1601 Quotquot
2724 1530 2919 1583 autem
2954 1544 3071 1582 non
3101 1526 3281 1581 solum
3317 1542 3349 1580 a
3388 1523 3478 1579 ﬁd'
3783 1582 3796 1604 κ

2201 1623 2513 1691 deviarunt,
2558 1623 2658 1677 sed
2693 1623 2866 1677 etiam
2906 1621 3334 1676 insurrexerunt
3374 1619 3430 1672 in

2201 1717 2376 1772 tribus
2415 1720 2837 1788 persuaserunt,
2877 1718 2935 1769 et
2972 1715 3053 1769 rei
3093 1714 3224 1769 facti
3250 1713 3380 1767 sunt

2201 1810 2252 1841 1.:
2275 1827 2376 1841 κη..
2394 1811 2700 1841 manus...“
2719 1809 2948 1841 ,ηιςιιηνη
2967 1807 3114 1841 ξηιην.
3129 1807 3387 1841 ποιοηιπη
3404 1799 3434 1841 Η

3565 903 3756 1090 LV
3815 898 3908 1079 ᾖ

2197 1717 2376 1772 tribus
2415 1720 2837 1788 persuaserunt,
2877 1718 2935 1769 et
2972 1715 3053 1769 rei
3093 1714 3224 1769 facti
3250 1713 3380 1767 sunt

2197 1810 2257 1864 hi
2275 1827 2376 1882 per
2394 1811 2704 1865 triennium
2717 1809 2951 1880 quidem
2966 1807 3114 1862 inter
3128 1799 3434 1897 catechurg

466 1903 694 1975 templis
725 1903 1005 1958 idolorum
1046 1908 1429 1971 coenaverunt,
1470 1904 1515 1957 si
1572 1903 1670 1974 qui
1721 1919 1918 1958 eorum
1963 1919 2093 1957 cum
2114 1891 2172 1962 B
2194 1908 2308 1970 tur,
2332 1921 2435 1975 per
2447 1904 2600 1960 aliud
2621 1907 2812 1958 autem
2829 1903 3162 1957 sexennium
3183 1901 3386 1973 poenite

464 1996 664 2052 habitu
691 1996 925 2052 cultiore
958 1997 1029 2052 ad
1052 1997 1266 2067 templa
1304 1995 1574 2068 producti
1618 2001 1770 2063 sunt,
1814 2000 1986 2067 atque
2015 1995 2093 2051 ibi

462 2089 787 2162 pretiosiori
811 2095 962 2146 veste
1002 2090 1186 2145 adhuc
1219 2107 1313 2145 mu
1325 2093 1443 2144 tata
1467 2105 1644 2145 edente
1674 2090 1974 2160 participes
2006 2091 2090 2144 fa-

463 2183 536 2237 cti
566 2187 718 2250 sunt,
747 2183 1030 2238 idolorum
1060 2183 1450 2239 indifferenter
1469 2188 1758 2238 sumentes
1781 2183 1974 2236 omnia
1994 2183 2092 2254 qui

461 2277 690 2332 fuerant
714 2278 988 2348 apposita,
1023 2275 1233 2348 placuit
1271 2277 1422 2332 inter
1462 2275 1751 2331 audientes
1779 2293 1897 2332 uno
1941 2292 2092 2331 anno

461 2370 748 2440 constitui,
789 2370 970 2424 tribus
1016 2375 1208 2425 autem
1252 2371 1378 2425 aliis
1406 2370 1570 2425 annis
1598 2385 1767 2440 agere
1806 2370 2087 2441 poeniten-

459 2464 622 2535 tiam,
651 2463 753 2518 sed
774 2479 842 2519 ex
859 2465 981 2535 ipso
1000 2464 1226 2518 trienno
1252 2480 1359 2534 per
1375 2463 1676 2518 biennium
1691 2464 2090 2518 tantummodo

459 2555 706 2614 orationi
743 2556 1187 2626 communicare,
1216 2556 1386 2612 tertio
1422 2560 1613 2612 autem
1649 2573 1800 2612 anno
1831 2557 2085 2612 reconci-

457 2652 595 2708 liare
615 2651 1008 2707 sacramentis.

526 2746 587 2799 V.
614 2746 898 2816 Quotquot
925 2746 1117 2798 autem
1137 2744 1516 2799 ascenderunt
1534 2743 1747 2815 templa
1771 2759 1901 2799 cum
1931 2747 2086 2800 veste

457 2838 706 2909 lugubri,
742 2842 798 2893 et
825 2837 1218 2892 recumbentes
1243 2838 1393 2892 inter
1429 2836 1571 2891 alios
1611 2837 2086 2892 manducaverint

456 2934 675 3001 ﬂentes,
705 2930 751 2985 si
773 2930 1180 3001 compleverint
1197 2929 1594 3001 paenitentiam
1609 2930 1842 2985 triennii
1866 2936 2086 3003 tempo-

454 3025 552 3095 ris,
575 3024 696 3079 sine
717 3023 1000 3079 oblatione
1018 3023 1400 3096 suscipientur
1419 3023 1494 3078 ad
1521 3024 2000 3093 communionem,
2024 3026 2084 3079 id

455 3123 540 3173 est
564 3121 632 3172 ut
665 3117 773 3189 ipsi
808 3117 1154 3172 oblationem
1194 3133 1312 3172 non
1345 3116 1609 3172 offerant.
1639 3117 1695 3173 Si
1720 3123 1912 3173 autem
1949 3135 2079 3190 per-

455 3210 607 3266 ducti
620 3210 693 3265 ad
704 3211 921 3282 templa
937 3228 1052 3266 non
1071 3210 1801 3280 munducaverint,biennio
1814 3217 2084 3267 maneant

458 3259 607 3266 η---
622 3259 693 3265 η
710 3259 921 3282 --_--,.-_
937 3259 1052 3266 _-__
1072 3259 1382 3266 __-___-_.
1402 3259 1798 3280 -__---,_--..__-
1814 3259 2083 3267 ---_---_---

451 3305 510 3359 in
545 3304 898 3377 poenitentia.
943 3303 1128 3359 Tertio
1172 3321 1304 3359 vero
1340 3306 1779 3376 communicent,
1823 3306 1921 3361 sed
1959 3307 2079 3362 sine
2102 3259 2157 3335 Ο

450 3399 754 3467 oblatione,
787 3404 849 3453 ut
877 3397 1092 3453 dictum
1122 3403 1224 3462 est,
1252 3398 1312 3453 in
1351 3404 1554 3470 quarto
1587 3399 1708 3469 jam
1752 3416 1902 3455 anno
1943 3417 2074 3472 per-

447 3493 752 3550 fectionem
786 3509 948 3548 suam
983 3493 1274 3564 recipiant.
1315 3493 1656 3565 Episcopum
1703 3498 1896 3549 autem
1926 3495 2077 3550 hanc

446 3587 657 3644 habere
688 3587 975 3642 licentiam
1007 3589 1248 3658 oportet,
1278 3590 1344 3641 ut
1363 3604 1467 3658 pro
1499 3587 1588 3641 his
1617 3593 1846 3658 peccata
1875 3588 2073 3660 singu-

445 3683 634 3740 lorum
661 3681 996 3750 consideret,
1028 3686 1084 3736 et
1111 3684 1279 3752 prout
1314 3681 1520 3735 viderit
1560 3681 2072 3750 conversationem,

444 3796 728 3847 normam,
771 3780 1149 3850 regulamque
1200 3779 1648 3834 conversationis
1693 3779 1984 3847 attribuat,
2017 3780 2075 3835 id

445 3877 548 3941 est,
579 3877 645 3928 ut
669 3872 976 3926 humanius
1001 3888 1178 3943 agens
1197 3873 1505 3927 secundum
1529 3871 1660 3926 vitae
1679 3872 1914 3928 modum
1933 3876 2074 3928 tem-

446 3983 550 4038 pus
576 3965 743 4020 alicui
786 3965 1064 4032 breviare,
1105 3969 1204 4019 aut
1243 3964 1414 4020 etiam
1460 3963 1732 4035 prolixius
1757 3966 1906 4036 quod
1946 3983 2068 4022 cor-

445 4057 716 4115 rectionis
760 4057 1143 4114 necessarium
1188 4057 1423 4124 viderit,
1461 4057 1690 4127 addere.
1731 4059 2071 4116 Discutiatur

443 4157 638 4209 autem
661 4151 923 4208 omnium
948 4152 1173 4219 horum,
1203 4155 1260 4206 et
1287 4152 1611 4224 praecedens
1634 4152 1768 4223 vita,
1797 4157 1854 4207 et
1881 4159 2065 4226 poste-

441 4245 580 4315 rior,
614 4251 670 4302 et
699 4245 774 4301 ita
794 4245 944 4301 circa
968 4261 1065 4301 eos
1111 4245 1466 4302 sacerdotalis
1513 4246 1841 4302 humanitas
1872 4249 2070 4304 mode-

444 4344 619 4397 retur.

513 4436 595 4490 VI.
625 4435 699 4490 De
727 4433 812 4488 his
839 4432 935 4505 qui
960 4433 1132 4489 minis
1163 4437 1392 4490 tantum
1426 4435 1714 4504 cesserint,
1747 4441 1846 4492 aut
1883 4435 2063 4492 bono-

441 4538 569 4581 rum
595 4522 902 4591 oblatione,
946 4525 1045 4578 aut
1074 4524 1569 4595 transportationis
1606 4541 1772 4596 poena
1811 4527 2067 4582 deterriti

2192 1995 2403 2067 locum,
2435 1997 2544 2051 alio
2559 2012 2692 2051 vero
2713 2013 2886 2063 anno,
2911 1996 2965 2050 id
2986 2000 3071 2050 est
3087 1995 3307 2050 decimo
3339 2019 3367 2067 ρ

2193 2089 2313 2145 sine
2345 2065 2633 2145 oblatione
2657 2089 2932 2161 recipiant
2963 2093 3025 2142 ut
3057 2089 3301 2158 comple,
3329 2065 3362 2164 ἓ

2189 2183 2435 2239 fectione
2464 2182 2746 2238 fruantur.
2777 2181 2912 2238 Ideo
2954 2185 3147 2236 autem
3187 2182 3219 2235 i'
3536 2170 3545 2271 ι
3630 2170 3674 2216 Ο

2189 2277 2303 2332 vita
2333 2294 2533 2333 eorum
2562 2280 2620 2331 et
2644 2277 3000 2332 conversatio
3026 2275 3180 2330 CODSI
3538 2275 3546 2333 Ι
3632 2277 3676 2324 Ο

2261 2373 2324 2427 Χ.
2355 2372 2436 2426 De
2467 2370 2734 2439 diaconis,
2775 2370 3099 2440 quicunque
3140 2387 3166 2423 c
3205 2344 3212 2372 ¹
3535 2344 3546 2440 Ι
3629 2384 3673 2434 c:

2189 2463 2313 2536 ipsa
2357 2464 2714 2520 ordinatione
2756 2463 3045 2535 protestati
3093 2480 3153 2517 su
3199 2452 3207 2479 '
3529 2452 3541 2539 Ι
3622 2492 3666 2539 ρο

2187 2558 2396 2614 habere
2425 2574 2649 2628 uxores,
2678 2573 2785 2613 nec
2816 2574 2981 2629 posse
3014 2573 3070 2613 se
3098 2572 3158 2611 cr
3193 2558 3200 2586 '
3523 2558 3534 2646 Ι
3617 2598 3660 2646 μ]

2185 2651 2258 2706 ad
2286 2652 2513 2723 nuptias
2531 2651 2811 2721 venerint,
2835 2656 3104 2706 maneant
3121 2650 3194 2704 ir!
3516 2650 3528 2750 Ι
3612 2707 3655 2750 [η

2187 2761 2252 2800 ea
2279 2746 2431 2817 quod
2457 2745 2544 2800 his
2572 2745 2868 2818 episcopus
2895 2743 3174 2818 licentiam

2185 2855 2320 2894 sane
2337 2843 2652 2907 tacuerunt,
2677 2843 2733 2892 ct
2751 2841 3118 2910 susceperunt
3138 2807 3187 2900 Γ)
3510 2807 3520 2910 Ι
3605 2814 3650 2854 ω

2183 2932 2419 3004 professi
2454 2932 2884 3000 continentiam,
2929 2931 2975 2986 si
3009 2935 3190 3003 poste.
3505 2919 3516 3004 Ι
3602 2919 3646 2965 ’4

2184 3027 2394 3097 nerint,
2425 3043 2459 3081 a
2487 3025 2802 3082 ministerio
2829 3040 3044 3081 cessare
3076 3025 3386 3080 debebunt.

2253 3122 2342 3176 Xl.
2389 3121 2758 3192 Desponsatas
2801 3120 3038 3192 puellas,
3089 3123 3147 3174 et
3177 3123 3374 3190 postea
3409 3120 3482 3176 ab
3523 3123 3646 3178 aliis
3700 3140 3832 3181 cor-

2182 3219 2396 3287 ruptas,
2423 3215 2633 3286 placuit
2657 3214 2799 3282 erui,
2829 3219 2886 3270 et
2914 3213 3004 3268 his
3034 3213 3193 3268 reddi
3222 3213 3432 3284 quibus
3459 3215 3686 3272 fuerant
3715 3219 3827 3274 de-

2182 3311 2484 3381 sponsatas,
2539 3309 2715 3364 etiam
2755 3307 2802 3362 si
2829 3324 2922 3363 eas
2950 3324 2983 3362 a
3007 3307 3325 3379 raptoribus
3350 3306 3556 3364 ﬂorem
3582 3311 3826 3382 pudoris

2179 3402 2432 3458 amisisse
2463 3402 2798 3458 constiterit.

2247 3497 2355 3550 Xll.
2371 3497 2495 3566 Eos,
2516 3495 2614 3568 qui
2626 3499 2757 3551 ante
2771 3493 3123 3566 baptismum
3143 3493 3605 3552 sacrificaverunt
3623 3498 3792 3555 idolis
3803 3541 3817 3567 ,

2178 3593 2235 3644 et
2252 3592 2451 3662 postea
2471 3589 2816 3661 baptismum
2842 3589 3131 3644 consecuti
3163 3591 3315 3658 sunt,
3333 3590 3554 3660 placuit
3573 3592 3646 3647 ad
3667 3593 3819 3648 ordi-

2175 3700 2308 3738 nem
2338 3685 2685 3756 promoveri,
2711 3687 2991 3755 tanquam
3027 3683 3096 3737 ab
3139 3682 3296 3737 omni
3331 3681 3574 3739 crimine
3601 3686 3816 3742 lavacri

2175 3778 2432 3832 salutaris
2463 3778 2905 3834 sanctificatione
2935 3780 3226 3849 purgatos.

2243 3873 2378 3927 XIII.
2410 3871 2639 3926 Vicariis
2663 3871 3054 3943 episcoporum
3077 3876 3236 3943 (quos
3248 3870 3425 3926 Graeci
3440 3874 3814 3948 coepiscopos

2171 3965 2394 4036 vocant)
2441 3981 2559 4020 non
2607 3965 2799 4035 licere,
2847 3966 2934 4020 vel
2976 3965 3352 4036 presbyteros,
3397 3967 3485 4019 vel
3541 3967 3812 4024 diaconos

2171 4058 2454 4114 ordinare.
2483 4059 2596 4114 Sed
2619 4076 2724 4116 nec
2750 4058 3092 4130 presbyteris
3123 4058 3363 4113 civitatis
3402 4060 3522 4115 sine
3550 4061 3806 4134 episcopi

2171 4158 2454 4225 praecepto
2485 4153 2703 4225 aliquid
2740 4153 3044 4224 imperare,
3072 4169 3177 4207 nec
3207 4151 3329 4206 sine
3359 4153 3692 4210 auctoritate
3712 4156 3808 4211 lit-

2167 4253 2422 4303 terarum
2451 4248 2572 4317 ejus
2598 4247 2657 4300 in
2677 4261 3014 4318 unaquaque
3039 4246 3304 4317 parochia
3330 4246 3542 4318 aliquid
3566 4265 3761 4319 agere.

2237 4341 2370 4396 XIV.
2394 4341 2469 4394 De
2488 4339 2574 4393 his
2593 4340 2689 4412 qui
2705 4340 2765 4394 in
2783 4340 2934 4395 clero
2952 4344 3082 4394 sunt
3109 4338 3421 4410 presbyteri
3450 4339 3535 4394 vel
3557 4340 3799 4411 diaconi,

2167 4437 2224 4488 et
2247 4434 2531 4490 abstinent
2556 4451 2614 4489 se
2640 4452 2674 4490 a
2702 4433 2989 4503 carnibus,
3014 4433 3120 4487 hoc
3146 4433 3358 4504 placuit
3383 4433 3574 4502 statui,
3598 4438 3664 4488 ut
3685 4453 3801 4490 non

2165 4545 2258 4584 eas
2300 4532 2575 4600 tanquam
2620 4527 2947 4583 immundas
2990 4530 3377 4595 contemnant,
3429 4527 3527 4582 sed
3579 4529 3803 4583 contin-

439 4616 910 4685 sacriﬁcaverunt,
934 4619 992 4671 et
1017 4634 1168 4671 nunc
1204 4634 1381 4689 usque
1410 4634 1528 4672 non
1551 4620 1938 4690 paenituerunt
1963 4636 2144 4708 ne-D
2168 4625 2328 4693 gant.
2372 4626 2417 4676 A
2464 4621 2672 4693 quibus
2713 4622 2967 4693 quidem,
3005 4621 3104 4692 qui
3141 4637 3199 4676 se
3245 4620 3527 4676 abstinere
3577 4623 3796 4692 volunt,

439 4727 549 4787 que
593 4711 849 4768 conversi
902 4715 1051 4779 sunt,
1101 4710 1274 4767 modo
1307 4713 1522 4781 autem,
1562 4713 1618 4768 id
1663 4719 1765 4781 est,
1811 4719 2065 4786 tempore

436 4805 607 4878 hujus
633 4804 853 4879 synodi,
886 4822 944 4860 se
977 4805 1307 4860 obtulerunt
1331 4805 1711 4861 conversionis
1739 4825 1852 4863 sua:
1874 4810 2062 4863 consi-

435 4900 576 4957 lium
604 4900 907 4971 capientes,
936 4899 1150 4970 placuit
1181 4915 1277 4953 eos
1305 4915 1481 4971 usque
1511 4900 1583 4954 ad
1609 4917 1883 4972 magnum
1913 4902 2063 4957 diem

435 4997 585 5050 inter
625 4993 918 5048 audientes
958 4991 1182 5064 suscipi,
1227 4993 1622 5065 paenitentiam
1660 4999 1852 5050 autem
1893 5012 2063 5068 agere

435 5086 702 5156 triennio,
748 5089 805 5142 et
847 5089 975 5158 post
1004 5087 1147 5142 duos
1191 5087 1330 5142 alios
1378 5103 1560 5143 annos
1602 5089 1722 5143 sine
1776 5089 2061 5145 oblatione

435 5179 880 5247 communicare,
915 5185 968 5234 et
992 5181 1072 5236 ita
1100 5181 1332 5238 demum
1357 5198 1452 5238 sex
1482 5182 1644 5238 annis
1669 5183 1967 5253 completis
1989 5184 2061 5238 ad

436 5277 750 5349 perfectum
781 5275 1092 5348 pervenire.
1125 5276 1284 5340 Quod
1315 5276 1362 5330 si
1392 5275 1572 5348 aliqui
1616 5280 1750 5331 ante
1786 5277 1892 5332 hoc
1921 5294 2057 5332 con-

433 5370 628 5427 cilium
659 5369 901 5443 suscepti
933 5374 1064 5424 sunt
1088 5369 1161 5424 ad
1179 5370 1598 5440 paenitentiam,
1618 5387 1685 5426 ex
1698 5371 1792 5424 illo
1806 5374 2059 5443 tempore

431 5465 808 5539 imputabitur
831 5464 911 5520 eis
942 5462 1171 5517 initium
1195 5463 1449 5518 sexennii
1475 5465 1786 5520 constituti.
1823 5465 1984 5532 Quod
2011 5467 2057 5520 si

428 5561 594 5618 alicui
640 5561 849 5615 horum
899 5555 1189 5627 quodlibet
1227 5557 1424 5612 mortis
1470 5559 1792 5630 periculum
1837 5565 1936 5614 aut
1987 5576 2056 5616 ex

428 5654 767 5727 mgritudine
798 5656 897 5705 aut
922 5665 987 5703 ex
1027 5649 1213 5720 aliqua
1240 5666 1408 5704 causa
1447 5651 1732 5720 acciderit,
1774 5653 1863 5708 his
1905 5671 2055 5710 com-

430 5749 768 5804 munionem
793 5747 1028 5816 propter
1053 5741 1321 5796 viaticum
1351 5761 1519 5800 suum
1547 5763 1664 5802 non
1692 5750 1907 5820 negari.

498 5844 609 5897 Vll.
632 5843 707 5896 De
737 5838 826 5893 his
845 5836 942 5909 qui
962 5835 1121 5891 festis
1146 5835 1347 5892 diebus
1365 5853 1720 5910 paganorum
1739 5843 1799 5897 in
1818 5841 2052 5898 remotis

430 5951 630 5990 eorum
668 5933 803 5986 locis
837 5931 1103 5986 conviviis
1143 5931 1544 6004 interfuerunt,
1586 5940 1643 5988 et
1686 5952 1813 5990 suas
1848 5936 2050 5991 nihilo-

2165 4715 2411 4770 habeant
2438 4719 2798 4787 potestatem,
2838 4717 2918 4770 ita
2956 4720 3168 4784 tamen,
3215 4719 3275 4768 ut
3314 4713 3359 4768 si
3397 4713 3624 4786 quando
3667 4732 3798 4771 cum

2165 4810 2408 4865 oleribus
2432 4815 2774 4882 coquuntur,
2789 4810 2993 4864 eadem
3012 4814 3286 4880 tanquam
3298 4808 3561 4862 carnibus
3579 4809 3799 4881 polluta

2163 4921 2277 4959 non
2300 4904 2582 4976 judicent,
2614 4905 2713 4960 sed
2740 4919 2806 4958 ex
2839 4903 2926 4958 his
2961 4902 3154 4957 cibum
3187 4905 3500 4971 assumant,
3533 4903 3796 4973 quamvis

2161 4999 2476 5053 acarnibus
2517 5014 2576 5053 se
2618 4997 2959 5053 abstineant.
3013 4997 3174 5061 Quod
3220 4996 3265 5050 si
3319 4996 3376 5050 in
3426 4999 3652 5050 tantum
3699 5013 3794 5052 eas

2160 5092 2489 5148 immundas
2511 5095 2569 5148 et
2587 5091 2994 5147 abominabiles
3001 5089 3405 5161 judicaverint,
3431 5093 3493 5144 ut
3511 5105 3615 5144 nec
3639 5091 3799 5145 olera

2163 5203 2290 5258 quae
2316 5203 2448 5242 cum
2476 5187 2739 5260 carnibus
2764 5191 3086 5258 coquuntur
3109 5183 3393 5240 aestiment
3419 5184 3791 5252 comedenda,

2161 5284 2431 5353 tanquam
2467 5297 2585 5337 non
2635 5280 3058 5337 consentientes
3103 5279 3235 5334 huic
3279 5278 3514 5350 regulae,
3564 5293 3793 5333 cessare

2159 5390 2256 5430 eos
2285 5379 2509 5448 oportet
2549 5379 2605 5431 et
2644 5392 2678 5430 a
2722 5374 3039 5429 ministerio
3079 5379 3135 5428 et
3168 5372 3368 5427 ordine
3412 5387 3532 5426 suo.
3569 5371 3626 5426 Si
3663 5372 3799 5443 quis

2157 5474 2349 5526 autem
2376 5470 2546 5540 hujus
2570 5470 2788 5540 regulae
2816 5467 3052 5524 monitis
3076 5483 3192 5522 non
3219 5465 3518 5535 obedierit,
3547 5465 3644 5520 sed
3665 5481 3798 5521 car-

2157 5579 2257 5618 nes
2282 5563 2364 5632 (ut
2389 5563 2606 5617 dictum
2636 5562 2737 5634 est)
2773 5562 3098 5616 immundas
3125 5564 3182 5615 et
3207 5558 3616 5615 abominandas
3644 5560 3798 5614 exis.

2153 5656 2459 5724 timaverit,
2487 5671 2706 5710 cessare
2733 5655 2899 5712 debet
2926 5655 2996 5710 ab
3025 5655 3226 5710 ordino
3253 5671 3371 5709 suo.

2224 5750 2328 5802 XV.
2359 5750 2412 5804 Si
2443 5765 2556 5820 qua
2575 5749 2644 5804 de
2671 5749 2839 5806 rebus
2869 5749 3141 5819 ecclesiae,
3173 5765 3306 5804 cum
3337 5747 3635 5820 episcopus
3667 5765 3798 5806 non

2152 5845 2255 5914 est,
2279 5842 2593 5916 presbyteri
2609 5843 2986 5912 vendiderint,
3005 5844 3216 5916 placuit
3237 5842 3474 5899 rescisso
3489 5848 3799 5903 contractu

2153 5937 2224 5993 ad
2243 5937 2337 6013 jus
2368 5938 2803 5997 ecclesiasticum
2827 5907 3192 6066 revocariiln
3213 5937 3429 6013 judicio
3446 5940 3639 5993 autem
3672 5940 3795 5997 erit
