4058 6320
247 345 350 397 265

1483 334 1954 392 DECRETALlUM
1992 335 2376 391 COLLECTIO.

3508 341 3608 394 266

242 449 518 522 episcopi,
539 448 586 503 si
602 446 976 504 constitutum
995 446 1247 518 pretium
1273 445 1442 501 debet
1469 444 1646 517 recipi
1668 460 1871 513 necne,
1895 453 1956 530 Α
1973 445 2110 501 tate.
2141 443 2306 510 Quod
2331 444 2377 498 si
2407 443 2584 500 etiam
2615 442 2696 499 ibi
2726 443 3034 500 seditiones
3062 443 3343 501 concitare
3368 443 3609 516 proban~

241 547 478 615 propter
514 542 670 614 quod
708 557 856 613 smpe
904 540 1186 612 contingit
1235 539 1629 595 distractarum
1677 555 1875 594 rerum
1974 541 2105 607 tur,
2167 538 2449 610 epiSCOpis
2497 538 2711 593 ibidem
2767 539 3116 609 constitutis,
3171 538 3460 611 segregari
3510 554 3609 594 eos

241 637 495 693 redditus
534 636 876 708 ampliorem
927 649 1215 692 summam
1252 649 1356 707 pro
1410 637 1640 707 accepto
1687 633 1872 706 pretio

240 731 427 787 reddi.

311 826 443 881 XVI.
496 827 558 881 In
603 825 714 880 hoc
751 823 915 880 titulo
949 823 1125 879 verba
1165 824 1357 878 Graeca
1392 823 1515 878 haec
1553 825 1726 880 sunt:
1754 832 1873 897 Περὶ

239 927 333 977 τῶν
357 926 543 988 noxio;
566 925 822 988 διαγόντῶν
845 926 929 974 καὶ
956 924 1214 988 διαγόνται,
1235 932 1363 988 qum
1393 933 1498 972 nos
1525 917 1718 972 Latine
1745 934 1871 989 pos-

239 1029 436 1068 sumus
495 1011 683 1067 dicere
735 1011 805 1066 de
853 1011 942 1066 his
988 1011 1086 1083 qui
1145 1009 1604 1066 irrationabiliter
1662 1011 1870 1066 versati

241 1110 373 1162 sunt
393 1106 505 1161 sive
532 1109 845 1161 versantur.
882 1105 1088 1161 Sensus
1121 1107 1336 1171 autem,
1367 1103 1426 1160 in
1452 1104 1556 1158 hac
1586 1105 1869 1160 sententia

237 1200 449 1271 duplex
489 1215 613 1255 esse
659 1203 866 1272 potest,
901 1199 998 1270 qui
1025 1214 1094 1254 ex
1121 1198 1387 1268 subjectis
1428 1197 1741 1268 conjicitur,
1772 1203 1869 1253 aut

238 1293 309 1349 de
340 1294 429 1348 his
459 1294 559 1365 qui
577 1310 707 1348 cum
736 1292 1038 1364 pecoribus
1057 1293 1211 1348 coitu
1229 1291 1382 1346 misti
1408 1298 1560 1360 sunt,
1585 1297 1682 1348 aut
1701 1308 1866 1348 more

236 1387 526 1460 pecudum
554 1387 770 1442 incesta
797 1403 927 1442 cum
953 1386 1292 1458 propinquis
1329 1387 1678 1458 sanguinum
1703 1403 1863 1442 com-

235 1480 608 1536 miscuerunt.
645 1480 938 1551 Quotquot
960 1479 1138 1551 igitur
1160 1483 1294 1534 ante
1318 1479 1655 1552 vigesimum
1681 1479 1866 1536 aetatis

234 1590 350 1629 sum
365 1590 583 1629 annum
601 1574 714 1630 tale
730 1573 946 1629 crimen
970 1572 1326 1644 admiserint,
1348 1573 1676 1646 quindecim
1700 1572 1864 1630 annis

233 1669 292 1724 in
334 1667 670 1740 poenitentia
715 1667 976 1740 peractis,
1027 1667 1265 1722 orationi
1308 1670 1534 1724 tantum
1586 1667 1864 1740 incipiant

232 1763 679 1818 communicare.
728 1762 798 1816 Et
833 1761 1296 1834 quinquennium
1337 1761 1582 1816 alterum
1613 1761 1673 1816 in
1704 1777 1858 1817 com-

1971 648 2202 690 necesse
2249 636 2354 704 est,
2411 634 2468 688 et.
2516 631 2888 690 nihilominus
2943 631 3279 706 presbyterii
3329 631 3606 706 dignitate

1971 727 2206 800 privari.

2042 821 2174 876 XIX.
2224 820 2515 891 Quotquot
2555 819 2936 892 virginitatem
2981 820 3292 893 pollicitam
3330 820 3603 893 praevari-

1974 917 2112 969 catse
2133 915 2285 980 sunt,
2306 913 2656 985 professione
2677 917 3025 986 contempta,
3057 915 3208 971 inter
3233 914 3512 986 bigamos,
3543 914 3602 970 id

1971 1012 2054 1063 est
2081 1007 2179 1080 qui
2196 1007 2270 1061 ad
2291 1008 2564 1064 secundas
2586 1009 2810 1079 nuptias
2835 1008 3205 1077 transierunt,
3221 1007 3420 1066 haberi
3439 1007 3604 1066 debe-

1970 1103 2132 1157 bunt.
2152 1100 2412 1173 Virgines
2424 1106 2613 1158 autem
2632 1104 2843 1174 puellas
2862 1101 2987 1175 62
3005 1119 3133 1174 quae
3149 1105 3428 1176 tanquam
3448 1119 3602 1158 soro-

1967 1212 2059 1249 res
2095 1210 2226 1250 cum
2271 1193 2558 1250 nonnullis
2586 1195 2722 1250 viris
2759 1195 3014 1251 habitare
3041 1195 3256 1266 volunt,
3285 1197 3357 1253 ab
3401 1211 3599 1254 eorum

1967 1289 2249 1344 consortio
2276 1289 2665 1360 prohibemus.

2033 1383 2137 1438 XX.
2202 1383 2257 1439 Si
2325 1382 2452 1454 quis
2515 1382 2858 1438 adulterium
2917 1381 3300 1451 commiserit,
3371 1387 3594 1456 septem

1962 1476 2128 1530 annis
2152 1476 2214 1531 in
2240 1476 2580 1548 poenitentia
2609 1475 2926 1548 completis,
2960 1475 3299 1548 perfectioni
3324 1476 3596 1533 reddatur

1964 1569 2276 1625 secundum
2299 1569 2573 1642 pristinos
2600 1569 2830 1642 gradus.

2031 1664 2159 1718 XXI.
2189 1665 2265 1719 De
2314 1663 2648 1720 mulieribus
2693 1679 2822 1736 quin
2870 1662 3245 1731 fornicantur,
3302 1666 3359 1719 et
3405 1667 3598 1735 partus

1961 1773 2094 1812 suos
2117 1760 2344 1828 necant,
2375 1757 2473 1813 sed
2498 1762 2553 1813 et
2573 1757 2642 1812 de
2668 1757 2754 1829 his
2773 1773 2900 1829 quae
2921 1761 3103 1829 agunt
3125 1772 3319 1811 secum
3347 1758 3410 1812 ut
3437 1760 3596 1812 utero

231 1855 506 1911 munione
550 1854 821 1911 orationis
857 1855 1032 1910 solius
1061 1855 1456 1926 perdurantes.
1484 1856 1619 1910 Post
1650 1855 1858 1927 vigesi-
1879 1824 1937 1898 B
1960 1854 2265 1923 conceptus
2333 1850 2653 1906 excutiatur
2676 1821 2722 1998 ,ὲ
2748 1851 2984 1922 antiqua
3043 1850 3276 1922 quidem
3344 1849 3595 1906 deﬁnitio

232 1966 394 1998 mum
415 1966 546 1998 cum
564 1949 846 1998 oblatione
872 1948 945 1998 ad
974 1948 1438 1998 communionem
1458 1948 1856 1998 susciniantnr-
1958 1961 2139 1998 usaue
2185 1944 2259 1998 ad
2291 1944 2506 1998 exitum
2534 1945 2664 1998 vitm
2725 1961 2785 1998 as
2810 1944 2880 1998 ab
2910 1943 3144 1998 ecclesia
3170 1945 3446 1998 removet.
3478 1944 3590 1998 hu-

230 1966 395 2006 mum
415 1966 547 2005 cum
564 1949 846 2004 oblatione
872 1948 945 2004 ad
974 1948 1439 2004 communionem
1458 1948 1857 2020 suscipiantur,

227 2043 566 2100 discutiatur
576 2045 768 2098 autem
787 2047 845 2097 et
859 2043 974 2098 vita
989 2059 1190 2098 eorum
1203 2043 1388 2115 qualis
1412 2043 1583 2099 fuerit
1601 2045 1858 2114 tempore

228 2137 598 2208 poenitentiae.
626 2139 695 2192 Et
705 2138 870 2208 juxta
891 2137 1040 2192 hanc
1067 2137 1483 2192 humanitatem
1511 2153 1858 2209 consequan-

227 2234 338 2286 tur.
375 2231 544 2295 Quod
567 2231 614 2286 si
637 2231 764 2302 quis
794 2231 1244 2302 perseverantius
1276 2230 1484 2285 abusus
1509 2231 1704 2298 fuerit,
1743 2230 1855 2285 hoc

225 2325 466 2380 crimine
504 2324 778 2396 prolixius
820 2327 1065 2396 tempus,
1099 2324 1157 2380 id
1199 2327 1284 2380 est
1325 2323 1528 2394 viginti
1569 2340 1854 2380 annorum

223 2418 620 2489 paenitentiam
647 2417 930 2490 suscipiat.
967 2418 1073 2483 Qui
1109 2434 1261 2487 vero,
1297 2420 1489 2473 exacta
1516 2417 1718 2488 viginti
1748 2435 1850 2474 an-

220 2528 432 2568 norum
463 2514 648 2581 eetate,
680 2515 736 2567 et
766 2529 964 2568 uxores
989 2512 1266 2568 habentes
1289 2511 1349 2567 in
1373 2512 1484 2566 hoc
1513 2511 1730 2567 crimen
1757 2512 1850 2566 in-

221 2605 484 2672 ciderint,
527 2610 656 2676 post
683 2605 888 2676 viginti
927 2608 983 2661 et
1029 2605 1280 2677 quinque
1307 2620 1487 2660 annos
1515 2605 1852 2677 poenitentia

218 2698 344 2750 acta
389 2695 463 2749 ad
505 2694 971 2750 communionem
1003 2695 1324 2749 orationum
1363 2692 1762 2762 admittantur,
1789 2694 1849 2750 in

217 2805 331 2861 qua
358 2788 758 2844 communione
783 2788 1106 2844 orationum
1123 2788 1299 2843 altero
1316 2787 1708 2860 quinquennio
1722 2805 1848 2860 per-

217 2882 496 2937 durantes
526 2882 751 2953 plenam
779 2881 1243 2937 communionem
1269 2897 1399 2935 cum
1425 2881 1682 2937 oratione
1702 2882 1844 2937 reci-

216 2976 394 3046 piant.
427 2976 590 3040 Quod
632 2977 679 3030 si
729 2976 904 3048 aliqui
951 2979 1007 3032 et
1053 2992 1252 3032 uxores
1281 2975 1576 3042 habentes,
1603 2979 1661 3031 et
1689 2992 1847 3032 exce-

213 3069 419 3126 dentes
445 3069 983 3142 quinquagesimum
1037 3069 1216 3125 aetatis
1255 3085 1371 3124 suae
1400 3085 1616 3124 annum
1642 3069 1701 3124 in
1733 3069 1844 3125 hoc

1958 1961 2139 2017 usque
2185 1944 2259 2000 ad
2291 1944 2506 2000 exitum
2534 1945 2664 2000 vita:
2692 1943 2785 1999 eas
2810 1944 2880 1999 ab
2910 1943 3144 2000 ecclesia
3170 1945 3446 2013 removet,
3478 1944 3590 1999 hu-

1958 2042 2145 2098 manis
2164 2057 2317 2097 nunc
2345 2042 2673 2112 deﬁnimus,
2703 2047 2768 2098 ut
2803 2042 2883 2098 eis
2909 2043 3108 2098 decem
3132 2057 3413 2098 annorum
3441 2043 3588 2098 tem-

1956 2153 2064 2208 pus
2085 2136 2437 2208 pcenitentite
2466 2135 2765 2191 tribuatur.

2024 2230 2177 2286 XXII.
2237 2229 2344 2294 Qui
2391 2229 2710 2284 voluntarie
2761 2228 3134 2284 homicidium
3185 2229 3462 2300 fecerint,
3517 2230 3588 2284 ad

1953 2323 2346 2394 paenitentiam
2396 2323 2633 2394 quidem
2664 2323 2881 2394 jugiter
2925 2339 2984 2377 se
3029 2323 3384 2378 submittant.
3433 2321 3589 2378 Circa
3641 2331 3649 2336 '

1954 2419 2150 2471 autem
2179 2416 2396 2470 exitum
2422 2416 2572 2486 vitae,
2601 2416 3006 2471 communione
3045 2415 3205 2487 digni
3248 2415 3586 2472 habeantur.

1952 2511 2062 2564 Eos
2105 2525 2236 2565 vero
2269 2509 2366 2580 qui
2409 2526 2524 2564 non
2572 2509 2880 2576 voluntate,
2920 2509 3015 2564 sed
3047 2526 3174 2564 casu
3213 2509 3586 2565 homicidium

1951 2604 2206 2670 fecerint,
2246 2601 2405 2675 prior
2439 2603 2639 2674 regula
2668 2606 2799 2675 post
2822 2587 3367 2680 septem°annorum
3395 2603 3580 2674 paeni-

1952 2697 2191 2752 tentiam
2217 2739 2230 2766 ,
2291 2696 2680 2752 communioni
2730 2695 2959 2751 sociavit
3005 2697 3318 2752 secundum
3371 2696 3582 2768 gradus

1947 2792 2296 2847 constitutos.
2328 2791 2458 2846 Haec
2478 2806 2612 2846 vero
2643 2789 2951 2846 humanior
2976 2789 3234 2846 deﬁnitio
3261 2789 3579 2862 quinquen-

1948 2885 2027 2940 nii
2059 2888 2287 2958 tempus
2309 2885 2526 2940 tribuit.

2015 2980 2194 3034 XXIII.
2225 2979 2332 3044 Qui
2375 2979 2620 3049 auguria
2655 2979 2746 3034 vel
2789 2977 3035 3050 auSpicia
3073 2976 3188 3032 sive
3237 2977 3453 3032 somnia
3491 2980 3579 3034 vel

1943 3073 2322 3129 divinationes
2351 3072 2628 3145 quaslibet
2653 3073 2970 3128 secundum
3012 3087 3237 3127 morem
3274 3071 3574 3142 gentilium

209 3164 466 3236 prolapsi
498 3167 633 3218 sunt
664 3164 874 3218 scelere
921 3163 994 3218 ad
1035 3163 1252 3218 exitum
1282 3166 1508 3218 tantum
1534 3163 1663 3219 vitae
1692 3180 1845 3220 com-
1862 3192 1918 3268 C
1943 3166 2263 3234 observant,
2301 3169 2400 3222 aut
2445 3165 2506 3221 in
2545 3166 2744 3222 domos
2788 3181 2917 3221 suas
2959 3164 3287 3236 hujusmodi
3313 3165 3575 3220 homines

209 3257 546 3312 munionem
565 3263 932 3314 mcereantur.

279 3352 430 3406 XVII.
460 3352 570 3406 Hos
598 3351 848 3420 eosdem,
889 3367 1023 3406 sane
1062 3367 1177 3406 non
1217 3351 1402 3405 solum
1445 3353 1698 3422 leprosos
1739 3352 1843 3408 cri-

207 3443 365 3500 mine
401 3444 801 3516 hujuscemodi
846 3445 1040 3514 factos,
1087 3445 1187 3499 sed
1231 3449 1287 3500 et
1324 3443 1461 3499 alios
1502 3445 1612 3500 isto
1638 3444 1842 3500 morbo

205 3539 516 3609 replentes,
561 3538 776 3609 placuit
818 3538 967 3593 inter
1009 3554 1103 3593 eos
1147 3554 1311 3594 orare
1354 3538 1453 3609 qui
1496 3541 1837 3610 tempestate

198 3633 511 3702 jactantur,
543 3631 643 3704 qui
669 3649 703 3686 a
728 3632 888 3687 nobis
915 3633 1292 3704 energumeni
1317 3631 1735 3702 intelliguntur.

277 3728 463 3782 XVIII.
497 3725 554 3782 Si
585 3727 686 3797 qui
733 3726 984 3798 episcopi
1027 3726 1275 3798 suscepti
1322 3741 1440 3782 non
1480 3730 1612 3780 sunt
1658 3743 1692 3781 a
1734 3743 1838 3782 sua

205 3819 435 3875 dioecesi
461 3818 522 3874 in
550 3835 662 3891 qua
686 3819 912 3874 fuerant
931 3819 1308 3890 denominati,
1333 3819 1749 3892 compellantur
1763 3820 1837 3876 ad

206 3913 476 3968 eamdem
516 3913 723 3983 judicis
770 3913 952 3968 edicto
995 3913 1205 3970 redire.
1255 3914 1417 3978 Quod
1465 3913 1511 3967 si
1551 3914 1838 3969 voluerint

200 4007 338 4062 alias
369 4006 643 4062 Ecclesias
672 4022 965 4078 occupare,
996 4012 1052 4062 et
1089 4007 1202 4062 vim
1244 4008 1428 4062 facere
1469 4007 1590 4062 aliis
1615 4007 1831 4078 episco-

200 4101 288 4172 pis
313 4117 462 4173 quos
491 4099 574 4154 ibi
603 4100 944 4167 invenerint,
973 4100 1280 4156 seditiones
1311 4101 1610 4156 excitando
1639 4101 1835 4155 adver-

199 4211 294 4249 sus
337 4211 453 4262 eos,
499 4194 606 4248 hos
647 4210 950 4265 segregare
985 4197 1223 4265 oportet.
1271 4195 1432 4259 Quod
1464 4195 1511 4249 si
1549 4196 1746 4249 volunt
1770 4195 1829 4249 in

197 4288 551 4360 presbyterio
584 4287 644 4342 in
689 4288 925 4342 ecclesia
963 4287 1062 4342 ubi
1104 4288 1263 4358 prius
1300 4289 1529 4344 fuerant
1557 4291 1827 4360 tanquam

196 4382 516 4454 presbyteri
531 4382 800 4452 residere,
825 4399 942 4438 non
962 4383 1314 4455 repellantur
1339 4399 1373 4438 a
1397 4383 1628 4454 propria
1647 4382 1832 4456 digni-

1940 3261 2314 3316 introducunt
2353 3259 2413 3315 in
2451 3259 2817 3332 exquirendis
2840 3258 3125 3331 aliquibus
3148 3261 3269 3314 arte
3293 3259 3571 3325 maleﬁca,

1939 3359 2043 3410 aut
2087 3355 2288 3410 domus
2328 3356 2591 3423 lustrant,
2645 3352 2902 3421 confessi,
2942 3337 3336 3424 quinquennio
3386 3352 3570 3424 poeni-

1937 3447 2178 3504 tentiam
2215 3450 2389 3518 agant
2439 3445 3058 3517 secundum.antiquas
3099 3446 3324 3516 regulas
3353 3445 3565 3500 consti-

1936 3545 2106 3596 tutas.

2006 3636 2180 3691 XXIV.
2225 3635 2282 3690 Si
2331 3635 2457 3706 quis
2494 3650 2762 3707 sponsam
2797 3633 3033 3703 habens,
3077 3633 3256 3689 sorori
3295 3632 3418 3704 ejus
3456 3633 3567 3688 for-

1935 3729 2079 3784 sitan
2132 3728 2392 3783 intulerit
2446 3729 2668 3796 vitium,
2721 3729 2888 3800 eique
2940 3727 3228 3782 inhzeserit
3285 3730 3565 3798 tanquam

1935 3839 2052 3878 sua:
2093 3826 2150 3878 et
2193 3821 2300 3877 sibi
2341 3822 2721 3894 expetendam
2769 3838 2889 3878 esse
2935 3821 3565 3893 conjunctionemLhac

1933 3919 2126 3970 autem
2139 3915 2396 3986 decepta,
2419 3918 2620 3986 postea
2632 3931 2874 3970 uxorem
2895 3913 3123 3969 duxerit
3141 3914 3560 3985 desponsatam.

1931 4010 2032 4063 Illa
2062 4025 2197 4066 vero
2239 4025 2368 4080 quas
2412 4008 2611 4064 vitium
2639 4025 2802 4081 passa
2844 4011 2946 4077 est,
2973 4008 3020 4062 si
3050 4008 3197 4064 forte
3230 4024 3428 4064 necem
3457 4007 3562 4062 sibi

1932 4103 2212 4170 intulerit,
2258 4118 2457 4159 omnes
2501 4102 2558 4156 bi
2607 4102 2705 4174 qui
2747 4102 2918 4173 huius
2971 4101 3104 4157 facti
3153 4105 3286 4158 sunt
3333 4102 3558 4169 conscii,

1932 4196 2132 4252 decem
2171 4196 2334 4252 annis
2360 4196 2421 4250 in
2462 4196 2860 4267 paenitentiam
2887 4196 3228 4268 redigantur
3250 4197 3559 4254 secundum

1929 4305 2170 4346 canones
2199 4290 2557 4345 constitutos.

2251 4383 2492 4453 Explicit
2519 4382 2822 4441 concilium
2849 4386 3236 4458 Ancyranum.

899 4808 1298 4877 INCIPIUNT
1340 4810 1729 4879 CAPITULA
1769 4810 2463 4880 NEOCAESARIENSIS
2507 4808 2862 4878 CONCILII.

269 5011 318 5062 I.
348 5007 430 5102 l)e
450 5005 794 5080 presbyteris
813 5008 910 5082 qui
932 5027 1170 5068 uxorem
1191 5012 1396 5069 ducere
1414 5029 1530 5069 non
1552 5012 1817 5070 debeant.
1840 5028 1901 5102 D
1992 5020 2044 5071 9.
2095 5015 2172 5071 De
2235 5012 2582 5088 presbyteris
2642 5010 2922 5085 corporali
2984 5015 3211 5084 peccato
3265 5027 3549 5084 praeoccu-

262 5104 317 5156 2.
350 5101 432 5156 De
457 5101 696 5159 muliere
729 5103 950 5160 duobus
973 5106 1240 5166 fratribus
1254 5107 1473 5165 nubere
1493 5125 1612 5164 non
1630 5108 1819 5166 licere.

263 5197 317 5251 3.
349 5196 427 5250 De
459 5196 546 5251 his
569 5196 667 5270 qui
697 5200 894 5255 multis
917 5201 1135 5273 nuptiis
1161 5204 1748 5261 communicaverunt.

262 5290 316 5345 4.
349 5290 428 5345 De
455 5291 916 5363 concupiscentia
939 5311 1054 5351 non
1082 5302 1496 5354 consummata.

265 5388 316 5439 5.
350 5384 427 5441 De
453 5386 877 5443 catechumenis
902 5390 1282 5461 peccantibus.

262 5481 315 5534 6.
345 5478 423 5534 De
449 5481 884 5550 praegnantibus
912 5482 1284 5555 baptizandis.

262 5577 313 5627 7.
347 5573 716 5647 Presbyteros
767 5575 828 5632 in
875 5578 1132 5635 secundis
1188 5581 1400 5652 nuptiis
1449 5599 1563 5637 non
1613 5580 1822 5638 debere

185 5683 380 5722 orare.

263 5764 314 5816 8.
346 5763 543 5819 Uxoris
592 5765 865 5824 adultera:
920 5767 1101 5824 virum
1127 5811 1142 5840 ,
1203 5768 1470 5826 clericum
1529 5769 1654 5827 ﬁeri
1703 5785 1822 5828 non

186 5855 425 5914 debere.

1921 5110 2088 5183 patis.

1996 5208 2079 5260 10.
2132 5205 2211 5260 De
2268 5201 2594 5259 diaconibus
2644 5201 2924 5274 corporali
2972 5205 3205 5275 peccato
3265 5219 3547 5277 praeoccu-

1920 5299 2090 5370 patis.

1994 5397 2081 5450 ll.
2110 5394 2188 5449 De
2231 5391 2562 5464 presbytero
2602 5389 2792 5448 minus
2838 5389 3075 5464 triginta
3119 5409 3403 5452 annorum
3441 5395 3547 5451 mi-

1922 5487 2079 5543 nime
2110 5485 2448 5543 ordinando.

1991 5585 2076 5637 l2.
2105 5583 2185 5636 De
2203 5579 2291 5636 his
2313 5579 2412 5652 qui
2436 5579 2495 5634 in
2524 5579 2862 5652 aegritudine
2889 5585 3023 5638 sunt
3044 5581 3332 5657 baptizati.

1994 5678 2079 5730 l3.
2108 5676 2187 5731 De
2211 5673 2560 5746 presbyteris
2589 5674 2820 5732 alterius
2850 5676 3121 5750 regionis.

1998 5771 2080 5826 14.
2117 5771 2195 5828 De
2218 5768 2548 5826 diaconibus
2574 5775 2816 5844 septem.
