4058 6304
489 318 588 370 267
1381 317 1658 371 AI’I’END.
1701 316 1790 370 AD
1828 317 1988 372 SASC.
2032 316 2117 369 1X.
2151 342 2218 354 —
2249 314 2491 369 [SIDORI
2529 313 2951 368 MERCATURIS

3751 310 3858 362 '268

1232 499 1580 570 INCIPIT
1661 497 2187 570 CONCILIUM
2263 493 3109 570 NEOCESARIENSE.

565 661 629 715 Et
659 660 718 714 hi
751 659 982 731 quidem
1011 675 1253 715 canones
1281 657 1512 714 secundi
1543 662 1673 714 sunt
1702 675 1904 715 eorum
1937 658 2033 731 qui
2057 659 2117 713 in
2139 667 2199 742 Α
2289 655 2674 726 VIII.Sicujus
2692 670 2930 710 uxorem
2959 653 3306 710 adulterium
3333 653 3864 719 commisisse,cum

493 756 714 826 Ancyra
763 759 818 808 et
871 754 1128 808 Cmsarea
1181 753 1414 826 expositi
1477 756 1630 822 sunt,
1687 752 1927 808 Nicaanis
1985 768 2117 808 vero

492 847 710 920 priores
734 847 1120 902 inveniuntur.

561 941 958 996 Convenerunt
987 944 1178 996 autem
1225 941 1282 996 in
1323 941 1602 1013 synodum
1652 945 2029 997 memoratam
2059 941 2116 995 in

491 1033 934 1090 Neocaesariense
978 1035 1200 1090 civitate
1245 1034 1302 1089 hi
1354 1035 1452 1107 qui
1498 1035 1645 1090 infra
1696 1034 1891 1107 scripti
1940 1037 2115 1090 sunt:

493 1127 700 1194 V'italis,
747 1128 1077 1196 Germanus,
1125 1128 1326 1198 Sedus,
1365 1129 1635 1199 Hystrius,
1664 1129 1872 1199 Lupus,
1905 1128 2116 1182 Geron-

497 1220 626 1288 tius,
658 1219 979 1290 Salamnus,
1011 1221 1302 1287 Leontius,
1347 1225 1574 1275 sanctus
1600 1221 1848 1290 Basilius,
1873 1219 2118 1275 Valenti-

490 1332 618 1382 nus,
670 1316 1006 1387 Stephanus,
1067 1314 1389 1385 Gregorius,
1444 1315 1753 1385 Longinus,
1810 1314 2116 1383 Narcissus,

487 1409 767 1479 Decasius,
820 1408 1108 1476 Leontius,
1162 1407 1481 1476 Heraclius,
1542 1407 1776 1479 Alipius,
1833 1425 1865 1462 a
1914 1407 2118 1480 quibus

489 1503 705 1574 regulae
726 1503 958 1574 prolatae
985 1505 1117 1556 sunt
1144 1518 1271 1572 quae
1299 1501 1445 1555 infra
1473 1501 1696 1573 scriptas
1716 1505 1866 1556 sunt.

559 1599 686 1652 CAP.
731 1598 772 1651 l.
815 1596 1106 1666 Presbyter
1146 1595 1192 1648 si
1241 1611 1474 1650 uxorem
1514 1594 1761 1664 duxerit,
1803 1594 1873 1648 ab
1915 1593 2116 1649 ordine

465 1689 648 1744 illum
675 1688 884 1760 deponi
912 1688 1138 1742 debere.
1172 1687 1333 1752 Quod
1375 1688 1422 1742 si
1466 1688 1774 1743 fornicatus
1814 1687 2003 1754 fuerit,
2033 1688 2117 1741 vel

487 1783 826 1837 adulterium
856 1781 1223 1852 commiserit,
1253 1786 1411 1837 extra
1435 1782 1727 1838 ecclesiam
1755 1781 1923 1853 abjici
1957 1783 2014 1837 et
2045 1779 2118 1835 ad

486 1875 877 1949 paenitentiam
902 1875 1051 1931 inter
1068 1875 1240 1930 laicos
1268 1875 1451 1947 redigi
1478 1877 1722 1948 oportet.

562 1971 622 2026 II.
663 1969 879 2037 Mulier,
927 1969 973 2024 si
1013 1969 1234 2024 duobus
1280 1970 1539 2042 nupserit
1564 1969 1855 2036 fratribus,
1883 1968 2113 2040 abjicia-

2219 753 2366 806 esset
2400 750 2596 815 laicus,
2631 748 2802 804 fuerit
2847 747 3308 820 comprobatum,
3355 747 3447 803 hic
3493 749 3561 804 ad
3605 747 3865 804 ministe-

2217 845 2368 900 rium
2395 841 2829 900 ecclesiasticum
2860 841 3083 897 admitti
3125 859 3239 896 nor
3276 860 3283 864 ·
3804 840 3818 852 ’

2219 939 2488 994 clericatu
2504 938 2628 1010 jam
2654 936 2958 992 constituto
2978 953 3044 991 eo
3066 953 3096 990 a

2218 1031 2503 1087 dimittere
2524 1047 2651 1086 eam
2681 1029 2867 1085 debet.
2909 1029 2963 1085 Si
3005 1046 3100 1083 ver

2219 1124 2364 1180 tium
2420 1125 2574 1194 velit,
2627 1139 2741 1178 non
2794 1127 2981 1194 potest
3035 1139 3102 1177 su

2218 1218 2350 1274 frui.

2290 1313 2373 1368 IX.
2433 1310 2537 1376 Qui
2594 1309 2888 1366 admiserit
2951 1325 3107 1382 corpc

2217 1410 2414 1477 postea
2453 1405 2744 1476 presbyter
2786 1403 3079 1460 ordinatus

2217 1499 2371 1572 quod
2410 1503 2541 1552 ante
2585 1497 2997 1553 ordinationem
3025 1514 3103 1550 su:

2218 1593 2348 1648 dem
2377 1591 2594 1660 offerat,
2631 1596 2861 1646 maneat
2891 1595 3085 1645 autem

2219 1687 2340 1758 ejus
2373 1685 2544 1740 studii
2571 1685 2896 1740 utilitatem.
2948 1686 3086 1739 Nam

2219 1783 2355 1834 runt
2387 1778 2618 1851 plurimi
2659 1778 2828 1834 etiam
2855 1777 3092 1834 ordinati

2217 1873 2308 1929 his
2355 1890 2467 1928 non
2509 1871 2683 1928 fuerit
2727 1872 3033 1940 confessus,
3074 1888 3091 1926 1

2217 1966 2513 2022 manifeste
2563 1966 2838 2034 convinci,
2897 1966 3030 2021 huic
3073 1965 3088 2020 i

485 2069 580 2119 tur
609 2080 784 2135 usque
820 2063 894 2118 ad
922 2062 1076 2118 diem
1103 2062 1323 2118 mortis.
1358 2037 1494 2133 Sed,
1525 2067 1762 2136 propter
1787 2037 2112 2118 humanita-
2135 2037 2192 2109 B
2216 2061 2647 2118 committenda.

484 2163 600 2212 tem
629 2158 687 2212 in
714 2156 978 2212 extremis
1007 2157 1118 2212 suis
1161 2157 1529 2211 sacramentis
1558 2156 1913 2212 reconciliari
1945 2173 2111 2228 opor-

485 2253 586 2320 tet,
619 2249 698 2305 ita
728 2253 915 2306 tamen
962 2254 1024 2306 ut
1067 2250 1112 2304 si
1151 2250 1296 2305 forte
1336 2250 1638 2305 sanitatem
1678 2250 2112 2321 recuperaverit,

483 2343 852 2399 matrimonio
915 2343 1099 2399 soluto
1171 2343 1241 2398 ad
1315 2343 1704 2415 paenitentiam
1762 2343 2111 2399 admittatur.

481 2437 639 2502 Quod
664 2436 708 2492 si
739 2437 1005 2492 defuncta
1052 2437 1226 2492 fuerit
1266 2437 1475 2491 mulier
1512 2438 1568 2491 in
1615 2437 1943 2508 hujusmodi
1981 2453 2110 2491 con-

482 2530 653 2586 sortio
710 2531 1029 2601 constituta,
1087 2530 1333 2586 difﬁcilis
1383 2531 1491 2586 erit
1535 2531 1866 2602 poenitentia
1923 2548 2112 2585 rema-

480 2625 658 2693 nenti,
681 2642 808 2697 quae
825 2623 1110 2681 sententia
1124 2627 1241 2679 tam
1258 2624 1407 2679 viros
1424 2641 1594 2697 quam
1618 2624 1885 2679 mulieres
1915 2629 2111 2679 tenere

480 2717 672 2774 debet.

553 2812 644 2866 IlI.
676 2811 754 2866 De
793 2811 881 2865 his
927 2811 1024 2883 qui
1071 2811 1396 2883 frequenter
1437 2826 1634 2866 uxores
1677 2811 1909 2877 ducunt,
1945 2814 2000 2866 et
2044 2810 2113 2866 de

481 2905 567 2960 his
593 2902 690 2977 qui
720 2903 925 2976 sapius
951 2903 1195 2971 nubunt,
1216 2907 1443 2975 tempus
1471 2904 1702 2976 quidem
1730 2903 1818 2958 his
1847 2905 2114 2958 constitu-

480 3002 606 3052 tum
632 2997 998 3052 manifestum
1030 3001 1133 3064 est,
1160 2997 1257 3054 sed
1283 2997 1637 3054 conversatio
1666 3001 1724 3052 et
1749 2997 1890 3053 ﬁdes
1914 3014 2111 3054 eorum

480 3095 707 3163 tempus
735 3090 1046 3146 abbreviat.

551 3185 635 3239 ιν.
669 3185 722 3241 Si
770 3184 916 3257 quis,
969 3184 1266 3256 concupita
1314 3183 1573 3255 muliere,
1621 3185 1792 3240 etiam
1836 3184 1880 3240 si
1911 3202 2113 3242 concu-

477 3278 630 3333 bitus
658 3278 778 3349 ejus
817 3278 1166 3333 desiderium
1194 3278 1383 3347 habet,
1420 3295 1536 3333 non
1566 3281 1755 3333 autem
1799 3280 2106 3351 subsequa-

2285 2155 2345 2209 X.
2375 2153 2649 2210 Similiter
2691 2159 2747 2210 et
2787 2154 3060 2209 diaconus

2214 2248 2367 2303 mine
2430 2248 2601 2304 fuerit
2664 2247 2945 2303 involutus
2971 2291 2983 2315 ,
3049 2264 3169 2302 sese
3220 2279 3253 2301 α.
3308 2269 3619 2304 ιιιιιιιδιυηυ
3683 2268 3850 2307 com-

2212 2323 2458 2438 bebit.j

2285 2437 2370 2490 XI.
2402 2434 2702 2506 Presbyter
2729 2439 2861 2490 ante
2892 2434 3126 2507 triginta
3161 2451 3444 2491 annorum
3474 2438 3702 2492 aetatem
3730 2454 3850 2494 non

2213 2529 2529 2597 ordinetur,
2573 2529 2833 2600 quamvis
2873 2529 2945 2583 sit
2985 2528 3300 2601 probabilis
3340 2529 3488 2597 vitae,
3532 2531 3628 2585 sed
3657 2531 3851 2586 obser-

2211 2626 2376 2678 vetur
2403 2638 2584 2693 usque
2614 2622 2684 2678 ad
2709 2622 3056 2694 praeﬁnitum
3082 2628 3334 2694 tempus;
3368 2623 3643 2678 Dominus
3685 2625 3849 2680 enim

2211 2714 2508 2786 trigesimo
2541 2731 2690 2770 anno
2719 2715 3036 2787 baptizatus
3065 2718 3149 2771 est
3176 2718 3234 2770 et
3258 2721 3391 2771 tunc
3420 2717 3769 2788 praedicavit.

2284 2810 2392 2863 XII.
2414 2808 2470 2864 Si
2489 2809 2636 2880 quis,
2661 2809 2720 2864 in
2741 2809 3082 2881 aegritudine
3110 2809 3464 2877 constitutus,
3482 2810 3852 2882 fueritbapti-

2212 2905 2388 2973 zatus,
2417 2903 2715 2974 presbyter
2741 2901 2992 2958 ordinari
3018 2919 3136 2958 non
3167 2903 3356 2958 debet.
3379 2903 3500 2958 Non
3525 2903 3676 2958 enim
3703 2903 3850 2960 ﬁdes

2210 2996 2363 3052 illius
2405 2995 2744 3064 voluntaria,
2792 2997 2889 3051 sed
2924 3013 2994 3051 ex
3037 2996 3370 3052 necessitate
3413 3000 3518 3066 est,
3548 2997 3655 3052 nisi
3694 2998 3846 3054 forte

2211 3095 2405 3161 postea
2442 3089 2616 3162 ipsius
2656 3089 2905 3145 studium
2935 3094 2991 3146 et
3014 3090 3152 3146 ﬁdes
3186 3090 3492 3162 probabilis
3527 3091 3717 3159 fuerit,
3746 3096 3849 3147 aut

2210 3183 2514 3239 hominum
2539 3183 2740 3238 raritas
2771 3188 2954 3254 cogat.

2277 3277 2406 3332 XIII.
2447 3276 2770 3348 Presbyteri
2815 3277 2912 3348 qui
2963 3276 3394 3348 conregionales
3427 3294 3547 3332 non
3589 3283 3743 3348 sunt,
3783 3279 3846 3335 in

477 3377 570 3427 tur
589 3372 839 3440 effectus,
865 3371 1232 3428 manifestum
1257 3376 1343 3427 est
1369 3372 1517 3428 hunc
1538 3372 1708 3428 fuisse
1729 3390 1831 3445 per
1856 3374 2106 3429 divinam
2129 3404 2184 3477 Ο
2211 3369 2447 3424 ecclesia
2482 3370 2858 3441 praesentibus
2905 3371 3181 3442 episcOpis
3229 3373 3314 3426 vel
3374 3371 3722 3443 presbyteris
3771 3374 3846 3428 ci-

478 3465 717 3538 gratiam
741 3465 1067 3522 liberatum.

545 3561 606 3614 V.
647 3561 1118 3628 Catechumenus,
1153 3559 1212 3614 id
1243 3563 1326 3615 est
1353 3559 1613 3630 audiens,
1643 3561 1739 3632 qui
1783 3561 2107 3632 ingreditur

473 3653 531 3708 in
565 3653 876 3720 ecclesiam,
910 3659 968 3708 et
1009 3655 1121 3708 stat
1160 3670 1290 3708 cum
1331 3653 1769 3721 catcchumenis,
1804 3654 1849 3707 si
1877 3671 2107 3725 peccare

475 3746 646 3801 fuerit
664 3747 812 3800 visus
833 3745 1014 3817 ﬁgens
1035 3763 1238 3816 genua,
1264 3745 1456 3801 audiat
1476 3747 1735 3814 verbum,
1769 3749 1829 3800 ut
1855 3763 1909 3800 se
1937 3748 2104 3801 absti-

477 3844 612 3894 neat
637 3839 707 3893 ab
737 3839 832 3893 illo
865 3841 1093 3910 peccato
1115 3839 1268 3910 quod
1294 3838 1447 3894 fecit.
1475 3840 1637 3905 Quod
1664 3839 1712 3893 si
1735 3839 1792 3894 in
1821 3856 1884 3894 eo
1906 3841 2108 3910 perdu-

478 3935 568 3987 rat
595 3931 760 4004 abjici
791 3931 1023 3988 omnino
1057 3931 1283 3989 debere.

548 4027 635 4081 VI.
670 4026 748 4080 De
789 4027 1238 4097 prirgnantibus,
1275 4027 1426 4098 quod
1470 4029 1692 4097 oportet
1716 4042 1811 4080 eas
1836 4025 2107 4097 baptizari

474 4120 700 4192 quando
757 4121 986 4190 volunt,
1057 4120 1199 4174 nihil
1268 4121 1421 4175 enim
1471 4119 1528 4174 in
1586 4120 1693 4173 hoc
1750 4123 2104 4176 sacramento

475 4228 780 4268 commune
823 4215 906 4267 est
951 4212 1217 4284 pariturm
1269 4217 1324 4267 et
1379 4212 1460 4266 illi
1507 4212 1606 4282 qui
1658 4212 1728 4266 de
1781 4212 1903 4282 ejus
1947 4217 2106 4267 utero

474 4306 646 4361 fuerit
674 4306 874 4374 editus,
906 4306 1042 4378 quia
1073 4305 1515 4378 uniuscujusque
1543 4305 1601 4360 in
1631 4305 1723 4361 illa
1752 4305 2102 4362 confessione

475 4399 706 4455 libertas
731 4373 947 4455 arbitrii
979 4373 1371 4546 declaratum}

546 4495 655 4546 VII.
688 4494 1085 4546 Presbyterum
1110 4490 1325 4546 convivi

546 4495 655 4549 VII.
688 4494 1085 4564 Presbyterum
1110 4490 1370 4546 convivio‘
1385 4491 1743 4547 saecularium
1773 4493 2102 4564 nuptiarum

472 4587 745 4642 interesse
779 4604 894 4641 non
933 4585 1162 4651 debere,
1190 4583 1432 4639 maxime
1461 4602 1590 4639 cum
1617 4586 1986 4658 praecipiatur
2011 4604 2098 4642 se-

470 4681 666 4736 cundis
706 4679 918 4750 nuptiis
958 4677 1352 4749 paenitentiam
1378 4677 1649 4746 tribuere,
1678 4680 1804 4752 quis
1835 4679 1943 4735 erit
1969 4697 2098 4751 pre-

471 4775 662 4846 sbyter
725 4774 823 4844 qui
894 4776 1124 4843 propter
1196 4771 1513 4827 convivium
1592 4773 1702 4827 illis
1785 4774 2103 4829 consentiat

469 4867 704 4938 nuptiis.

2207 3464 2394 3519 vitatis
2425 3463 2626 3519 offerre
2667 3481 2779 3519 non
2799 3468 3057 3535 possunt,
3087 3481 3188 3520 nec
3226 3466 3363 3520 dare
3397 3482 3606 3537 panem
3635 3467 3848 3522 sancti-

2206 3556 2456 3626 ﬁcatum,
2505 3574 2611 3613 nec
2655 3557 2886 3613 calicem
2922 3558 3232 3630 porrigere.
3282 3559 3438 3623 Quod
3485 3559 3532 3613 si
3579 3560 3846 3615 absentes

2209 3654 2342 3705 sunt
2371 3651 2609 3707 civitatis
2653 3653 2992 3722 sacerdotes,
3023 3655 3079 3706 et
3104 3652 3317 3707 fuerint
3343 3652 3561 3708 invitati
3592 3654 3664 3708 ad
3696 3654 3842 3709 dan—

2207 3743 2341 3800 dam
2383 3745 2723 3813 orationem,
2754 3746 2858 3800 soli
2886 3745 3178 3800 debebunt
3217 3746 3370 3804 dare.
3413 3746 3616 3802 Vicarii
3646 3751 3841 3803 autem

2207 3837 2600 3910 episcoporum
2643 3839 2800 3911 (quos
2843 3839 3018 3894 Gratci
3047 3839 3409 3912 coepiscopos
3454 3842 3673 3912 vocant)
3702 3859 3841 3896 con-

2206 3931 2382 3986 stituti
2413 3936 2544 3986 sunt
2569 3931 2798 4003 quidem
2827 3933 2900 3986 ad
2926 3933 3247 4005 exemplum
3270 3934 3634 4006 septuaginta
3659 3935 3841 3990 senio-

2205 4041 2354 4080 rum.
2385 4025 2494 4081 Sed
2538 4028 2809 4098 tanquam
2855 4027 3279 4083 consacerdotes
3308 4032 3538 4099 propter
3576 4029 3844 4084 sollicitu-

2205 4119 2398 4174 dinem
2425 4123 2481 4174 et
2511 4120 2764 4174 studium
2792 4121 2942 4192 quod
2963 4121 3020 4175 in
3048 4138 3330 4194 pauperes
3355 4124 3553 4192 agunt,
3573 4121 3839 4192 offerant,

2205 4217 2261 4268 et
2291 4213 2651 4267 honorabiles
2682 4213 3017 4270 habeantur.

2275 4307 2403 4360 XIV.
2435 4305 2659 4360 Diaconi
2687 4313 2903 4380 septem
2933 4325 3053 4362 esse
3081 4308 3292 4363 debent
3323 4309 3634 4364 secundum
3664 4326 3837 4380 regu-

2202 4400 2336 4470 lam,
2360 4399 2621 4469 quamvis
2643 4417 2852 4473 magna
2869 4402 2938 4457 sit
2964 4402 3176 4471 civitas,
3201 4404 3412 4473 regulae
3437 4406 3631 4458 tamen
3650 4407 3839 4459 aucto-

2204 4493 2338 4547 ritas
2380 4492 2486 4547 ista
2534 4497 2638 4560 est,
2682 4494 2837 4566 quod
2877 4498 2932 4549 et
2961 4495 3105 4551 liber
3145 4501 3402 4551 actorum
3450 4499 3837 4568 apostolorum

2202 4585 2472 4640 insinuat.

2273 4679 2511 4750 Explicit
2534 4681 2837 4737 concilium
2859 4683 3325 4753 Neocazsariense,
3359 4685 3506 4756 quod
3531 4685 3657 4753 fuit,
3673 4688 3836 4741 Anno

2203 4773 2434 4828 Domini
2455 4775 2558 4829 314
2583 4774 2642 4830 in
2673 4777 2856 4830 Ponto
2881 4777 3300 4833 Polemoniaco.

1265 5117 1663 5183 INCIPIUNT
1705 5119 2094 5184 CAPITULA
2140 5078 2637 5186 GANGRENSIS
2683 5121 3040 5187 CONCILII.

542 5253 590 5305 l.
621 5253 702 5305 De
734 5251 822 5304 his
848 5252 947 5322 qui
971 5254 1198 5325 nuptias
1227 5255 1524 5310 damnant.

537 5348 589 5397 2.
619 5345 696 5397 De
723 5343 812 5398 his
838 5343 936 5417 qui
957 5362 1159 5403 carnes
1190 5348 1596 5404 manducantes
1621 5348 1914 5404 damnant.

537 5441 587 5491 3.
621 5439 740 5492 Non
767 5437 972 5493 debere
1004 5457 1228 5496 servum
1261 5443 1555 5498 occasione
1586 5443 1874 5515 religionis
1914 5442 2092 5500 domi-

465 5547 605 5587 num
635 5537 1024 5588 contemnere.

534 5627 584 5680 4.
619 5628 694 5682 De
723 5626 1005 5684 oblatione
1031 5628 1348 5701 presbyteri
1380 5630 1689 5702 conjugati.

532 5724 582 5776 5.
611 5721 904 5778 Orationes
933 5722 1185 5778 ecclesiae
1215 5740 1331 5779 non
1361 5723 1563 5780 debere
1601 5725 1910 5782 contemni.

530 5818 579 5866 (ἰ.
605 5817 723 5869 Non
761 5816 970 5871 debere
1001 5819 1154 5872 extra
1191 5817 1484 5873 ecclesiam
1518 5819 1872 5890 congregari.

2114 5270 2174 5342 D
2264 5262 2318 5312 7.
2349 5259 2425 5313 De
2448 5258 2725 5314 fructibus
2750 5259 2810 5313 in
2836 5258 3129 5314 ecclesiam
3159 5264 3215 5315 et
3249 5277 3365 5316 non
3393 5260 3528 5316 alibi
3555 5262 3780 5320 dandis.

2266 5353 2319 5407 8.
2344 5353 2421 5406 De
2442 5351 2531 5406 his
2564 5369 2691 5424 quae
2722 5353 2782 5407 in
2807 5370 2944 5408 usus
2971 5370 3289 5424 pauperum
3311 5355 3703 5412 conferuntur.

2265 5448 2296 5497 9
2325 5445 2645 5515 Virginitati
2673 5447 2994 5502 studentem
3029 5463 3142 5501 non
3169 5447 3380 5503 debere
3414 5449 3643 5521 nuptias
3668 5468 3831 5508 exse-

2195 5539 2364 5593 crari.

2269 5635 2352 5685 IO.
2383 5631 2458 5685 De
2484 5630 2572 5684 his
2601 5630 2697 5702 qui
2727 5648 2827 5703 pro
2855 5632 3180 5703 virginitate
3208 5637 3560 5707 superbiunt.

2270 5728 2352 5779 Η.
2382 5726 2631 5795 Agapem
2654 5725 2898 5781 fratrum
2924 5744 3040 5783 non
3065 5728 3274 5785 debere
3297 5732 3604 5786 contemni.

2269 5821 2352 5871 I2.
2387 5817 2459 5870 De
2488 5818 2906 5874 continentibus
2938 5823 2995 5875 et
3023 5839 3121 5876 usu
3155 5824 3498 5894 passionum.
