4058 6310
232 377 334 426 269

1470 373 1937 432 DECRETALIUM
1973 375 2361 432 COLLECTIO.

3494 383 3598 434 270

307 487 392 539 13.
427 484 551 538 Non
580 482 792 538 debere
821 481 1124 538 mulierem
1151 483 1516 540 continentia
1545 500 1716 541 causa
1737 485 1866 541 viri-
1885 501 1945 574 Α
2038 489 2124 542 16.
2169 489 2249 543 Ne
2293 487 2394 542 lilii
2458 485 2749 541 occasione
2814 485 3110 558 religionis
3155 491 3415 559 parentes
3465 483 3595 548 sues

229 577 346 631 lem
377 577 638 632 habitum
666 592 963 647 usurpare.

306 671 392 724 14.
427 671 550 724 Νοῑι
598 669 811 726 debere
857 669 1339 726 condemnantem
1386 671 1614 744 nuptias
1668 689 1702 728 a
1745 672 1865 729 viro

228 762 544 818 discedere.

307 860 392 912 15,
421 858 546 912 Non
573 856 784 912 debere
818 872 1171 931 quemquam
1200 857 1566 915 continentiae
1593 874 1761 915 causa
1795 858 1861 914 fi-

227 950 337 1004 lios
366 967 498 1005 suos
522 950 838 1021 negligere.

1967 578 2302 651 despiciant.

2039 676 2122 727 17.
2155 674 2339 743 Caput
2367 672 2602 728 tondere
2627 671 2852 728 mulieri
2880 689 2998 728 non
3029 673 3223 730 licere.

2037 768 2122 821 18.
2153 767 2274 821 Non
2302 765 2508 820 debere
2537 763 2628 820 die
2656 765 2956 821 Dominico
2979 767 3263 838 jejunare.

2037 861 2124 914 19.
2153 859 2275 914 Non
2309 859 2480 914 licere
2505 859 2832 914 communia
2851 860 3077 931 jejunia
3101 860 3340 917 solvere.

2032 956 2121 1014 20.
2156 951 2715 1012 Communicandum
2739 952 2798 1009 in
2828 953 3072 1010 basilicis
3101 959 3435 1027 martyrum.

1091 1187 1443 1281 INCIPIT
1528 1210 2056 1285 CONCILIUM
2143 1211 2743 1283 GANGRENSE.

1356 1350 1541 1422 (Anno
1568 1350 1797 1406 Domini
1825 1354 1924 1407 333
1947 1351 2006 1406 in
2036 1350 2470 1424 Paphlagonia.)

301 1493 552 1549 Dominis
578 1492 1008 1550 honorabilibus
1030 1495 1549 1565 consacerdotibus,
1571 1496 1632 1552 in
1659 1498 1861 1552 Arme-

229 1586 325 1641 nia
354 1586 677 1642 constitutis
703 1587 1001 1659 episcopis.
1029 1589 1325 1658 Eusebius,
1345 1590 1561 1662 Alpius,
1590 1583 1861 1660 Philetus,

228 1681 494 1748 Eulalius,
553 1682 814 1752 Pappus,
874 1681 1145 1749 Basilius,
1195 1682 1526 1750 Bithinicus,
1579 1684 1859 1755 Heratius,

225 1773 462 1844 lpatius,
487 1775 708 1841 Bassus,
737 1774 1044 1846 Eugenius,
1070 1775 1397 1847 Gregorius,
1427 1777 1674 1844 Elianus,
1696 1779 1861 1833 Pres-

1962 1496 2309 1552 conveniunt
2335 1500 2395 1552 et
2423 1500 2787 1552 sacramenta
2813 1495 3124 1553 conﬁciunt
3153 1498 3590 1569 reprehendere.

1960 1590 2168 1645 Divites
2192 1589 2407 1658 ﬁdeles,
2425 1590 2523 1663 qui
2549 1607 2663 1646 non
2682 1590 2952 1646 omnibus
2965 1590 3301 1646 renuntiant
3327 1607 3454 1663 quin
3474 1609 3596 1663 pos-

1961 1683 2150 1739 sident
2180 1700 2344 1756 spem
2380 1685 2536 1756 apud
2575 1683 2884 1740 Dominum
2911 1700 3029 1740 non
3053 1684 3285 1740 habere.
3319 1685 3386 1740 Et
3415 1687 3596 1741 multa

1960 1777 2071 1832 alia
2098 1793 2224 1849 quae
2251 1794 2587 1833 enumerare
2613 1777 2753 1833 nulli
2778 1777 3042 1849 possibile
3067 1782 3150 1833 est
3169 1778 3424 1849 singulos
3448 1795 3593 1850 quo-

227 1867 364 1934 sius,
399 1866 712 1936 Eugenius,
745 1867 844 1939 qui
868 1874 1258 1926 convenerunt
1281 1869 1340 1925 in
1367 1871 1692 1941 Gangrense
1722 1889 1860 1928 con-
1881 1855 1938 1928 Β
1961 1887 2072 1942 que
2091 1887 2296 1926 eorum
2324 1887 2428 1942 pro
2455 1888 2558 1927 suo
2579 1871 2814 1927 arbitrio
2829 1871 3192 1939 constituere,
3208 1872 3594 1944 unusquisque

225 1959 424 2014 cilium
451 1959 510 2014 in
538 1960 783 2016 Domino
816 1961 1077 2017 salutem.

297 2053 582 2117 Quoniam
628 2055 974 2111 conveniens
1022 2059 1218 2112 sancta
1271 2057 1518 2130 synodus
1567 2059 1858 2130 episcopo-

224 2163 379 2216 rum,
430 2146 490 2202 in
539 2147 844 2203 Ecclesiam
889 2149 1278 2222 Gangrensem
1315 2157 1548 2224 propter
1584 2153 1859 2224 quasdam

223 2238 624 2295 ecclesiasticas
669 2245 727 2296 et
765 2243 1107 2298 necessarias
1151 2261 1346 2300 causas
1381 2245 1771 2317 inquirendas,
1805 2250 1860 2302 et

223 2349 293 2388 ea
339 2349 471 2404 qua:
514 2335 860 2390 secundum.
876 2337 1237 2392 Eustachium
1286 2343 1444 2408 gesta
1484 2343 1616 2395 sunt
1653 2339 1857 2411 digno-

222 2427 439 2482 scenda
490 2427 709 2484 invenit
737 2431 918 2485 multa
967 2430 1091 2486 ﬁeri
1140 2431 1469 2488 indecenter
1515 2433 1587 2487 ab
1629 2433 1716 2488 his
1761 2435 1860 2506 qui

220 2521 496 2577 eumdem
523 2522 893 2578 Eustachium
938 2524 1114 2580 secu‘ti
1139 2528 1290 2592 sunt,
1322 2526 1637 2582 necessario
1664 2527 1861 2584 statuit

219 2615 413 2686 palam
461 2616 724 2672 omnibus
769 2617 934 2673 factis
976 2624 1276 2691 amputare
1325 2619 1588 2676 universa
1626 2637 1753 2693 qua:
1785 2622 1858 2676 ab

220 2709 430 2766 eodem
456 2709 605 2766 male
629 2711 928 2767 commissa
957 2716 1108 2768 sunt.

291 2803 655 2859 Declaratum
668 2808 754 2858 est
765 2805 918 2860 enim
934 2806 1040 2860 hos
1057 2806 1291 2862 eosdem
1318 2807 1547 2879 nuptias
1573 2824 1855 2879 accusare,

220 2899 279 2952 et
296 2895 503 2952 docere
520 2897 670 2968 quod
696 2898 882 2953 nullus
895 2898 954 2954 in
967 2899 1251 2970 conjugali
1265 2901 1476 2971 positus
1495 2901 1678 2971 gradu
1695 2918 1857 2973 spem

219 2989 471 3045 habebat
479 2991 630 3061 apud
643 2992 842 3060 Deum,
867 2993 1016 3047 unde
1029 2993 1242 3048 factum
1259 2996 1343 3048 est
1357 2999 1418 3050 ut
1429 2995 1694 3050 mulieres
1706 2995 1854 3051 mul-

218 3089 290 3140 ta!
303 3084 792 3151 sed1:ctse,relictis
803 3086 1046 3156 propriis
1057 3087 1680 3156 viris,etviri,uxoribus
1691 3089 1859 3145 desti-

219 3177 375 3244 tutis,
395 3177 688 3232 vinculum
705 3177 830 3251 63
843 3181 1138 3250 conjugale
1157 3181 1549 3249 dissolverent,
1565 3182 1857 3239 continen-

221 3271 360 3326 tiam
373 3271 901 3343 proﬁtentes,quam
915 3290 1043 3327 cum
1056 3274 1301 3330 retinere
1315 3292 1430 3330 non
1443 3277 1853 3346 possent,adul-

221 3365 431 3420 terium
450 3365 876 3422 commiserunt.
895 3367 1113 3422 Inventi
1142 3369 1296 3424 enim
1320 3374 1452 3424 sunt
1480 3370 1856 3427 dissensiones

221 3475 286 3514 ac
299 3458 682 3530 separationes
695 3459 753 3514 in
767 3460 1074 3515 Dominicis
1085 3463 1333 3516 ecclesiis
1345 3463 1632 3532 docere,id
1649 3467 1733 3518 est
1746 3467 1857 3519 tra-

222 3553 470 3608 ditiones
496 3552 923 3621 ecclesiasticas,
939 3557 997 3609 et
1015 3571 1081 3610 ea
1104 3571 1233 3627 quae
1258 3555 1317 3610 in
1339 3556 1585 3611 ecclesiis
1604 3560 1856 3628 aguntur

221 3646 435 3702 debere
459 3648 772 3717 contemni,
795 3647 1140 3721 privatisque
1161 3650 1568 3704 conventiculis
1583 3650 1855 3706 institutis

220 3745 394 3812 atque
422 3740 495 3795 ad
520 3740 898 3796 imitationem
921 3758 1120 3799 eorum
1142 3759 1268 3814 quae
1289 3744 1347 3798 in
1367 3744 1541 3799 domo
1558 3745 1656 3799 Dei
1672 3761 1850 3815 agun-

218 3839 312 3888 tur
338 3833 538 3890 omnia
561 3851 906 3905 praesumere
928 3835 1232 3892 celebrare.
1261 3837 1457 3893 Adhuc
1483 3837 1657 3893 etiam
1682 3839 1852 3894 vesti-

218 3927 323 3984 bus
351 3928 752 4002 communjbus
795 3929 1000 4002 spretis
1046 3946 1226 3985 novos
1255 3934 1312 3985 et
1339 3931 1592 3986 insolitos
1629 3932 1855 3988 habitus

219 3928 323 3984 bus
351 3928 752 4109 commufus
795 3929 1000 4002 spretis
1046 3946 1226 3985 novos
1255 3934 1312 3985 et
1339 3931 1592 3986 insolitos
1629 3932 1850 3988 habitus

219 4021 587 4094 assumpsisse
635 4022 916 4078 Primitias
945 4040 1172 4095 quoque
1213 4025 1500 4079 fructuum
1530 4029 1587 4079 et
1611 4026 1850 4080 oblatio-

221 4131 318 4170 nes
344 4131 549 4171 eorum
578 4132 718 4188 quas
753 4119 1012 4172 veterum
1047 4117 1326 4172 institutio
1353 4118 1598 4174 ecclesiis
1632 4119 1850 4189 tribuit,

217 4209 448 4265 sibimet
475 4209 806 4278 vindicasse,
835 4209 893 4264 id
922 4215 1007 4265 est
1031 4211 1265 4282 prOpria
1294 4213 1513 4268 ratione
1557 4212 1850 4280 doctrinae,

217 4306 501 4374 tanquam
531 4302 739 4358 sanctis
777 4303 887 4358 sibi
916 4319 1010 4359 eas
1047 4303 1237 4359 oti‘erri
1265 4304 1491 4375 debere,
1533 4306 1683 4376 apud
1711 4322 1768 4360 se
1798 4311 1855 4362 et

218 4396 367 4452 inter
391 4413 451 4451 se
484 4396 909 4468 dispensandas,
944 4413 1131 4453 servos
1161 4415 1194 4453 a
1225 4398 1468 4453 dominis
1495 4399 1849 4468 recedentes,

218 4507 322 4562 per
367 4491 523 4546 hunc
567 4491 899 4546 inusitatum
940 4491 1234 4562 religionis
1276 4509 1394 4546 sua:
1433 4493 1714 4560 habitum,
1748 4493 1852 4548 sub

1876 3225 1931 3300 C

1959 1964 2113 2021 enim
2136 1981 2336 2020 eorum
2355 1981 2457 2036 per
2475 1965 2655 2020 talem
2675 1965 3091 2020 institutionem
3119 1965 3192 2020 ab
3219 1965 3594 2020 ecclesiastico

1960 2074 2175 2114 canone
2196 2059 2445 2129 recessit,
2469 2061 2739 2130 tanquam
2765 2058 3022 2130 proprias
3043 2060 3196 2129 leges
3224 2058 3449 2114 sibimet
3463 2076 3594 2115 con-

1961 2151 2166 2208 didisse
2193 2169 2564 2224 praesumens.
2594 2153 2701 2208 Sed
2731 2168 2835 2208 nec
2871 2152 3190 2207 communis
3214 2152 3301 2207 his
3327 2152 3594 2208 omnibus

1960 2249 2019 2300 et
2047 2262 2162 2300 una
2192 2246 2475 2301 sententia
2506 2251 2607 2301 est.
2640 2245 2856 2316 Singuli
2886 2246 3058 2315 enim,
3088 2249 3261 2318 prout
3284 2246 3510 2300 videtur
3538 2252 3594 2302 et

1957 2338 2119 2408 libet,
2133 2340 2547 2395 accusationem
2575 2339 2831 2394 Ecclesiae
2853 2339 3092 2396 nitendo
3118 2344 3389 2410 tanquam
3410 2343 3594 2395 rector

1958 2449 2074 2487 non
2102 2433 2192 2500 sit,
2225 2435 2311 2487 vel
2340 2433 2558 2488 addidit
2580 2433 2807 2488 decreta
2835 2434 2922 2487 vel
2955 2433 3182 2488 minuit.
3219 2434 3456 2503 Propter
3483 2433 3593 2488 hoc

1961 2542 2096 2596 ergo
2127 2530 2383 2580 coactum
2415 2529 2501 2580 est
2529 2527 2637 2581 hoc
2663 2525 2961 2580 concilium
2987 2526 3046 2580 in
3075 2526 3385 2597 Gangrensi
3412 2526 3594 2581 Eccle-

1957 2618 2041 2673 sia
2054 2618 2310 2673 habitum
2323 2635 2567 2674 canones
2581 2619 2718 2673 istos
2734 2635 3037 2690 exponere,
3052 2618 3259 2689 quibus
3273 2618 3591 2690 probantur

1957 2711 2255 2767 memorati
2272 2715 2432 2767 extra
2451 2712 2755 2768 Ecclesiam
2776 2728 2914 2767 esse.
2931 2711 3096 2776 Quod
3115 2712 3162 2766 si
3185 2728 3287 2783 per
3305 2711 3587 2783 paeniten-

1956 2805 2095 2861 tiam
2106 2805 2612 2861 condemnaverint
2622 2805 2816 2862 omnia
2826 2806 2951 2861 haec
2962 2822 3090 2877 quae
3103 2805 3254 2860 male
3269 2809 3590 2873 senserunt,

1955 2903 2231 2972 tanquam
2276 2917 2310 2955 a
2353 2916 2410 2955 se
2453 2916 2566 2954 non
2594 2900 2743 2955 bene
2772 2900 2990 2971 prolata
3027 2898 3400 2970 acceptabiles
3427 2899 3586 2967 ﬁant,

1957 2997 2127 3065 atque
2147 2993 2219 3050 ad
2247 3010 2342 3048 eos
2373 2993 2598 3064 singula
2623 3010 2751 3064 quae
2774 2993 2988 3048 debent
3010 2993 3413 3061 condemnare,
3428 3009 3590 3064 syno-

1956 3087 2060 3142 dus
2080 3087 2322 3143 credidit
2351 3088 2710 3158 exponenda.
2742 3087 2906 3152 Quod
2942 3087 2989 3140 si
3026 3085 3152 3159 quis
3180 3086 3434 3142 renuerit
3463 3088 3585 3142 haec

1955 3197 2085 3253 quae
2122 3180 2295 3236 hodie
2335 3183 2638 3236 constituta
2667 3185 2798 3236 sunt
2825 3183 3100 3252 tanquam
3127 3179 3429 3236 hmreticus
3447 3197 3583 3234 ana-

1954 3275 2352 3330 thematizatus
2395 3279 2452 3330 et
2487 3275 2790 3329 damnatus
2834 3273 3150 3344 abjiciatur.
3197 3275 3266 3328 Et
3314 3273 3423 3328 erit
3468 3290 3584 3328 non

1955 3367 2142 3422 solum
2190 3368 2734 3437 excommunicatus,
2782 3383 2981 3422 verum
3027 3367 3202 3421 etiam
3243 3367 3313 3421 ab
3354 3367 3586 3422 ecclesia

1956 3461 2254 3532 abjiciatur
2275 3461 2535 3528 extorris,
2553 3461 2734 3514 donec
2764 3460 3100 3530 deprecetur
3115 3459 3426 3531 episcopos,
3442 3463 3500 3514 et
3513 3461 3583 3516 de

1955 3553 2225 3608 universis
2270 3570 2400 3625 quae
2442 3570 2616 3624 penes
2647 3570 2744 3608 eos
2770 3552 3128 3624 deprehensa
3159 3557 3332 3624 atque
3361 3553 3583 3608 detecta

1953 3650 2103 3714 sunt,
2136 3646 2468 3719 providerit,
2499 3645 2636 3718 quid
2681 3646 2889 3701 horum
2927 3645 3235 3718 susceperit
3278 3645 3580 3701 observan-

1953 3740 2110 3794 dum.
2435 3787 2451 3806 κ

2023 3835 2150 3890 CAP.
2182 3834 2223 3888 Ι.
2261 3833 2318 3888 Si
2346 3833 2473 3905 quis
2498 3831 2722 3904 nuptias
2757 3831 2817 3887 in
2849 3830 3202 3888 accusatione
3239 3831 3484 3900 duxerit,
3526 3837 3584 3888 et

1954 3927 2252 3982 mulierem
2292 3927 2520 3982 fidelem
2567 3943 2632 3982 ac
2670 3925 2992 3998 religiosam
3021 3941 3151 3980 cum
3176 3925 3296 3980 viro
3321 3942 3423 3981 suo
3447 3926 3579 3982 dor-

1953 4020 2229 4076 mientem
2256 4020 2702 4076 abominandam
2737 4019 3059 4090 crediderit,
3093 4021 3192 4074 aut
3217 4019 3390 4075 etiam
3425 4036 3584 4076 accu-

1953 4115 2190 4170 sandam
2218 4117 2488 4187 tanquam
2525 4130 2642 4169 non
2685 4129 2854 4185 posse
2893 4113 3223 4186 coniugatos
3249 4111 3306 4168 in
3332 4129 3580 4186 regnum

1953 4208 2054 4263 Dei
2082 4207 2325 4280 ingredi,
2356 4208 2660 4263 anathema
2682 4206 2772 4261 sit.

2023 4299 2086 4357 Il.
2116 4301 2174 4358 Si
2199 4301 2326 4373 quis
2355 4317 2583 4356 carnem
2611 4300 3050 4357 manducantem
3075 4316 3143 4356 ex
3167 4300 3279 4356 ﬁde
3297 4316 3431 4356 cum
3451 4301 3582 4357 reli-

1954 4395 2125 4466 gione
2151 4399 2361 4466 praeter
2387 4394 2727 4466 sanguinem
2755 4397 2812 4448 et
2841 4395 2990 4450 idolo
3019 4394 3386 4450 immolatum
3405 4399 3463 4451 et
3474 4395 3588 4450 suf-

1951 4488 2206 4543 focatum
2238 4488 2562 4558 crediderit,
2598 4488 3094 4544 condemnandum
3123 4491 3397 4559 tanquam
3424 4505 3581 4559 spem

219 4584 402 4656 specie
420 4601 540 4638 sure
565 4584 857 4656 religionis
874 4585 1137 4640 dominos
1153 4586 1852 4658 contempsisse.Mulieres
1870 4596 1930 4668 D
1951 4598 2066 4636 non
2096 4581 2402 4636 habentem
2428 4581 2579 4652 quod
2611 4597 2702 4636 eas
2732 4581 3056 4651 manducat,
3087 4582 3392 4636 anathema
3416 4582 3506 4636 sit.

220 4694 447 4750 quoque
477 4683 686 4749 praeter
715 4679 1209 4747 consuetudinem,
1257 4681 1315 4734 et
1344 4679 1431 4734 sui
1473 4696 1641 4734 sexus
1684 4697 1849 4734 orna-

219 4775 339 4826 tum
371 4771 506 4826 hinc
548 4788 606 4826 se
640 4771 976 4843 justiﬁcare,
1010 4772 1310 4827 credentes
1351 4771 1572 4826 virilem
1599 4774 1854 4828 habitum

220 4865 554 4937 suscepisse,
594 4865 903 4936 pluresque
947 4881 1144 4920 earum
1197 4865 1491 4920 occasione
1544 4864 1852 4936 religionis,

220 4963 414 5013 tonsas
465 4957 704 5029 genuini
745 4958 968 5014 decoris
1010 4975 1200 5015 comas
1242 4959 1470 5031 penitus
1510 4962 1852 5030 amputasse.

217 5051 434 5123 Jejunia
452 5067 584 5123 quae
605 5050 662 5105 in
683 5052 916 5107 ecclesia
935 5052 1251 5125 praedicant
1276 5053 1693 5108 contemnenda
1711 5069 1856 5107 asse-

218 5145 415 5201 ruisse.
447 5145 758 5200 Nonnullos
779 5145 954 5202 etiam
987 5146 1141 5201 cibos
1170 5147 1426 5202 carnium
1454 5152 1727 5220 tanquam
1749 5147 1856 5202 illi-

220 5240 360 5295 citos
388 5243 705 5311 reputasse,
741 5239 800 5295 in
843 5239 1105 5296 domibus
1133 5241 1568 5313 conjugatorum
1595 5257 1701 5296 nec
1727 5258 1853 5296 ora-

221 5333 403 5389 tiones
432 5332 669 5404 quidem
700 5333 906 5388 debere
941 5334 1215 5389 celebrari
1247 5335 1610 5406 persuasisse,
1645 5335 1703 5389 in
1729 5337 1854 5389 tan-

221 5432 342 5482 tum
372 5431 438 5481 ut
461 5427 690 5482 easdem
733 5425 856 5481 fieri
903 5432 1113 5498 vetent,
1144 5432 1200 5484 et
1229 5427 1613 5484 oblationibus
1640 5445 1769 5500 qua:
1799 5428 1858 5483 in

223 5520 486 5575 domibus
512 5521 677 5576 factm
697 5521 911 5576 fuerint
926 5521 1162 5578 minime
1176 5522 1566 5578 communican
1576 5522 1711 5576 dum
1735 5538 1856 5577 esse

222 5614 550 5670 decernant.
581 5614 947 5688 Presbyteros
973 5631 1107 5671 vero
1133 5615 1231 5688 qui
1252 5615 1617 5671 matrimonia
1640 5618 1860 5670 contra-

223 5713 448 5776 xerunt,
486 5707 681 5780 sperni
726 5708 935 5764 debere
964 5710 1180 5780 dicunt,
1213 5726 1316 5765 nec
1354 5713 1706 5765 sacramenta
1732 5726 1861 5782 quae

221 5801 291 5856 ab
321 5801 402 5856 eis
438 5800 824 5856 conﬁciuntur
853 5802 1078 5875 attingi.
1105 5803 1255 5859 Loca
1293 5806 1620 5858 sanctorum
1645 5807 1859 5875 marty-

224 5910 351 5950 rum
409 5895 498 5951 vel
543 5894 806 5952 basilicas
849 5901 1238 5969 contemnere,
1281 5901 1338 5954 et
1385 5911 1584 5953 omnes
1608 5897 1704 5970 qui
1733 5897 1865 5954 illuc

2026 4677 2115 4732 lll.
2149 4675 2203 4731 Si
2229 4674 2357 4746 quis
2393 4691 2619 4730 servum
2663 4674 2912 4730 alienum
2958 4674 3253 4730 occasione
3293 4674 3585 4746 religionis

1955 4769 2151 4824 doceat
2181 4768 2482 4823 dominum
2521 4785 2688 4822 suum
2733 4767 2939 4822 debere
2982 4770 3346 4822 contemnere
3375 4773 3432 4824 et
3466 4769 3587 4841 ejus

1956 4862 2338 4918 ministerium
2367 4863 2688 4930 destituere,
2721 4878 2784 4916 ac
2808 4860 2998 4933 potius
3028 4878 3143 4916 non
3185 4861 3442 4918 docuerit
3481 4876 3583 4919 suo

1955 4957 2190 5012 domino
2210 4957 2360 5012 bona
2383 4957 2497 5013 fide
2524 4961 2583 5011 et
2607 4973 2736 5012 cum
2765 4956 2922 5012 omni
2943 4955 3380 5011 honorificentia
3401 4955 3589 5013 deser-

1953 5051 2092 5120 vire,
2122 5051 2426 5130 anathema
2455 5051 2547 5106 sit.

2027 5146 2114 5221 IY.
2161 5132 2216 5201 Si
2260 5145 2386 5217 quis
2437 5145 2710 5199 discernit
2748 5142 3145 5216 presbyterum
3185 5144 3586 5218 conjugatum,

1955 5229 2230 5311 tanquam
2250 5238 2539 5294 occasione
2563 5238 2896 5308 nuptiarum
2927 5237 3132 5294 offerre
3155 5254 3271 5294 non
3293 5239 3517 5308 debeat,
3535 5245 3594 5296 et

1959 5333 2030 5388 ab
2054 5334 2178 5404 ejus
2205 5333 2489 5388 oblatione
2513 5331 2643 5387 ideo
2669 5349 2729 5387 se
2756 5331 3056 5403 abstineat,
3071 5333 3374 5389 anathema
3405 5335 3494 5390 sit.

2029 5428 2091 5482 V.
2123 5427 2179 5482 Si
2213 5425 2337 5498 quis
2368 5426 2531 5481 docet
2559 5425 2793 5481 domum
2826 5425 2926 5481 Dei
2951 5427 3442 5499 contemptibilem
3470 5444 3590 5484 esse

1959 5519 2168 5576 debere
2190 5523 2247 5576 et
2259 5517 2730 5592 congregationes
2759 5535 2889 5594 quae
2909 5519 2969 5576 in
2998 5535 3067 5576 ea
3091 5521 3257 5590 fiunt,
3283 5521 3590 5577 anathema

1959 5613 2051 5669 sit.

2031 5707 2120 5762 Vl.
2143 5706 2198 5763 Si
2223 5707 2351 5780 quis
2393 5711 2553 5763 extra
2591 5707 2884 5765 ecclesiam
2913 5709 3176 5781 privatim
3203 5707 3437 5780 populos
3462 5722 3590 5761 con-

1965 5817 2229 5874 gregans,
2258 5805 2592 5858 contemnat
2627 5801 3029 5858 ecclesiasticas
3067 5801 3398 5870 sanctiones,
3428 5799 3593 5855 aliter

1965 5913 2035 5952 ea
2064 5912 2192 5970 qua!
2224 5897 2356 5952 sunt
2380 5896 2627 5952 ccclesize
2655 5895 2889 5951 voluerit
2913 5909 3207 5964 usurpare,
3238 5910 3350 5949 non
3381 5910 3587 5952 conve-
