4058 6320
491 318 588 369 2ϋῖ
1380 318 1658 371 AI’I’END.
1701 317 1789 370 ΑΙ)
1828 318 1987 372 ὃέΕΟ.
2034 317 2108 370 IX.

2249 315 2490 370 ISIDORI
2531 313 2951 368 MEHCATORIS

1232 499 1580 570 INCIPIT
1660 499 2187 571 CONCILIUM

3743 312 3846 364 268

2263 495 3109 570 NEOCZESARIENSE.

565 660 629 714 Et
659 660 719 714 hi
751 659 981 731 quidem
1010 675 1253 715 canones
1281 657 1512 714 secundi
1542 662 1673 714 sunt
1703 675 1903 715 eorum
1936 659 2033 731 qui
2056 659 2117 714 in
2138 668 2199 742 Α
2289 657 2423 711 VIII.
2441 655 2674 727 Sicujus
2692 670 2930 711 uxorem
2959 653 3305 710 adulterium
3330 652 3850 720 commisisse,cum

492 755 714 825 Ancyra
763 758 818 808 et
871 753 1129 808 Caesarea
1181 753 1414 825 expositi
1478 756 1630 823 sunt,
1687 752 1926 808 Nicaenis
1984 769 2116 809 vero
2219 753 2365 807 esset
2400 751 2596 815 laicus,
2630 749 2802 805 fuerit
2847 749 3304 820 comprobatum,
3349 747 3439 803 hic
3483 747 3552 802 ad
3599 746 3852 802 ministe-

492 847 710 920 priores
735 846 1120 902 inveniuntur.

561 941 958 996 Convenerunt
986 944 1179 996 autem
1225 941 1282 996 in
1323 941 1601 1014 synodum
1652 945 2028 997 memoratam
2058 941 2116 995 in

490 1033 934 1089 Neocaesariense
978 1034 1200 1090 civitate
1246 1034 1301 1089 hi
1354 1035 1452 1107 qui
1497 1035 1645 1089 infra
1696 1034 1890 1107 scripti
1939 1036 2114 1090 sunt:

492 1126 700 1194 Vitalis,
747 1128 1076 1196 Germanus,
1125 1128 1326 1198 Sedus,
1364 1129 1634 1198 Hystrius,
1663 1129 1872 1198 Lupus,
1905 1128 2115 1182 Geron-

497 1219 626 1288 tius,
658 1219 978 1289 Salamnus,
1010 1221 1301 1286 Leontius,
1345 1225 1574 1275 sanctus
1599 1221 1847 1290 Basilius,
1872 1220 2117 1274 Valenti-

490 1331 618 1382 nus,
670 1315 1005 1386 Stephanus,
1066 1314 1388 1384 Gregorius,
1443 1314 1752 1386 Longinus,
1809 1314 2114 1383 Narcissus,

487 1409 767 1479 Decasius,
820 1407 1106 1476 Leontius,
1161 1407 1480 1477 Heraclius,
1541 1407 1776 1478 Alipius,
1832 1425 1864 1462 a
1913 1407 2118 1480 quibus

489 1503 705 1574 regulae
725 1502 957 1574 prolatae
984 1505 1116 1556 sunt
1143 1518 1270 1572 quae
1298 1500 1445 1555 infra
1473 1502 1695 1572 scriptae
1715 1505 1865 1556 sunt.

559 1598 684 1652 CAP.
729 1598 770 1650 l.
814 1595 1105 1665 Presbyter
1145 1594 1191 1648 si
1240 1611 1473 1651 uxorem
1513 1594 1760 1664 duxerit,
1802 1594 1872 1648 ab
1915 1594 2115 1649 ordine

465 1688 647 1743 illum
673 1688 884 1760 deponi
911 1688 1137 1742 debere.
1171 1687 1333 1752 Quod
1374 1687 1420 1743 si
1465 1688 1773 1743 fornicatus
1813 1687 2003 1755 fuerit,
2032 1689 2116 1742 vel

487 1781 824 1837 adulterium
855 1781 1222 1851 commiserit,
1252 1786 1410 1837 extra
1435 1782 1727 1838 ecclesiam
1755 1781 1922 1853 abjici
1957 1783 2013 1836 et
2044 1779 2117 1835 ad

485 1874 876 1948 pcenitentiam
901 1875 1050 1931 inter
1067 1875 1240 1930 laicos
1268 1875 1450 1948 redigi
1478 1878 1721 1948 oportet.

561 1970 622 2025 II.
661 1969 878 2037 Mulier,
925 1969 972 2024 si
1011 1968 1233 2024 duobus
1279 1969 1539 2042 nupserit
1563 1969 1854 2037 fratribus,
1883 1969 2112 2040 abjieia-

2216 845 2368 900 rium
2395 842 2828 900 ecclesiasticum
2860 841 3083 898 admitti
3125 859 3242 897 non
3273 845 3475 913 potest.
3518 840 3680 906 Quod
3717 839 3764 894 si
3790 841 3850 894 in

2218 939 2488 995 elericatu
2504 938 2627 1010 jam
2654 937 2958 992 constituto
2977 953 3044 992 eo
3065 936 3420 1006 adulteravit,
3449 936 3578 990 dato
3608 933 3850 1006 repudio

2217 1031 2502 1087 dimittere
2524 1047 2652 1086 eam
2680 1029 2867 1086 debet.
2909 1029 2963 1085 Si
3004 1046 3138 1084 vero
3179 1029 3423 1084 retinere
3464 1029 3587 1099 ejus
3616 1043 3852 1083 consor-

2218 1125 2364 1180 tium
2419 1125 2573 1194 velit,
2627 1139 2741 1178 non
2794 1127 2981 1195 potest
3035 1127 3296 1194 suscepto
3344 1121 3660 1178 ministerio
3713 1136 3847 1193 per-

2218 1218 2350 1274 frui.

2289 1313 2372 1368 IX.
2433 1310 2536 1376 Qui
2593 1310 2888 1366 admiserit
2950 1311 3240 1382 corporale
3292 1313 3589 1384 peccatum
3649 1313 3704 1364 et
3757 1309 3852 1364 hic

2216 1410 2413 1478 postea
2451 1405 2744 1476 presbyter
2785 1404 3078 1460 ordinatus
3122 1408 3224 1472 est,
3268 1403 3313 1457 si
3361 1403 3646 1459 confessus
3675 1402 3854 1458 fuerit

2217 1499 2370 1572 quod
2409 1502 2540 1552 ante
2584 1498 2996 1554 ordinationem
3024 1514 3184 1552 suam
3217 1497 3552 1569 peccaverit,
3580 1513 3696 1551 non
3719 1495 3847 1568 qui-

2217 1593 2348 1648 dem
2377 1591 2594 1662 offerat,
2630 1597 2860 1646 maneat
2890 1596 3084 1646 autem
3126 1591 3184 1645 in
3231 1591 3353 1645 aliis
3383 1591 3582 1646 ofﬁciis
3610 1593 3852 1662 propter

2219 1687 2340 1758 ejus
2372 1686 2543 1741 studii
2571 1686 2895 1741 utilitatem.
2947 1687 3084 1740 Nam
3114 1688 3317 1741 caetera
3342 1688 3576 1756 peccata
3605 1701 3846 1740 censue-

2219 1783 2354 1835 runt
2385 1779 2618 1851 plurimi
2658 1779 2827 1834 etiam
2855 1778 3208 1834 ordinatione
3246 1779 3474 1850 privari.
3509 1778 3672 1842 Q'uod
3701 1778 3746 1832 si
3777 1778 3849 1833 de

2215 1873 2306 1930 his
2355 1890 2467 1928 non
2509 1871 2682 1928 fuerit
2726 1872 3032 1941 confessus,
3073 1889 3181 1928 nec
3228 1872 3298 1927 ab
3340 1872 3626 1944 aliquibus
3658 1874 3851 1943 potest

2215 1967 2512 2022 manifeste
2562 1966 2838 2035 convinci,
2896 1967 3029 2022 huic
3071 1965 3178 2038 ipsi
3233 1966 3303 2021 de
3356 1982 3415 2020 se
3468 1970 3714 2038 potestas
3763 1971 3850 2022 est

485 2068 580 2118 tur
608 2079 784 2135 usque
819 2062 893 2118 ad
921 2061 1075 2118 diem
1101 2061 1322 2118 mortis.
1358 2037 1493 2133 Sed,
1524 2067 1760 2135 propter
1786 2037 2112 2117 humanita-
2134 2037 2191 2109 B
2215 2061 2647 2118 committenda.

483 2163 599 2212 tem
627 2157 686 2212 in
713 2156 978 2212 extremis
1005 2157 1117 2211 suis
1159 2156 1528 2211 sacramentis
1557 2156 1913 2212 reconciliari
1943 2173 2110 2228 opor-

485 2253 585 2320 tet,
618 2249 696 2304 ita
728 2253 914 2305 tamen
961 2254 1023 2305 ut
1065 2249 1111 2304 si
1149 2250 1295 2305 forte
1335 2249 1637 2305 sanitatem
1677 2250 2110 2320 recuperaverit,

482 2343 851 2399 matrimonio
914 2343 1098 2399 soluto
1169 2343 1241 2398 ad
1314 2343 1702 2415 paenitentiam
1761 2343 2110 2398 admittatur.

481 2436 638 2500 Quod
662 2436 708 2492 si
737 2437 1004 2492 defuncta
1051 2437 1225 2491 fuerit
1265 2437 1474 2491 mulier
1510 2437 1568 2490 in
1615 2436 1941 2507 hujusmodi
1979 2453 2109 2491 con-

482 2529 652 2586 sortio
709 2531 1028 2600 constituta,
1087 2530 1332 2585 difﬁcilis
1382 2530 1490 2586 erit
1533 2531 1864 2601 poenitentia
1921 2547 2110 2585 rema-

480 2624 658 2692 nenti,
681 2641 807 2696 qua:
824 2623 1109 2680 sententia
1123 2627 1240 2678 tam
1257 2623 1406 2679 viros
1423 2640 1592 2696 quam
1617 2624 1884 2679 mulieres
1914 2629 2110 2680 tenere

480 2717 671 2772 debet.

552 2812 642 2866 Ill.
675 2810 754 2865 De
793 2810 880 2864 his
925 2810 1022 2882 qui
1069 2811 1394 2883 frequenter
1436 2826 1633 2866 uxores
1676 2810 1907 2877 ducunt,
1943 2815 1998 2866 et
2043 2811 2112 2866 de

480 2904 566 2959 his
591 2901 689 2976 qui
719 2903 923 2975 saepius
949 2903 1193 2970 nubunt,
1215 2907 1441 2974 tempus
1469 2904 1702 2975 quidem
1728 2903 1816 2958 his
1846 2905 2113 2959 constitu-

479 3001 604 3052 tum
630 2997 997 3051 manifestum
1029 3001 1132 3064 est,
1159 2997 1256 3053 sed
1281 2997 1635 3053 conversatio
1665 3000 1722 3052 et
1747 2997 1888 3053 fides
1913 3014 2110 3054 eorum

479 3095 706 3162 tempus
733 3090 1044 3145 abbreviat.

550 3185 633 3238 IV.
667 3184 720 3240 Si
767 3183 913 3256 quis,
967 3184 1264 3256 concupita
1311 3183 1572 3255 muliere,
1620 3185 1790 3239 etiam
1835 3185 1880 3240 si
1911 3203 2110 3242 concu-

474 3277 628 3332 bitus
656 3277 776 3349 ejus
815 3277 1164 3333 desiderium
1192 3278 1381 3348 habet,
1417 3295 1534 3333 non
1565 3281 1754 3334 autem
1798 3280 2104 3351 subsequa-

475 3376 568 3426 tur
587 3371 837 3439 effectus,
863 3371 1230 3428 manifestum
1255 3376 1340 3427 est
1366 3372 1516 3428 hunc
1536 3371 1707 3428 fuisse
1728 3389 1831 3444 per
1856 3373 2104 3429 divinam
2128 3404 2182 3477 Ο

477 3465 716 3537 gratiam
739 3464 1065 3521 liberatum.

545 3561 604 3614 V.
645 3559 1116 3627 Catechumenus,
1151 3559 1210 3614 id
1241 3563 1324 3615 est
1351 3559 1612 3630 audiens,
1641 3560 1738 3632 qui
1782 3560 2106 3632 ingreditur

471 3653 529 3707 in
563 3653 874 3719 ecclesiam,
909 3658 966 3708 et
1007 3655 1118 3708 stat
1157 3670 1288 3708 cum
1329 3653 1768 3721 catcchumenis,
1803 3653 1848 3707 si
1876 3671 2106 3724 peccare

472 3745 645 3800 fuerit
662 3746 810 3800 visus
830 3745 1012 3816 ﬁgens
1033 3762 1236 3816 genua,
1263 3745 1455 3800 audiat
1474 3746 1734 3813 verbum,
1769 3750 1828 3799 ut
1853 3763 1908 3800 se
1935 3747 2102 3802 absti-

475 3844 609 3893 neat
634 3837 704 3892 ab
735 3838 830 3892 illo
862 3840 1091 3909 peccato
1113 3837 1267 3908 quod
1294 3837 1446 3893 fecit.
1475 3838 1636 3903 Quod
1664 3839 1711 3892 si
1734 3838 1791 3893 in
1820 3855 1884 3893 eo
1906 3841 2107 3910 perdu-

475 3934 565 3985 rat
591 3929 758 4002 abjici
788 3930 1022 3986 omnino
1056 3930 1282 3986 debere.

546 4025 632 4080 VI.
668 4024 746 4078 De
787 4023 1238 4096 praegnantibus,
1274 4025 1426 4094 quod
1469 4029 1692 4095 oportet
1716 4041 1810 4079 eas
1835 4025 2106 4097 baptizari

471 4117 698 4190 quando
754 4118 986 4186 volunt,
1057 4117 1199 4171 nihil
1269 4119 1420 4172 enim
1470 4118 1528 4173 in
1586 4119 1693 4173 hoc
1749 4124 2102 4176 sacramento

473 4227 780 4266 commune
822 4212 906 4264 est
950 4209 1216 4282 pariturae
1267 4214 1324 4265 et
1378 4210 1459 4265 illi
1506 4211 1604 4282 qui
1657 4211 1726 4266 de
1781 4212 1902 4283 ejus
1946 4217 2104 4268 utero

471 4304 645 4359 fuerit
673 4303 874 4370 editus,
906 4303 1042 4374 quia
1073 4304 1513 4376 uniuscujusque
1540 4305 1600 4360 in
1628 4305 1721 4361 illa
1750 4307 2100 4362 confessione

472 4398 705 4452 libertas
731 4372 946 4452 arbitrii
978 4372 1374 4546 declaratum-)3

543 4492 654 4546 VII.
686 4490 1082 4546 Prcsbvterum
1109 4490 1323 4544 convivi

543 4492 654 4546 VII.
686 4490 1082 4562 Presbyterum
1109 4490 1368 4546 convivio‘
1383 4491 1741 4547 srecularium
1769 4493 2100 4565 nuptiarum

469 4585 742 4641 interesse
776 4601 892 4639 non
929 4584 1159 4651 debere,
1187 4583 1430 4640 maxime
1458 4602 1588 4640 cum
1613 4587 1983 4659 praecipiatur
2009 4604 2096 4643 se-

467 4679 662 4734 cundis
702 4677 914 4749 nuptiis
954 4677 1349 4748 pmnitentiam
1374 4678 1646 4747 tribuere,
1675 4681 1801 4752 quis
1832 4680 1940 4735 erit
1966 4697 2096 4751 pre-

468 4773 658 4844 sbyter
721 4773 819 4844 qui
890 4776 1121 4844 propter
1192 4771 1510 4827 convivium
1589 4773 1698 4828 illis
1782 4774 2101 4830 consentiat

465 4865 700 4935 nuptiis.

2284 2155 2344 2209 X.
2374 2154 2648 2211 Similiter
2690 2159 2746 2210 et
2786 2154 3059 2210 diaconus
3099 2155 3146 2208 si
3190 2153 3249 2208 in
3287 2153 3494 2209 eodem
3523 2153 3701 2225 culpae
3745 2170 3845 2224 ge-

2213 2248 2366 2303 mine
2427 2248 2600 2304 fuerit
2663 2247 2982 2316 involutus,
3048 2263 3168 2303 sese
3219 2265 3252 2302 a
3306 2247 3620 2303 ministerio
3685 2247 3843 2302 cohi-

2211 2341 2388 2398 bebit.
2404 2323 2457 2438 ί]

2284 2437 2369 2491 XI.
2401 2434 2701 2507 Presbyter
2727 2439 2860 2490 ante
2893 2434 3126 2508 triginta
3160 2452 3444 2491 annorum
3473 2439 3701 2491 aetatem
3728 2452 3845 2491 non

2212 2529 2528 2597 ordinetur,
2572 2529 2832 2600 quamvis
2871 2529 2944 2584 sit
2985 2529 3298 2602 probabilis
3338 2530 3488 2597 vitae,
3532 2530 3628 2585 sed
3657 2529 3847 2584 obser-

2210 2627 2374 2678 vetur
2402 2639 2584 2694 usque
2613 2623 2682 2678 ad
2707 2623 3055 2694 praeﬁnitum
3082 2628 3333 2694 tempus;
3367 2623 3642 2678 Dominus
3684 2623 3844 2678 enim

2210 2714 2508 2787 trigesimo
2539 2732 2689 2770 anno
2717 2715 3035 2787 baptizatus
3063 2719 3148 2772 est
3176 2719 3232 2772 et
3257 2721 3390 2772 tunc
3419 2716 3767 2788 praedicavit.

2282 2809 2390 2863 XII.
2413 2809 2469 2865 Si
2488 2809 2635 2880 quis,
2660 2809 2719 2864 in
2740 2810 3080 2882 aegritudine
3109 2811 3462 2878 constitutus,
3481 2809 3849 2882 fueritbapti-

2211 2906 2387 2973 zatus,
2416 2903 2714 2975 presbyter
2739 2902 2990 2958 ordinari
3016 2920 3135 2958 non
3166 2903 3355 2958 debet.
3378 2904 3499 2958 Non
3524 2903 3674 2959 enim
3701 2903 3846 2959 fides

2209 2996 2362 3051 illius
2403 2996 2743 3065 voluntaria,
2791 2998 2887 3052 sed
2923 3015 2992 3052 ex
3036 2997 3370 3053 necessitate
3413 3000 3516 3068 est,
3546 2997 3653 3052 nisi
3692 2997 3844 3052 forte

2209 3094 2404 3161 postea
2441 3089 2614 3162 ipsius
2654 3090 2903 3146 studium
2934 3095 2990 3147 et
3012 3091 3150 3147 fides
3185 3091 3490 3163 probabilis
3526 3091 3715 3160 fuerit,
3744 3095 3846 3147 aut

2209 3183 2512 3239 hominum
2539 3184 2739 3239 raritas
2769 3189 2953 3256 cogat.

2276 3277 2405 3332 XIII.
2445 3277 2768 3350 Presbyteri
2813 3279 2912 3349 qui
2961 3277 3392 3349 conregionales
3426 3295 3544 3333 non
3587 3283 3740 3348 sunt,
3781 3278 3845 3335 in

2210 3369 2445 3425 ecclesia
2481 3371 2856 3442 praesentibus
2903 3371 3180 3444 episcopis
3228 3373 3312 3427 vel
3373 3371 3719 3444 presbyteris
3769 3373 3845 3428 ci-

2205 3464 2393 3519 vitatis
2422 3464 2625 3520 oﬁ'erre
2665 3482 2778 3520 non
2798 3469 3056 3536 possunt,
3085 3482 3187 3521 nec
3224 3466 3362 3521 dare
3396 3482 3603 3538 panem
3633 3467 3847 3522 sancti—

2205 3557 2455 3627 ﬁcatum,
2503 3575 2610 3614 nec
2653 3557 2886 3614 calicem
2921 3559 3231 3630 porrigere.
3280 3560 3437 3624 Quod
3484 3560 3530 3614 si
3577 3560 3845 3615 absentes

2207 3654 2340 3706 sunt
2369 3651 2607 3707 civitatis
2652 3653 2991 3722 sacerdotes,
3021 3656 3077 3707 et
3103 3653 3315 3708 fuerint
3341 3653 3559 3708 invitati
3590 3654 3662 3708 ad
3693 3653 3841 3709 dan-

2206 3744 2339 3800 dam
2381 3745 2723 3814 orationem,
2753 3746 2858 3800 soli
2885 3745 3176 3801 debebunt
3216 3747 3369 3805 dare.
3412 3747 3614 3802 Vicarii
3643 3751 3841 3803 autem

2205 3837 2598 3911 episcoporum
2642 3839 2799 3911 (quos
2842 3840 3017 3895 Graeci
3046 3840 3408 3913 coepiscopos
3453 3843 3670 3912 vocant)
3699 3859 3841 3896 con-

2205 3931 2382 3986 stituti
2412 3936 2543 3986 sunt
2567 3931 2797 4004 quidem
2826 3933 2898 3988 ad
2926 3934 3245 4006 exemplum
3268 3935 3631 4006 septuaginta
3656 3936 3842 3990 senio-

2204 4041 2352 4080 rum.
2383 4026 2492 4081 Sed
2537 4028 2807 4098 tanquam
2853 4028 3278 4083 consacerdotes
3306 4033 3537 4100 propter
3574 4029 3845 4083 sollicitu-

2203 4119 2396 4175 dinem
2424 4123 2479 4176 et
2509 4120 2763 4175 studium
2791 4122 3018 4192 quodin
3047 4139 3329 4194 pauperes
3355 4125 3552 4193 agunt,
3571 4122 3840 4192 offerant,

2203 4217 2260 4269 et
2290 4213 2649 4268 honorabiles
2681 4215 3016 4271 habeantur.

2273 4307 2401 4361 XIV.
2432 4307 2658 4362 Diaconi
2685 4313 2902 4380 septem
2931 4326 3051 4363 esse
3080 4309 3291 4364 debent
3321 4310 3632 4365 secundum
3661 4327 3840 4381 regu-

2200 4400 2334 4470 lam,
2358 4401 2619 4471 quamvis
2640 4419 2850 4474 magna
2867 4403 2936 4458 sit
2963 4403 3174 4471 civitas,
3200 4405 3411 4474 regulze
3435 4407 3629 4458 tamen
3647 4409 3842 4461 aucto-

2202 4493 2336 4548 ritas
2378 4493 2485 4548 ista
2532 4498 2636 4562 est,
2681 4496 2835 4567 quod
2875 4499 2931 4550 et
2960 4496 3104 4552 liber
3143 4501 3400 4552 actorum
3449 4499 3841 4569 apostolorum

2200 4586 2470 4642 insinuat.

2271 4680 2509 4751 Explicit
2532 4682 2835 4738 concilium
2858 4685 3324 4753 Neoczesariense,
3357 4685 3505 4756 quod
3529 4685 3655 4753 fuit,
3671 4689 3839 4741 Anno

2201 4775 2431 4830 Domini
2453 4777 2557 4831 314
2582 4775 2640 4832 in
2672 4779 2854 4832 Ponto
2879 4778 3298 4833 Polemoniaco.

1261 5116 1660 5183 INCIPIUNT
1703 5117 2091 5184 CAPITULA
2137 5079 2635 5186 GAINGRENSIS
2681 5121 3038 5187 CONCILII.

541 5251 588 5302 l.
620 5250 699 5302 De
732 5249 820 5302 his
845 5251 943 5320 qui
968 5253 1194 5323 nuptias
1224 5254 1520 5310 damnant.

536 5346 586 5395 2.
618 5342 694 5394 De
720 5340 810 5395 his
835 5341 933 5414 qui
955 5360 1156 5401 carnes
1187 5349 1593 5404 manducantes
1619 5348 1911 5404 damnant.

534 5439 584 5489 3.
619 5435 737 5489 Non
765 5435 969 5490 debere
1001 5455 1226 5495 servum
1257 5443 1552 5498 occasione
1583 5443 1872 5515 religionis
1911 5442 2089 5499 domi-

462 5545 497 5583 n
509 5546 602 5584 um
633 5533 1021 5585 contemnere.

531 5624 582 5677 4.
617 5625 692 5679 De
721 5623 1002 5682 oblatione
1029 5627 1346 5698 presbyteri
1377 5629 1686 5702 conjugati.

530 5720 580 5772 5.
609 5717 901 5775 Orationes
929 5720 1181 5776 ecclesia:
1212 5737 1328 5776 non
1358 5722 1561 5778 debere
1599 5723 1908 5780 contemni.

529 5814 578 5861 6.
604 5813 721 5864 Non
759 5813 968 5868 debere
998 5817 1151 5870 extra
1187 5814 1482 5869 ecclesiam
1515 5817 1869 5887 congregari.

2111 5270 2171 5341 D
2262 5261 2316 5312 7.
2347 5258 2423 5312 De
2447 5257 2723 5312 fructibus
2749 5257 2808 5312 in
2834 5258 3126 5314 ecclesiam
3158 5264 3214 5315 et
3248 5277 3364 5316 non
3391 5261 3526 5317 alibi
3553 5263 3778 5320 dandis.

2264 5352 2317 5406 8.
2343 5352 2419 5405 De
2440 5350 2528 5405 his
2562 5369 2689 5422 quae
2720 5352 2780 5406 in
2806 5369 2941 5407 usus
2969 5370 3287 5425 pauperum
3308 5356 3699 5412 conferuntur.

2263 5447 2294 5496 9
2323 5444 2643 5515 Virginitati
2670 5446 2994 5502 studentem
3027 5464 3141 5502 non
3167 5448 3378 5504 debere
3412 5450 3639 5522 nuptias
3664 5469 3832 5510 exse-

2193 5537 2362 5593 crari.

2266 5633 2350 5685 IO.
2381 5631 2455 5686 De
2481 5631 2569 5685 his
2597 5631 2694 5703 qui
2724 5649 2825 5704 pro
2851 5633 3178 5704 virginitate
3206 5637 3559 5709 superbiant.

2267 5727 2349 5780 II.
2378 5727 2628 5796 Agapem
2651 5726 2896 5782 fratrum
2921 5745 3037 5784 non
3062 5729 3272 5785 debere
3294 5733 3600 5787 contemni.

2265 5821 2348 5872 I2.
2383 5818 2456 5871 De
2484 5819 2904 5875 continentibus
2936 5824 2993 5875 et
3021 5839 3119 5876 usu
3153 5825 3495 5895 passionum.
