4058 6302
240 359 346 410 269

238 561 358 614 lem
389 560 650 615 habitum
679 576 975 631 usurpare.

319 654 404 707 14.
439 654 562 708 Non
611 653 823 710 debere
869 652 1351 710 condemnantem
1399 654 1626 727 nuptias
1680 672 1714 712 a
1756 655 1876 712 viro

237 747 554 802 discedere.

318 843 402 895 15.
431 841 558 895 Non
585 840 796 896 debere
830 855 1183 914 quemquam
1213 839 1579 898 continentiae
1605 857 1773 898 causa
1807 841 1873 898 ﬁ-

236 933 346 988 lios
375 950 508 989 suos
533 933 851 1005 negligere.

1104 1192 1455 1264 INCIPIT
1540 1193 2068 1268 CONCILIUM

1482 356 1949 415 DECRETALIUM
1986 357 2372 414 COLLECTIO.

321 471 404 522 l3.
439 468 564 522 Non
593 466 805 522 debere
833 465 1136 522 mulierem
1163 466 1528 522 continentiae
1557 483 1728 524 causa
1749 468 1878 523 viri-
1898 483 1957 556 Α

3506 367 3609 417 270

2051 472 2135 525 l6.
2181 471 2261 525 Ne
2305 469 2405 524 ﬁlii
2469 467 2761 524 occasione
2825 467 3122 540 religionis
3166 473 3426 542 parentes
3476 465 3606 530 suos

1978 561 2314 634 despiciant.

2051 658 2135 710 l7.
2167 657 2351 725 Caput
2379 655 2614 710 tondere
2638 654 2864 710 mulieri
2892 672 3011 711 non
3040 655 3235 712 licere.

2049 750 2134 804 18.
2165 749 2286 804 Non
2314 748 2519 803 debere
2549 745 2640 802 die
2667 747 2967 804 Dominico
2991 749 3275 820 jejunare.

2049 844 2136 896 19.
2165 841 2287 897 Non
2322 841 2492 897 licere
2517 841 2844 898 communia
2863 842 3089 913 jejunia
3112 843 3351 899 solvere.

2044 938 2134 996 20.
2168 934 2727 995 Communicandum
2751 934 2810 992 in
2838 936 3083 993 basilicis
3113 941 3446 1010 martyrum.

2155 1193 2754 1266 GANGRENSE.

1369 1332 1554 1404 (Anno
1580 1333 1810 1389 Domini
1836 1337 1936 1390 333
1959 1334 2019 1390 in
2049 1334 2481 1406 Paphlagonia.)

313 1476 564 1532 Dominis
591 1475 1020 1534 honorabilibus
1043 1478 1562 1548 consacerdotibus,
1583 1479 1644 1535 in
1672 1481 1873 1536 Arme-

238 1569 336 1625 nia
364 1569 690 1626 constitutis
715 1570 1014 1642 episcopis.
1042 1571 1337 1641 Eusebius,
1358 1573 1573 1644 Alpius,
1602 1565 1873 1642 Philetus,

237 1663 504 1731 Eulalius,
564 1665 827 1736 Pappus,
886 1664 1120 1720 Basilius
1144 1707 1158 1732 ,
1208 1666 1538 1734 Bithinicus,
1592 1668 1872 1739 Heratius,

236 1757 472 1828 Ipatius,
497 1758 721 1824 Bassus,
749 1757 1058 1830 Eugenius,
1082 1759 1410 1830 Gregorius,
1440 1760 1686 1828 Elianus,
1709 1762 1874 1816 Pres-

1975 1479 2321 1536 conveniunt
2348 1483 2407 1535 et
2435 1482 2799 1535 sacramenta
2825 1478 3135 1535 conﬁciunt
3164 1480 3600 1550 reprehendere.

1973 1573 2181 1628 Divites
2203 1573 2419 1641 ﬁdeles,
2437 1573 2533 1645 qui
2561 1589 2675 1628 non
2694 1572 2964 1628 omnibus
2978 1573 3313 1628 renuntiant
3339 1589 3465 1644 quae
3484 1591 3606 1644 pos-

1974 1667 2162 1722 sident
2193 1683 2356 1739 spem
2392 1667 2548 1738 apud
2585 1666 2895 1734 Dominum
2922 1683 3041 1722 non
3065 1666 3296 1722 habere.
3331 1668 3398 1722 Et
3425 1669 3608 1722 multa

1973 1759 2084 1815 alia
2111 1776 2237 1831 qua:
2263 1776 2599 1815 enumerare
2625 1760 2765 1815 nulli
2789 1759 3054 1831 possibile
3079 1765 3162 1815 est
3181 1759 3435 1832 singulos
3459 1777 3605 1832 quo-

237 1849 377 1917 sius,
411 1849 724 1920 Eugenius,
758 1851 857 1922 qui
881 1856 1270 1908 convenerunt
1293 1853 1353 1908 in
1379 1854 1705 1924 Gangrense
1735 1871 1872 1910 con-
1893 1838 1950 1910 Β
1973 1870 2084 1924 que
2103 1870 2308 1909 eorum
2336 1870 2440 1925 pro
2467 1870 2570 1910 suo
2591 1853 2826 1909 arbitrio
2841 1853 3203 1922 constituere,
3219 1853 3606 1925 unusquisque

236 1943 436 1998 cilium
461 1943 522 1998 in
549 1943 796 1998 Domino
829 1944 1090 2000 salutem.

312 2036 594 2101 Quoniam
641 2038 987 2094 conveniens
1035 2043 1231 2095 sancta
1283 2041 1531 2112 synodus
1579 2042 1869 2113 episcopo-

236 2146 393 2200 rum,
441 2131 502 2186 in
549 2131 856 2187 Ecclesiam
901 2133 1290 2206 Gangrensem
1327 2140 1560 2206 propter
1597 2135 1872 2208 quasdam

235 2222 637 2279 ecclesiasticas
682 2228 740 2279 et
777 2226 1120 2281 necessarias
1163 2244 1358 2282 causas
1393 2229 1783 2300 inquirendas,
1817 2232 1873 2285 et

236 2332 309 2371 ea
353 2333 480 2388 quae
525 2318 874 2374 secundum-
889 2320 1250 2376 Eustachium
1299 2327 1457 2392 gesta
1495 2326 1629 2378 sunt
1665 2322 1869 2394 digno-

235 2411 450 2466 scenda
501 2410 722 2467 invenit
750 2413 930 2468 multa
979 2412 1104 2468 ﬁeri
1153 2414 1481 2470 indecenter
1527 2416 1599 2470 ab
1641 2416 1729 2472 his
1773 2417 1873 2488 qui

233 2505 508 2560 eumdem
535 2505 906 2562 Eustachium
950 2507 1127 2563 secu‘ti
1151 2511 1302 2575 sunt,
1334 2509 1649 2564 necessario
1676 2510 1874 2566 statuit

231 2599 423 2670 palam
471 2599 736 2656 omnibus
781 2600 946 2656 factis
989 2607 1288 2674 amputare
1336 2603 1601 2659 universa
1639 2621 1765 2676 qua:
1798 2605 1870 2660 ab

233 2692 442 2748 eodem
467 2693 617 2748 male
641 2694 940 2750 commissa
969 2699 1120 2751 sunt.

305 2786 667 2842 Declaratum
680 2791 767 2842 est
778 2788 930 2843 enim
947 2789 1052 2843 hos
1069 2789 1304 2845 eosdem
1331 2790 1560 2862 nuptias
1587 2807 1868 2862 accusare,

231 2882 294 2935 et
310 2879 515 2935 docere
532 2881 683 2952 quod
707 2881 896 2936 nullus
908 2881 966 2937 in
979 2883 1100 2953 conj
1113 2882 1264 2953 ugali
1278 2883 1489 2954 positus
1507 2885 1690 2954 gradu
1707 2901 1870 2956 spem

231 2973 483 3029 habebat
491 2975 643 3045 apud
655 2974 854 3044 Deum,
878 2975 1029 3030 unde
1043 2976 1255 3031 factum
1272 2979 1356 3031 est
1370 2981 1430 3032 ut
1441 2978 1706 3032 mulieres
1718 2978 1866 3034 mul-

230 3073 304 3123 ta!
316 3067 804 3135 seductae,relictis
816 3069 1059 3140 propriis
1069 3070 1283 3139 viris,et
1292 3069 1394 3126 viri
1403 3071 1692 3139 ,uxoribus
1704 3072 1871 3128 desti-

232 3161 387 3228 tutis,
406 3161 700 3216 vinculum
717 3160 842 3234 63
856 3163 1151 3234 conjugale
1169 3164 1562 3233 dissolverent,
1577 3165 1870 3221 continen-

233 3255 372 3310 tiam
383 3254 914 3326 proﬁtentes,quam
927 3273 1055 3311 cum
1069 3257 1314 3313 retinere
1329 3275 1444 3313 non
1455 3260 1866 3330 possent,adulv

233 3348 442 3403 terium
461 3348 888 3405 commiserunt.
906 3351 1126 3405 Inventi
1154 3351 1309 3407 enim
1333 3357 1464 3408 sunt
1493 3353 1868 3410 dissensiones

232 3459 300 3497 ac
312 3441 695 3513 separationes
707 3442 766 3497 in
781 3443 1086 3498 Dominicis
1098 3445 1345 3499 ecclesiis
1359 3446 1645 3515 docere,id
1661 3450 1746 3501 est
1759 3449 1870 3502 tra-

233 3535 482 3591 ditiones
509 3536 936 3604 ecclesiasticas,
951 3539 1010 3592 et
1028 3554 1094 3593 ca
1117 3553 1246 3610 quze
1269 3539 1330 3593 in
1353 3539 1598 3594 ecclesiis
1617 3543 1869 3611 aguntur

233 3629 447 3686 debere
471 3631 784 3700 contemni,
807 3631 1152 3704 privatisque
1175 3633 1581 3688 conventiculis
1597 3633 1868 3688 institutis

233 3728 406 3795 atque
434 3723 508 3778 ad
533 3723 912 3780 imitationem
934 3741 1132 3782 eorum
1155 3743 1281 3797 quae
1302 3727 1360 3781 iu
1380 3727 1553 3782 domo
1570 3727 1668 3782 Dei
1685 3743 1863 3798 agun-

231 3822 326 3872 tur
353 3816 551 3873 omnia
574 3834 920 3888 praesumere
941 3818 1245 3874 celebrare.
1273 3821 1470 3876 Adhuc
1497 3821 1670 3876 etiam
1694 3822 1864 3877 vesti-

231 3911 338 3968 bus
365 3911 766 3985 communjbus
807 3912 1012 3985 spretis
1059 3929 1238 3968 novos
1268 3917 1325 3968 et
1352 3914 1605 3969 insolitos
1641 3915 1868 3970 habitus

231 3911 338 3968 bus
365 3911 766 4092 commuqu
807 3912 1012 3985 spretis
1059 3929 1238 3968 novos
1268 3917 1325 3968 et
1352 3914 1605 3969 insolitos
1641 3915 1862 3970 habitus

231 4005 600 4077 assumpsisse
647 4005 930 4061 Primitias
958 4023 1185 4078 quoque
1226 4008 1512 4062 fructuum
1543 4011 1599 4062 et
1624 4009 1862 4063 oblatio-

234 4115 333 4153 nes
359 4115 562 4154 eorum
592 4115 730 4171 quas
766 4103 1025 4155 veterum
1060 4100 1339 4155 institutio
1366 4101 1611 4157 ecclesiis
1645 4102 1862 4172 tribuit,

229 4191 460 4248 sibimet
487 4193 819 4260 vindicasse,
849 4193 905 4248 id
935 4197 1020 4248 est
1044 4194 1278 4265 propria
1307 4195 1526 4250 ratione
1570 4195 1862 4264 doctrinae,

228 4289 513 4357 tauquam
543 4285 753 4342 sanctis
791 4286 900 4341 sibi
929 4303 1023 4342 eas
1060 4286 1251 4342 offerri
1278 4287 1504 4357 debere,
1547 4289 1696 4359 apud
1724 4305 1781 4343 se
1811 4293 1867 4344 et

229 4379 382 4434 inter
404 4397 464 4434 se
496 4379 922 4450 dispensandas,
957 4396 1144 4436 servos
1175 4398 1208 4436 a
1237 4381 1480 4436 dominis
1509 4382 1862 4452 recedentes,

231 4491 336 4545 per
381 4474 535 4529 hunc
580 4473 912 4529 inusitatum
953 4473 1247 4546 religionis
1289 4492 1407 4529 suae
1447 4475 1728 4543 habitum,
1761 4476 1865 4530 sub

1889 3207 1944 3282 C

1971 1947 2126 2004 enim
2149 1963 2348 2002 eorum
2367 1964 2469 2018 per
2486 1947 2667 2003 talem
2687 1946 3103 2003 institutionem
3131 1947 3203 2002 ab
3231 1946 3606 2002 ecclesiastico

1972 2057 2187 2097 canone
2208 2041 2457 2111 recessit,
2479 2044 2750 2112 tanquam
2776 2040 3034 2112 prOprias
3054 2042 3208 2111 leges
3235 2040 3461 2096 sibimet
3475 2057 3606 2097 con-

1973 2134 2178 2190 didisse
2205 2151 2575 2206 praesumens.
2606 2135 2712 2190 Sed
2743 2150 2847 2190 nec
2882 2133 3201 2190 communis
3225 2134 3313 2188 his
3338 2134 3606 2189 omnibus

1973 2231 2031 2282 et
2059 2245 2174 2282 una
2204 2228 2487 2283 sententia
2517 2232 2619 2283 est.
2651 2228 2869 2299 Singuli
2898 2227 3070 2297 enim,
3099 2231 3272 2300 prout
3295 2228 3521 2282 videtur
3550 2233 3606 2284 et

1970 2321 2131 2391 libet,
2146 2323 2559 2378 accusationem
2587 2321 2844 2376 Ecclesiae
2865 2320 3104 2377 nitendo
3129 2326 3400 2392 tanquam
3421 2325 3606 2377 rector

1970 2431 2087 2470 non
2114 2415 2204 2483 sit,
2237 2417 2323 2470 vel
2351 2416 2570 2470 addidit
2593 2416 2819 2470 decreta
2847 2416 2932 2469 vel
2965 2414 3194 2469 minuit.
3230 2417 3467 2485 Propter
3494 2415 3604 2470 hoc

1973 2525 2109 2579 ergo
2139 2512 2394 2564 coactum
2427 2511 2513 2562 est
2541 2509 2648 2564 hoc
2674 2507 2972 2562 concilium
2998 2508 3057 2562 in
3087 2507 3397 2578 Gangrensi
3423 2508 3606 2562 Eccle-

1969 2601 2053 2656 sia
2067 2601 2322 2656 habitum
2334 2617 2578 2656 canones
2593 2601 2730 2655 istos
2745 2617 3047 2672 exponere,
3063 2600 3270 2671 quibus
3285 2600 3602 2671 probantur

1968 2695 2268 2751 memorati
2285 2698 2444 2750 extra
2463 2694 2766 2750 Ecclesiam
2788 2711 2925 2750 esse.
2943 2693 3107 2758 Quod
3127 2694 3174 2748 si
3196 2709 3298 2765 per
3316 2693 3598 2765 poeniten-

1968 2788 2107 2844 tiam
2118 2788 2622 2844 condemnaverint
2634 2787 2828 2844 omnia
2838 2788 2962 2844 haec
2973 2803 3101 2859 quae
3114 2787 3266 2842 male
3281 2791 3601 2854 senserunt,

1967 2886 2243 2954 tanquam
2288 2900 2322 2938 a
2365 2898 2423 2938 se
2465 2898 2579 2938 non
2606 2884 2755 2938 bene
2782 2883 3002 2953 prolata
3038 2880 3412 2952 acceptabiles
3438 2880 3598 2949 ﬁant,

1969 2979 2139 3048 atque
2160 2976 2232 3032 ad
2259 2993 2354 3031 eos
2385 2976 2610 3047 singula
2635 2993 2762 3047 quae
2785 2975 2999 3030 debent
3023 2975 3424 3043 condemnare,
3439 2991 3602 3046 syno-

1969 3070 2073 3125 dus
2092 3070 2334 3125 credidit
2363 3071 2721 3141 exponenda.
2754 3069 2917 3134 Quod
2953 3069 2998 3123 si
3038 3068 3164 3140 quis
3192 3067 3446 3124 renuerit
3474 3069 3597 3123 haec

1969 3180 2097 3236 quae
2134 3162 2308 3218 hodie
2348 3165 2650 3219 constituta
2678 3167 2811 3218 sunt
2836 3165 3111 3234 tanquam
3139 3162 3441 3217 haereticus
3459 3178 3596 3216 ana-

1967 3257 2364 3312 thematizatus
2407 3261 2464 3312 et
2499 3257 2802 3311 damnatus
2846 3255 3162 3326 abjiciatur.
3208 3256 3278 3310 Et
3326 3255 3435 3310 erit
3480 3271 3596 3310 non

1969 3350 2154 3405 solum
2202 3349 2745 3419 excommunicatus,
2793 3365 2994 3404 verum
3039 3349 3214 3404 etiam
3255 3348 3324 3402 ab
3366 3349 3598 3404 ecclesia

1968 3443 2266 3514 abjiciatur
2287 3443 2547 3510 extorris,
2565 3443 2745 3496 donec
2776 3443 3111 3512 deprecetur
3127 3442 3438 3513 episcopos,
3454 3443 3595 3497 etde

1967 3536 2238 3590 universis
2283 3552 2412 3608 quze
2453 3551 2627 3606 penes
2658 3551 2755 3590 eos
2782 3534 3140 3605 deprehensa
3170 3539 3344 3606 atque
3373 3534 3595 3589 detecta

1965 3632 2115 3697 sunt,
2147 3628 2480 3701 providerit,
2511 3627 2648 3700 quid
2692 3628 2900 3683 horum
2939 3627 3247 3700 susceperit
3289 3628 3592 3683 observan-

1966 3723 2122 3777 dum.
2447 3769 2462 3788 ,

2035 3818 2162 3873 CAP.
2195 3816 2235 3870 Ι.
2273 3815 2330 3871 Si
2359 3815 2485 3887 quis
2509 3813 2734 3886 nuptias
2770 3813 2828 3868 in
2861 3812 3214 3870 accusatione
3251 3813 3496 3881 duxerit,
3538 3819 3597 3870 et

1966 3909 2264 3965 mulierem
2303 3909 2532 3964 ﬁdelem
2579 3925 2645 3964 ac
2683 3907 3004 3980 religiosam
3033 3901 3164 3963 cum
3188 3907 3308 3962 viro
3333 3924 3435 3963 suo
3460 3907 3591 3964 dor-

1965 4003 2242 4059 mientem
2268 4002 2714 4058 abominandam
2749 4001 3071 4071 crediderit,
3106 4004 3204 4057 aut
3229 4001 3402 4057 etiam
3437 4017 3596 4058 accu-

1965 4097 2202 4152 sandam
2231 4100 2501 4169 tanquam
2537 4112 2655 4151 non
2699 4112 2866 4168 posse
2905 4095 3234 4168 conjugatos
3260 4095 3319 4150 in
3345 4111 3593 4168 regnum

1965 4190 2066 4246 Dei
2095 4189 2338 4262 ingredi,
2369 4190 2673 4245 anathema
2694 4189 2785 4244 sit.

2035 4282 2099 4339 Π.
2128 4283 2186 4340 Si
2212 4283 2338 4356 quis
2367 4299 2596 4338 carnem
2623 4283 3063 4340 manducantem
3088 4298 3154 4339 ex
3180 4282 3291 4338 ﬁde
3310 4299 3444 4339 cum
3463 4283 3594 4338 reli-

1967 4377 2137 4448 gione
2163 4380 2373 4448 praeter
2400 4376 2741 4448 sanguinem
2767 4379 2825 4431 et
2853 4377 3002 4433 idolo
3031 4377 3399 4432 immolatum
3418 4381 3475 4434 et
3487 4377 3602 4432 suf-

1963 4470 2218 4526 focatum
2251 4470 2575 4541 crediderit,
2611 4471 3108 4526 condemnandum
3136 4473 3410 4542 tanquam
3437 4487 3594 4542 spem

231 4567 415 4639 specie
432 4584 551 4622 suae
578 4567 870 4639 religionis
887 4567 1150 4624 dominos
1167 4568 1864 4640 contempsisse.Mulieres
1883 4579 1942 4651 D
1964 4580 2079 4618 non
2108 4564 2414 4618 habentem
2440 4563 2592 4634 quod
2624 4579 2715 4618 eas
2745 4565 3068 4634 manducat,
3100 4564 3405 4619 anathema
3429 4564 3519 4618 sit.

231 4678 459 4734 quoque
489 4666 700 4732 praeter
728 4661 1222 4730 consuetudinem,
1270 4664 1328 4716 et
1357 4661 1444 4716 sui
1486 4679 1654 4717 sexus
1697 4679 1863 4717 orna-

231 4759 352 4809 tum
383 4753 519 4809 hinc
560 4771 618 4809 se
653 4753 989 4826 justiﬁcare,
1023 4755 1323 4810 credentes
1363 4754 1585 4809 virilem
1612 4756 1867 4811 habitum

231 4848 566 4920 suscepisse,
607 4849 917 4919 pluresque
961 4864 1159 4903 earum
1211 4847 1504 4903 occasione
1557 4847 1865 4919 religionis,

231 4946 428 4996 tonsas
477 4940 718 5012 genuini
759 4941 981 4997 decoris
1024 4957 1213 4998 comas
1256 4942 1483 5014 penitus
1523 4944 1864 5012 amputasse.

228 5035 449 5106 Jejunia
466 5051 597 5106 quae
616 5033 676 5089 in
696 5035 930 5090 ecclesia
949 5035 1264 5108 pradicant
1289 5035 1706 5091 contemnenda
1723 5052 1870 5090 asse-

229 5129 428 5184 ruisse.
459 5129 772 5183 Nonnullos
793 5129 968 5185 etiam
1001 5129 1155 5184 cibos
1183 5129 1440 5185 carnium
1467 5134 1740 5202 tanquam
1762 5129 1869 5184 illi-

230 5223 374 5278 citos
400 5227 718 5294 reputasse,
755 5222 816 5278 in
857 5223 1118 5279 domibus
1147 5224 1581 5296 conjugatorum
1609 5240 1715 5279 nec
1741 5241 1866 5278 ora-

233 5316 416 5372 tiones
445 5315 682 5387 quidem
713 5315 920 5372 debere
956 5317 1228 5372 celebrari
1260 5318 1624 5389 persuasisse,
1658 5317 1717 5371 in
1743 5319 1868 5371 tan-

232 5415 356 5465 tum
385 5414 451 5465 ut
474 5410 703 5465 easdem
747 5409 870 5464 ﬁeri
916 5415 1126 5481 vetent,
1158 5415 1214 5466 et
1243 5409 1626 5467 oblationibus
1653 5427 1783 5482 quae
1812 5411 1872 5466 in

233 5503 498 5559 domibus
523 5504 690 5559 factae
709 5503 925 5560 fuerint
940 5503 1174 5560 minime
1190 5504 1725 5560 communicandum
1748 5520 1869 5559 esse

232 5597 563 5653 decernant.
595 5597 961 5670 Presbyteros
985 5613 1121 5654 vero
1147 5597 1244 5671 qui
1264 5597 1630 5654 matrimonia
1653 5601 1873 5652 contra-

232 5696 461 5760 xerunt,
499 5691 694 5763 sperni
739 5691 949 5747 debere
978 5692 1194 5762 dicunt,
1226 5708 1329 5747 nec
1367 5696 1719 5748 sacramenta
1745 5708 1874 5764 quae

231 5783 305 5838 ab
334 5784 415 5840 eis
450 5784 838 5840 conﬁciuntur
866 5785 1092 5858 attingi.
1119 5785 1269 5841 Loca
1307 5789 1633 5841 sanctorum
1658 5788 1872 5857 marty-

234 5893 363 5933 rum
421 5878 509 5935 vel
555 5877 820 5935 basilicas
863 5884 1250 5952 contemnere,
1294 5883 1351 5936 et
1398 5893 1596 5935 omnes
1621 5879 1717 5952 qui
1746 5879 1877 5936 illuc

2039 4659 2128 4714 III.
2161 4657 2216 4713 Si
2242 4656 2370 4729 quis
2405 4673 2633 4712 servum
2676 4657 2926 4712 alienum
2971 4657 3265 4713 occasione
3306 4657 3597 4729 religionis

1969 4751 2164 4806 doceat
2193 4750 2494 4806 dominum
2534 4767 2702 4804 suum
2747 4749 2953 4805 debere
2995 4752 3359 4804 contemnere
3387 4756 3445 4806 et
3479 4751 3599 4823 ejus

1969 4845 2349 4901 ministerium
2379 4844 2701 4913 destituere,
2734 4861 2797 4898 ac
2821 4843 3011 4915 potius
3041 4860 3157 4898 non
3198 4844 3455 4900 docuerit
3493 4858 3596 4900 suo

1968 4939 2202 4995 domino
2223 4939 2372 4994 bona
2396 4940 2509 4995 ﬁde
2537 4943 2596 4994 et
2620 4956 2750 4994 cum
2778 4937 2935 4994 omni
2955 4937 3392 4993 honoriﬁcentia
3413 4937 3602 4995 deser-

1967 5033 2105 5102 vire,
2135 5034 2438 5103 anathema
2468 5032 2560 5089 sit.

2040 5129 2126 5204 IY.
2174 5109 2229 5183 Si
2273 5127 2399 5200 quis
2449 5126 2722 5182 discernit
2761 5124 3158 5198 presbyterum
3198 5126 3598 5199 conjugatum,

1969 5212 2244 5293 tanquam
2263 5220 2552 5276 occasione
2575 5220 2910 5291 nuptiarum
2940 5219 3145 5275 offerre
3169 5235 3284 5275 non
3306 5220 3530 5291 debeat,
3547 5225 3607 5278 et

1972 5316 2042 5371 ab
2067 5317 2190 5387 ejus
2218 5315 2502 5370 oblatione
2525 5314 2656 5369 ideo
2681 5331 2741 5368 se
2769 5313 3069 5385 abstineat,
3084 5314 3388 5371 anathema
3418 5317 3507 5372 sit.

2042 5411 2104 5464 V.
2136 5409 2192 5465 Si
2226 5408 2350 5481 quis
2381 5409 2544 5463 docet
2572 5407 2807 5462 domum
2839 5407 2939 5463 Dei
2964 5409 3455 5481 contemptibilem
3484 5426 3602 5466 esse

1971 5502 2181 5558 debere
2203 5505 2260 5558 et
2272 5499 2742 5574 congregationes
2772 5517 2902 5575 quae
2922 5501 2982 5558 in
3011 5517 3079 5558 ea
3103 5503 3270 5572 ﬁunt,
3296 5504 3604 5559 anathema

1972 5595 2064 5652 sit.

2044 5689 2134 5745 Vl.
2156 5688 2211 5745 Si
2236 5689 2364 5762 quis
2407 5693 2566 5745 extra
2604 5689 2896 5747 ecclesiam
2925 5690 3189 5763 privatim
3216 5689 3450 5762 populos
3475 5704 3603 5742 con-

1978 5799 2242 5856 gregans,
2271 5786 2605 5840 contemnat
2641 5783 3042 5839 ecclesiasticas
3081 5782 3411 5850 sanctiones,
3441 5781 3606 5836 aliter

1979 5895 2048 5934 ea
2077 5895 2205 5952 quia
2237 5879 2370 5934 sunt
2393 5878 2640 5935 ecclesiae
2667 5877 2903 5933 voluerit
2926 5890 3219 5944 usurpare,
3250 5889 3363 5928 non
3394 5889 3598 5931 conve-
