4058 6318
479 350 576 403 271

1376 342 1655 397 APPEND.
1697 340 1784 394 AD
1820 340 1981 394 SEO.
2023 340 2202 394 IX.-—~
2244 339 2484 395 ISIDORI
2522 337 2949 395 MERCATORIS

3734 339 3848 392 272

487 454 680 509 niente
708 452 1034 524 presbytero
1043 451 1202 524 juxta
1215 450 1504 506 decretum
1523 446 1788 519 episcopi,
1811 446 2110 522 ipsamque
2132 459 2192 534 Α
2211 447 2405 503 venire
2427 463 2647 503 comam
2667 447 2771 502 sibi
2792 443 3193 518 amputaverit,
3216 459 3393 515 quam
3418 443 3569 498 Deus
3592 441 3664 498 ad
3691 443 3848 498 vela-

484 547 778 604 ecclesiam
802 546 954 617 apud
1000 563 1057 600 se
1104 545 1224 599 sine
1259 541 1492 598 consilio
1525 539 1776 612 episcopi
1817 555 1948 595 cum
1978 557 2109 612 pre-

484 641 710 712 sbytero
738 643 891 711 agat,
924 639 1233 695 anathema
1254 637 1344 692 sit.

553 737 663 791 VII.
711 734 768 790 Si
816 733 943 806 quis
995 731 1306 787 oblationes
1353 730 1643 785 fructuum
1691 728 1773 784 vel
1831 727 2112 799 primitias

485 828 731 884 ecclesiae
776 825 995 882 debitas
1037 824 1278 881 voluerit
1325 827 1483 879 extra
1526 822 1820 878 ecclesiam
1853 821 2110 893 accipere

484 928 583 980 aut
611 923 764 992 dare,
794 924 1003 993 praeter
1021 917 1426 975 conscientiam
1449 915 1721 990 episeOpi,
1737 917 1822 971 vel
1837 915 2007 986 hujus
2019 913 2110 971 cui

484 1014 813 1088 hujusmodi
862 1013 1050 1068 ofﬁcia
1103 1010 1403 1066 commissa
1454 1013 1606 1078 sunt,
1658 1014 1714 1065 et
1759 1025 1873 1066 non
1925 1008 2110 1082 magis

483 1126 614 1165 cum
651 1107 882 1164 consilio
927 1106 1184 1179 ejusdem
1225 1105 1349 1161 haec
1379 1103 1603 1176 agenda
1631 1102 1936 1176 putaverit,
1968 1118 2105 1157 ana-

484 1204 678 1259 thema
699 1203 787 1257 sit.

549 1298 682 1353 VIII.
713 1296 768 1352 Si
794 1296 920 1368 quis
940 1293 1160 1351 dederit
1194 1294 1284 1348 vel
1324 1292 1601 1364 acceperit
1636 1293 1928 1347 fructuum
1954 1290 2105 1346 obla-

484 1393 660 1447 tiones
705 1393 916 1462 praater
959 1388 1303 1460 episcopum,
1336 1387 1424 1442 vel
1462 1403 1594 1441 eum
1631 1386 1728 1458 qui
1774 1386 2110 1440 constitutus

480 1489 565 1540 est
592 1485 662 1540 ab
694 1500 760 1539 eo
797 1483 869 1539 ad
897 1480 1339 1554 dispensandam
1369 1479 1816 1535 misericordiam
1841 1477 2106 1551 pauperi-

478 1580 602 1645 bus,
625 1577 722 1649 qui
749 1577 846 1632 dat
873 1580 929 1632 et
955 1575 1053 1647 qui
1081 1573 1302 1646 accipit,
1333 1573 1643 1629 anathema
1671 1573 1760 1629 sit.

548 1671 632 1726 IX.
663 1670 718 1726 Si
746 1669 872 1742 quis
900 1668 1286 1741 virginitatem
1313 1669 1398 1723 vel
1428 1667 1836 1722 continentiam
1883 1665 2105 1738 profes-

478 1782 591 1833 sus,
622 1769 903 1835 tanquam
930 1760 1343 1817 abominabiles
1367 1761 1594 1832 nuptias
1636 1759 1873 1830 judicat,
1908 1763 1965 1814 et
1992 1775 2105 1813 non

2210 558 2343 596 men
2373 543 2515 613 ejus,
2564 546 2621 596 et
2660 542 2732 596 ad
2774 539 3120 596 memoriam
3164 536 3527 609 subjectionis
3553 537 3635 592 illi
3659 537 3840 604 dedit,

2209 637 2481 706 tanquam
2510 635 2795 690 resolvens
2815 634 2912 705 jus
2937 631 3320 704 subjectionis,
3346 631 3648 687 anathema
3677 630 3765 686 sit.

2279 729 2458 785 XVIII.
2490 728 2546 784 Si
2576 728 2722 800 quis,
2757 731 3031 799 tanquam
3079 727 3185 782 hoc
3226 724 3527 780 convenire
3554 724 3843 795 judicans,

2210 821 2300 878 die
2329 822 2616 878 Dominico
2639 821 2990 893 jejunaverit
3035 821 3096 878 in
3139 819 3397 891 ejusdem
3441 817 3554 876 diei
3580 821 3842 874 contem-

2209 919 2396 988 ptum,
2423 916 2729 972 anathema
2751 899 2868 1008 δὴ]

2279 1010 2409 1069 XIX.
2443 1010 2497 1066 Si
2522 1009 2648 1082 quis
2687 1006 2886 1065 eorum
2931 1009 3029 1082 qui
3072 1007 3366 1081 proposito
3397 1011 3530 1062 sunt
3552 1006 3845 1062 continen-

2208 1104 2302 1158 tiae
2342 1110 2549 1175 praeter
2593 1103 2992 1160 necessitatem
3036 1103 3390 1174 corporalem
3436 1101 3742 1173 superbiat,
3783 1103 3845 1156 et

2201 1198 2424 1269 jejunia
2448 1197 2772 1254 communia
2797 1197 2971 1254 totius
2994 1196 3251 1252 Ecclesiae
3277 1194 3562 1268 putaverit
3587 1200 3845 1250 contem-

2208 1289 2416 1360 nenda,
2437 1291 2745 1363 perfectam
2764 1291 2825 1347 in
2840 1307 2941 1346 sua
2967 1289 3204 1347 scientia
3226 1289 3515 1345 vindicans
3531 1289 3841 1358 rationem,

2209 1384 2515 1440 anathema
2541 1385 2634 1440 sit.

2277 1478 2382 1532 ΧΧ.
2417 1479 2476 1534 Si
2504 1478 2628 1551 quis
2657 1495 2763 1550 per
2787 1477 3116 1551 superbiam
3146 1482 3417 1549 tanquam
3446 1477 3761 1549 perfectum
3778 1493 3841 1532 se

2209 1571 2536 1628 existimans
2564 1576 2870 1628 conventus
2915 1572 3012 1644 qui
3054 1589 3158 1644 per
3202 1573 3326 1626 loca
3351 1575 3407 1626 et
3431 1570 3681 1626 basilicas
3707 1587 3840 1626 san-

2207 1668 2431 1721 ctorum
2477 1670 2798 1738 martyrum
2837 1666 2986 1721 ﬁunt
3012 1667 3100 1721 vel
3142 1665 3506 1733 accusaverit,
3537 1665 3626 1719 vel
3666 1665 3843 1720 etiam

2207 1759 2517 1814 oblationes
2547 1775 2676 1832 qua;
2708 1759 2921 1814 ibidem
2950 1759 3311 1815 celebrantur
3348 1759 3690 1831 spernendas
3717 1775 3842 1815 esse

479 1829 716 1930 propter
743 1829 858 1912 hoc
893 1855 1077 1914 solum
1107 1855 1261 1927 quod
1291 1829 1657 1910 continentiae
1688 1856 1746 1908 et
1771 1851 2106 1924 virginitatis
2125 1829 2182 1902 B
2206 1853 2530 1923 crediderit,
2554 1829 2984 1930 memoriasque
3007 1858 3336 1910 sanctorum
3363 1829 3840 1923 contemnendas,

476 1952 688 2007 bonum
715 1952 970 2004 sanctum
996 1947 1345 2020 propositum
1371 1952 1474 2014 est,
1501 1947 1805 2002 anathema
1834 1945 1925 2000 sit.

548 2045 607 2100 X.
641 2043 702 2099 Si
748 2044 876 2115 quis
921 2044 1156 2114 propter
1197 2041 1508 2096 Dominum
1554 2039 1939 2110 virginitatem
1979 2055 2107 2110 pro-

471 2139 650 2194 fessus
672 2136 732 2193 in
758 2135 1028 2208 conjugio
1056 2134 1267 2207 positos
1284 2148 1390 2207 per
1405 2133 1794 2206 arrogantiam
1819 2133 2106 2204 vitupera-

477 2232 636 2299 verit,
665 2229 966 2285 anathema
998 2229 1086 2284 sit.

546 2326 630 2382 XI.
664 2324 717 2381 Si
748 2323 874 2396 quis
900 2322 1347 2380 contemnendos
1374 2321 1602 2376 duxerit
1629 2336 1876 2392 agapem
1902 2319 2106 2375 facien-

475 2425 578 2486 tes,
622 2423 679 2474 et
715 2420 948 2490 prOpter
996 2416 1273 2472 honorem
1315 2414 1544 2470 Domini
1585 2415 1789 2469 fratres
1829 2425 2104 2485 pauperes

473 2516 844 2568 convocantes
893 2508 1138 2565 noluerit
1192 2508 1610 2564 communicare
1633 2550 1648 2575 ,
1716 2507 2104 2562 vacationibus

473 2621 672 2661 eorum
698 2608 974 2677 tanquam
997 2601 1160 2658 nihili
1189 2608 1246 2658 et
1267 2602 1418 2675 quod
1445 2603 1509 2656 ﬁt
1536 2601 1768 2668 ducens,
1803 2602 2104 2656 anathema

473 2700 562 2753 sit.

542 2793 650 2848 XII.
679 2791 735 2848 Si
762 2791 888 2864 quis
932 2791 1183 2845 virorum
1223 2789 1508 2860 putaverit
1549 2793 1740 2843 sancto
1792 2789 2100 2860 proposito,

473 2885 530 2940 id
543 2890 626 2940 est
640 2883 1025 2952 continentiae,
1041 2883 1349 2938 convenire
1361 2887 1421 2937 ut
1431 2881 1601 2953 pallio
1617 2885 1811 2937 utatur
1827 2885 1921 2936 tan
1929 2898 2098 2952 quam

475 2995 541 3032 ex
573 2995 640 3033 eo
661 2977 939 3050 justitiam
964 2975 1284 3043 habiturus,
1309 2978 1365 3030 et
1388 2974 1771 3046 reprehendat
1789 2975 1873 3028 vel
1889 2975 2104 3046 judicet

471 3071 605 3126 alios
631 3072 727 3144 qui
755 3087 886 3126 eum
911 3069 1226 3126 reverentia
1265 3069 1434 3124 birris
1469 3071 1714 3123 utuntur
1738 3072 1794 3123 et
1817 3069 1924 3122 alia
1948 3073 2102 3123 veste

473 3165 764 3221 communi
790 3180 917 3236 quae
939 3165 997 3218 in
1023 3180 1130 3218 usu
1158 3168 1264 3231 est,
1298 3163 1601 3218 anathema
1629 3162 1718 3216 sit.

545 3259 675 3314 XIII.
707 3257 762 3313 Si
791 3275 903 3330 qua
928 3257 1153 3325 mulier,
1195 3273 1296 3312 suo
1338 3256 1629 3329 proposito
1660 3256 1800 3311 utile
1837 3257 2103 3328 judicans

469 3357 531 3407 ut
555 3351 703 3407 virili
732 3355 885 3406 veste
914 3354 1121 3420 utatur,
1151 3350 1223 3406 ad
1252 3351 1358 3405 hoc
1384 3353 1446 3404 ut
1473 3349 1529 3402 in
1556 3348 1660 3403 viri
1687 3349 1946 3404 habitum
1972 3365 2098 3406 mu-

469 3434 645 3513 tatur,
677 3445 980 3500 anathema
999 3444 1089 3499 sit.

538 3538 666 3599 XIV.
700 3539 755 3595 Si
787 3555 897 3610 qua
923 3537 1137 3593 mulier
1162 3537 1427 3592 derelicto
1454 3538 1573 3591 viro
1603 3535 1893 3592 discedere
1916 3537 2102 3592 volue-

467 3633 560 3700 rit,
592 3632 778 3687 soluto
801 3629 1023 3688 vinculo
1049 3630 1355 3702 conjugali,
1388 3629 1615 3701 nuptias
1645 3629 2098 3698 condemnanda,

469 3725 780 3780 anathema
809 3725 898 3778 sit.

538 3819 643 3872 XV.
688 3818 750 3872 Si
789 3817 915 3888 quis
955 3816 1321 3888 dereliquerit
1362 3816 1622 3886 proprios
1663 3815 1807 3870 ﬁlios
1843 3832 1995 3886 suos,
2046 3820 2102 3871 et

469 3927 580 3965 non
609 3927 702 3965 eos
731 3911 953 3978 aluerit,
981 3915 1037 3965 et
1061 3910 1210 3981 quod
1245 3908 1474 3980 pietatis
1517 3913 1600 3964 est
1642 3909 1959 3964 necessaria
1986 3926 2100 3966 non

468 4003 791 4074 praebuerit,
826 4002 926 4056 sed
957 4002 1061 4057 sub
1104 4002 1390 4056 occasione
1422 4001 1782 4057 continentiae
1810 4002 2101 4074 negligen-

467 4097 568 4152 dos
591 4096 898 4168 putaverit,
921 4097 1224 4151 anathema
1255 4095 1347 4149 sit.

538 4191 667 4244 XVI.
697 4190 754 4244 Si
783 4189 878 4262 qui
907 4190 1008 4244 ﬁlii
1039 4193 1302 4262 parentes
1328 4190 1577 4245 maxime
1615 4189 1811 4246 ﬁdeles
1837 4191 2100 4248 deserue-

466 4285 583 4340 rint
603 4283 892 4339 occasione
915 4284 1006 4338 Dei
1027 4284 1228 4353 cultus,
1253 4284 1359 4338 hoc
1382 4284 1601 4354 justum
1611 4283 1932 4355 judicantes
1953 4302 2095 4356 esse,

465 4382 522 4432 et
546 4393 663 4432 non
690 4377 880 4449 potius
897 4377 1150 4432 debitum
1177 4377 1459 4432 honorem
1480 4378 1813 4449 parentibus
1837 4379 2100 4436 reddide-

464 4470 598 4540 rint,
614 4473 680 4525 ut
698 4472 807 4526 hoc
824 4471 1010 4543 ipsum
1029 4471 1086 4527 in
1103 4470 1182 4527 eis
1203 4475 1545 4528 venerentur
1559 4471 1712 4545 quod
1738 4473 1931 4529 fideles
1945 4478 2096 4544 sunt,

465 4566 769 4620 anathema
795 4565 886 4622 sit.

534 4659 682 4713 XVII.
710 4661 1069 4731 Quaecunque
1121 4659 1328 4715 mulier
1368 4659 1628 4730 religioni
1651 4659 1918 4730 judicans
1957 4676 2093 4716 eon-

2124 3195 2179 3269 C

2205 1947 2514 2002 anathema
2541 1924 2654 2050 sit.‘

2274 2041 2403 2096 XXI.
2431 2043 2556 2096 Haec
2580 2041 2773 2096 autem
2800 2041 3142 2112 scripsimus,
3172 2057 3289 2097 non
3315 2041 3708 2098 abscindentes
3742 2057 3843 2096 eos

2205 2134 2301 2206 qui
2344 2135 2404 2188 in
2449 2134 2694 2190 Ecclesia
2740 2135 2835 2189 Dei
2877 2135 3188 2190 secundum
3220 2135 3536 2207 Scripturas
3579 2139 3841 2190 sanctum

2205 2228 2558 2300 propositum
2588 2229 2951 2283 continentiae
2983 2229 3224 2300 eligunt,
3271 2230 3371 2284 sed
3416 2246 3510 2284 eos
3533 2229 3632 2301 qui
3669 2230 3842 2285 susci-

2203 2321 2369 2394 piunt
2393 2322 2653 2377 habitum
2683 2323 2823 2393 ejus,
2855 2327 2912 2378 et
2954 2322 3011 2376 in
3053 2323 3382 2394 superbiam
3411 2324 3723 2378 efferuntur
3743 2325 3844 2378 ad-

2204 2431 2397 2470 versus
2419 2432 2512 2471 eos
2542 2417 2641 2488 qui
2669 2416 2979 2488 simplicius
2997 2417 3209 2472 vivunt.
3229 2417 3337 2472 Sed
3365 2421 3422 2472 et
3446 2418 3548 2471 hos
3569 2419 3842 2474 condem-

2205 2526 2410 2564 namus
2448 2510 2546 2582 qui
2589 2527 2649 2564 se
2699 2511 2977 2565 extollunt
3016 2511 3281 2567 adversus
3315 2511 3630 2582 Scripturas
3659 2515 3716 2565 et
3743 2529 3836 2566 ec-

2204 2603 2536 2659 clesiasticos
2577 2619 2838 2674 canones,
2871 2608 2927 2659 et
2953 2620 3094 2658 nova
3122 2603 3488 2659 introducunt
3530 2610 3836 2676 praecepta,

2205 2701 2262 2752 et
2273 2713 2376 2752 nos
2389 2701 2574 2752 autem
2588 2683 2971 2769 virginitatem
2983 2714 3112 2752 cum
3125 2698 3448 2753 humilitate
3460 2699 3835 2767 admiramur,

2205 2793 2262 2845 et
2289 2789 2702 2845 continentiam
2745 2807 2876 2845 cum
2903 2791 3152 2847 castitate
3199 2796 3256 2846 et
3296 2791 3572 2863 religione
3602 2794 3714 2848 Deo
3742 2809 3835 2847 ac-

2203 2883 2584 2954 ceptissimam
2611 2884 2871 2954 dicimus,
2901 2888 2959 2938 et
2985 2885 3466 2940 renuntiationem
3483 2863 3870 2978 saecularium’

2203 2976 2566 3048 negotiorum
2586 2982 2758 3048 atque
2775 2982 3006 3033 actuum
3027 2995 3159 3033 cum
3177 2979 3493 3034 humilitate
3520 2981 3842 3051 approban-

2204 3069 2336 3124 dam
2357 3069 2672 3139 laudamus,
2704 3074 2761 3125 et
2781 3071 3112 3142 nuptiarum
3132 3073 3441 3142 vinculum,
3465 3073 3621 3144 quod
3644 3090 3842 3129 secun-

2205 3163 2340 3218 dum
2366 3164 2688 3219 castitatem
2717 3181 2907 3220 secum
2933 3166 3222 3237 perdurat,
3260 3167 3631 3238 honoramus,
3664 3173 3720 3222 et
3745 3168 3837 3223 di-

2202 3257 2344 3312 vites
2374 3274 2503 3312 cum
2527 3257 2747 3328 justitia
2795 3263 2851 3314 et
2887 3259 3149 3330 operibus
3175 3260 3337 3314 bonis
3365 3277 3480 3316 non
3513 3261 3834 3332 abjicimus,

2203 3354 2259 3405 et
2287 3351 2700 3422 parcimoniam
2729 3369 2860 3406 cum
2887 3358 3036 3407 veste
3076 3353 3278 3407 humili
3302 3370 3419 3409 non
3443 3355 3832 3426 reprobamus,

2202 3444 2344 3498 sicut
2383 3445 2554 3499 etiam
2599 3449 2887 3514 ornatum,
2928 3451 3138 3516 praeter
3179 3448 3428 3519 corporis
3457 3449 3831 3519 diligentiam,

2201 3537 2515 3594 infucatum
2540 3538 2859 3594 laudamus.
2883 3540 3188 3595 Dissolutos
3213 3546 3406 3597 autem
3445 3546 3503 3597 et
3543 3543 3749 3597 fractos
3772 3543 3834 3597 in

2201 3632 2448 3687 vestibus
2475 3633 2721 3687 incessus
2749 3649 2864 3688 non
2893 3635 3217 3706 recipimus,
3241 3639 3300 3690 et
3321 3636 3518 3690 domos
3539 3637 3637 3691 Dei
3657 3637 3836 3692 hono-

2199 3741 2410 3792 ramus,
2429 3729 2485 3780 et
2513 3731 2824 3782 conventus
2838 3727 2934 3799 qui
2950 3727 3009 3781 in
3030 3728 3116 3782 his
3138 3729 3302 3798 ﬁunt,
3320 3733 3590 3802 tanquam
3609 3736 3834 3787 sanctos

2202 3823 2260 3872 et
2282 3819 2452 3874 utiles
2476 3819 2802 3892 recipimus,
2831 3821 3240 3894 preprietatem
3279 3824 3341 3877 in
3390 3824 3618 3894 privatis
3644 3825 3830 3879 domi-

2199 3912 2304 3966 bus
2332 3929 2444 3968 non
2468 3915 2891 3986 concludentes,
2933 3919 2989 3971 et
3037 3933 3267 3972 omnem
3294 3919 3481 3973 locum
3512 3919 3568 3972 in
3601 3919 3833 3975 nomine

2201 4005 2297 4060 Dei
2325 4007 2663 4062 tediﬁeatum
2713 4009 3076 4078 honoramus,
3126 4015 3184 4065 et
3226 4013 3724 4084 congregationem
3768 4015 3830 4068 in

2199 4101 2431 4154 ecclesia
2459 4101 2665 4156 factam
2695 4103 2767 4158 ad
2797 4103 3092 4158 utilitatem
3111 4121 3473 4160 communem
3502 4106 3830 4178 recipimus,

2200 4199 2256 4249 et
2280 4193 2429 4248 bona
2455 4212 2647 4266 opera,
2679 4213 2804 4268 quae
2825 4199 2990 4268 juxta
3021 4199 3165 4253 vires
3211 4200 3268 4253 in
3315 4200 3518 4254 fratres
3553 4217 3833 4272 pauperes

2197 4294 2552 4358 exercentur,
2582 4290 2893 4346 secundum
2925 4292 3327 4348 ecclesiasticas
3351 4294 3684 4349 traditiones
3703 4295 3835 4349 bea-

2197 4381 2497 4450 tiﬁcamus,
2549 4386 2607 4436 et
2649 4385 2840 4439 omnia
2880 4402 3008 4457 quae
3040 4387 3386 4442 conveniunt
3433 4387 3833 4444 traditionibus

2199 4475 2517 4546 apostolicis
2541 4479 2598 4530 et
2621 4481 2948 4534 sanctarum
2979 4479 3400 4553 Scripturarum
3443 4483 3743 4554 praeceptis
3770 4481 3829 4537 in

2114 4567 2178 4640 Ι)
2199 4569 2430 4624 ecclesia
2457 4569 2577 4625 ﬁeri
2603 4575 2964 4643 exoptamus.

2552 4665 2786 4736 Explicit
2806 4667 3105 4722 concilium
3127 4669 3467 4742 Gangrense.

479 4809 3830 4837 .________________________________________________

1254 4947 1654 5013 INCIPIUNT
1695 4948 2087 5013 CAPITULA
2129 4949 2463 5017 CONCILII
2511 4953 3044 5019 SARDICENSIS.

539 5111 585 5162 l.
611 5109 947 5182 Episcopum
963 5127 1079 5168 non
1093 5113 1300 5170 debere
1321 5113 1392 5168 ad
1415 5113 1585 5168 aliam
1610 5113 1895 5168 civitatem
1917 5118 2093 5168 trans-

463 5201 618 5256 ferri.

528 5298 582 5350 2.
628 5296 969 5370 Episcopum
1019 5302 1089 5356 de
1139 5300 1427 5371 provincia
1482 5301 1555 5356 ad
1606 5300 1918 5372 provincias
1973 5319 2088 5358 non

461 5389 714 5459 transire,
754 5392 864 5446 nisi
892 5394 1064 5448 fuerit
1089 5394 1376 5448 invitatus.

526 5484 575 5536 3.
605 5483 686 5538 De
729 5485 951 5540 duobus
994 5486 1266 5556 episcopis
1305 5487 1476 5542 unius
1514 5487 1816 5559 provincias
1850 5487 2001 5544 inter
2027 5506 2085 5543 se

456 5577 886 5632 contentionem
915 5578 1272 5634 habentibus.

521 5670 572 5722 4.
599 5669 675 5724 De
701 5671 963 5741 episeopo
998 5671 1345 5742 adjudicato.

519 5765 570 5814 5.
601 5762 679 5817 De
707 5763 983 5834 episcopis
1009 5781 1040 5818 a
1072 5767 1292 5835 synodo
1323 5767 1610 5838 depositis.

515 5855 566 5905 ϐ.
599 5855 674 5909 De
705 5856 910 5926 quibus
937 5873 1129 5928 supra.

2264 5121 2313 5172 1.
2347 5119 2426 5173 De
2455 5119 2729 5190 episcopis
2757 5121 3052 5175 accusatis.

2261 5214 2312 5265 8.
2338 5214 2408 5266 Ut
2433 5213 2682 5284 episcopi
2708 5214 2920 5283 passim
2944 5215 3013 5270 ad
3045 5215 3378 5271 comitatum
3412 5232 3530 5270 non
3558 5224 3828 5288 pergant.

2259 5308 2310 5358 9.
2346 5307 2422 5361 De
2450 5305 2657 5378 quibus
2685 5324 2875 5377 supra.

2267 5401 2349 5453 10.
2393 5399 2466 5453 De
2486 5399 2692 5470 quibus
2717 5415 2907 5470 supra.

2263 5495 2348 5546 Η.
2378 5493 2451 5546 De
2479 5491 2684 5562 quibus
2715 5510 2900 5564 supra.

2261 5589 2348 5640 1'2.
2380 5586 2459 5640 De
2486 5585 2692 5657 quibus
2717 5603 2904 5658 supra.

2259 5683 2344 5734 13.
2376 5682 2446 5736 Ut
2470 5696 2544 5734 ne
2573 5697 2640 5735 ex
2667 5680 2807 5736 laico
2833 5682 3072 5755 quilibet
3096 5683 3398 5758 episcopus
3427 5687 3746 5744 ordinetur.

2259 5775 2344 5828 14.
2378 5774 2448 5828 Ut
2473 5773 2764 5847 episcopus
2801 5775 2861 5831 in
2903 5776 3093 5832 aliena
3136 5779 3425 5849 provincia
3463 5797 3577 5835 non
3615 5781 3827 5839 immo~

2187 5871 2361 5921 retur.
