4058 6314
232 362 339 414 273

1498 358 1917 415 DECRETALIU
1922 359 1969 416 Μ
2005 359 2390 416 COLLECTIO.

3497 368 3599 422 274

314 471 402 522 15.
436 468 512 522 De
538 464 812 539 episcopis
857 466 917 521 in
954 465 1142 522 aliena
1175 463 1469 538 provincia
1494 467 1871 539 possessiones
1890 479 1950 553 Α
2045 470 2130 523 19.
2161 469 2236 523 De
2265 468 2471 539 quibus
2498 483 2685 539 supra.

232 561 606 616 habentibus.

313 658 399 710 16.
432 655 507 708 De
530 653 869 710 clericorum
899 653 1510 710 excommunicatione.

315 752 401 803 17.
427 749 617 805 Licere
645 748 883 816 clericis,
918 747 962 802 si
988 748 1198 819 injuste
1224 747 1438 804 fuerint
1481 749 1868 804 excommuni-

232 842 369 909 cati,
398 842 611 897 vicinos
635 842 794 897 adire
815 841 1131 913 episcopos.

316 939 400 991 18.
430 937 551 991 Non
577 935 751 992 licere
780 935 1045 1008 episcopo
1092 934 1322 993 alterius
1364 934 1634 992 clericum
1666 935 1727 991 in
1771 952 1872 992 sua

232 1030 478 1085 ecclesia
502 1030 790 1087 ordinare.

2038 564 2126 625 20.
2160 562 2232 616 Ut
2274 561 2523 617 extranei
2566 562 2755 618 clerici
2798 564 2952 635 apud
2990 564 3444 622 Thessalonicam
3485 584 3597 622 non

1968 654 2214 710 tradent.

2038 752 2128 802 21.
2155 748 2355 804 Clerici
2371 749 2485 804 vim
2499 751 2668 822 passi,
2686 754 2783 805 aut
2795 752 3274 822 persecutionem,
3290 752 3416 808 siad
3429 754 3598 809 aliam

1972 842 2308 896 accesserint
2334 842 2637 913 civitatem,
2658 860 2777 900 non
2795 848 3058 902 vetentur
3073 846 3154 901 ibi
3174 847 3389 902 morari
3412 863 3594 920 quam

1971 934 2071 990 diu
2094 934 2384 1010 potuerint
2412 936 2624 995 redire.

289 1257 422 1335 64
479 1251 829 1326 INCIPIT
882 1250 1407 1327 CONCILIUM
1461 1248 2048 1324 SARDICENSE
2102 1250 2809 1329 TRECENTORUM
2862 1255 3548 1331 EPISCOPORUM.

1438 1401 1618 1471 (Anno
1650 1401 1873 1459 Domini
1901 1404 1995 1458 351
2031 1400 2091 1457 111
2119 1401 2396 1472 Thracia.)

310 1571 473 1624 Anno
514 1572 666 1623 sexto
713 1568 1067 1625 Constantini
1111 1568 1493 1641 imperatoris,
1531 1569 1768 1624 Leontio
1811 1572 1868 1624 et

236 1662 509 1718 Sallustio
539 1663 879 1730 consulibus,
930 1680 1046 1717 sera
1090 1665 1213 1732 371,
1247 1663 1590 1719 Sardicensis
1616 1662 1867 1734 synodus

234 1760 585 1828 congregata
625 1759 729 1827 est,
780 1756 879 1812 ubi
933 1772 1130 1812 omnes
1183 1774 1286 1828 per
1337 1757 1625 1813 Orientem
1673 1758 1866 1813 Ariani

1966 1568 2280 1625 decreverit
2304 1570 2598 1625 Romanus
2622 1570 2939 1642 episcopus,
2977 1570 3310 1627 conﬁrmata
3333 1575 3518 1638 erunt,
3551 1572 3598 1627 si

1967 1678 2106 1734 ergo
2136 1662 2400 1718 omnibus
2420 1664 2624 1735 placet,
2654 1666 2957 1721 statuatur.
2983 1664 3244 1735 Synodus
3269 1664 3593 1735 respondit:

1966 1756 2169 1812 Placet.

234 1850 489 1923 episcopi
519 1850 882 1906 condemnati
922 1855 1071 1918 sunt,
1116 1850 1216 1922 qui
1255 1851 1519 1906 conventi
1560 1851 1631 1906 ad
1677 1850 1862 1906 conci-
1885 1847 1942 1919 B
2034 1852 2097 1904 V.
2129 1850 2481 1908 Gaudentius
2511 1851 2809 1923 episcopus
2840 1850 2979 1907 dixit
3008 1870 3021 1906 :
3055 1852 3400 1909 Addendum
3436 1856 3522 1909 est
3550 1853 3596 1907 si

232 1946 376 1999 lium
401 1961 701 2001 occurrere
728 1949 916 2000 reatus
940 1944 1287 2001 conscientia
1314 1945 1648 2015 noluerunt,
1672 1946 1733 2000 in
1756 1962 1868 2018 quo

232 2038 474 2093 concilio
489 2040 640 2094 inter
658 2043 863 2094 caetera
887 2039 975 2095 hae
1000 2040 1216 2111 regulae
1243 2056 1349 2112 pro
1371 2039 1667 2111 disciplina
1694 2038 1868 2095 eccle-

234 2133 457 2187 siastica
483 2133 756 2188 institutes
782 2136 930 2187 sunt.

307 2230 433 2283 CAP.
463 2228 504 2282 Ι.
548 2226 714 2281 Osius
755 2228 1054 2299 episcopus
1100 2226 1284 2281 dixit:
1314 2228 1438 2282 Non
1492 2226 1681 2281 minus
1719 2228 1868 2281 mala

233 2320 587 2376 consuetudo
645 2337 818 2391 quam
869 2320 1189 2391 perniciosa
1237 2321 1559 2391 corruptela
1609 2319 1867 2375 funditus

232 2413 579 2468 eradicanda
605 2417 707 2480 est,
735 2429 807 2467 ne
836 2413 925 2467 cui
950 2413 1115 2468 liceat
1142 2413 1405 2484 episcopo
1434 2412 1505 2467 de
1524 2412 1744 2467 civitate
1764 2430 1866 2467 sua

230 2508 305 2562 ad
360 2507 533 2562 aliam
593 2506 877 2562 civitatem
930 2507 1189 2562 transire.
1240 2506 1533 2562 Manifesta
1582 2510 1667 2561 est
1711 2506 1865 2561 enim

230 2617 403 2656 causa
431 2616 547 2671 qua
570 2601 678 2655 hoc
710 2601 892 2656 facere
934 2604 1177 2670 tentant,
1209 2617 1340 2655 cum
1367 2601 1556 2655 nullus
1580 2600 1641 2654 in
1670 2600 1775 2655 hac
1802 2616 1865 2655 re

231 2695 503 2750 inventus
556 2694 631 2767 sit
676 2694 969 2766 episcopus
1007 2694 1104 2766 qui
1148 2694 1216 2749 de
1260 2695 1480 2764 majore
1527 2693 1747 2749 civitate
1793 2694 1865 2748 ad

232 2789 525 2844 minorem
552 2788 838 2855 transiret,
870 2788 1021 2843 unde
1037 2792 1271 2860 apparet
1285 2787 1531 2843 avaritiae
1548 2803 1645 2843 eos
1660 2787 1866 2843 ardore

232 2881 583 2938 inﬂammari
609 2887 666 2937 et
693 2882 990 2937 ambitioni
1009 2881 1241 2947 servire,
1260 2886 1315 2936 et
1331 2887 1392 2936 ut
1415 2881 1863 2936 dominationem

231 2978 557 3031 exerceant.
609 2974 665 3030 Si
710 2991 847 3046 ergo
892 2974 1155 3029 omnibus
1199 2974 1386 3045 placet
1429 2977 1491 3027 ut
1538 2973 1863 3044 hujusmodi

228 3070 512 3141 pernicies
529 3068 811 3124 austerius
822 3068 1158 3135 vindicetur,
1176 3083 1278 3123 nec
1292 3067 1499 3122 laicam
1517 3068 1866 3122 communio-

229 3182 367 3219 nem
405 3163 633 3231 habeat,
680 3163 779 3234 qui
806 3162 931 3217 talis
974 3166 1056 3217 est
1093 3161 1338 3216 universi
1366 3160 1652 3229 dixerunt,
1681 3161 1864 3232 placet

230 3258 408 3313 etiam
434 3257 485 3312 si
509 3257 636 3312 talis
666 3256 869 3329 aliquis
898 3255 1177 3311 exstiterit
1206 3255 1565 3323 temerarius,
1600 3257 1663 3309 ut
1690 3256 1858 3309 forsi-

229 3357 327 3406 tan
358 3352 790 3408 excusationem
832 3350 1051 3421 afferat,
1083 3350 1237 3421 quod
1279 3349 1476 3421 populi
1515 3348 1729 3404 litteras
1764 3366 1857 3402 ac-

230 3447 462 3517 ceperit,
511 3462 643 3501 cum
684 3445 1055 3499 manifestum
1099 3444 1171 3498 sit
1207 3442 1444 3514 praemio
1495 3447 1552 3496 et
1595 3443 1859 3496 mercede

228 3557 442 3612 paucos
484 3540 585 3611 qui
634 3539 915 3593 sinceram
956 3537 1132 3591 ﬁdem
1177 3553 1293 3591 non
1341 3536 1561 3591 habent
1617 3536 1861 3605 potuisse

228 3633 523 3705 corrumpi
567 3635 631 3687 ut
673 3633 979 3687 clamarent
1011 3632 1072 3685 in
1104 3630 1346 3686 Ecclesia
1373 3634 1427 3684 et
1457 3630 1639 3700 ipsum
1670 3634 1859 3700 petere

227 3728 561 3783 viderentur
605 3726 951 3797 episcopum,
984 3725 1216 3779 omnino
1272 3724 1375 3778 has
1412 3723 1636 3778 fraudes
1664 3738 1857 3778 remo-

228 3822 441 3876 vendas
457 3836 580 3876 esse
602 3820 964 3886 damnamus,
980 3818 1061 3872 ita
1073 3822 1139 3872 ut
1157 3835 1261 3872 nec
1286 3818 1483 3872 laicam
1511 3815 1864 3872 communio-

227 3932 362 3970 nem
387 3916 448 3969 in
478 3913 653 3968 fidem
696 3913 933 3984 accipiat
972 3912 1117 3978 talis,
1158 3912 1309 3983 quod
1334 3912 1380 3965 si
1409 3911 1564 3965 vobis
1598 3910 1861 3965 omnibus

230 4012 437 4080 placet,
470 4008 721 4063 statuite.
752 4006 1005 4061 Universi
1044 4006 1304 4061 dixerunt
1336 4022 1349 4060 :
1380 4006 1587 4060 Placet.

302 4107 367 4161 ll.
396 4102 562 4158 Osius
605 4101 898 4173 episcopus
937 4100 1075 4154 dixit
1107 4116 1121 4154 :
1155 4099 1300 4155 lllud
1334 4115 1561 4169 quoque
1590 4102 1862 4153 statutum

228 4199 322 4265 sit,
351 4202 419 4253 ut
448 4196 745 4267 episcopus
782 4195 853 4249 de
880 4210 984 4248 sua
1009 4193 1296 4264 provincia
1320 4192 1390 4247 ad
1416 4192 1584 4246 aliam
1631 4191 1858 4262 provin-

229 4293 374 4346 ciam
401 4290 463 4345 in
496 4305 611 4360 qua
652 4293 784 4343 sunt
822 4287 1065 4359 episcOpi
1098 4304 1213 4343 non
1242 4289 1494 4342 transeat
1519 4285 1625 4340 nisi
1654 4284 1801 4339 forte
1829 4302 1863 4338 a

228 4384 499 4441 fratribus
528 4382 815 4449 invitatus,
855 4397 928 4437 ne
973 4381 1273 4436 videamur
1299 4380 1541 4451 januam
1572 4377 1863 4434 charitatis

228 4480 519 4535 claudere.

303 4576 391 4628 Ill.
421 4571 590 4628 Osius
620 4570 918 4641 episcopus
944 4567 1116 4625 dixit:
1135 4567 1554 4623 Providendum
1579 4568 1666 4621 est
1691 4564 1863 4620 etiam
1881 4580 1943 4652 D

232 4673 296 4723 ut
339 4670 383 4721 si
430 4666 490 4722 in
536 4665 729 4737 aliqua
774 4663 1067 4736 provincia
1117 4663 1265 4717 forte
1309 4660 1513 4732 aliquis
1566 4660 1866 4731 episcOpus

233 4765 431 4816 contra
454 4761 692 4815 fratrem
732 4774 899 4813 suum
938 4757 1271 4829 episcopum
1295 4754 1455 4809 litem
1478 4753 1763 4820 habuerit,
1793 4768 1867 4808 ne

232 4872 382 4911 unus
407 4872 439 4910 e
468 4854 693 4923 duobus
722 4870 790 4910 ex
818 4853 929 4908 alia
964 4849 1254 4923 provincia
1293 4848 1529 4903 advocet
1571 4846 1867 4917 episcOpos

234 4948 307 5004 ad
326 4947 631 5020 judicium.

302 5045 390 5098 IV.
423 5042 590 5097 Osius
632 5040 933 5113 episcopus
987 5039 1173 5095 dixit:
1210 5036 1373 5103 Quod
1406 5036 1453 5091 si
1497 5033 1702 5106 aliquis
1746 5034 1865 5105 epi-

231 5154 436 5209 scopus
461 5134 820 5207 adjudicatus
844 5133 1018 5190 fuerit
1036 5133 1095 5188 in
1117 5132 1304 5203 aliqua
1323 5146 1511 5196 causa,
1540 5134 1597 5184 et
1616 5130 1780 5199 putat
1808 5143 1867 5183 se

231 5232 440 5286 bonam
488 5246 714 5285 causam
758 5229 988 5298 habere,
1043 5232 1103 5282 ut
1146 5227 1352 5282 iterum
1394 5223 1676 5296 judicium
1705 5238 1870 5278 reno-

230 5330 413 5392 vetur,
454 5324 503 5379 si
532 5323 689 5378 vobis
732 5324 932 5395 placet,
960 5321 1139 5376 sancti
1179 5319 1327 5377 Petri
1366 5317 1605 5390 apostoli
1650 5332 1865 5371 memo-

230 5419 375 5472 riam
406 5419 783 5484 honoremus,
816 5420 878 5471 ut
908 5414 1205 5480 scribatur,
1248 5414 1337 5467 vel
1382 5412 1452 5467 ab
1493 5410 1582 5465 his
1607 5410 1704 5481 qui
1731 5426 1864 5463 cau-

231 5529 355 5566 sam
392 5508 884 5576 examinaverunt,
921 5510 1007 5564 vel
1051 5507 1227 5563 etiam
1269 5506 1339 5561 ab
1395 5505 1519 5560 aliis
1568 5502 1863 5574 episcopis,

232 5605 332 5676 qui
377 5605 440 5659 in
493 5603 783 5676 provincia
806 5645 819 5670 ,
873 5601 1201 5674 propinqua
1252 5601 1555 5655 morantur
1614 5597 1866 5651 Romano

232 5698 522 5770 episcopo.
538 5699 608 5753 Et
619 5696 664 5753 si
673 5696 1272 5769 judicaveritrenovan
1281 5693 1419 5748 dum
1433 5708 1555 5749 esse
1560 5689 1863 5762 judicium,

232 5794 534 5848 revocetur
565 5795 622 5847 et
651 5790 750 5846 det
767 5790 1007 5862 judices.
1042 5789 1099 5845 Si
1125 5791 1313 5843 autem
1343 5784 1668 5857 probaverit
1692 5783 1865 5839 talem

234 5904 486 5951 causam,
513 5890 579 5943 ut
603 5902 672 5942 ea
696 5902 814 5942 non
842 5884 1185 5941 refricentur
1225 5896 1355 5954 qua:
1401 5883 1523 5936 acta
1558 5880 1708 5949 sunt,
1739 5892 1867 5949 qua:

1883 3210 1937 3285 C

1965 1944 2152 2015 placet
2173 1944 2307 1999 huic
2333 1946 2631 2001 sententiae
2659 1962 2831 2017 quam
2856 1946 3089 2017 plenam
3126 1946 3422 2002 sanctitate
3464 1963 3596 2017 pro-

1966 2037 2171 2094 tulistis
2216 2042 2277 2093 ut
2313 2055 2444 2093 cum
2487 2038 2693 2111 aliquis
2732 2040 3030 2112 episcopus
3076 2039 3365 2111 depositus
3402 2040 3593 2107 fuerit,

1968 2148 2171 2187 eorum
2199 2131 2596 2204 episcoporum
2621 2133 2837 2204 judicio
2867 2134 2962 2205 qui
3002 2134 3063 2189 in
3111 2133 3310 2189 vicinis
3336 2150 3592 2189 commo-

1966 2231 2166 2279 rantur
2209 2226 2343 2282 locis
2387 2230 2446 2282 et
2491 2228 2942 2298 proclamaverit,
3000 2228 3290 2299 agendum
3339 2228 3446 2282 sibi
3491 2244 3593 2281 ne-

1967 2319 2188 2390 gotium
2219 2320 2278 2374 in
2308 2321 2450 2375 urbe
2492 2322 2691 2376 Roma.
2732 2322 2890 2376 Alter
2930 2321 3245 2392 episcopus,
3287 2321 3349 2375 in
3392 2321 3596 2375 eadem

1965 2413 2227 2468 cathedra
2259 2417 2384 2482 post
2429 2414 2876 2484 appellationem
2918 2415 3039 2484 ejus
3083 2414 3184 2485 qui
3221 2414 3447 2469 videtur
3474 2429 3598 2468 esse

1964 2506 2270 2577 depositus,
2304 2506 2538 2561 omnino
2582 2523 2700 2562 non
2744 2506 3060 2574 ordinetur,
3092 2507 3201 2561 nisi
3227 2523 3394 2561 causa
3420 2506 3596 2561 fuerit

1962 2599 2023 2654 in
2040 2599 2257 2669 judicio
2284 2600 2529 2655 Romani
2561 2600 2811 2671 episcopi
2842 2600 3235 2656 determinata.

2033 2694 2114 2747 VI.
2144 2692 2305 2748 Osius
2348 2693 2647 2765 episcopus
2692 2694 2831 2749 dixit
2863 2710 2876 2748 ε
2907 2694 2961 2748 Si
3010 2693 3330 2764 contigerit,
3376 2693 3437 2747 in
3474 2709 3593 2748 una

1963 2786 2252 2858 provincia
2298 2786 2357 2841 in
2407 2804 2521 2858 qua
2576 2788 2791 2842 fuerint
2832 2780 3064 2858 plurimi
3112 2786 3364 2857 episcopi
3408 2802 3593 2840 unum

1962 2882 2109 2935 forte
2124 2896 2418 2937 remanere
2442 2881 2795 2952 episcopum,
2808 2881 2901 2935 ille
2920 2896 3051 2935 vero
3066 2896 3169 2951 per
3184 2878 3595 2950 negligentiam

1962 2973 2213 3029 noluerit
2238 2974 2503 3028 ordinare
2535 2975 2866 3045 episcopum
2891 2978 2948 3028 et
2978 2973 3175 3044 populi
3224 2972 3597 3027 convenerint

1966 3067 2259 3138 episcopos
2282 3067 2479 3122 vicina:
2503 3067 2829 3138 provinciae,
2855 3067 3066 3123 debent
3084 3067 3247 3121 illum
3275 3065 3431 3136 prius
3455 3081 3591 3120 con-

1962 3161 2158 3215 venire
2188 3161 2539 3232 episcopum,
2565 3161 2662 3232 qui
2692 3162 2751 3215 in
2777 3161 2979 3217 eadem
3004 3160 3296 3233 provincia
3314 3162 3593 3225 moratur,

1962 3257 2019 3309 et
2047 3253 2347 3309 ostendere
2394 3254 2551 3324 quod
2593 3255 2789 3325 populi
2832 3258 3031 3325 petant
3074 3254 3182 3308 sibi
3209 3257 3506 3319 rectorem,
3540 3254 3599 3308 et

1962 3348 2069 3401 hoc
2088 3348 2309 3418 justum
2343 3364 2483 3414 esse,
2515 3351 2577 3401 ut
2603 3351 2663 3402 et
2695 3348 2801 3419 ipsi
2827 3348 3078 3413 veniant,
3106 3350 3163 3402 et
3187 3364 3319 3401 cum
3349 3363 3414 3400 eo
3440 3345 3590 3401 ordi-

1960 3444 2102 3495 nent
2130 3440 2483 3510 episcopum,
2506 3441 2657 3512 quod
2686 3440 2730 3494 si
2756 3444 3072 3495 conventus
3101 3440 3305 3493 litteris
3334 3437 3591 3505 tacuerit,

1963 3538 2018 3588 et
2060 3532 2517 3600 dissimulaverit,
2548 3533 2822 3605 nihilque
2860 3532 3234 3603 responderit,
3265 3537 3399 3585 tunc
3425 3530 3590 3585 satis—

1961 3626 2287 3682 faciendum
2335 3642 2454 3681 esse
2500 3627 2745 3697 populis,
2773 3629 2840 3681 ut
2863 3626 3096 3680 veniant
3122 3641 3188 3680 ex
3217 3623 3414 3679 vicinis
3458 3639 3587 3693 pro-

1959 3720 2175 3788 vinciis,
2230 3722 2288 3774 et
2342 3720 2610 3774 ordinent
2683 3719 3035 3791 episcopum.
3093 3721 3304 3773 Iterum
3360 3717 3593 3772 licentia

1962 3813 2266 3869 ordinandi
2285 3813 2615 3885 episcopum
2644 3813 2834 3869 danda
2857 3813 3068 3884 passim
3099 3828 3217 3867 non
3237 3814 3339 3877 est,
3363 3811 3411 3864 si
3439 3810 3592 3867 enim

1961 3906 2148 3961 subito
2173 3912 2272 3961 aut
2299 3906 2452 3960 vicus
2504 3906 2708 3977 aliquis
2737 3910 2835 3960 aut
2876 3905 3100 3961 modica
3127 3904 3318 3960 civitas
3342 3904 3433 3959 cui
3463 3904 3594 3961 satis

1964 4006 2046 4054 est
2073 4016 2220 4055 unus
2252 4000 2547 4071 presbyter
2585 4000 2824 4055 voluerit
2850 3999 2956 4054 sibi
2984 3999 3314 4071 episcopum
3344 3997 3595 4053 ordinari

1963 4093 2033 4147 ad
2054 4093 2182 4161 hoc,
2212 4096 2277 4147 ut
2296 4093 2525 4147 vilescat
2549 4109 2763 4149 nomen
2787 4093 3037 4164 episcopi
3056 4095 3113 4148 et
3137 4091 3349 4147 summi
3367 4089 3596 4145 honoris

1961 4186 2285 4253 auctoritas,
2319 4203 2435 4241 non
2466 4186 2676 4241 debent
2700 4187 2780 4241 illi
2807 4203 2875 4242 ex
2905 4187 3013 4240 alia
3042 4185 3339 4256 provincia
3374 4184 3595 4239 invitati
3662 4244 3667 4247 ν

1960 4280 2146 4335 facere
2174 4280 2525 4350 episcopum,
2558 4280 2669 4334 nisi
2681 4285 2780 4335 aut
2809 4280 2870 4333 in
2901 4279 3353 4349 civitatibusque;
3386 4277 3596 4348 episco-

1962 4390 2061 4444 pos
2087 4372 2430 4439 habuerunt,
2459 4377 2560 4428 aut
2588 4373 2634 4427 si
2668 4390 2779 4444 qua
2803 4378 2923 4428 tam
2949 4374 3225 4445 populosa
3264 4374 3350 4426 est
3376 4371 3593 4438 civitas,

1960 4467 2051 4520 vel
2082 4468 2239 4520 locus
2267 4465 2365 4537 qui
2390 4470 2677 4522 mereatur
2709 4466 2925 4522 habere
2953 4466 3298 4539 episcopum.
3331 4463 3596 4534 Synodus

1964 4559 2260 4631 respondit
2288 4576 2300 4613 :
2330 4559 2533 4615 Placet.

2039 4655 2143 4708 VII.
2177 4652 2340 4708 Osius
2386 4651 2682 4724 episcopus
2728 4652 2911 4709 dixit:
2943 4653 3011 4705 Et
3049 4652 3158 4705 hoc
3200 4649 3435 4721 placuit,
3463 4651 3528 4703 ut
3551 4648 3601 4703 si

1966 4748 2260 4819 episcopus
2304 4749 2595 4801 accusatus
2634 4746 2825 4813 fuerit,
2868 4748 2925 4799 et
2970 4760 3173 4799 omnes
3215 4741 3598 4813 judicaverint

1967 4840 2302 4912 congregati
2332 4839 2581 4911 episcopi
2607 4838 2859 4911 regionis
2882 4837 3078 4910 ipsius,
3103 4842 3159 4892 et
3186 4836 3257 4891 de
3282 4835 3470 4906 gradu
3493 4852 3596 4890 suo

1968 4935 2239 5006 ejecerint
2263 4951 2417 5004 eum,
2452 4935 2499 4989 si
2525 4932 2898 5006 appellaverit
2938 4932 3036 5004 qui
3073 4930 3325 5000 dejectus
3352 4929 3595 4999 videtur,

1968 5033 2025 5084 et
2080 5029 2407 5101 confugerit
2452 5028 2526 5083 ad
2570 5027 2965 5083 beatissimum
3015 5026 3291 5080 Romane
3338 5024 3599 5079 Ecclesiae

1968 5122 2323 5197 episcopum,
2345 5124 2402 5177 et
2420 5122 2664 5177 voluerit
2682 5137 2741 5176 se
2759 5119 2963 5187 audiri,
2986 5119 3033 5173 si
3051 5119 3272 5189 justum
3293 5117 3597 5190 putaverit,

1969 5220 2031 5273 ut
2058 5219 2387 5284 renovetur,
2429 5232 2666 5272 examen
2714 5214 2957 5269 scribere
3005 5213 3285 5295 episcopis
3328 5212 3600 5284 dignetur

1969 5310 2259 5366 Romanus
2296 5309 2597 5381 episcopus
2641 5308 2730 5363 bis
2773 5307 2872 5379 qui
2914 5307 2974 5361 in
3019 5294 3340 5362 ﬁnitimaet
3363 5306 3598 5377 propin-

1956 5419 2077 5474 qua
2105 5403 2289 5458 altera
2313 5401 2601 5473 provincia
2626 5404 2777 5468 sunt,
2821 5403 2886 5455 ut
2929 5400 3035 5471 ipsi
3070 5399 3378 5471 diligenter
3404 5397 3600 5454 omnia

1967 5496 2284 5567 requirant,
2315 5499 2372 5549 et
2398 5495 2559 5567 juxta
2597 5494 2774 5549 fidem
2799 5494 3051 5549 veritatis
3076 5493 3273 5549 omnia
3300 5492 3596 5557 deﬁniant,

1967 5589 2119 5660 quod
2165 5589 2210 5642 si
2263 5589 2312 5643 is
2358 5588 2457 5661 qui
2494 5592 2661 5659 rogat
2702 5604 2939 5643 causam
2977 5604 3143 5643 suam
3180 5588 3389 5643 iterum
3418 5583 3602 5639 audiri

1969 5682 2376 5754 deprecatione
2405 5698 2508 5737 sua
2537 5681 2783 5737 moverit
2815 5682 3144 5754 episcOpum
3163 5682 3509 5743 Romanum,
3536 5678 3600 5729 ut

1968 5782 2037 5837 de
2078 5781 2258 5847 latere
2302 5796 2407 5837 suo
2450 5781 2815 5853 presbyteros
2850 5780 3061 5847 mittat,
3100 5778 3211 5833 erit
3234 5779 3293 5831 in
3321 5777 3599 5846 potestate

1967 5875 2143 5949 ipsius
2178 5874 2317 5947 quid
2362 5874 2513 5945 velit,
2548 5880 2603 5930 et
2631 5874 2768 5946 quid
2814 5873 3072 5935 aestimet,
3108 5875 3163 5925 et
3205 5869 3251 5923 si
3288 5866 3597 5923 decreverit

3573 970 3787 1056 ζ...-
