4058 6350
482 414 580 466 263

1379 407 1659 463 APPEND.
1704 406 1789 461 AD
1829 404 1991 461 S/EC.
2034 404 2124 460 IX.
2151 432 2220 443 —
2256 403 2502 459 ISIDORI
2539 401 2961 460 MERCATORIS

3731 398 3835 452 264

479 518 626 572 tibus
651 516 710 571 in
740 516 873 584 ﬁde,
921 520 978 571 et
1021 516 1369 572 Christianos
1405 531 1464 570 se
1492 531 1614 569 esse
1641 513 2101 582 vociferantibus,
2127 511 2396 598 Aminus
2441 513 2637 582 epulas
2683 511 2898 564 ibidem
2947 510 3314 580 portaverunt
3345 509 3404 561 et
3441 505 3836 572 comederunt,

477 611 586 665 hoc
610 627 747 681 ergo
773 610 924 682 quod
951 611 1029 665 eis
1065 609 1258 666 invitis
1302 613 1358 664 et
1391 608 1514 662 aliis
1556 607 1896 678 cogentibus
1929 607 2106 662 conti-

477 703 580 774 git,
613 704 658 758 si
684 705 839 759 luctu
864 708 922 759 et
939 719 1181 759 maerore
1202 701 1376 757 animi
1401 701 1603 756 acerbe
1628 717 1686 756 se
1705 701 1851 756 ferre
1873 700 2107 755 demon-

473 800 672 865 strant,
713 797 933 869 ipsique
977 796 1179 852 humili
1219 813 1322 866 per
1359 795 1568 850 bonam
1615 794 2101 850 conversationem

472 889 672 944 habitu
697 889 1020 945 incedentes
1049 890 1236 945 dolere
1276 905 1336 944 se
1375 889 1529 960 quod
1571 887 1734 942 inviti
1765 887 1941 942 coacti
1969 891 2103 942 sunt

472 983 729 1050 doceant,
755 983 858 1038 hos
879 987 1153 1054 tanquam
1174 981 1493 1054 inculpatos
1513 998 1547 1036 a
1563 980 1966 1036 communione
1983 996 2100 1035 non

470 1075 664 1131 vetari.
689 1076 742 1131 Si
769 1079 959 1131 autem
969 1075 1088 1146 jam
1104 1074 1937 1147 prohibitisuntabaliquibusa
1951 1089 2100 1128 com-

471 1169 744 1224 munione
766 1168 1002 1239 majoris
1036 1169 1352 1240 diligentiae
1376 1167 1758 1239 inquisitionis
1787 1183 1972 1234 causa,
2001 1170 2100 1222 aut

465 1277 572 1334 per
594 1262 914 1334 aliquorum
950 1261 1338 1334 ignorantiam
1380 1262 1567 1316 statim
1606 1260 1784 1332 recipi
1815 1265 2091 1332 oportere,

467 1355 573 1410 hoc
600 1359 795 1410 autem
839 1355 1122 1410 observari
1163 1358 1410 1428 oportet,
1458 1357 1516 1410 et
1558 1354 1628 1410 de
1671 1354 1884 1410 clericis
1929 1361 1985 1407 et
2023 1353 2096 1408 de

465 1447 623 1503 laicis
651 1448 933 1504 omnibus.
967 1449 1162 1504 Laicos
1191 1464 1326 1503 sane
1357 1448 1454 1521 qui
1484 1448 1544 1503 in
1575 1447 1818 1502 similem
1847 1447 2093 1502 necessi-

465 1541 593 1596 tatis
618 1558 845 1596 causam
873 1541 1215 1612 inciderunt,
1249 1545 1530 1613 tanquam
1573 1541 1617 1595 si
1644 1542 1790 1596 nihil
1826 1557 2091 1613 peccave-

464 1631 602 1699 rint,
625 1631 870 1686 maxime
912 1631 959 1685 si
987 1647 1082 1687 eos
1118 1631 1423 1702 probabilis
1465 1631 1579 1685 vita
1617 1630 1995 1698 commendet,
2022 1630 2094 1684 ad

463 1723 876 1780 ordinationem
913 1725 1087 1796 recipi
1107 1725 1334 1796 placuit.
1363 1746 1384 1828 Ι

534 1819 620 1872 IV.
653 1819 731 1872 De
757 1818 866 1887 his,
893 1818 991 1889 qui
1038 1817 1557 1873 sacrificare'coacti
1582 1822 1733 1885 sunt,
1774 1817 2004 1889 insuper
2030 1818 2091 1872 in

2204 605 2420 676 placuit
2450 608 2512 659 ut
2536 608 2662 676 post
2686 602 2901 658 biennii
2931 599 3323 674 paenitentiam
3352 598 3731 670 suscipiantur
3759 599 3840 652 ita

2202 703 2400 753 tamen
2429 703 2622 753 utrum
2650 701 2749 752 aut
2772 713 2903 751 cum
2933 695 3214 751 oblatione
3251 691 3565 763 recipiendi
3601 691 3732 759 sint,
3760 707 3837 744 an

2203 791 2276 846 ad
2300 791 2479 846 solam
2508 789 2972 846 communionem
3009 787 3238 843 admitti
3265 785 3510 842 debeant
3533 783 3838 855 unusquis-

2203 901 2313 956 que
2341 885 2737 956 episcoporum
2764 883 3048 938 examinet
3071 881 3245 937 vitam
3275 897 3493 949 eorum,
3521 883 3576 934 et
3595 882 3832 950 prseter-

2199 979 2278 1032 ita
2303 995 2364 1032 ac
2394 978 2698 1050 praesentia
2717 977 2912 1032 habita
2939 975 3398 1031 consideratione
3420 971 3757 1045 perpendat.

2269 1072 2407 1127 VIII.
2438 1071 2501 1125 Hi
2531 1075 2724 1126 autem
2757 1071 2856 1141 qui
2885 1067 3136 1125 secundo
3161 1069 3248 1123 vel
3290 1065 3458 1122 tertio
3485 1065 3831 1120 sacriﬁcave-

2197 1170 2332 1220 runt
2360 1164 2414 1218 vi
2458 1165 2651 1234 coacti,
2684 1167 2930 1236 quatuor
2979 1162 3146 1218 annis
3176 1177 3296 1218 sese
3337 1161 3411 1215 ad
3438 1158 3832 1231 paenitentiam

2197 1257 2554 1326 submittant,
2585 1257 2805 1312 duobus
2830 1262 3026 1312 autem
3050 1255 3172 1311 aliis
3213 1254 3335 1310 sine
3360 1252 3640 1308 oblatione
3667 1268 3829 1307 com-

2195 1351 2511 1418 municent,
2569 1351 2809 1423 septimo
2865 1367 3015 1405 anno
3076 1347 3487 1422 perfectionem
3540 1345 3829 1418 recepturi

2195 1445 2640 1500 communionis.

2265 1541 2354 1595 IX.
2388 1538 2684 1609 Quotquot
2718 1539 2913 1592 autem
2949 1552 3065 1591 non
3095 1535 3276 1590 solum
3312 1551 3344 1589 a
3384 1534 3494 1590 fide
3536 1531 3832 1588 Dominica

2195 1630 2508 1700 deviarunt,
2553 1631 2651 1685 sed
2687 1631 2861 1686 etiam
2901 1630 3330 1685 insurrexerunt
3370 1627 3430 1682 in
3452 1628 3610 1696 alios,
3640 1630 3697 1681 et
3719 1628 3831 1681 fra-

2192 1725 2371 1780 tribus
2409 1729 2831 1797 persuaserunt,
2872 1726 2930 1777 et
2967 1723 3048 1778 rei
3087 1723 3219 1778 facti
3245 1723 3377 1776 sunt
3416 1720 3825 1793 persuasionis,

2191 1818 2252 1872 hi
2269 1835 2371 1890 per
2387 1819 2698 1874 triennium
2712 1817 2946 1889 quidem
2960 1816 3108 1871 inter
3123 1817 3561 1871 catechumenos
3575 1814 3832 1870 habean-

460 1911 688 1983 templis
718 1911 999 1966 idolorum
1040 1916 1422 1979 coenaverunt,
1464 1911 1510 1965 si
1566 1911 1664 1982 qui
1715 1927 1912 1966 eorum
1957 1927 2087 1965 cum
2109 1899 2166 1970 B
2190 1917 2302 1977 tur,
2327 1929 2429 1984 per
2442 1912 2594 1968 aliud
2615 1915 2806 1966 autem
2823 1911 3157 1966 sexennium
3177 1909 3524 1982 poenitentiae
3548 1907 3827 1979 recipiant

458 2003 657 2060 habitu
684 2004 918 2060 cultiore
952 2005 1022 2060 ad
1047 2005 1260 2075 templa
1298 2003 1568 2076 producti
1612 2008 1764 2071 sunt,
1808 2007 1980 2075 atque
2011 2004 2088 2059 ibi

457 2097 780 2170 pretiosiori
804 2102 955 2153 veste
995 2098 1180 2154 adhuc
1213 2101 1437 2153 mutata
1461 2113 1638 2153 ccenaa
1669 2097 1968 2169 participes
2000 2099 2084 2152 fa-

457 2192 530 2245 cti
559 2195 711 2259 sunt,
739 2190 1024 2246 idolorum
1053 2191 1444 2247 indifferenter
1463 2196 1752 2246 sumentes
1776 2192 1968 2245 omnia
1987 2191 2086 2262 qui

455 2285 683 2341 fuerant
707 2285 982 2357 apposita,
1017 2284 1226 2356 placuit
1265 2285 1416 2339 inter
1456 2284 1745 2340 audientes
1774 2301 1891 2340 uno
1935 2300 2086 2339 anno

455 2378 742 2448 constitui,
783 2377 963 2432 tribus
1009 2383 1201 2433 autem
1245 2378 1372 2433 aliis
1399 2378 1564 2434 annis
1591 2393 1761 2448 agere
1800 2378 2081 2449 paeniten-

455 2472 615 2542 tiam,
645 2471 747 2526 sed
767 2487 835 2527 ex
853 2472 974 2542 ipso
994 2472 1220 2526 trienno
1245 2488 1352 2542 per
1369 2471 1669 2526 biennium
1686 2472 2084 2527 tantummodo

454 2562 699 2622 orationi
737 2564 1181 2635 communicare,
1209 2564 1380 2619 tertio
1416 2568 1608 2620 autem
1643 2581 1794 2620 anno
1825 2565 2079 2620 reconci-

451 2659 588 2716 liare
608 2659 1001 2714 sacramentis.

521 2755 580 2807 V.
608 2753 892 2824 Quotquot
920 2755 1111 2806 autem
1130 2752 1510 2807 ascenderunt
1529 2751 1741 2823 templa
1765 2768 1895 2807 cum
1924 2755 2080 2808 veste

450 2846 700 2917 lugubri,
735 2850 791 2901 et
819 2845 1212 2900 recumbentes
1237 2845 1386 2900 inter
1422 2845 1564 2899 alios
1605 2845 2080 2900 manducaverint

450 2941 668 3009 flentes,
698 2937 745 2993 si
766 2937 1173 3009 compleverint
1191 2937 1587 3009 pmnitentiam
1603 2938 1836 2994 triennii
1860 2943 2080 3011 tempo-

448 3033 544 3102 ris,
567 3031 689 3086 sine
709 3031 994 3087 oblatione
1011 3031 1393 3103 suscipientur
1412 3032 1487 3086 ad
1513 3032 1995 3100 communionem,
2018 3034 2078 3088 id

449 3131 532 3181 est
557 3129 624 3180 ut
658 3125 766 3197 ipsi
801 3124 1147 3180 oblationem
1187 3141 1306 3180 non
1339 3123 1603 3180 offerant.
1632 3125 1688 3181 Si
1713 3132 1906 3181 autem
1943 3143 2073 3199 per-

448 3218 600 3274 ducti
613 3218 686 3273 ad
697 3220 915 3290 templa
931 3236 1044 3274 non
1065 3218 1794 3287 munducaverint,biennio
1807 3224 2078 3276 maneant

453 3268 686 3274 __-____
703 3268 914 3290 απτ--
931 3268 1044 3274 _-__
1066 3268 1375 3274 ______-_.
1396 3268 1791 3287 -___-,_--___-
1807 3268 2077 3276 ---νη-,η

445 3313 502 3367 in
538 3311 891 3385 poenitentia.
936 3312 1122 3367 Tertio
1166 3329 1298 3368 vero
1333 3313 1772 3384 communicent,
1817 3314 1915 3369 sed
1953 3315 2073 3370 sine
2096 3268 2151 3344 Ο

443 3407 746 3474 oblatione,
781 3412 842 3461 ut
871 3405 1085 3461 dictum
1115 3411 1217 3471 est,
1246 3406 1306 3461 in
1343 3412 1548 3478 quarto
1580 3407 1702 3478 jam
1745 3425 1896 3464 anno
1937 3425 2068 3481 per-

441 3501 745 3557 fectionem
779 3517 942 3556 suam
977 3501 1267 3572 recipiant.
1309 3501 1649 3573 Episcopum
1697 3507 1890 3558 autem
1919 3503 2070 3558 hanc

439 3595 649 3651 habere
681 3595 968 3650 licentiam
1001 3597 1242 3666 oportet,
1271 3599 1337 3650 ut
1356 3611 1460 3666 pro
1493 3596 1582 3650 his
1611 3601 1840 3667 peccata
1870 3597 2066 3668 singu-

438 3691 628 3750 lorum
654 3689 990 3758 consideret,
1022 3694 1078 3744 et
1104 3693 1273 3760 prout
1307 3688 1513 3743 viderit
1553 3690 2065 3758 conversationem,

437 3804 721 3855 normam,
765 3787 1142 3859 regulamque
1193 3787 1641 3842 conversationis
1687 3787 1977 3855 attribuat,
2010 3788 2069 3842 id

439 3885 541 3949 est,
571 3885 638 3936 ut
662 3880 968 3934 humanius
994 3895 1171 3950 agens
1191 3880 1498 3935 secundum
1523 3879 1652 3934 vitae
1673 3880 1906 3936 modum
1927 3883 2068 3935 tem-

439 3991 542 4045 pus
568 3973 736 4028 alicui
778 3971 1057 4041 breviare,
1098 3977 1196 4027 aut
1235 3972 1406 4028 etiam
1453 3971 1726 4042 prolixius
1749 3973 1900 4045 quod
1939 3990 2062 4030 cor-

438 4065 709 4122 rectionis
752 4065 1136 4121 necessarium
1180 4065 1416 4132 viderit,
1453 4065 1684 4135 addere.
1725 4067 2064 4124 Discutiatur

436 4165 631 4216 autem
653 4159 915 4214 omnium
942 4160 1166 4226 horum,
1195 4163 1253 4213 et
1280 4160 1604 4231 praecedens
1626 4160 1761 4230 vita,
1791 4164 1848 4215 et
1874 4167 2058 4233 poste-

435 4252 572 4322 rior,
607 4258 662 4309 et
692 4252 767 4308 ita
787 4252 937 4308 circa
960 4269 1058 4308 eos
1103 4253 1459 4309 sacerdotalis
1505 4254 1834 4309 humanitas
1865 4257 2063 4312 mode-

437 4351 612 4404 retur.

505 4443 587 4497 VI.
617 4442 692 4497 De
719 4440 804 4496 his
831 4439 926 4512 qui
952 4440 1124 4496 minis
1156 4445 1384 4497 tantum
1418 4443 1706 4511 cesserint,
1739 4449 1838 4500 aut
1875 4444 2056 4501 bono-

434 4545 562 4588 rum
588 4529 893 4595 oblatione,
938 4533 1037 4585 aut
1066 4532 1561 4602 transportationis
1599 4550 1764 4605 poena
1803 4535 2059 4590 deterriti

2187 2002 2397 2076 locum,
2430 2005 2538 2060 alio
2553 2021 2686 2059 vero
2707 2021 2880 2072 anno,
2905 2004 2959 2059 id
2980 2009 3065 2059 est
3081 2004 3322 2073 decimo,
3347 2001 3824 2058 communionem

2187 2098 2307 2152 sine
2340 2097 2627 2153 oblatione
2651 2098 2926 2169 recipiant
2959 2101 3019 2151 ut
3051 2098 3337 2168 completo
3373 2095 3656 2151 decennio
3686 2111 3819 2166 per-

2183 2191 2429 2248 fectione
2458 2191 2740 2247 fruantur.
2771 2190 2906 2246 Ideo
2949 2194 3141 2244 autem
3181 2190 3304 2261 ipso
3343 2195 3621 2260 tempore,
3647 2188 3822 2243 etiam

2183 2285 2298 2341 vita
2328 2302 2525 2341 eorum
2557 2288 2615 2339 et
2638 2285 2994 2340 conversatio
3020 2283 3429 2338 consideranda
3454 2286 3557 2338 est.

2255 2381 2318 2436 X.
2350 2380 2430 2434 De
2460 2379 2728 2448 diaconis,
2770 2378 3093 2449 quicunque
3133 2394 3263 2433 cum
3293 2375 3651 2444 ordinantur,
3683 2376 3727 2430 si
3755 2376 3820 2432 in

2183 2471 2307 2545 ipsa
2352 2473 2707 2528 ordinatione
2751 2472 3039 2544 protestati
3087 2475 3238 2539 sunt,
3287 2471 3542 2525 dicentes
3581 2470 3720 2526 velle
3753 2487 3816 2524 se

2181 2566 2390 2622 habere
2419 2582 2643 2636 uxores,
2673 2583 2779 2622 nec
2810 2583 2975 2638 posse
3008 2582 3065 2622 se
3091 2565 3407 2634 continere,
3431 2564 3490 2618 hi
3522 2569 3744 2635 postea,
3769 2564 3817 2618 si

2179 2660 2253 2714 ad
2280 2661 2507 2732 nuptias
2525 2660 2806 2729 venerint,
2829 2665 3098 2714 maneant
3115 2659 3176 2713 in
3195 2658 3528 2726 ministerio,
3549 2661 3814 2730 propter-

2181 2769 2247 2808 ea
2273 2755 2425 2825 quod
2451 2754 2538 2808 his
2566 2753 2862 2826 episcopus
2889 2752 3178 2808 licentiam
3195 2751 3435 2807 dederit.
3467 2751 3807 2822 Quicunque

2179 2862 2314 2902 sane
2332 2852 2646 2916 tacuerunt,
2671 2851 2726 2901 ct
2745 2850 3112 2918 susceperunt
3131 2861 3334 2901 manus
3362 2845 3812 2916 impositionem,

2177 2941 2413 3012 professi
2449 2941 2878 3009 continentiam,
2923 2939 2968 2994 si
3003 2943 3203 3012 postea
3233 2939 3308 2994 ad
3345 2939 3573 3012 nuptias
3602 2953 3812 2994 conve-

2178 3035 2389 3106 nerint,
2418 3051 2452 3090 a
2481 3035 2796 3091 ministerio
2824 3049 3038 3090 cessare
3070 3033 3380 3088 debebunt.

2247 3130 2336 3185 XI.
2382 3129 2752 3201 Desponsatas
2794 3129 3032 3200 puellas,
3083 3133 3140 3184 et
3172 3133 3368 3200 postea
3403 3127 3474 3182 ab
3514 3127 3636 3182 aliis
3689 3143 3814 3182 cor-

2176 3228 2390 3295 ruptas,
2416 3224 2627 3295 placuit
2650 3223 2792 3291 erui,
2823 3228 2879 3278 et
2907 3221 2997 3277 his
3028 3221 3188 3278 reddi
3217 3223 3426 3293 quibus
3452 3221 3675 3277 fuerant
3705 3221 3811 3275 de-

2175 3320 2478 3389 sponsatas,
2533 3317 2708 3372 etiam
2749 3317 2796 3371 si
2823 3332 2916 3372 eas
2943 3333 2977 3371 a
3001 3317 3320 3388 raptoribus
3345 3315 3547 3371 ﬂorem
3573 3313 3812 3386 pudoris

2173 3411 2426 3466 amisisse
2456 3427 2559 3466 con
2567 3411 2792 3466 stiterit.

2240 3505 2349 3559 XII.
2365 3506 2489 3574 Eos,
2509 3504 2750 3576 quiante
2766 3502 3116 3576 baptismum
3137 3502 3596 3558 sacrificaverunt
3609 3501 3805 3569 idolis,

2172 3601 2229 3652 et
2246 3600 2446 3670 postea
2464 3598 2810 3669 baptismum
2836 3597 3125 3653 consecuti
3156 3600 3309 3667 srmt,
3327 3597 3546 3668 placuit
3565 3597 3636 3652 ad
3656 3595 3807 3651 ordi-

2168 3708 2301 3746 nem
2332 3693 2679 3764 promoveri,
2704 3696 2984 3764 tanquam
3020 3692 3090 3746 ab
3132 3691 3289 3746 omni
3324 3690 3566 3746 crimine
3591 3690 3804 3745 lavacri

2168 3785 2426 3840 salutaris
2457 3786 2898 3842 sanctificatione
2928 3790 3220 3858 purgatos.

2237 3881 2371 3935 XIII.
2405 3878 2632 3935 Vicariis
2657 3880 3047 3952 episcoporum
3069 3886 3228 3952 (quos
3241 3878 3418 3934 Graeci
3433 3879 3804 3952 coepiscopos

2165 3973 2387 4044 vocant)
2435 3989 2552 4028 non
2601 3973 2792 4044 licere,
2840 3975 2928 4028 vel
2969 3974 3344 4045 presbyteros,
3390 3974 3477 4027 vel
3534 3973 3803 4028 diaconos

2165 4067 2448 4122 ordinare.
2477 4067 2589 4122 Sed
2612 4084 2717 4124 nec
2743 4067 3086 4139 presbyteris
3116 4067 3356 4122 civitatis
3395 4067 3514 4122 sine
3543 4066 3797 4138 episcopi

2165 4167 2448 4234 praecepto
2479 4161 2695 4232 aliquid
2733 4161 3037 4232 imperare,
3065 4177 3169 4216 nec
3200 4159 3322 4215 sine
3352 4160 3681 4215 auctoritate
3701 4160 3799 4216 lit-

2160 4261 2414 4311 terarum
2444 4256 2566 4325 ejus
2591 4255 2650 4308 in
2671 4269 3006 4327 unaquaque
3032 4255 3297 4326 parochia
3322 4254 3535 4326 aliquid
3558 4271 3753 4326 agere.

2231 4349 2362 4404 XIV.
2387 4349 2462 4402 De
2480 4347 2566 4401 his
2585 4347 2758 4418 quiin
2775 4347 2926 4403 clero
2944 4353 3074 4402 sunt
3101 4347 3413 4419 presbyteri
3443 4347 3527 4402 vel
3549 4347 3791 4416 diaconi,

2159 4445 2217 4496 et
2239 4442 2524 4498 abstinent
2549 4458 2607 4496 se
2633 4459 2666 4497 a
2694 4441 2981 4512 carnibus,
3006 4442 3112 4496 hoc
3139 4441 3351 4513 placuit
3376 4441 3565 4508 statui,
3587 4444 3653 4495 ut
3674 4457 3792 4496 non

2157 4552 2250 4591 eas
2293 4539 2567 4607 tanquam
2612 4534 2939 4591 immundas
2982 4539 3370 4604 contemnant,
3421 4535 3518 4590 sed
3571 4535 3795 4589 contin-

433 4622 902 4692 sacriticaverunt,
925 4627 984 4678 et
1009 4641 1160 4679 nunc
1194 4642 1372 4698 usque
1402 4642 1520 4680 non
1542 4629 1930 4698 pmnituerunt
1955 4644 2056 4684 ne-
2077 4643 2136 4716 D
2160 4631 2320 4700 gant.
2365 4633 2409 4684 A
2457 4628 2664 4700 quibus
2705 4631 2959 4702 quidem,
2997 4629 3094 4700 qui
3133 4645 3191 4684 se
3237 4628 3519 4684 abstinere
3567 4629 3787 4699 volunt,

433 4733 542 4793 que
587 4719 841 4775 conversi
893 4723 1043 4787 sunt,
1093 4719 1265 4774 modo
1298 4721 1514 4789 autem,
1554 4721 1610 4776 id
1654 4727 1758 4788 est,
1803 4727 2058 4793 tempore

430 4813 599 4885 hujus
627 4811 844 4886 synodi,
877 4830 936 4868 se
969 4813 1298 4868 obtulerunt
1323 4813 1704 4868 conversionis
1731 4831 1845 4870 suae
1866 4816 2054 4870 consi-

428 4906 568 4964 lium
596 4908 898 4980 capientes,
927 4905 1142 4978 placuit
1173 4922 1270 4959 eos
1297 4922 1473 4976 usque
1503 4907 1576 4960 ad
1601 4924 1876 4978 magnum
1905 4909 2055 4963 diem

426 5004 575 5058 inter
615 5002 908 5057 audientes
949 4998 1175 5068 suscipi,
1219 4998 1614 5069 paenitentiam
1652 5005 1844 5055 autem
1885 5018 2055 5074 agere

427 5095 692 5165 triennio,
738 5097 795 5150 et
838 5094 967 5164 post
996 5092 1138 5146 duos
1184 5091 1322 5146 alios
1371 5107 1553 5147 annos
1594 5094 1714 5149 sine
1768 5094 2052 5152 oblatione

425 5187 872 5252 communicare,
907 5189 961 5238 et
985 5185 1064 5240 ita
1092 5185 1324 5242 demum
1349 5203 1444 5242 sex
1475 5186 1636 5242 annis
1661 5189 1958 5259 completis
1981 5191 2052 5245 ad

427 5286 741 5357 perfectum
772 5278 1085 5351 pervenire.
1117 5280 1276 5344 Quod
1308 5279 1355 5335 si
1384 5281 1562 5354 aliqui
1607 5286 1740 5338 ante
1777 5283 1883 5339 hoc
1912 5301 2048 5339 con-

425 5377 620 5432 cilium
651 5372 894 5445 suscepti
926 5377 1056 5427 sunt
1080 5374 1152 5427 ad
1170 5375 1590 5446 paenitentiam,
1609 5377 1782 5432 exilio
1797 5380 2049 5450 tempore

425 5467 802 5542 imputabitur
825 5466 904 5521 eis
936 5465 1163 5522 initium
1187 5470 1440 5524 sexennii
1465 5471 1776 5527 constituti.
1813 5472 1974 5538 Quod
2002 5473 2048 5528 si

421 5564 587 5623 alicui
634 5564 842 5618 horum
891 5560 1180 5632 quodlibet
1219 5563 1414 5618 mortis
1461 5565 1782 5636 periculum
1828 5571 1927 5621 aut
1977 5583 2046 5623 ex

421 5657 759 5732 mgritudine
790 5661 888 5710 aut
913 5671 978 5709 ex
1019 5655 1204 5726 aliqua
1231 5673 1399 5711 causa
1437 5658 1722 5728 acciderit,
1764 5659 1853 5715 his
1895 5677 2046 5716 com-

423 5754 759 5809 munionem
783 5754 1018 5822 propter
1043 5749 1311 5804 viaticum
1341 5767 1508 5806 suum
1537 5769 1654 5808 non
1681 5756 1898 5826 negari.

491 5849 600 5902 VII.
624 5849 698 5901 De
728 5844 816 5900 his
835 5843 932 5916 qui
953 5842 1112 5898 festis
1137 5841 1338 5898 diebus
1355 5860 1710 5915 paganorum
1730 5848 1789 5903 in
1809 5848 2042 5904 remotis

422 5956 620 5996 eorum
658 5939 793 5992 locis
827 5937 1094 5993 conviviis
1134 5937 1534 6008 interfuerunt,
1577 5945 1633 5994 et
1677 5958 1804 5996 suas
1839 5942 2041 5997 nihilo-

2157 4722 2403 4778 habeant
2430 4727 2789 4795 potestatem,
2831 4724 2910 4778 ita
2947 4729 3160 4793 tamen,
3206 4728 3266 4777 ut
3306 4723 3352 4776 si
3389 4721 3615 4794 quando
3657 4739 3791 4777 cum

2157 4816 2400 4872 oleribus
2424 4824 2766 4891 coquuntur,
2781 4819 2984 4874 eadem
3004 4823 3278 4888 tanquam
3290 4816 3552 4871 carnibus
3571 4817 3790 4888 polluta

2155 4927 2269 4966 non
2292 4911 2574 4983 judicent,
2606 4913 2706 4969 sed
2731 4927 2797 4967 ex
2830 4911 2917 4966 his
2953 4911 3145 4966 cibum
3178 4913 3492 4979 assumant,
3524 4909 3787 4981 quamvis

2153 5006 2468 5061 acarnibus
2508 5022 2568 5061 se
2610 5006 2951 5060 abstineant.
3005 5005 3166 5070 Quod
3211 5005 3257 5058 si
3309 5004 3368 5058 in
3419 5007 3642 5058 tantum
3690 5019 3785 5058 eas

2151 5099 2480 5155 immundas
2503 5103 2560 5156 et
2579 5099 2986 5154 abominabiles
2993 5098 3396 5170 judicaverint,
3423 5102 3606 5152 utnec
3629 5097 3786 5152 olera

2153 5210 2281 5265 quae
2307 5211 2440 5249 cum
2467 5193 2731 5266 carnibus
2755 5199 3077 5264 coquuntur
3101 5193 3384 5248 aestiment
3410 5191 3780 5259 comedenda,

2152 5291 2423 5360 tanquam
2459 5304 2577 5343 non
2627 5287 3050 5343 consentientes
3094 5288 3226 5342 huic
3270 5287 3505 5358 regulae,
3555 5301 3780 5340 cessare

2150 5397 2248 5437 eos
2276 5385 2501 5454 oportet
2541 5385 2596 5436 et
2635 5398 2669 5435 a
2714 5381 3030 5436 ministerio
3070 5387 3125 5436 et
3159 5380 3359 5436 ordine
3403 5396 3523 5435 suo.
3560 5379 3616 5434 Si
3653 5378 3782 5451 quis

2149 5481 2338 5532 autem
2367 5475 2536 5546 hujus
2561 5477 2778 5546 regulae
2807 5475 3042 5531 monitis
3067 5491 3182 5530 non
3210 5473 3509 5543 obedierit,
3538 5473 3635 5528 sed
3656 5489 3782 5528 car-

2148 5586 2248 5624 nes
2273 5570 2354 5638 (ut
2380 5569 2597 5624 dictum
2627 5569 2728 5642 est)
2763 5569 3089 5624 immundas
3115 5573 3172 5623 et
3197 5566 3606 5624 abominandas
3634 5567 3780 5622 exis-

2145 5663 2449 5731 timaverit,
2477 5679 2696 5719 cessare
2723 5663 2889 5719 debet
2917 5663 2987 5718 ab
3016 5663 3217 5718 ordino
3243 5680 3362 5718 suo.

2214 5757 2318 5810 XV.
2349 5757 2401 5812 Si
2433 5774 2547 5828 qua
2565 5758 2634 5813 de
2662 5757 2830 5815 rebus
2860 5757 3132 5827 ecclesiae,
3163 5773 3295 5812 cum
3328 5756 3626 5828 episcopus
3658 5772 3778 5812 non

2142 5853 2245 5921 est,
2269 5851 2583 5924 presbyteri
2601 5851 2976 5920 vendiderint,
2996 5851 3206 5926 placuit
3227 5851 3464 5906 rescisso
3479 5856 3776 5910 contractu

2143 5945 2214 5999 ad
2233 5945 2328 6020 jus
2358 5947 2794 6006 ecclesiasticum
2817 5925 3182 6074 revocat/lin
3203 5945 3419 6021 judicio
3436 5949 3630 6002 autem
3663 5948 3774 6003 erit
