4058 6294
269 336 372 388 265

1507 323 1977 381 DECRETALIUM
2015 325 2399 380 COLLECTIO.

3530 331 3630 384 266

263 439 541 512 episcopi,
562 437 610 493 si
625 436 1000 494 constitutum
1018 436 1270 508 pretium
1295 435 1464 491 debet
1491 434 1670 507 recipi
1690 450 1894 502 necne,
1917 443 1979 520 Α
1997 435 2133 491 tate.
2164 434 2329 500 Quod
2354 435 2400 489 si
2429 433 2606 490 etiam
2639 433 2718 489 ibi
2749 433 3056 490 seditiones
3084 433 3364 491 concitare
3391 433 3631 507 proban-

260 537 502 606 propter
537 532 692 604 quod
731 547 880 603 saepe
927 530 1209 602 contingit
1257 529 1653 584 distractarum
1699 545 1898 584 rerum
1998 531 2092 583 tur
2114 569 2128 597 ,
2190 528 2472 600 episcOpis
2520 528 2734 583 ibidem
2789 529 3138 599 constitutis,
3192 529 3482 601 segregari
3532 544 3631 584 eos

260 627 518 683 redditus
557 625 898 698 ampliorem
950 640 1237 682 summam
1275 639 1379 698 pro
1433 627 1663 696 accepto
1709 623 1896 696 pretio

259 721 449 776 reddi.

331 816 466 871 XVI.
519 817 583 871 In
627 815 736 870 hoc
774 813 938 870 titulo
972 813 1148 869 verba
1188 814 1380 868 Graeca
1417 813 1538 868 haec
1576 815 1749 870 sunt:
1778 821 1896 886 Περὶ

257 918 353 967 τῶν
376 916 566 978 ama;
590 914 845 978 διαγόντῶν
869 916 951 964 καὶ
979 914 1238 978 διαγόνται,
1257 923 1386 978 quas
1415 923 1521 962 nos
1548 907 1742 962 Latine
1767 924 1894 978 pos-

257 1019 458 1057 sumus
519 1001 706 1057 dicere
757 1001 828 1056 de
876 1001 964 1056 his
1011 1001 1110 1072 qui
1167 999 1627 1056 irrationabiliter
1685 1001 1894 1056 versati

259 1100 394 1152 sunt
413 1096 529 1151 sive
555 1101 868 1152 versantur.
905 1095 1112 1151 Sensus
1143 1097 1359 1161 autem,
1391 1093 1450 1149 in
1475 1094 1578 1148 hac
1609 1094 1892 1149 sententia

255 1190 470 1261 duplex
513 1205 636 1245 esse
681 1193 888 1262 potest,
923 1189 1021 1260 qui
1047 1204 1116 1244 ex
1144 1187 1410 1258 subjectis
1451 1187 1764 1259 conjicitur,
1795 1192 1892 1244 aut

256 1282 328 1340 de
360 1283 451 1338 his
482 1284 582 1355 qui
601 1300 730 1338 cum
759 1282 1061 1354 pecoribus
1080 1282 1234 1338 coitu
1252 1281 1404 1336 misti
1431 1287 1582 1350 sunt,
1608 1286 1705 1337 aut
1724 1297 1889 1338 more

255 1377 549 1450 pecudum
576 1376 793 1432 incesta
819 1393 950 1432 cum
975 1376 1315 1448 propinquis
1353 1377 1701 1448 sanguinum
1727 1393 1886 1432 com-

254 1470 631 1525 miscuerunt.
668 1471 960 1540 Quotquot
983 1470 1161 1541 igitur
1183 1473 1317 1524 ante
1341 1469 1678 1542 vigesimum
1705 1469 1888 1525 aetatis

253 1580 370 1619 suae
386 1579 606 1619 annum
625 1564 737 1620 tale
753 1563 969 1620 crimen
993 1562 1349 1634 admiserint,
1371 1563 1700 1635 quindecim
1723 1563 1887 1619 annis

253 1658 314 1714 in
355 1657 694 1729 poenitentia
738 1657 999 1730 peractis,
1049 1657 1287 1713 orationi
1331 1660 1556 1713 tantum
1609 1657 1887 1729 incipiant

252 1753 702 1808 communicem.
751 1753 821 1807 Et
855 1751 1318 1824 quinquennium
1359 1751 1606 1806 alterum
1636 1751 1696 1806 in
1727 1767 1880 1807 com-

1995 637 2226 679 necesse
2272 626 2378 694 est,
2434 623 2490 677 et
2539 621 2910 679 nihilominus
2965 622 3300 696 presbyterii
3351 621 3629 696 dignitate

1994 717 2229 790 privari.

2065 811 2198 866 XIX.
2247 811 2538 881 Quotquot
2578 809 2959 882 virginitatem
3004 811 3314 883 pollicitam
3352 811 3626 883 praevari-

1997 908 2135 959 catae
2156 906 2307 971 sunt,
2329 903 2678 975 professione
2700 907 3048 976 contempta,
3079 905 3230 960 inter
3255 905 3534 976 bigamos,
3566 905 3624 960 id

1994 1002 2078 1053 est
2104 997 2201 1070 qui
2219 997 2293 1051 ad
2315 998 2587 1053 secundas
2609 999 2833 1069 nuptias
2859 998 3228 1066 transierunt,
3243 997 3442 1055 haberi
3461 998 3627 1055 debe-

1992 1092 2156 1147 bunt.
2175 1090 2435 1163 Virgines
2447 1095 2636 1147 autem
2654 1093 2866 1164 puellas
2885 1091 3010 1165 62
3028 1109 3156 1164 quae
3172 1095 3451 1165 tanquam
3470 1109 3624 1148 soro-

1991 1201 2082 1239 res
2119 1201 2249 1240 cum
2293 1183 2581 1240 nonnullis
2609 1185 2745 1240 viris
2781 1185 3037 1241 habitare
3064 1186 3280 1256 volunt,
3309 1186 3380 1242 ab
3423 1201 3622 1243 eorum

1990 1279 2272 1334 consortio
2299 1279 2688 1350 prohibemus.

2056 1373 2160 1428 XX.
2225 1373 2280 1428 Si
2349 1372 2476 1444 quis
2537 1372 2880 1428 adulterium
2939 1371 3322 1441 commiserit,
3393 1376 3616 1446 septem

1985 1466 2152 1520 annis
2175 1466 2237 1521 in
2263 1465 2604 1538 poenitentia
2631 1465 2950 1538 completis,
2983 1465 3321 1538 perfectioni
3347 1466 3618 1523 reddatur

1987 1559 2300 1616 secundum
2323 1559 2596 1632 pristinos
2623 1559 2853 1632 gradus.

2054 1654 2182 1708 XXI.
2212 1655 2288 1710 De
2337 1653 2671 1710 mulieribus
2715 1670 2845 1726 quae
2893 1653 3267 1722 fornicantur,
3325 1657 3382 1708 et
3428 1657 3620 1726 partus

1985 1763 2116 1802 suos
2141 1751 2368 1817 necant,
2398 1747 2496 1803 sed
2521 1752 2576 1803 et
2596 1747 2664 1802 de
2691 1747 2777 1820 his
2796 1763 2923 1820 quae
2944 1751 3126 1819 agunt
3148 1762 3341 1801 secum
3370 1749 3432 1802 ut
3459 1750 3618 1803 utero

252 1845 528 1902 munione
573 1844 844 1900 orationis
880 1845 1055 1901 solius
1084 1845 1478 1916 perdurantes.
1507 1846 1642 1900 Post
1673 1845 1882 1917 vigesi-
1902 1814 1960 1888 B
1983 1844 2289 1912 conceptus
2355 1840 2676 1896 excutiatur
2699 1811 2745 1988 ,ἑ
2771 1841 3007 1913 antiqua
3065 1841 3299 1913 quidem
3367 1840 3618 1895 definitio

253 1956 415 1988 mum
437 1956 568 1988 cum
587 1939 870 1988 oblatione
895 1938 968 1988 ad
997 1938 1461 1988 communionem
1481 1938 1880 1988 suscipiantur-
1981 1950 2163 1988 usque
2208 1933 2282 1988 ad
2314 1934 2530 1988 exitum
2558 1935 2686 1988 vitae
2748 1951 2808 1988 as
2833 1934 2903 1988 ab
2933 1934 3166 1988 ecclesia
3193 1935 3469 1988 removet.
3501 1934 3612 1988 hu-

252 1956 416 1996 mum
437 1956 570 1996 cum
587 1939 870 1994 oblatione
895 1938 968 1993 ad
997 1938 1461 1994 communionem
1481 1938 1880 2010 suscipiantur,

249 2033 589 2090 discutiatur
599 2035 790 2088 autem
810 2037 868 2087 et
881 2032 997 2088 vita
1012 2047 1212 2088 eorum
1226 2033 1410 2104 qualis
1434 2032 1605 2088 fuerit
1623 2035 1881 2104 tempore

249 2127 621 2198 poenitentiae.
649 2127 892 2198 Etjuxta
914 2127 1063 2182 hanc
1090 2126 1506 2182 humanitatem
1534 2142 1882 2198 consequan-

248 2225 359 2276 tur.
397 2221 567 2285 Quod
590 2221 788 2292 siquis
816 2221 1267 2292 perseverantius
1299 2220 1506 2275 abusus
1532 2221 1727 2288 fuerit,
1767 2220 1878 2275 hoc

247 2314 488 2370 crimine
527 2314 801 2385 prolixius
844 2318 1088 2386 tempus,
1122 2315 1180 2370 id
1221 2317 1306 2370 est
1349 2314 1551 2385 viginti
1593 2330 1878 2370 annorum

244 2408 643 2480 paenitentiam
671 2407 952 2480 suscipiat.
991 2407 1096 2472 Qui
1132 2424 1284 2477 vero,
1320 2410 1512 2463 exacta
1539 2407 1742 2478 viginti
1771 2425 1873 2463 an-

241 2518 455 2558 norum
485 2504 671 2572 mtate,
703 2506 760 2558 et
789 2519 987 2559 uxores
1012 2502 1289 2558 habentes
1311 2501 1372 2556 in
1396 2502 1507 2556 hoc
1536 2501 1754 2557 crimen
1781 2502 1874 2556 in-

243 2595 507 2663 ciderint,
551 2599 679 2666 post
706 2595 911 2666 viginti
949 2598 1006 2651 et
1051 2595 1302 2668 quinque
1330 2610 1510 2650 annos
1538 2594 1876 2666 poenitentia

239 2689 366 2740 acta
411 2685 485 2740 ad
527 2684 994 2740 communionem
1026 2685 1346 2739 orationum
1386 2682 1784 2752 admittantur,
1811 2683 1873 2740 in

239 2795 355 2851 qua
381 2779 782 2834 communione
807 2778 1128 2833 orationum
1146 2778 1322 2834 altero
1339 2777 1731 2850 quinquennio
1745 2795 1871 2850 per-

240 2871 519 2927 durantes
549 2872 774 2943 plenam
802 2872 1266 2928 communionem
1292 2887 1421 2925 cum
1449 2871 1706 2926 oratione
1725 2871 1867 2927 reci-

239 2966 417 3036 piant.
450 2967 613 3030 Quod
655 2966 702 3020 si
751 2966 927 3038 aliqui
973 2969 1031 3021 et
1077 2982 1275 3022 uxores
1304 2966 1599 3032 habentes,
1626 2969 1684 3020 et
1712 2981 1870 3022 exce-

237 3059 442 3115 dentes
468 3059 1006 3133 quinquagesimum
1059 3059 1239 3114 aetatis
1278 3075 1394 3114 suae
1423 3075 1640 3114 annum
1665 3058 1724 3114 in
1756 3059 1867 3115 hoc

1981 1950 2163 2007 usque
2208 1933 2282 1990 ad
2314 1934 2530 1990 exitum
2558 1935 2686 1989 vitae
2715 1933 2808 1989 das
2833 1934 2903 1989 ab
2933 1934 3166 1990 ecclesia
3193 1935 3469 2003 removet,
3501 1934 3612 1989 hu-

1981 2032 2168 2088 manis
2187 2048 2340 2088 nunc
2368 2032 2696 2102 deﬁnimus,
2726 2036 2792 2088 ut
2826 2032 2906 2088 eis
2933 2033 3131 2089 decem
3155 2047 3436 2088 annorum
3464 2033 3611 2088 tem-

1979 2143 2087 2198 pus
2109 2125 2460 2198 poenitentiae
2489 2126 2788 2182 tribuatur.

2048 2220 2200 2275 XXII.
2260 2219 2368 2284 Qui
2415 2220 2732 2274 voluntarie
2784 2217 3157 2274 homicidium
3208 2219 3484 2290 fecerint,
3539 2221 3612 2275 ad

1976 2313 2370 2384 paenitentiam
2419 2313 2656 2385 quidem
2687 2313 2904 2384 jugiter
2948 2329 3007 2367 se
3052 2313 3406 2369 submittant.
3456 2312 3612 2368 Circa
3664 2321 3672 2328 ·

1978 2409 2173 2461 autem
2203 2406 2420 2461 exitum
2445 2406 2595 2476 vitae,
2624 2405 3028 2462 communione
3067 2406 3228 2478 digni
3271 2405 3608 2462 habeantur.

1976 2501 2085 2554 Eos
2129 2515 2259 2555 vero
2291 2499 2389 2570 qui
2433 2517 2548 2554 non
2595 2499 2902 2565 voluntate,
2943 2499 3039 2554 sed
3070 2516 3198 2554 casu
3236 2499 3608 2555 homicidium

1975 2593 2230 2661 fecerint,
2271 2591 2429 2666 prior
2462 2593 2663 2664 regula
2691 2596 2822 2665 post
2845 2577 3390 2669 septem°annorum
3418 2593 3603 2664 poeni-

1975 2687 2214 2743 tentiam
2240 2729 2254 2757 ,
2315 2686 2703 2742 communioni
2754 2685 2982 2742 sociavit
3029 2687 3342 2742 secundum
3395 2686 3604 2758 gradus

1971 2782 2320 2837 constitutos.
2352 2782 2482 2836 Haec
2502 2797 2635 2837 vero
2667 2779 2974 2836 humanior
2999 2779 3257 2836 deﬁnitio
3285 2779 3602 2852 quinquen-

1971 2875 2051 2930 nii
2083 2877 2311 2947 tempus
2333 2874 2550 2930 tribuit.

2039 2970 2218 3024 XXIII.
2249 2968 2355 3034 Qui
2399 2968 2644 3039 auguria
2679 2968 2769 3024 vel
2812 2967 3058 3040 auspicia
3096 2966 3211 3021 sive
3260 2966 3476 3022 somnia
3514 2970 3602 3024 vel

1966 3063 2345 3119 divinationes
2374 3062 2651 3135 quaslibet
2677 3063 2993 3118 secundum
3035 3077 3260 3117 morem
3296 3061 3597 3132 gentilium

233 3154 488 3225 prolapsi
521 3157 655 3207 sunt
687 3153 897 3208 scelere
943 3153 1017 3208 ad
1059 3153 1275 3208 exitum
1304 3156 1531 3208 tantum
1556 3152 1687 3209 vitae
1715 3170 1942 3258 com-C
1966 3156 2286 3224 observant,
2325 3159 2424 3212 aut
2469 3156 2529 3210 in
2568 3156 2766 3212 domos
2811 3171 2939 3211 suas
2983 3154 3309 3226 hujusmodi
3336 3155 3598 3210 homines

233 3247 568 3302 munionem
588 3253 954 3303 moereantur.

303 3342 454 3396 XVII.
483 3341 593 3396 Hos
621 3341 871 3410 eosdem,
912 3357 1046 3396 sane
1085 3357 1200 3396 non
1241 3341 1424 3396 solum
1468 3343 1722 3412 leprosos
1763 3343 1866 3397 cri-

230 3434 388 3490 mine
425 3434 824 3506 hujuscemodi
869 3435 1063 3504 factos,
1111 3434 1209 3490 sed
1255 3439 1310 3490 et
1347 3434 1484 3489 alios
1526 3435 1634 3490 isto
1661 3435 1864 3490 morbo

229 3528 539 3599 replentes,
584 3529 799 3599 placuit
841 3528 990 3584 inter
1032 3544 1126 3583 eos
1170 3544 1334 3584 orare
1377 3527 1476 3599 qui
1518 3531 1861 3600 tempestate

222 3623 534 3692 jactentur,
566 3622 666 3694 qui
692 3639 726 3677 a
750 3622 910 3677 nobis
938 3623 1315 3694 energumeni
1340 3621 1759 3693 intelliguntur.

300 3718 486 3772 XVIII.
520 3715 577 3772 Si
609 3717 708 3788 qui
756 3717 1007 3788 episcopi
1051 3717 1298 3788 suscepti
1344 3732 1464 3772 non
1503 3720 1636 3770 sunt
1682 3733 1716 3770 a
1758 3734 1862 3772 sua

229 3809 458 3865 dioecesi
484 3809 546 3864 in
572 3825 684 3881 qua
709 3810 935 3864 fuerant
954 3809 1331 3879 denominati,
1357 3809 1773 3882 compellantur
1787 3811 1860 3866 ad

229 3903 498 3959 eamdem
539 3903 746 3974 judicis
793 3903 974 3958 edicto
1018 3903 1228 3959 redire.
1278 3903 1440 3968 Quod
1488 3903 1535 3958 si
1575 3904 1861 3958 voluerint

223 3998 361 4052 alias
391 3996 666 4052 Ecclesias
695 4013 988 4068 occupare,
1019 4002 1075 4052 et
1111 3997 1226 4052 vim
1267 3997 1452 4052 facere
1493 3997 1614 4052 aliis
1639 3997 1854 4068 episco-

223 4091 310 4162 pis
335 4108 484 4164 quos
515 4090 597 4145 ibi
626 4090 966 4158 invenerint,
996 4091 1303 4146 seditiones
1334 4091 1634 4146 excitando
1663 4091 1858 4146 adver-

223 4201 315 4240 sus
359 4201 474 4252 eos,
524 4184 629 4238 hos
670 4200 974 4255 segregare
1008 4187 1246 4256 oportet.
1295 4185 1456 4249 Quod
1487 4185 1535 4239 si
1573 4186 1769 4240 volunt
1794 4185 1852 4239 in

219 4277 574 4350 presbyterio
607 4277 668 4332 in
712 4277 948 4333 ecclesia
986 4278 1086 4332 ubi
1126 4279 1286 4348 prius
1324 4279 1552 4334 fuerant
1583 4281 1851 4350 tanquam

217 4372 538 4445 presbyteri
554 4372 822 4442 residere,
848 4389 966 4427 non
986 4373 1338 4445 repellantur
1362 4389 1397 4428 a
1420 4373 1652 4445 prapria
1671 4372 1856 4446 digni-

1963 3250 2338 3306 introducunt
2377 3250 2437 3304 in
2473 3249 2840 3322 exquirendis
2863 3249 3148 3321 aliquibus
3171 3251 3292 3304 arte
3316 3249 3594 3315 maleﬁca,

1963 3349 2067 3400 aut
2110 3345 2311 3400 domus
2351 3346 2615 3412 lustrant,
2668 3343 2925 3410 confessi,
2965 3327 3359 3414 quinquennio
3409 3343 3592 3414 poeni-

1961 3437 2202 3494 tentiam
2239 3440 2413 3509 agant
2463 3436 2803 3495 secundum.
2817 3435 3082 3507 antiquas
3123 3436 3348 3506 regulas
3377 3435 3589 3490 consti-

1960 3535 2130 3586 tutas.

2029 3627 2204 3681 XXIV.
2249 3625 2306 3680 Si
2355 3625 2480 3696 quis
2517 3641 2786 3696 sponsam
2821 3622 3056 3692 habens,
3100 3623 3279 3678 sorori
3319 3622 3441 3694 ejus
3480 3623 3590 3678 for-

1959 3719 2102 3774 sitan
2156 3718 2416 3774 intulerit
2469 3718 2692 3785 vitium,
2745 3718 2911 3789 eique
2963 3717 3250 3772 inhaeserit
3308 3719 3588 3788 tanquam

1959 3829 2076 3868 suae
2117 3817 2174 3868 et
2218 3812 2323 3867 sibi
2364 3812 2745 3884 expetendam
2792 3828 2912 3868 esse
2959 3810 3587 3882 conjunctionemhhac

1957 3910 2150 3960 autem
2163 3905 2418 3976 decepta,
2442 3908 2643 3976 postea
2656 3921 2896 3960 uxorem
2917 3904 3146 3959 duxerit
3164 3904 3584 3975 desponsatam.

1956 4001 2056 4054 Illa
2086 4015 2221 4056 vero
2263 4015 2392 4070 quae
2435 3999 2635 4054 vitium
2663 4015 2824 4071 passa
2867 4002 2969 4067 est,
2996 3998 3043 4052 si
3071 3998 3220 4053 forte
3252 4013 3450 4054 necem
3479 3997 3586 4052 sibi

1955 4093 2236 4160 intulerit,
2282 4108 2480 4149 omnes
2524 4092 2583 4147 hi
2631 4092 2728 4164 qui
2770 4092 2942 4163 huius
2993 4090 3126 4147 facti
3176 4094 3309 4147 sunt
3356 4091 3580 4157 conscii,

1957 4185 2155 4242 decem
2195 4186 2357 4242 annis
2383 4187 2445 4240 in
2486 4185 2882 4257 paenitentiam
2910 4186 3251 4258 redigantur
3273 4186 3582 4244 secundum

1953 4295 2194 4336 canones
2222 4280 2580 4335 constitutos.

2274 4373 2516 4443 Explicit
2543 4372 2845 4431 concilium
2872 4376 3259 4448 Ancyranum.

922 4797 1322 4867 INCIPIUNT
1363 4800 1752 4869 CAPITULA
1793 4800 2486 4870 NEOCESARIENSIS
2531 4798 2885 4868 CONCILII.

290 5001 340 5053 1.
370 4998 453 5052 De
472 4995 817 5070 presbyteris
837 4999 934 5073 qui
955 5017 1194 5058 uxorem
1215 5002 1419 5060 ducere
1437 5019 1554 5059 non
1575 5001 1840 5060 debeant.
1864 5018 1924 5091 D
2015 5009 2067 5060 9.
2118 5005 2196 5061 De
2260 5001 2605 5078 presbyteris
2665 5000 2945 5074 corporali
3006 5005 3234 5075 peccato
3288 5017 3572 5074 praeoccu-

283 5095 340 5146 2.
373 5092 456 5147 De
479 5091 719 5149 muliere
752 5093 974 5150 duobus
997 5096 1263 5154 fratribus
1277 5098 1496 5155 nubere
1517 5115 1635 5154 non
1653 5097 1842 5156 licere.
1945 5100 2112 5173 patis.

285 5189 339 5242 3.
370 5187 450 5241 De
481 5186 570 5241 his
592 5186 691 5260 qui
720 5190 918 5245 multis
941 5191 1159 5263 nuptiis
1185 5193 1772 5251 communicaverunt.
2020 5198 2102 5250 10.
2155 5195 2236 5250 De
2292 5191 2618 5248 diaconibus
2667 5191 2947 5263 corporali
2995 5195 3228 5264 peccato
3289 5208 3570 5266 praeoccu-

284 5281 339 5335 4.
371 5281 451 5336 De
477 5281 939 5353 concupiscentia
962 5301 1077 5341 non
1105 5292 1519 5344 consummata.
1944 5289 2113 5360 patis.

2018 5388 2105 5439 11.
2134 5383 2212 5438 De
2255 5381 2585 5454 presbytero
2626 5378 2815 5437 minus
2863 5379 3098 5454 triginta
3142 5399 3426 5442 annorum
3465 5385 3570 5442 mi-

1944 5477 2102 5534 nime
2134 5475 2471 5533 ordinando.

2015 5576 2100 5627 l2.
2129 5573 2208 5626 De
2227 5569 2314 5625 his
2337 5569 2436 5641 qui
2459 5569 2518 5624 in
2547 5569 2885 5642 aegritudine
2912 5575 3046 5627 sunt
3067 5571 3354 5646 baptizati.

2017 5668 2102 5720 13.
2132 5666 2211 5720 De
2235 5663 2584 5736 presbyteris
2613 5663 2844 5720 alterius
2874 5666 3143 5740 regionis.

2021 5761 2104 5817 14.
2140 5761 2218 5818 De
2242 5757 2572 5816 diaconibus
2598 5763 2838 5834 septem.

373 5375 449 5431 De
475 5376 900 5433 catechumenis
925 5381 1305 5451 peccantibus.

285 5472 339 5524 6.
367 5469 445 5525 De
472 5471 907 5541 praegnantibus
935 5473 1308 5545 baptizandis.

285 5567 337 5618 7.
371 5564 738 5637 Presbyteros
790 5565 851 5622 in
899 5569 1156 5625 secundis
1211 5571 1424 5642 nuptiis
1472 5589 1587 5627 non
1636 5570 1845 5628 debere

215 5673 402 5712 orare.

287 5755 340 5806 8.
370 5752 566 5810 Uxoris
615 5755 888 5814 adultera:
943 5757 1166 5831 virum,
1227 5758 1493 5816 clericum
1553 5759 1676 5817 fieri
1727 5775 1845 5818 non

218 5844 448 5903 debere.
