4058 6296
494 308 592 359 267

1383 307 1662 361 AI’PEND.
1706 306 1793 360 AD
1832 307 1992 362 διιΕϐ.
2036 307 2121 360 ΙΧ.
2144 327 2222 344 ’--
2253 304 2496 359 ISlDORl
2533 303 2955 358 MERCATORIS

3747 302 3853 354 ‘268

1235 489 1584 560 INCIPIT
1665 488 2191 561 GONCILIUM
2267 484 3113 559 NEOGESARIENSE.

569 651 633 704 Et
663 649 723 704 hi
755 649 984 721 quidem
1013 664 1256 704 canones
1284 647 1516 704 secundi
1546 651 1678 704 sunt
1707 665 1907 705 eorum
1940 648 2037 721 qui
2060 649 2120 704 in
2142 658 2203 731 Α
2293 645 2504 702 VllI.Si
2518 645 2678 717 cujus
2695 660 2933 701 uxorem
2963 643 3308 700 adulterium
3335 642 3855 710 commisisse,cum

496 745 718 815 Ancyra
767 748 822 798 et
875 743 1133 798 Caesarea
1185 743 1419 816 expositi
1481 746 1634 813 sunt,
1691 742 1930 799 Nicaanis
1989 759 2120 798 vero
2223 743 2370 796 esset
2404 739 2600 806 laicus,
2635 739 2806 794 fuerit
2851 738 3308 810 comprobatum,
3354 738 3444 793 hic
3488 737 3558 792 ad
3603 736 3857 791 ministe-

495 837 714 910 priores
739 837 1123 892 inveniuntur.

565 931 962 986 Convenerunt
989 933 1183 986 autem
1228 930 1286 986 in
1326 931 1605 1003 synodum
1655 935 2032 987 memoratam
2063 931 2120 985 in

493 1023 938 1079 Neocaesariense
982 1024 1204 1080 civitate
1249 1024 1307 1079 hi
1357 1025 1456 1097 qui
1500 1025 1649 1079 infra
1700 1024 1894 1097 scripti
1943 1027 2118 1080 sunt:

496 1117 703 1184 Vitalis,
751 1118 1080 1186 Germanus,
1128 1118 1329 1188 Sedus,
1367 1118 1638 1189 Hystrius,
1667 1119 1876 1189 Lupus,
1909 1117 2119 1172 Geron-

501 1210 630 1278 tius,
662 1208 982 1279 Salamnus,
1014 1211 1305 1277 Leontius,
1350 1215 1577 1266 sanctus
1603 1211 1851 1280 Basilius,
1876 1209 2121 1264 Valenti-

494 1321 622 1370 nus,
674 1306 1009 1377 Stephanus,
1069 1304 1392 1374 Gregorius,
1446 1305 1756 1375 Longinus,
1813 1304 2119 1374 Narcissus,

491 1399 771 1469 Decasius,
824 1399 1110 1466 Leontius,
1164 1397 1484 1466 Heraclius,
1546 1397 1780 1469 Alipius,
1836 1415 1868 1452 a
1917 1397 2122 1470 quibus

492 1493 709 1564 regulae
730 1493 961 1564 prolatae
987 1496 1120 1546 sunt
1146 1508 1274 1563 quae
1301 1491 1449 1545 infra
1476 1491 1700 1562 scriptae
1719 1495 1869 1546 sunt.

563 1588 688 1642 CAP.
735 1587 774 1641 I.
818 1585 1109 1656 Presbyter
1149 1585 1195 1638 si
1244 1601 1477 1641 uxorem
1517 1584 1764 1654 duxerit,
1806 1584 1876 1638 ab
1919 1583 2120 1639 ordine

467 1678 651 1733 ~illum
678 1677 888 1750 deponi
915 1677 1140 1732 debere.
1175 1677 1337 1742 Quod
1378 1678 1424 1733 si
1469 1678 1778 1733 fornicatus
1817 1677 2007 1744 fuerit,
2037 1678 2120 1731 vel

491 1771 829 1827 adulterium
859 1771 1226 1841 commiserit,
1256 1776 1413 1827 extra
1438 1772 1731 1828 ecclesiam
1759 1771 1927 1843 abjici
1961 1773 2017 1827 et
2048 1769 2122 1826 ad

490 1865 880 1938 paenitentiam
905 1866 1053 1921 inter
1070 1865 1244 1920 laicos
1271 1865 1454 1938 redigi
1481 1868 1725 1937 oportet.

565 1960 625 2014 II.
665 1959 882 2027 Mulier,
929 1960 976 2014 si
1016 1958 1237 2014 duobus
1282 1960 1543 2032 nupserit
1567 1959 1858 2026 fratribus,
1887 1958 2116 2030 abjicia-

2220 834 2372 890 rium
2399 832 2833 890 ecclesiasticum
2864 831 3089 888 admitti
3129 849 3248 887 non
3278 835 3480 903 potest.
3523 830 3684 896 Quod
3721 830 3768 884 si
3794 830 3856 884 in

2223 928 2492 984 clericatu
2508 928 2632 1000 jam
2658 926 2963 982 constituto
2982 943 3048 982 eo
3069 926 3424 995 adulteravit,
3453 926 3582 980 dato
3612 923 3855 996 repudio

2222 1021 2507 1077 dimittere
2528 1037 2655 1076 eam
2684 1020 2871 1076 debet.
2913 1019 2967 1075 Si
3008 1036 3143 1074 vero
3181 1019 3427 1074 retinere
3468 1018 3591 1090 ejus
3620 1033 3857 1072 consor-

2223 1114 2368 1170 tium
2423 1115 2578 1184 velit,
2631 1129 2746 1168 non
2798 1116 2985 1185 potest
3039 1117 3300 1184 suscepto
3347 1111 3664 1168 ministerio
3717 1126 3853 1183 per-

2223 1208 2354 1264 frui.

2293 1303 2376 1358 lX.
2437 1300 2541 1366 Qui
2598 1300 2892 1356 admiserit
2955 1301 3244 1372 corporale
3296 1303 3593 1373 peccatum
3653 1303 3709 1354 et
3760 1299 3858 1354 hic

2221 1401 2418 1467 postea
2455 1395 2748 1466 presbyter
2790 1393 3082 1450 ordinatus
3126 1397 3228 1461 est,
3271 1393 3317 1447 si
3365 1393 3650 1449 confessus
3680 1391 3860 1447 fuerit

2221 1489 2375 1562 quod
2413 1493 2545 1543 ante
2589 1488 3001 1544 ordinationem
3028 1504 3190 1542 suam
3221 1486 3556 1559 peccaverit,
3583 1503 3700 1541 non
3723 1485 3853 1558 qui-

2221 1583 2353 1638 dem
2381 1581 2599 1651 oﬂ'erat,
2634 1587 2864 1636 maneat
2895 1585 3088 1636 autem
3130 1581 3188 1635 in
3235 1581 3357 1635 aliis
3386 1581 3587 1636 ofﬁciis
3614 1583 3858 1652 propter

2223 1677 2344 1748 ejus
2377 1675 2547 1730 studii
2575 1675 2900 1730 utilitatem.
2951 1676 3089 1729 Nam
3118 1678 3320 1730 caetera
3347 1677 3581 1746 peccata
3609 1691 3853 1729 censue-

2222 1773 2358 1824 runt
2390 1768 2622 1841 plurimi
2662 1768 2830 1824 etiam
2859 1768 3212 1824 ordinatione
3250 1768 3478 1840 privari.
3513 1768 3676 1832 Quod
3705 1769 3750 1822 si
3781 1768 3856 1823 de

2220 1863 2311 1919 his
2359 1880 2471 1918 non
2513 1861 2686 1918 fuerit
2730 1862 3036 1931 confessus,
3078 1879 3184 1917 nec
3233 1863 3303 1916 ab
3344 1862 3629 1933 aliquibus
3661 1864 3858 1933 potest

2220 1957 2516 2012 manifeste
2567 1956 2842 2025 convinci,
2901 1956 3033 2011 huic
3075 1955 3180 2028 ipsi
3237 1956 3308 2011 de
3361 1972 3419 2010 se
3473 1960 3717 2028 potestas
3766 1961 3857 2012 est

489 2058 584 2108 tur
612 2069 788 2125 usque
824 2052 897 2108 ad
925 2052 1079 2107 diem
1105 2052 1326 2107 mortis.
1362 2027 1496 2122 Sed,
1528 2057 1764 2125 propter
1791 2027 2117 2107 humanita-
2138 2027 2195 2099 B
2219 2050 2651 2108 committenda.

487 2151 603 2202 tem
630 2147 690 2202 in
717 2146 982 2202 extremis
1010 2147 1121 2201 suis
1163 2147 1532 2201 sacramentis
1561 2146 1917 2202 reconciliari
1947 2162 2114 2218 opor-

488 2243 589 2310 tet,
622 2239 700 2294 ita
731 2243 917 2296 tamen
966 2243 1028 2295 ut
1070 2240 1116 2294 si
1154 2239 1300 2295 forte
1339 2240 1642 2295 sanitatem
1681 2240 2114 2311 recuperaverit,

486 2333 856 2389 matrimonio
918 2333 1102 2388 soluto
1174 2333 1245 2388 ad
1318 2333 1706 2404 paenitentiam
1765 2333 2114 2389 admittatur.

485 2427 640 2491 Quod
667 2426 712 2482 si
742 2426 1009 2482 defuncta
1056 2427 1230 2481 fuerit
1270 2427 1478 2481 mulier
1514 2427 1573 2480 in
1618 2427 1945 2498 hujusmodi
1984 2443 2113 2481 con-

485 2519 655 2576 sortio
713 2520 1033 2590 constituta,
1091 2519 1336 2575 difﬁcilis
1386 2521 1494 2575 erit
1538 2520 1869 2591 poenitentia
1924 2537 2115 2575 rema-

483 2614 661 2683 nenti,
685 2631 811 2686 quae
829 2613 1113 2670 sententia
1127 2616 1245 2669 tam
1262 2613 1411 2668 viros
1428 2630 1597 2686 quam
1621 2613 1888 2668 mulieres
1919 2619 2115 2670 tenere

483 2707 675 2764 debet.

556 2802 646 2857 Ill.
679 2801 757 2856 De
796 2801 884 2854 his
929 2800 1028 2872 qui
1072 2801 1399 2872 frequenter
1440 2816 1638 2856 uxores
1681 2800 1912 2868 ducunt,
1948 2804 2002 2856 et
2047 2801 2116 2856 de

484 2894 569 2949 his
595 2892 693 2966 qui
723 2893 927 2965 sapius
953 2893 1197 2961 nubunt,
1219 2897 1446 2964 tempus
1473 2893 1706 2965 quidem
1732 2893 1820 2948 his
1850 2895 2117 2949 constitu-

483 2991 608 3042 tum
633 2987 1001 3042 manifestum
1033 2991 1136 3054 est,
1163 2987 1261 3043 sed
1285 2987 1639 3043 conversatio
1669 2990 1727 3042 et
1752 2987 1892 3043 fides
1917 3004 2114 3044 eorum

483 3085 710 3152 tempus
737 3080 1049 3136 abbreviat.

553 3175 638 3229 1V.
671 3173 724 3230 Si
772 3173 918 3246 quis,
971 3173 1269 3246 concupita
1315 3173 1576 3244 muliere,
1624 3175 1795 3230 etiam
1839 3175 1885 3230 si
1915 3193 2116 3232 concu-

478 3268 632 3323 bitus
660 3268 781 3340 ejus
819 3267 1168 3324 desiderium
1196 3267 1385 3337 habet,
1422 3284 1539 3323 non
1569 3272 1758 3323 autem
1803 3270 2109 3341 subsequa-

2288 2145 2348 2199 X.
2379 2143 2653 2200 Similiter
2694 2149 2750 2200 et
2790 2144 3063 2200 diaconus
3103 2143 3150 2198 si
3193 2143 3252 2198 in
3291 2143 3499 2199 eodem
3528 2143 3706 2215 culpas
3749 2160 3851 2214 ge-

2217 2238 2371 2293 mine
2432 2237 2605 2294 fuerit
2666 2237 2986 2306 involutus,
3053 2253 3173 2293 sese
3222 2254 3256 2291 a
3310 2236 3625 2292 ministerio
3689 2237 3849 2292 cohi-

2215 2313 2462 2428 hem]

2289 2427 2373 2481 XI.
2405 2425 2705 2497 Presbyter
2732 2429 2864 2481 ante
2897 2425 3130 2498 triginta
3164 2442 3448 2481 annorum
3478 2428 3705 2481 mtatem
3732 2441 3851 2481 non

2216 2519 2532 2587 ordinetur,
2577 2519 2836 2590 quamvis
2876 2519 2948 2574 sit
2988 2519 3302 2592 probabilis
3342 2519 3492 2588 vitae,
3537 2521 3633 2574 sed
3661 2520 3853 2575 obser-

2214 2616 2379 2668 vetur
2407 2629 2588 2684 usque
2617 2613 2687 2668 ad
2712 2613 3060 2685 praefinitum
3085 2618 3337 2685 tempus;
3370 2613 3646 2668 Dominus
3688 2613 3850 2669 enim

2214 2704 2512 2777 trigesimo
2544 2723 2693 2760 anno
2721 2705 3039 2778 baptizatus
3067 2709 3152 2762 est
3180 2709 3236 2761 et
3260 2711 3394 2762 tunc
3423 2707 3771 2778 praedicavit.

2287 2800 2395 2854 XII.
2417 2799 2473 2855 Si
2493 2799 2640 2871 quis,
2664 2799 2723 2854 in
2744 2800 3085 2871 aegritudine
3113 2800 3467 2868 constitutus,
3486 2800 3853 2872 fueritbapti-

2216 2896 2391 2964 zatus,
2420 2893 2718 2965 presbyter
2744 2893 2995 2948 ordinari
3021 2911 3139 2948 non
3170 2894 3360 2948 debet.
3383 2894 3504 2949 Non
3528 2893 3678 2949 enim
3704 2893 3851 2949 ﬁdes

2213 2987 2366 3042 illius
2407 2986 2747 3055 voluntaria,
2795 2987 2892 3043 sed
2927 3005 2997 3042 ex
3039 2987 3374 3043 necessitate
3417 2991 3520 3058 est,
3550 2987 3658 3042 nisi
3695 2987 3848 3043 forte

2213 3085 2408 3152 postea
2445 3079 2619 3152 ipsius
2659 3080 2907 3136 studium
2939 3085 2994 3137 et
3015 3081 3154 3137 ﬁdes
3189 3080 3494 3153 probabilis
3529 3081 3719 3150 fuerit,
3748 3085 3850 3137 aut

2213 3173 2518 3229 hominum
2542 3174 2743 3229 raritas
2774 3179 2958 3245 cogat.

2280 3267 2410 3323 XIII.
2450 3267 2773 3339 Presbyteri
2818 3269 2916 3339 qui
2965 3267 3397 3339 conregionales
3430 3284 3548 3323 non
3592 3273 3744 3339 sunt,
3784 3268 3848 3324 in

479 3366 572 3417 tur
592 3361 841 3430 effectus,
867 3361 1233 3418 manifestum
1260 3365 1345 3417 est
1370 3363 1520 3418 hunc
1540 3361 1712 3418 fuisse
1732 3380 1835 3434 per
1860 3363 2108 3419 divinam
2133 3394 2187 3467 Ο
2215 3359 2449 3415 ecclesia
2485 3360 2860 3432 praesentibus
2907 3361 3184 3434 episcopis
3233 3363 3318 3417 vel
3377 3361 3723 3434 presbyteris
3773 3363 3848 3418 ci-

481 3455 720 3528 gratiam
743 3454 1069 3511 liberatum.

549 3551 609 3604 V.
649 3550 1120 3617 Catechumenus,
1156 3549 1214 3605 id
1245 3554 1328 3606 est
1355 3550 1616 3620 audiens,
1647 3551 1744 3622 qui
1786 3551 2110 3622 ingreditur

475 3644 533 3698 in
568 3643 878 3710 ecclesiam,
913 3648 970 3698 et
1011 3646 1123 3698 stat
1162 3660 1293 3698 cum
1333 3643 1773 3711 catechumenis,
1808 3644 1852 3697 si
1878 3661 2111 3715 peccare

476 3736 649 3791 fuerit
666 3736 814 3790 visus
834 3735 1016 3807 ﬁgens
1037 3753 1240 3807 genua,
1267 3736 1460 3790 audiat
1479 3736 1739 3803 verbum,
1773 3739 1833 3790 ut
1858 3753 1913 3790 se
1940 3738 2107 3792 absti-

478 3834 614 3884 neat
638 3829 709 3883 ab
739 3829 834 3883 illo
867 3831 1096 3900 peccato
1118 3828 1272 3899 quod
1299 3827 1451 3883 fecit.
1479 3829 1641 3894 Quod
1668 3829 1717 3882 si
1739 3828 1796 3883 in
1825 3845 1889 3883 eo
1909 3831 2111 3900 perdu-

479 3925 569 3976 rat
596 3920 762 3993 abjici
793 3921 1026 3976 omnino
1061 3921 1287 3977 debere.

551 4015 637 4070 VI.
672 4015 750 4069 De
793 4014 1242 4086 praegnantibus,
1279 4015 1432 4085 quod
1475 4018 1696 4086 oportet
1720 4031 1815 4069 eas
1839 4015 2110 4087 baptizari

477 4108 703 4181 quando
761 4109 990 4177 volunt,
1061 4107 1203 4161 nihil
1273 4108 1424 4162 enim
1475 4108 1532 4162 in
1590 4109 1697 4162 hoc
1753 4114 2107 4166 sacramento

478 4217 784 4256 commune
827 4203 910 4255 est
953 4199 1221 4272 pariturae
1272 4204 1329 4255 et
1383 4201 1463 4255 illi
1510 4201 1608 4272 qui
1661 4201 1731 4256 de
1785 4203 1906 4273 ejus
1951 4208 2108 4259 utero

476 4294 650 4349 fuerit
677 4294 879 4360 editus,
911 4293 1046 4364 quia
1077 4293 1518 4366 uniuscujusque
1546 4294 1604 4350 in
1633 4295 1726 4351 illa
1755 4297 2105 4353 confessione

478 4387 710 4442 libertas
735 4362 951 4441 arbitrii
983 4362 1379 4536 declaratur:

548 4481 659 4536 VII.
691 4481 1087 4536 Presbvterum
1113 4480 1328 4534 convivi

548 4481 659 4536 VII.
691 4481 1087 4552 Presbyterum
1113 4480 1373 4536 convivio'
1387 4481 1746 4538 saecularium
1773 4484 2105 4556 nuptiarum

474 4574 748 4630 interesse
781 4591 897 4629 non
935 4573 1164 4641 debere,
1192 4573 1434 4630 maxime
1463 4592 1591 4630 cum
1619 4576 1988 4649 praecipiatur
2014 4595 2101 4633 se-

473 4668 668 4724 cundis
708 4667 919 4738 nuptiis
960 4667 1354 4738 paenitentiam
1379 4668 1651 4737 tribuere,
1680 4670 1806 4743 quis
1837 4670 1944 4726 erit
1971 4687 2100 4740 pre-

473 4762 663 4833 sbyter
727 4762 824 4833 qui
895 4766 1126 4832 propter
1197 4761 1514 4817 convivium
1595 4763 1702 4818 illis
1786 4763 2106 4820 consentiat

471 4854 705 4925 nuptiis.

2211 3454 2398 3509 vitatis
2427 3454 2629 3510 oﬂ‘erre
2670 3472 2783 3509 non
2802 3459 3060 3526 possunt,
3090 3472 3192 3511 nec
3229 3456 3366 3511 dare
3400 3473 3608 3528 panem
3638 3457 3849 3511 sancti-

2209 3546 2460 3616 ﬁcatum,
2507 3565 2615 3603 nec
2658 3547 2891 3603 calicem
2924 3548 3236 3620 porrigere.
3285 3551 3441 3614 Quod
3488 3550 3534 3604 si
3581 3550 3847 3605 absentes

2212 3645 2346 3695 sunt
2374 3641 2612 3697 civitatis
2656 3642 2996 3711 sacerdotes,
3025 3645 3082 3697 et
3108 3643 3320 3698 fuerint
3345 3643 3564 3698 invitati
3594 3644 3666 3699 ad
3698 3643 3843 3698 dan-

2211 3734 2344 3790 dam
2386 3735 2727 3804 orationem,
2758 3735 2862 3790 soli
2889 3735 3181 3791 debebunt
3221 3736 3374 3794 dare.
3415 3736 3618 3792 Vicarii
3647 3740 3845 3793 autem

2210 3827 2604 3901 episcoporum
2646 3829 2803 3901 (quos
2846 3829 3021 3885 Graaci
3050 3829 3412 3902 coepiscopos
3457 3832 3675 3902 vocant)
3703 3849 3842 3886 con-

2209 3921 2386 3977 stituti
2417 3926 2548 3977 sunt
2572 3923 2801 3994 quidem
2830 3923 2902 3978 ad
2930 3924 3250 3996 exemplum
3273 3924 3635 3995 septuaginta
3661 3925 3844 3980 senio-

2208 4032 2357 4070 rum.
2388 4016 2498 4071 Sed
2541 4018 2811 4088 tanquam
2857 4018 3282 4073 consacerdotes
3311 4022 3541 4090 propter
3578 4019 3847 4074 sollicitu-

2208 4109 2401 4165 dinem
2429 4113 2485 4166 et
2514 4110 2767 4165 studium
2795 4111 2945 4182 quod
2966 4111 3022 4166 in
3052 4129 3333 4184 pauperes
3359 4114 3556 4182 agunt,
3576 4111 3841 4182 offerant,

2208 4208 2264 4260 et
2294 4204 2653 4258 honorabiles
2684 4205 3020 4261 habeantur.

2277 4298 2406 4352 XIV.
2437 4297 2662 4351 Diaconi
2689 4303 2906 4370 septem
2935 4315 3056 4353 esse
3085 4299 3295 4354 debent
3325 4300 3635 4354 secundum
3665 4316 3840 4371 regu-

2205 4391 2339 4460 lam,
2363 4390 2623 4461 quamvis
2644 4407 2854 4463 magna
2871 4392 2941 4448 sit
2967 4392 3179 4460 civitas,
3203 4395 3415 4464 regulae
3439 4397 3633 4448 tamen
3651 4398 3842 4450 aucto-

2206 4484 2340 4538 ritas
2381 4483 2489 4538 ista
2536 4487 2640 4551 est,
2685 4485 2840 4556 quod
2880 4489 2935 4539 et
2964 4486 3108 4542 liber
3147 4491 3404 4542 actorum
3453 4489 3840 4558 apostolorum

2204 4575 2474 4630 insinuat.

2275 4668 2513 4740 Explicit
2536 4671 2840 4727 concilium
2862 4673 3328 4743 Neocaesariense,
3361 4675 3509 4746 quod
3533 4675 3658 4742 fuit,
3674 4677 3839 4730 Anno

2205 4763 2436 4818 Domini
2458 4766 2561 4820 314
2586 4764 2644 4820 in
2675 4767 2858 4821 Ponto
2883 4767 3303 4823 Polemoniaco.

1266 5108 1664 5175 INCIPIUNT
1707 5109 2096 5174 CAPITULA
2141 5068 2639 5177 GANGBENSIS
2685 5113 3042 5178 CONCILII.

545 5242 592 5293 t.
623 5241 703 5293 De
735 5240 824 5293 his
850 5242 949 5311 qui
971 5243 1198 5314 nuptias
1228 5244 1524 5300 damnant.

539 5336 590 5386 2.
621 5333 698 5386 De
724 5332 814 5386 his
839 5333 937 5405 qui
959 5352 1160 5392 carnes
1191 5337 1598 5394 manducantes
1623 5339 1916 5394 damnant.

538 5430 588 5481 3.
621 5427 742 5480 Non
769 5426 972 5483 debere
1005 5446 1230 5486 servum
1263 5431 1556 5487 occasione
1587 5433 1876 5504 religionis
1916 5431 2092 5488 domi-

464 5537 605 5576 num
637 5525 1025 5577 contemnere.

535 5617 585 5670 4.
620 5619 695 5672 De
724 5615 1006 5675 oblatione
1032 5615 1351 5689 presbyteri
1382 5617 1692 5690 conjugati.

534 5713 584 5764 5.
612 5711 906 5766 Orationes
933 5709 1186 5766 ecclesiae
1216 5726 1332 5764 non
1363 5710 1566 5766 debere
1604 5713 1912 5771 contemni.

533 5803 582 5851 6.
608 5803 727 5855 Non
765 5803 974 5855 debere
1004 5804 1155 5856 extra
1193 5803 1487 5858 ecclesiam
1520 5807 1874 5876 congregari.

2115 5261 2175 5331 D
2265 5252 2320 5302 7.
2351 5248 2426 5303 De
2449 5247 2727 5304 fructibus
2752 5248 2812 5302 in
2838 5248 3131 5303 ecclesiam
3162 5254 3219 5304 et
3251 5267 3369 5305 non
3396 5250 3530 5306 alibi
3557 5252 3780 5309 dandis.

2267 5343 2321 5396 8.
2345 5342 2422 5395 De
2444 5341 2532 5395 his
2565 5358 2692 5412 quae
2724 5341 2784 5395 in
2810 5359 2946 5396 usus
2972 5360 3292 5414 pauperum
3313 5345 3703 5401 conferuntur.

2267 5437 2297 5487 9
2325 5433 2647 5504 Virginitati
2673 5435 2998 5491 studentem
3031 5454 3146 5491 non
3172 5437 3382 5493 debere
3416 5439 3644 5511 nuptias
3669 5457 3832 5497 exse-

2196 5528 2365 5582 crari.

2269 5623 2353 5675 lO.
2383 5621 2459 5675 De
2485 5619 2572 5674 his
2601 5619 2697 5692 qui
2728 5637 2829 5692 pro
2855 5621 3182 5693 virginitate
3210 5627 3564 5697 superbiunt.

2268 5717 2352 5769 Η.
2382 5717 2631 5786 Agapem
2655 5715 2899 5770 fratrum
2925 5734 3041 5773 non
3066 5717 3276 5775 debere
3299 5721 3606 5776 contemni.

2268 5810 2352 5862 12.
2386 5807 2459 5860 De
2488 5808 2907 5864 continentibus
2939 5813 2996 5864 et
3025 5829 3123 5866 usu
3157 5815 3500 5884 passionum.
