4058 6316
242 369 342 419 269

1481 366 1946 424 DECRETALIUM
1983 367 2370 424 COLLECTIO.

3504 376 3607 426 270

316 480 401 531 13.
436 477 561 531 Non
589 475 802 530 debere
830 475 1132 531 mulierem
1160 475 1524 532 continentiae
1553 492 1725 533 causa
1746 477 1876 533 viri-
1895 493 1954 566 Α
2047 481 2133 535 16.
2179 481 2259 535 Ne
2302 479 2404 533 filii
2467 477 2759 533 occasione
2824 477 3120 549 religionis
3165 482 3424 550 parentes
3475 474 3604 539 suos

239 570 353 624 lem
385 569 647 624 habitum
674 585 972 640 usurpare.

314 663 402 716 14.
436 663 558 717 Non
607 661 820 718 debere
866 661 1348 719 condemnantem
1395 663 1623 736 nuptias
1677 682 1711 721 a
1754 665 1874 721 viro

237 755 552 811 discedere.

315 853 401 904 15.
430 851 555 905 Νοι)
583 849 794 905 debere
827 865 1180 924 quamquam
1209 849 1575 908 continentiae
1602 867 1770 908 causa
1804 851 1870 908 ﬁ-

235 943 344 998 lios
374 959 507 998 suos
531 943 848 1014 negligere.

1976 570 2311 644 despiciant.

2048 669 2132 720 17.
2165 665 2349 735 Caput
2376 664 2613 719 tondere
2637 663 2863 720 mulieri
2891 680 3009 720 non
3039 664 3234 721 licere.

2047 760 2131 813 18.
2162 759 2284 813 Non
2311 757 2518 812 debere
2547 755 2638 812 die
2666 756 2966 812 Dominico
2989 758 3273 830 jejunare.

2047 854 2133 906 19.
2162 851 2284 906 Non
2318 851 2490 907 licere
2515 850 2842 906 communia
2861 851 3087 923 jejunia
3111 852 3350 909 solvere.

2041 948 2130 1006 20.
2165 944 2724 1004 Communicandum
2748 944 2807 1002 in
2837 945 3081 1002 basilicis
3111 950 3446 1019 martyrum.

1101 1201 1452 1273 INCIPIT
1537 1203 2065 1278 CONCILIUM
2152 1204 2751 1276 GANGRENSE.

1366 1341 1550 1414 (Anno
1577 1343 1806 1399 Domini
1834 1347 1933 1400 333
1956 1345 2016 1399 in
2045 1343 2478 1417 Paphlagonia.)

309 1485 562 1542 Dominis
587 1485 1017 1542 honorabilibus
1040 1487 1558 1558 consacerdotibus,
1580 1489 1641 1544 in
1669 1491 1870 1546 Arme-

236 1579 333 1634 nia
363 1579 686 1635 constitutis
711 1579 1010 1652 episcopis.
1039 1581 1334 1651 Eusebius,
1355 1583 1570 1654 Alpius,
1599 1577 1870 1653 Philetus,

236 1673 504 1741 Eulalius,
562 1675 824 1746 Pappus,
884 1674 1117 1730 Basilius
1141 1717 1154 1742 ,
1203 1675 1534 1743 Bithinicus,
1589 1678 1869 1748 Heratius,

233 1766 471 1838 Ipatius,
497 1768 718 1835 Bassus,
746 1767 1054 1838 Eugenius,
1079 1769 1407 1840 Gregorius,
1437 1769 1683 1838 Elianus,
1706 1773 1870 1826 Pres-

1972 1489 2317 1545 conveniunt
2345 1493 2404 1544 et
2432 1492 2796 1545 sacramenta
2822 1488 3132 1545 conﬁciunt
3162 1490 3599 1561 reprehendere.

1969 1583 2178 1638 Divites
2201 1583 2416 1651 fideles,
2434 1583 2531 1655 qui
2559 1599 2672 1638 non
2691 1583 2961 1638 omnibus
2974 1583 3310 1638 renuntiant
3337 1599 3463 1655 quae
3483 1601 3605 1655 pos-

1971 1676 2159 1732 sident
2189 1693 2352 1749 spem
2389 1677 2545 1748 apud
2583 1677 2892 1732 Dominum
2920 1693 3038 1732 non
3062 1677 3294 1732 habere.
3328 1678 3396 1733 Et
3423 1679 3606 1733 multa

1969 1769 2081 1824 alia
2107 1786 2234 1841 qua:
2260 1786 2596 1826 enumerare
2622 1770 2762 1825 nulli
2787 1769 3051 1842 possibile
3075 1775 3160 1825 est
3179 1770 3433 1842 singulos
3457 1787 3603 1842 quo-

235 1859 376 1927 sius,
410 1859 721 1929 Eugenius,
755 1860 854 1932 qui
877 1867 1267 1918 convenerunt
1290 1863 1350 1918 in
1377 1864 1702 1934 Gangrense
1732 1881 1869 1920 con-
1891 1848 1946 1921 Β
1971 1879 2081 1935 que
2101 1879 2304 1919 eorum
2333 1880 2438 1935 pro
2464 1881 2568 1920 suo
2588 1864 2822 1920 arbitrio
2838 1863 3201 1931 constituere,
3216 1865 3604 1936 unusquisque

234 1952 434 2007 cilium
461 1952 520 2007 in
548 1953 792 2008 Domino
826 1954 1086 2010 salutem.

308 2046 592 2111 Quoniam
637 2048 984 2104 conveniens
1032 2053 1228 2106 sancta
1281 2051 1528 2122 synodus
1576 2051 1867 2124 episcopo-

234 2156 392 2210 rum,
439 2140 500 2196 in
548 2140 854 2197 Ecclesiam
898 2142 1288 2215 Gangrensem
1324 2150 1558 2217 propter
1594 2146 1868 2217 quasdam

234 2232 634 2288 ecclesiasticas
679 2238 737 2290 et
775 2236 1117 2291 necessarias
1159 2254 1356 2292 causas
1391 2238 1780 2310 inquirendas,
1814 2243 1870 2295 et

234 2343 304 2381 ea
351 2343 480 2398 quia
523 2328 870 2384 secundum.
885 2330 1247 2386 Eustachium
1295 2336 1454 2402 gesta
1493 2336 1626 2388 sunt
1663 2331 1866 2404 digno-

233 2421 449 2476 scenda
499 2420 718 2478 invenit
746 2423 927 2478 multa
977 2422 1100 2479 ﬁeri
1149 2424 1478 2480 indecenter
1525 2425 1596 2480 ab
1639 2425 1726 2481 his
1771 2427 1870 2498 qui

232 2515 505 2570 eumdem
532 2515 903 2572 Eustachium
947 2517 1123 2573 secuti
1148 2521 1299 2586 sunt,
1331 2519 1646 2574 necessario
1673 2519 1871 2576 statuit

229 2609 422 2680 palam
469 2609 734 2666 omnibus
779 2610 944 2666 factis
985 2617 1285 2684 amputare
1333 2612 1598 2668 universa
1636 2630 1762 2686 qua:
1795 2615 1867 2670 ab

231 2702 440 2759 eodem
465 2703 614 2759 male
638 2704 937 2760 commissa
966 2709 1117 2761 sunt.

301 2797 664 2852 Declaratum
677 2801 763 2852 est
775 2798 928 2853 enim
944 2799 1049 2854 hos
1067 2799 1300 2854 eosdem
1327 2800 1557 2872 nuptias
1583 2817 1865 2872 accusare,

231 2893 290 2945 et
307 2889 512 2946 docere
529 2891 680 2962 quod
705 2891 892 2946 nullus
905 2891 963 2947 in
976 2893 1097 2963 conj
1109 2893 1260 2964 ugali
1274 2893 1486 2964 positus
1505 2895 1688 2964 gradu
1705 2911 1866 2966 spem

231 2983 480 3039 habebat
489 2985 639 3055 apud
651 2985 851 3054 Deum,
875 2985 1025 3040 unde
1039 2987 1252 3041 factum
1269 2989 1352 3041 est
1367 2988 1864 3044 utmulieresmul-

229 3078 800 3145 taaseductae,relictis
813 3079 1055 3150 pr0priis
1066 3079 1690 3150 viris,etviri,uxoribus
1701 3082 1868 3138 desti-

230 3171 384 3237 tutis,
403 3171 697 3226 vinculum
714 3170 839 3244 63
853 3174 975 3244 conj
987 3175 1148 3243 ugale
1166 3174 1558 3243 dissolverent,
1574 3175 1866 3232 continen-

231 3265 368 3320 tiam
382 3264 910 3337 proﬁtentes,quam
925 3284 1052 3321 cum
1066 3268 1311 3324 retinere
1325 3285 1440 3324 non
1452 3270 1862 3340 possent,adul-

233 3357 440 3414 terium
459 3359 885 3415 commiserunt.
904 3361 1123 3416 Inventi
1151 3362 1304 3417 enim
1329 3367 1461 3418 sunt
1490 3363 1866 3420 dissensiones

230 3468 295 3506 ac
308 3452 692 3523 separationes
705 3452 762 3508 in
776 3453 1083 3508 Dominicis
1095 3455 1342 3510 ecclesiis
1355 3456 1580 3525 docere,
1590 3457 1641 3512 id
1658 3461 1743 3511 est
1755 3460 1866 3512 tra-

231 3545 480 3601 ditiones
506 3545 933 3614 ecclesiasticas,
949 3549 1007 3602 et
1025 3564 1090 3603 ca
1114 3563 1242 3620 quas
1267 3548 1326 3602 in
1349 3549 1594 3604 ecclesiis
1614 3553 1866 3621 aguntur

230 3639 444 3695 debere
469 3641 781 3710 contemni,
805 3641 1150 3713 privatisque
1171 3643 1578 3698 conventiculis
1593 3643 1864 3698 institutis

230 3739 402 3804 atque
430 3733 504 3788 ad
530 3733 908 3789 imitationem
931 3751 1129 3792 eorum
1151 3753 1278 3807 quae
1299 3737 1357 3790 in
1377 3737 1550 3792 domo
1568 3737 1666 3792 Dei
1682 3754 1860 3808 agun-

227 3832 321 3881 tur
348 3827 548 3883 omnia
571 3843 916 3898 praesumere
938 3828 1242 3884 celebrare.
1271 3830 1467 3885 Adhuc
1493 3831 1666 3886 etiam
1692 3831 1862 3887 vesti-

227 3920 332 3977 bus
361 3921 762 3994 communjbus
805 3922 1009 3994 spretis
1057 3939 1234 3978 novos
1265 3927 1322 3978 et
1348 3923 1602 3978 insolitos
1639 3925 1864 3981 habitus

227 3921 332 3977 bus
361 3921 762 4103 commu7'bus
805 3922 1009 3994 spretis
1057 3939 1234 3978 novos
1265 3927 1322 3978 et
1348 3923 1602 3978 insolitos
1639 3925 1859 3981 habitus

227 4014 597 4086 assumpsisse
645 4015 926 4071 Primitias
955 4033 1182 4088 quoque
1223 4018 1510 4072 fructuum
1540 4022 1596 4072 et
1621 4019 1859 4073 oblatio-

229 4125 326 4163 nes
353 4125 561 4164 eorum
589 4125 728 4181 quas
763 4112 1022 4165 veterum
1057 4110 1336 4165 institutio
1363 4111 1608 4167 ccclesiis
1641 4112 1859 4182 tribuit,

224 4201 459 4258 sibimet
485 4201 816 4270 vindicasse,
846 4203 903 4258 id
932 4207 1016 4258 est
1042 4204 1275 4274 propria
1304 4205 1523 4260 ratione
1567 4205 1859 4274 doctrinae,

224 4299 510 4366 tanquam
541 4295 750 4351 sanctis
788 4296 898 4351 sibi
926 4312 1020 4352 eas
1057 4297 1248 4352 oﬁ‘erri
1275 4297 1501 4368 debere,
1544 4299 1693 4370 apud
1721 4315 1778 4353 se
1808 4303 1864 4354 et

225 4389 376 4444 inter
400 4405 462 4444 se
493 4389 919 4460 dispensandas,
954 4407 1140 4446 servos
1172 4408 1205 4445 a
1234 4391 1478 4446 dominis
1505 4393 1858 4462 recedentes,

1886 3217 1940 3293 C

1969 1957 2122 2014 enim
2145 1973 2345 2012 eorum
2363 1974 2466 2029 per
2484 1958 2664 2013 talem
2684 1957 3100 2013 institutionem
3129 1957 3201 2012 ab
3229 1957 3604 2013 ecclesiastico

1969 2067 2184 2107 canone
2205 2052 2454 2120 recessit,
2474 2054 2748 2123 tanquam
2774 2051 3031 2123 proprias
3052 2052 3204 2122 leges
3233 2051 3459 2106 sibimet
3473 2067 3604 2106 con-

1971 2145 2175 2200 didisse
2202 2161 2573 2217 praesumens.
2603 2145 2709 2201 Sed
2740 2161 2844 2200 nec
2880 2144 3199 2200 communis
3223 2145 3311 2199 his
3336 2145 3604 2200 omnibus

1970 2242 2028 2292 et
2056 2255 2171 2292 una
2201 2239 2485 2294 sententia
2515 2243 2616 2294 est.
2649 2238 2866 2309 Singuli
2895 2238 3068 2308 enim,
3097 2241 3270 2310 prout
3295 2239 3519 2293 videtur
3547 2245 3604 2294 et

1967 2331 2128 2401 libet,
2143 2333 2556 2388 accusationem
2585 2332 2841 2387 Ecclesia:
2863 2331 3102 2388 nitendo
3127 2337 3398 2403 tanquam
3420 2335 3603 2387 rector

1967 2441 2084 2480 non
2111 2425 2201 2492 sit,
2235 2427 2320 2480 vel
2349 2426 2568 2480 addidit
2590 2426 2816 2480 decreta
2845 2426 2930 2480 vel
2964 2425 3191 2480 minuit.
3229 2427 3464 2496 Propter
3493 2426 3602 2480 hoc

1970 2535 2106 2589 ergo
2136 2523 2393 2574 coactum
2425 2521 2510 2572 est
2539 2519 2647 2574 hoc
2672 2517 2970 2572 concilium
2996 2518 3054 2572 in
3084 2518 3394 2588 Gangrensi
3421 2518 3604 2572 Eccle-

1967 2612 2050 2666 sia
2063 2611 2319 2666 habitum
2331 2627 2576 2666 canones
2590 2611 2727 2665 istos
2743 2626 3046 2682 exponere,
3061 2609 3268 2681 quibus
3283 2610 3600 2682 probantur

1967 2705 2264 2760 memorati
2281 2707 2442 2759 extra
2460 2704 2764 2760 Ecclesiam
2785 2720 2922 2759 esse.
2941 2703 3105 2768 Quod
3125 2704 3172 2758 si
3193 2720 3296 2775 per
3314 2703 3596 2775 poeniten-

1966 2798 2104 2854 tiam
2115 2798 2620 2854 condemnaverint
2631 2798 2826 2854 omnia
2837 2798 2960 2853 haec
2971 2814 3099 2870 quae
3112 2797 3263 2852 male
3279 2801 3598 2866 senserunt,

1964 2896 2240 2964 tanquam
2285 2910 2320 2948 a
2363 2908 2420 2948 se
2462 2908 2576 2947 non
2603 2893 2753 2948 bene
2781 2892 3000 2964 prolata
3036 2890 3410 2963 acceptabiles
3436 2891 3596 2959 ﬁant,

1966 2989 2136 3058 atque
2157 2986 2228 3042 ad
2257 3003 2352 3042 eos
2382 2985 2607 3057 singula
2632 3002 2760 3057 quae
2783 2985 2996 3040 debent
3020 2986 3422 3053 condemnare,
3437 3001 3600 3056 syno-

1966 3080 2071 3135 dus
2089 3080 2332 3135 credidit
2361 3081 2719 3151 exponenda.
2752 3079 2914 3144 Quod
2951 3079 2997 3133 si
3036 3077 3162 3151 quis
3191 3078 3444 3134 renuerit
3472 3080 3595 3133 haec

1965 3190 2094 3246 quae
2131 3173 2305 3228 hodie
2345 3175 2648 3229 constituta
2676 3177 2808 3229 sunt
2833 3176 3109 3244 tanquam
3137 3172 3438 3228 haereticus
3457 3189 3593 3227 ana-

1964 3267 2362 3322 thematizatus
2404 3272 2461 3322 et
2497 3267 2800 3322 damnatus
2844 3265 3159 3337 abjiciatur.
3207 3267 3275 3320 Et
3323 3265 3432 3321 erit
3477 3283 3594 3321 non

1965 3360 2152 3416 solum
2199 3360 2743 3430 excommunicatus,
2791 3375 2991 3414 verum
3036 3359 3211 3414 etiam
3252 3358 3322 3413 ab
3363 3359 3595 3414 ecclesia

1965 3453 2264 3524 abjiciatur
2284 3453 2544 3520 extorris,
2563 3453 2743 3507 donec
2773 3452 3108 3523 deprecetur
3124 3452 3435 3524 episcopos,
3451 3453 3593 3507 etde

1964 3546 2235 3601 universis
2280 3562 2410 3618 quae
2450 3561 2626 3617 penes
2655 3562 2753 3600 eos
2779 3545 3137 3616 deprehensa
3167 3549 3341 3616 atque
3370 3545 3593 3599 detecta

1962 3642 2112 3707 sunt,
2144 3639 2477 3711 providerit,
2507 3638 2646 3710 quid
2690 3639 2898 3693 horum
2936 3637 3244 3710 susceperit
3287 3638 3590 3694 observan-

1963 3733 2120 3787 dum.
2445 3780 2460 3798 ,

2033 3828 2158 3882 CAP.
2192 3827 2232 3880 l.
2271 3826 2328 3881 Si
2356 3825 2482 3897 quis
2508 3823 2732 3896 nuptias
2767 3823 2827 3878 in
2859 3823 3212 3880 accusatione
3249 3823 3493 3890 duxerit,
3535 3829 3594 3880 et

1963 3920 2261 3976 mulierem
2301 3919 2530 3974 ﬁdelem
2577 3935 2642 3974 ac
2680 3917 3002 3990 religiosam
3030 3933 3161 3972 cum
3186 3916 3305 3972 viro
3330 3934 3432 3973 suo
3457 3917 3589 3973 dor-

1963 4013 2239 4069 mientem
2266 4013 2712 4068 abominandam
2746 4011 3068 4082 crediderit,
3103 4011 3400 4067 autetiam
3434 4027 3593 4068 accu-

1962 4107 2199 4163 sandam
2228 4109 2498 4179 tanquam
2534 4123 2652 4161 non
2696 4122 2863 4177 posse
2903 4105 3232 4178 conjugatos
3258 4104 3316 4160 in
3342 4121 3589 4178 regnum

1963 4201 2063 4256 Dei
2092 4200 2335 4273 ingredi,
2365 4201 2670 4255 anathema
2691 4198 2782 4254 sit.

2033 4293 2096 4350 II.
2125 4293 2184 4350 Si
2209 4293 2335 4366 quis
2364 4309 2594 4349 carnem
2621 4293 3060 4350 manducantem
3085 4308 3152 4348 ex
3177 4292 3288 4349 ﬁde
3307 4309 3440 4349 cum
3461 4293 3591 4348 reli-

1963 4388 2134 4458 gione
2161 4391 2370 4458 praeter
2397 4386 2738 4458 sanguinem
2765 4389 2822 4441 et
2850 4387 3000 4442 idolo
3028 4386 3397 4442 immolatum
3415 4391 3472 4444 et
3484 4387 3598 4441 suf-

225 4500 330 4554 per
377 4483 534 4538 hunc
577 4483 909 4539 inusitatum
950 4484 1244 4556 religionis
1287 4502 1404 4540 suae
1443 4485 1725 4554 habitum,
1758 4486 1862 4541 sub
1959 4481 2215 4536 focatum
2248 4480 2572 4550 crediderit,
2608 4481 3104 4535 condemnandum
3133 4483 3406 4551 tanquam
3434 4497 3592 4551 spem

226 4576 412 4648 specie
430 4593 549 4631 suae
576 4577 867 4648 religionis
884 4578 1147 4633 dominos
1163 4579 1588 4651 contempsisse.
1605 4579 1862 4636 Mulieres
1880 4589 1940 4662 D
1961 4591 2076 4629 non
2106 4574 2412 4628 habentem
2437 4573 2589 4645 quod
2620 4590 2712 4628 eas
2741 4574 3066 4643 manducat,
3097 4573 3402 4628 anathema
3426 4574 3516 4628 sit.

227 4687 458 4743 quoque
488 4675 697 4742 praeter
725 4671 1220 4739 consuetudinem,
1267 4675 1325 4726 et
1354 4673 1440 4727 sui
1483 4690 1652 4728 sexus
1694 4690 1859 4728 orna-

227 4767 349 4819 tum
381 4763 516 4818 hinc
558 4780 616 4819 se
651 4763 986 4836 jnstiﬁcare,
1020 4765 1321 4820 credentes
1361 4765 1582 4819 virilem
1609 4767 1864 4821 habitum

227 4857 564 4930 suscepisse,
604 4858 914 4928 pluresque
958 4874 1154 4912 earum
1207 4858 1501 4913 occasione
1554 4857 1862 4929 religionis,

227 4954 426 5006 tonsas
476 4949 715 5022 genuini
755 4951 978 5006 decoris
1021 4967 1210 5008 comas
1253 4952 1481 5024 penitus
1520 4954 1861 5022 amputasse.

225 5043 446 5116 Jejunia
465 5060 594 5115 quae
615 5042 673 5098 in
693 5045 926 5099 ecclesia
946 5045 1261 5117 praedicant
1286 5045 1703 5101 contemnenda
1721 5062 1867 5100 asse-

225 5138 426 5193 ruisse.
459 5138 770 5193 Nonnullos
791 5138 965 5194 etiam
997 5138 1152 5194 cibos
1180 5140 1437 5195 carnium
1464 5145 1738 5212 tanquam
1760 5139 1867 5194 illi-

228 5232 370 5288 citos
397 5236 716 5304 reputasse,
753 5232 812 5287 in
854 5233 1116 5289 domibus
1144 5234 1578 5305 conjugatorum
1605 5251 1712 5289 nec
1737 5251 1863 5288 ora-

228 5326 413 5382 tiones
443 5325 680 5396 quidem
711 5325 917 5381 debere
953 5327 1225 5382 celebrari
1258 5328 1620 5399 persuasisse,
1655 5327 1714 5381 in
1738 5329 1865 5381 tan-

230 5424 352 5474 tum
382 5423 448 5474 ut
471 5419 701 5474 easdem
744 5418 868 5474 ﬁeri
913 5424 1123 5490 vetent,
1155 5425 1210 5476 et
1239 5419 1623 5477 oblationibus
1650 5437 1780 5492 quac
1809 5421 1869 5476 in

231 5512 496 5568 domibus
522 5513 688 5568 factae
707 5513 922 5569 fuerint
937 5513 1172 5569 minime
1187 5514 1722 5570 communicandum
1745 5530 1866 5569 esse

231 5606 561 5662 decernant.
591 5607 958 5680 Presbyteros
983 5623 1118 5662 vero
1145 5607 1241 5680 qui
1261 5608 1628 5664 matrimonia
1651 5611 1870 5663 contra-

231 5705 459 5768 xerunt,
497 5700 692 5772 sperni
737 5700 946 5756 debere
975 5701 1191 5772 dicunt,
1223 5718 1326 5756 nec
1364 5706 1716 5757 sacramenta
1742 5718 1871 5774 quae

231 5793 302 5847 ab
332 5793 412 5848 eis
449 5793 835 5849 conficiuntur
864 5793 1090 5867 attingi.
1116 5795 1266 5850 Loca
1304 5798 1630 5851 sanctorum
1654 5798 1870 5868 marty-

235 5902 362 5942 rum
419 5887 508 5943 vel
554 5886 817 5944 basilicas
860 5893 1248 5961 contemnere,
1291 5893 1348 5946 et
1396 5903 1594 5946 omnes
1617 5889 1714 5962 qui
1743 5889 1875 5946 illuc

2036 4670 2126 4724 III.
2159 4667 2214 4724 Si
2239 4666 2367 4739 quis
2403 4683 2630 4722 servum
2673 4667 2923 4722 alienum
2969 4666 3262 4722 occasione
3304 4666 3593 4739 religionis

1965 4762 2162 4817 doceat
2191 4761 2490 4816 dominum
2531 4777 2698 4815 suum
2743 4759 2949 4815 debere
2992 4762 3355 4814 contemnere
3385 4765 3442 4816 et
3475 4761 3596 4833 ejus

1965 4855 2347 4910 ministerium
2377 4855 2698 4923 destituere,
2731 4871 2794 4909 ac
2818 4853 3008 4926 potius
3038 4870 3153 4909 non
3195 4853 3452 4910 docuerit
3490 4867 3593 4910 suo

1965 4950 2199 5006 domino
2220 4949 2370 5005 bona
2393 4950 2506 5005 ﬁde
2535 4953 2593 5004 et
2617 4965 2747 5005 cum
2775 4948 2931 5004 omni
2952 4947 3390 5004 honoriﬁcentia
3410 4947 3599 5006 deser-

1964 5043 2102 5112 vire,
2132 5045 2436 5124 anathema
2465 5043 2558 5099 sit.

2038 5139 2124 5214 IY.
2171 5126 2226 5194 Si
2270 5138 2396 5210 quis
2447 5137 2720 5192 discernit
2758 5135 3155 5208 presbyterum
3194 5137 3595 5210 conjugatum,

1966 5223 2242 5303 tanquam
2260 5231 2549 5287 occasione
2573 5230 2906 5301 nuptiarum
2937 5230 3142 5286 offerre
3167 5246 3282 5286 non
3303 5231 3527 5301 debeat,
3545 5237 3603 5288 et

1969 5327 2040 5380 ab
2065 5326 2187 5397 ejus
2215 5325 2499 5380 oblatione
2523 5324 2652 5379 ideo
2678 5341 2739 5379 se
2766 5323 3066 5395 abstineat,
3081 5325 3384 5381 anathema
3415 5327 3503 5382 sit.

2040 5421 2101 5474 V.
2133 5419 2189 5475 Si
2223 5419 2348 5491 quis
2379 5419 2542 5474 docet
2569 5418 2804 5473 domum
2836 5418 2936 5473 Dei
2961 5419 3452 5491 contemptibilem
3480 5436 3598 5476 esse

1969 5512 2178 5568 debere
2201 5515 2258 5567 et
2269 5510 2740 5585 congregationes
2769 5528 2898 5586 quae
2919 5511 2978 5568 in
3008 5527 3076 5568 ea
3101 5513 3267 5582 ﬁunt,
3293 5513 3600 5569 anathema

1969 5605 2061 5661 sit.

2041 5699 2131 5755 Vl.
2154 5699 2209 5756 Si
2233 5699 2362 5773 quis
2404 5704 2563 5756 extra
2602 5700 2893 5757 ecclesiam
2922 5700 3186 5774 privatim
3213 5700 3447 5772 populos
3472 5714 3599 5752 con-

1976 5810 2240 5867 gregans,
2269 5797 2602 5850 contemnat
2638 5793 3038 5850 ecclesiasticas
3077 5792 3409 5861 sanctiones,
3439 5791 3603 5846 aliter

1976 5907 2046 5945 ea
2075 5905 2202 5963 qua!
2234 5890 2368 5944 sunt
2391 5889 2638 5945 ecclesiae
2664 5887 2900 5943 voluerit
2923 5901 3216 5956 usurpare,
3247 5901 3360 5940 non
3392 5902 3595 5942 conve-
