4058 6358
435 423 533 475 271

1333 413 1612 469 ΑΡΡΕΝΙ).
1653 412 1740 466 AD
1777 411 1938 467 SIEC.
1980 412 2068 466 IX.
2091 439 2158 450 -—-
2199 410 2441 467 ISIDORI
2479 409 2906 467 MERCATORIS

3691 411 3802 464 272

444 527 638 582 niente
666 523 1159 596 presbyterojuxta
1172 522 1462 578 decretum
1481 518 1745 591 episcopi,
1767 519 2066 595 ipsamque
2089 531 2149 607 Α
2167 519 2362 575 venire
2383 536 2603 575 comam
2623 519 2728 574 sibi
2749 515 3150 590 amputaverit,
3173 531 3350 588 quam
3375 515 3526 570 Deus
3549 513 3621 569 ad
3647 515 3733 570 vel
3743 533 3801 568 a-

441 619 734 676 ecclesiam
759 618 910 689 apud
956 634 1014 672 se
1061 617 1181 671 sine
1215 614 1449 670 consilio
1483 611 1732 685 episcopi
1773 628 1905 667 cum
1933 629 2065 684 pre-

441 714 666 784 sbytero
695 715 848 784 agat,
881 711 1189 767 anathema
1210 709 1301 764 sit.

510 809 620 864 VII.
669 806 725 863 Si
773 805 900 878 quis
951 803 1263 859 oblationes
1310 802 1599 857 fructuum
1647 800 1730 856 vel
1787 799 2069 872 primitias

442 900 688 957 ecclesiae
733 898 951 956 debitas
993 897 1234 953 voluerit
1282 899 1440 952 extra
1471 894 1777 970 ecclesiam
1811 893 2067 965 accipere

441 1000 540 1052 aut
567 995 722 1064 dare,
751 997 960 1064 praeter
977 990 1383 1048 conscientiam
1406 987 1679 1062 episc0pi,
1695 989 1779 1043 vel
1794 987 1892 1058 huj
1902 1004 1964 1041 us
1975 985 2068 1043 cui

441 1087 770 1160 hujusmodi
819 1085 1007 1141 officia
1061 1083 1360 1138 commissa
1412 1086 1564 1150 sunt,
1616 1086 1671 1137 et
1716 1097 1831 1138 non
1882 1080 2067 1154 magis

440 1199 572 1237 cum
608 1179 840 1236 consilio
885 1179 1141 1252 ejusdem
1183 1177 1306 1233 haec
1337 1176 1560 1248 agenda
1588 1174 1893 1248 putaverit,
1925 1190 2062 1229 ana-

440 1277 636 1331 thema
655 1275 744 1330 sit.

506 1370 640 1426 VIII.
671 1369 725 1424 Si
751 1368 878 1440 quis
897 1365 1118 1423 dederit
1151 1366 1242 1420 vel
1281 1364 1558 1437 acceperit
1594 1365 1885 1419 fructuum
1911 1362 2062 1417 obla-

440 1465 618 1520 tiones
662 1464 874 1535 praeter
916 1461 1260 1532 episcopum,
1294 1459 1381 1514 vel
1419 1475 1552 1513 eum
1588 1458 1686 1530 qui
1731 1457 2066 1512 constitutus

437 1561 523 1613 est
550 1556 619 1612 ab
651 1573 718 1612 eo
755 1555 826 1611 ad
855 1553 1296 1626 dispensandam
1325 1551 1772 1607 misericordiam
1799 1549 2062 1623 pauperi-

435 1652 560 1718 bus,
583 1649 679 1722 qui
707 1649 804 1705 dat
830 1651 886 1704 et
912 1647 1012 1720 qui
1039 1645 1260 1718 accipit,
1291 1645 1600 1700 anathema
1629 1644 1718 1700 sit.

504 1743 590 1798 IX.
621 1743 676 1798 Si
703 1741 829 1815 quis
858 1740 1244 1813 virginitatem
1270 1740 1355 1795 vel
1385 1738 1794 1794 continentiam
1840 1737 2062 1810 profes-

2167 630 2300 668 men
2329 615 2472 685 ejus,
2520 618 2578 668 et
2617 614 2688 668 ad
2731 611 3077 668 memoriam
3120 608 3484 681 subjectionis
3509 609 3591 663 illi
3617 609 3796 676 dedit,

2166 709 2439 778 tanquam
2467 707 2752 762 resolvens
2772 706 2868 777 jus
2894 703 3277 776 subjectionis,
3303 703 3604 759 anathema
3633 701 3722 757 sit.

2236 802 2414 857 XVIII.
2447 801 2503 856 Si
2533 801 2678 872 quis,
2713 803 2988 870 tanquam
3035 799 3142 854 hoc
3183 796 3484 852 convenire
3510 796 3799 867 judicans,

2167 894 2258 950 die
2285 893 2573 950 Dominico
2597 893 2948 965 jejunaverit
2991 892 3052 949 in
3095 890 3354 964 ejusdem
3397 889 3511 948 diei
3537 893 3798 946 contem-

2166 991 2352 1060 ptum,
2380 988 2686 1043 anathema
2707 970 2824 1080 sit.|

2236 1082 2366 1140 XIX.
2399 1082 2454 1137 Si
2480 1081 2605 1154 quis
2643 1077 2843 1137 eorum
2889 1080 2987 1154 qui
3028 1078 3322 1153 proposito
3354 1083 3487 1134 sunt
3509 1077 3801 1134 continen-

2165 1176 2260 1231 tiae
2299 1181 2505 1247 praeter
2550 1174 2948 1232 necessitatem
2993 1174 3347 1245 corporalem
3393 1172 3700 1244 superbiat,
3741 1175 3801 1227 et

2158 1269 2381 1341 jejunia
2405 1268 2730 1326 communia
2754 1269 2928 1325 totius
2950 1268 3208 1324 Ecclesiae
3234 1266 3518 1339 putaverit
3543 1271 3801 1322 contem-

2165 1361 2373 1431 nenda,
2394 1363 2702 1435 perfectam
2722 1362 2782 1418 in
2798 1379 2898 1418 sua
2924 1361 3160 1419 scientia
3183 1360 3472 1417 vindicans
3487 1361 3795 1430 rationem,

2166 1456 2471 1512 anathema
2498 1457 2590 1512 sit.

2234 1550 2340 1604 XX.
2373 1550 2434 1605 Si
2460 1549 2585 1622 quis
2614 1566 2720 1622 per
2744 1549 3073 1622 superbiam
3102 1553 3374 1621 tanquam
3402 1548 3720 1621 perfectum
3736 1565 3796 1603 se

2166 1643 2492 1699 existimans
2521 1648 2827 1700 conventus
2871 1643 2968 1715 qui
3011 1660 3114 1715 per
3158 1645 3282 1698 loca
3308 1646 3364 1698 et
3387 1641 3640 1698 basilicas
3665 1659 3795 1697 san-

2164 1740 2388 1793 ctorum
2434 1742 2754 1809 martyrum
2794 1738 2943 1793 ﬁunt
2969 1739 3058 1792 vel
3099 1737 3462 1804 accusaverit,
3494 1737 3583 1791 vel
3623 1737 3800 1791 etiam

436 1854 549 1905 sus,
581 1842 860 1907 tanquam
888 1833 1300 1889 abominabiles
1325 1833 1551 1904 nuptias
1593 1831 1830 1902 judicat,
1865 1835 1922 1886 et
1950 1847 2063 1885 non
2081 1901 2127 1907 _
2163 1831 2474 1886 oblationes
2503 1847 2633 1903 quas
2665 1830 2878 1886 ibidem
2907 1831 3268 1886 celebrantur
3305 1831 3649 1903 spernendas
3675 1846 3799 1886 esse

436 1901 674 2003 propter
701 1901 815 1984 hoc
850 1926 1035 1986 solum
1065 1927 1219 1999 quod
1249 1901 1615 1982 continentiae
1645 1928 1703 1980 et
1728 1923 2064 1996 virginitatis
2081 1901 2139 1973 B
2163 1925 2487 1994 crediderit,
2511 1901 2942 2003 memoriasque
2965 1931 3292 1982 sanctorum
3319 1901 3798 1995 contemnendas,

433 2023 645 2079 bonum
672 2024 927 2077 sanctum
952 2019 1303 2092 propositum
1329 2023 1431 2087 est,
1459 2019 1763 2074 anathema
1791 2017 1882 2072 sit.

505 2117 565 2172 Χ.
599 2116 660 2172 Si
707 2115 833 2188 quis
879 2116 1112 2186 propter
1155 2113 1466 2168 Dominum
1511 2111 1897 2183 virginitatem
1936 2127 2064 2182 pro-

428 2212 607 2266 fessus
630 2209 690 2265 in
715 2207 986 2280 conjugio
1014 2207 1224 2279 positos
1242 2221 1348 2279 per
1363 2206 1752 2277 arrogantiam
1776 2204 2062 2276 vitupera-

435 2304 594 2371 verit,
623 2301 924 2358 anathema
956 2301 1044 2356 sit.

504 2399 588 2454 ΧΙ.
621 2396 674 2453 Si
705 2395 832 2468 quis
858 2394 1305 2452 contemnendos
1332 2393 1559 2448 duxerit
1587 2408 1833 2464 agapem
1859 2391 2063 2447 facien-

431 2497 535 2559 tes,
579 2495 636 2546 et
672 2492 905 2563 propter
954 2489 1232 2543 honorem
1273 2487 1502 2542 Domini
1543 2486 1746 2542 fratres
1787 2495 2062 2558 pauperes

431 2588 801 2640 convocantes
850 2581 1096 2637 noluerit
1150 2580 1605 2647 communicare,
1673 2579 2062 2634 vocationibus

430 2693 630 2734 eorum
656 2681 930 2749 tanquam
955 2674 1116 2730 nihili
1146 2680 1203 2730 et
1225 2674 1374 2746 quod
1403 2675 1467 2728 ﬁt
1493 2673 1726 2741 ducens,
1761 2673 2061 2728 anathema

431 2772 520 2826 sit.

500 2865 608 2920 XII.
637 2864 693 2919 Si
720 2864 846 2935 quis
889 2864 1140 2917 virorum
1181 2861 1466 2932 putaverit
1507 2866 1697 2915 sancto
1750 2859 2057 2932 proposito,

430 2958 488 3012 id
501 2962 584 3012 est
598 2956 983 3023 continentiae,
999 2954 1306 3010 convenire
1319 2959 1379 3008 ut
1389 2953 1559 3025 pallio
1573 2957 1768 3008 utatur
1784 2957 2055 3025 tanquam

432 3068 499 3105 ex
531 3067 598 3106 eo
619 3049 897 3122 justitiam
921 3047 1242 3114 habiturus,
1267 3050 1323 3102 et
1346 3046 1728 3119 reprehendat
1746 3047 1831 3100 vel
1846 3047 2062 3118 judicet

429 3144 563 3199 alios
589 3144 684 3216 qui
712 3159 843 3199 cum
869 3141 1184 3198 reverentia
1223 3141 1392 3196 birris
1427 3143 1671 3195 utuntur
1696 3144 1752 3195 et
1775 3140 1882 3194 alia
1906 3145 2060 3196 veste

431 3237 721 3293 communi
748 3252 875 3308 quae
896 3237 955 3291 in
981 3252 1088 3290 usu
1116 3240 1221 3302 est,
1255 3234 1559 3290 anathema
1587 3233 1676 3288 sit.

501 3331 633 3387 XIII.
665 3330 720 3386 Si
749 3347 860 3402 qua
885 3329 1111 3397 mulier,
1152 3345 1254 3383 suo
1295 3327 1587 3400 proposito
1617 3329 1758 3382 utile
1795 3328 2060 3400 judicans

427 3429 489 3479 ut
512 3423 660 3479 virili
690 3427 843 3479 veste
871 3427 1078 3492 utatur,
1109 3423 1180 3478 ad
1210 3423 1315 3477 hoc
1342 3425 1404 3475 ut
1431 3421 1486 3475 in
1514 3421 1618 3476 viri
1643 3421 1903 3476 habitum
1930 3437 2055 3478 mu-

427 3507 603 3585 tatur,
635 3517 938 3573 anathema
957 3516 1046 3571 sit.

496 3611 624 3671 XIV.
658 3611 712 3668 Si
744 3626 854 3682 qua
881 3609 1095 3665 mulier
1119 3609 1384 3664 derelicto
1411 3609 1531 3663 viro
1561 3607 1850 3664 discedere
1873 3609 2060 3664 volue-

424 3705 517 3773 rit,
549 3703 736 3759 soluto
758 3702 980 3760 vinculo
1007 3702 1312 3775 conjugali,
1345 3700 1573 3773 nuptias
1603 3701 2055 3770 condemnanda,

427 3797 738 3852 anathema
767 3797 856 3851 sit.

496 3891 601 3945 XV.
646 3890 707 3944 Si
747 3889 873 3960 quis
913 3888 1279 3960 dereliquerit
1320 3887 1579 3959 proprios
1621 3887 1765 3942 ﬁlios
1801 3904 1953 3958 suos,
2004 3892 2060 3943 et

426 3999 540 4037 non
567 3999 661 4037 eos
690 3982 911 4050 aluerit,
939 3987 995 4036 et
1018 3982 1168 4053 quod
1203 3980 1432 4052 pietatis
1475 3985 1558 4036 est
1600 3981 1917 4036 necessaria
1944 3998 2058 4038 non

425 4074 750 4145 praebuerit,
785 4074 884 4128 sed
915 4074 1019 4128 sub
1063 4073 1349 4128 occasione
1379 4074 1740 4129 continentiae
1768 4073 2059 4146 negligen-

426 4169 526 4224 dos
550 4167 856 4239 putaverit,
879 4169 1182 4222 anathema
1213 4167 1305 4221 sit.

496 4262 626 4316 XVI.
655 4261 712 4316 Si
741 4261 837 4333 qui
865 4261 966 4316 ﬁlii
997 4265 1259 4333 parentes
1285 4262 1535 4316 maxime
1573 4261 1768 4318 ﬁdeles
1795 4263 2057 4320 deserue-

423 4357 541 4412 rint
561 4356 850 4411 occasione
872 4356 965 4409 Dei
985 4356 1186 4424 cultus,
1210 4356 1317 4410 hoc
1339 4355 1559 4427 justum
1569 4355 1890 4427 judicantes
1911 4374 2052 4429 esse,

424 4455 480 4504 et
504 4465 620 4504 non
648 4449 838 4520 potius
855 4449 1108 4504 debitum
1134 4449 1416 4504 honorem
1439 4450 1771 4521 parentibus
1794 4451 2058 4508 reddide-

422 4542 556 4612 rint,
573 4546 638 4598 ut
657 4544 765 4598 hoc
782 4543 968 4615 ipsum
986 4543 1044 4598 in
1061 4542 1140 4600 eis
1160 4546 1502 4601 venerentur
1516 4543 1670 4616 quod
1696 4544 1890 4600 ﬁdeles
1903 4550 2054 4616 sunt,

423 4637 729 4692 anathema
753 4637 844 4693 sit.

492 4730 640 4785 XVII.
667 4733 1027 4803 Quzecunque
1079 4731 1286 4786 mulier
1325 4730 1585 4803 religioni
1610 4731 1877 4803 judicans
1915 4748 2051 4788 con-

2161 2019 2471 2074 anathema
2498 1996 2611 2122 sit.‘

2231 2113 2360 2168 XXI.
2388 2114 2513 2168 Haec
2537 2112 2730 2168 autem
2757 2112 3100 2185 scripsimus,
3129 2129 3246 2168 non
3272 2113 3666 2169 abscindentes
3700 2129 3801 2168 eos

2162 2206 2258 2278 qui
2301 2207 2361 2260 in
2407 2205 2652 2262 Ecclesia
2697 2207 2792 2261 Dei
2835 2207 3146 2262 secundum
3177 2206 3493 2278 Scripturas
3535 2211 3800 2261 sanctum

2162 2300 2517 2372 propositum
2545 2301 2909 2356 continentia:
2940 2301 3181 2371 eligunt,
3227 2301 3326 2355 sed
3373 2318 3467 2356 eos
3491 2301 3590 2373 qui
3626 2303 3799 2356 susci-

2160 2393 2326 2465 piunt
2349 2394 2611 2449 habitum
2641 2395 2781 2465 ejus,
2813 2399 2870 2450 et
2911 2395 2968 2448 in
3011 2395 3340 2466 superbiam
3368 2395 3680 2450 afferuntur
3701 2396 3801 2450 ad-

2161 2503 2354 2542 versus
2376 2504 2470 2542 eos
2499 2488 2599 2560 qui
2626 2488 2936 2559 simplicius
2955 2488 3166 2544 vivunt.
3187 2489 3294 2544 Sed
3322 2493 3379 2544 et
3403 2490 3506 2543 hos
3527 2491 3799 2545 condem-

2161 2597 2367 2637 namus
2406 2582 2504 2654 qui
2547 2599 2606 2636 se
2656 2582 2934 2637 extollunt
2973 2583 3238 2638 adversus
3272 2583 3587 2654 Scripturas
3616 2586 3675 2637 et
3700 2600 3795 2637 ec-

2161 2675 2494 2731 clesiasticos
2534 2691 2796 2745 canones,
2829 2680 2885 2730 et
2910 2691 3052 2730 nova
3079 2676 3446 2731 introducunt
3487 2681 3793 2748 praecepta,

2162 2774 2219 2824 et
2230 2785 2334 2824 nos
2345 2773 2531 2824 autem
2546 2755 2928 2841 virginitatem
2941 2785 3069 2824 cum
3083 2769 3406 2825 humilitate
3417 2770 3792 2838 admiramur,

2162 2865 2220 2917 et
2247 2861 2660 2917 continentiam
2681 2879 2834 2917 cum
2861 2863 3110 2919 castitate
3157 2868 3213 2918 et
3253 2863 3529 2934 religione
3559 2865 3670 2920 Deo
3699 2881 3793 2918 ac-

2161 2955 2542 3026 ceptissimam
2569 2955 2828 3025 dicimus,
2858 2959 2917 3010 et
2942 2957 3424 3012 renuntiationem
3441 2933 3826 3049 saecularium.

2159 3048 2523 3119 negotiorum
2543 3053 2715 3121 atque
2732 3053 2964 3105 actuum
2985 3066 3116 3105 cum
3134 3050 3450 3106 humilitate
3477 3052 3799 3122 approban-

2161 3141 2293 3196 dam
2315 3141 2630 3210 laudamus,
2661 3145 2719 3197 et
2738 3143 3070 3214 nuptiarum
3089 3144 3399 3213 vinculum,
3423 3145 3578 3216 quod
3601 3161 3799 3201 secun-

2162 3234 2297 3290 dum
2323 3236 2645 3291 castitatem
2674 3253 2864 3292 secum
2889 3238 3180 3308 perdurat,
3217 3238 3588 3309 honoramus,
3621 3243 3678 3293 et
3701 3239 3795 3294 di-

2159 3328 2301 3384 vites
2331 3346 2462 3384 cum
2485 3329 2704 3399 justitia
2752 3335 2808 3385 et
2844 3331 3106 3401 operibus
3133 3331 3294 3386 bonis
3323 3349 3438 3387 non
3470 3331 3793 3404 abjicimus,

2160 3425 2217 3478 et
2245 3423 2657 3494 parcimoniam
2687 3440 2817 3478 cum
2845 3429 2994 3479 veste
3033 3424 3236 3479 humili
3260 3442 3376 3480 non
3400 3427 3791 3498 reprobamus,

2159 3516 2301 3570 sicut
2341 3517 2511 3570 etiam
2556 3519 2844 3587 ornatum,
2885 3522 3095 3588 praeter
3137 3519 3386 3590 corporis
3414 3520 3790 3590 diligentiam,

2159 3609 2473 3665 infucatum
2498 3609 2817 3666 laudamus.
2841 3611 3146 3667 Dissolutos
3171 3617 3362 3668 autem
3403 3617 3461 3668 et
3500 3614 3706 3668 fractos
3730 3614 3794 3669 in

2159 3703 2406 3758 vestibus
2432 3704 2678 3759 incessus
2706 3721 2821 3759 non
2850 3705 3174 3777 recipimus,
3199 3710 3258 3762 et
3278 3707 3475 3762 domos
3497 3708 3594 3762 Dei
3614 3709 3795 3763 hono-

2157 3813 2368 3864 ramus,
2387 3802 2443 3852 et
2471 3803 2782 3854 conventus
2795 3799 2892 3870 qui
2908 3799 2966 3853 in
2988 3799 3075 3854 his
3096 3800 3259 3870 ﬁunt,
3279 3804 3548 3873 tanquam
3567 3807 3794 3858 sanctos

2161 3895 2217 3944 et
2240 3891 2409 3946 utiles
2434 3891 2760 3964 recipimus,
2789 3893 3198 3966 proprietatem
3237 3895 3298 3949 in
3347 3895 3576 3966 privatis
3602 3896 3789 3951 domi-

2156 3985 2261 4038 bus
2289 4001 2401 4040 non
2427 3986 2848 4057 concludentes,
2890 3990 2947 4042 et
2996 4005 3225 4044 omnem
3251 3991 3440 4044 locum
3469 3991 3526 4044 in
3558 3991 3793 4046 nomine

2158 4078 2256 4132 Dei
2283 4079 2622 4134 aedificatum
2671 4081 3033 4151 honoramus,
3084 4086 3142 4137 et
3184 4084 3682 4155 congregationem
3725 4086 3788 4140 in

2158 4172 2389 4226 ecclesia
2417 4172 2623 4228 factam
2653 4175 2724 4229 ad
2755 4175 3051 4230 utilitatem
3069 4193 3432 4232 communem
3458 4177 3789 4249 recipimus,

2158 4270 2214 4320 et
2237 4265 2386 4320 bona
2413 4283 2604 4337 opera,
2637 4284 2763 4339 quae
2783 4269 2948 4339 juxta
2978 4270 3122 4325 vires
3168 4271 3227 4325 in
3273 4271 3476 4326 fratres
3511 4289 3792 4343 pauperes

2156 4365 2510 4430 exercentur,
2539 4361 2850 4417 secundum
2883 4363 3285 4420 ecclesiasticas
3309 4365 3641 4420 traditiones
3660 4366 3794 4420 bea-

2155 4453 2456 4522 tiﬁcamus,
2507 4457 2565 4508 et
2607 4456 2798 4510 omnia
2838 4473 2966 4529 quae
2997 4458 3344 4513 conveniunt
3390 4459 3791 4516 traditionibus

2157 4547 2475 4618 apostolicis
2499 4551 2555 4602 et
2579 4553 2906 4605 sanctarum
2937 4551 3359 4624 Scripturarum
3401 4553 3700 4626 praeceptis
3726 4553 3786 4608 in

2073 4639 2136 4713 D
2157 4641 2388 4696 ecclesia
2415 4641 2535 4698 ﬁeri
2562 4647 2922 4714 exeptamus.

2510 4737 2744 4808 Explicit
2764 4738 3064 4794 concilium
3085 4741 3425 4813 Gangrense.

1212 5018 1612 5086 INCIPIUNT
1654 5021 2044 5087 CAPITULA
2087 5023 2422 5090 CONCILII
2469 5024 3001 5090 SARDICENSIS.

497 5184 542 5235 1.
568 5181 905 5254 Episcopum
921 5200 1037 5240 non
1051 5184 1259 5242 debere
1280 5186 1351 5241 ad
1373 5186 1544 5241 aliam
1568 5186 1853 5241 civitatem
1874 5191 2051 5242 trans-

421 5273 576 5329 ferri.

486 5371 540 5421 2.
585 5369 927 5443 Episcopum
977 5374 1047 5428 de
1098 5373 1385 5444 provincia
1440 5373 1513 5427 ad
1565 5373 1876 5443 provincias
1930 5391 2047 5430 non

419 5461 672 5530 transire,
713 5465 822 5519 nisi
850 5466 1022 5520 fuerit
1047 5466 1333 5520 invitatus.

484 5557 534 5608 3.
564 5555 644 5610 De
687 5557 909 5613 duobus
952 5558 1225 5629 episcopis
1263 5557 1434 5612 unius
1472 5559 1774 5630 provinciae
1809 5560 1959 5615 inter
1986 5578 2044 5615 se

415 5649 844 5705 contentionem
873 5651 1231 5706 habentibus.

480 5742 531 5794 4.
558 5742 634 5796 De
660 5743 921 5814 episcopo
956 5743 1304 5814 adjudicato.

478 5837 529 5886 5.
559 5834 638 5889 De
667 5836 941 5906 episcopis
968 5853 999 5890 a
1031 5839 1250 5907 synodo
1282 5839 1568 5910 depositis.

474 5927 525 5978 6.
557 5927 633 5981 De
663 5929 868 5998 quibus
895 5945 1088 6001 supra.

2223 5195 2271 5245 l.
2305 5192 2384 5245 De
2414 5191 2688 5262 episcopis
2716 5192 3010 5247 accusatis.

2219 5285 2271 5337 8.
2296 5286 2367 5338 Ut
2391 5284 2640 5356 episcOpi
2666 5285 2879 5354 passim
2902 5287 2972 5340 ad
3003 5287 3336 5342 comitatum
3371 5303 3489 5342 non
3516 5294 3783 5360 pergant.

2218 5379 2270 5430 9.
2305 5378 2380 5432 De
2409 5377 2616 5449 quibus
2643 5395 2832 5449 supra.

2225 5473 2308 5525 10.
2351 5471 2425 5525 De
2444 5470 2650 5542 quibus
2674 5487 2866 5542 supra.

2223 5567 2307 5618 Η.
2336 5565 2410 5618 De
2438 5563 2642 5634 quibus
2673 5581 2858 5635 supra.

2221 5661 2306 5711 l2.
2339 5658 2418 5712 De
2444 5657 2651 5729 quibus
2676 5675 2862 5730 supra.

2218 5755 2304 5806 l3.
2337 5753 2405 5807 Ut
2429 5767 2503 5806 ne
2532 5769 2598 5807 ex
2625 5752 2766 5808 laico
2791 5753 3030 5826 quilibet
3054 5756 3356 5829 episcopus
3385 5759 3704 5815 ordinetur.

2218 5846 2304 5899 14.
2337 5845 2407 5899 Ut
2432 5844 2723 5918 episcopus
2760 5847 2818 5902 in
2861 5847 3051 5904 aliena
3094 5851 3384 5921 provincia
3421 5869 3535 5907 non
3573 5851 3784 5910 immo-

2146 5941 2320 5992 retur.
