4058 6300
219 348 323 399 273

1481 346 1953 406 DECRETALIUM
1989 348 2374 405 COLLECTlO.

3480 361 3583 414 274

297 456 387 508 15.
419 454 495 508 De
521 450 796 525 episcopis
840 451 901 508 in
938 451 1126 508 aliena
1158 451 1452 525 provincia
1477 455 1854 526 possessiones
1874 468 1932 541 Α
2029 459 2114 512 19.
2144 459 2220 513 De
2248 457 2454 529 quibus
2481 473 2669 530 supra.

218 546 589 602 habentibus.

294 644 384 695 16.
414 641 490 694 De
513 639 853 696 clericorum
882 639 1494 697 excommunicatione.

295 737 386 789 17.
409 734 600 790 Licere
628 735 866 802 clericis,
901 733 946 789 si
971 734 1181 806 injuste
1207 735 1421 791 fuerint
1463 737 1851 793 excommuni-

217 827 352 895 cati,
381 827 594 882 vicinos
617 828 776 883 adire
798 827 1114 900 episcopos.

297 924 384 976 18.
412 922 534 977 Non
560 921 734 978 licere
763 921 1028 995 episcopo
1074 921 1304 979 alterius
1346 921 1616 980 clericum
1649 923 1710 979 in
1753 940 1854 980 sua

217 1015 460 1072 ecclesia
484 1015 772 1073 ordinare.

2021 554 2110 618 20.
2143 551 2215 605 Ut
2257 550 2506 607 extranei
2549 551 2738 608 clerici
2782 554 2936 626 apud
2973 555 3428 613 Thessalonicam
3468 575 3581 614 non

1951 643 2198 699 tradent.

2020 740 2084 791 21
2099 777 2112 792 .
2138 738 2338 793 Clerici
2354 739 2469 794 vim
2482 741 2651 813 passi,
2668 744 2766 797 aut
2777 743 3257 814 persecutionem,
3273 744 3318 800 si
3327 745 3399 800 ad
3411 745 3580 801 aliam

1955 831 2291 886 accesserint
2317 832 2621 903 civitatem,
2641 851 2760 891 non
2778 839 3041 893 vetentur
3056 837 3136 893 ibi
3157 839 3373 894 morari
3395 855 3577 912 quan-

1953 923 2053 979 diu
2076 923 2367 999 potuerint
2395 927 2607 986 redire.

271 1243 403 1321 64
462 1236 812 1314 INCIPIT
864 1236 1389 1314 CONCILIUM
1442 1235 2030 1313 SARDICENSE
2083 1239 2790 1319 TRECENTORUM
2844 1246 3530 1323 EPISCOPORUM.

1419 1389 1600 1459 (Anno
1631 1389 1854 1448 Domini
1882 1392 1977 1447 351
1995 1352 2073 1446 hin
2101 1390 2378 1462 Thracia.)

289 1557 456 1610 Anno
495 1559 648 1609 sexto
693 1554 1049 1610 Constantini
1092 1555 1474 1628 imperatoris,
1513 1557 1748 1613 Leontio
1792 1561 1850 1613 et

218 1647 492 1703 Sallustio
521 1649 861 1716 consulibus,
911 1666 1028 1704 ara
1071 1652 1195 1718 371,
1228 1650 1572 1706 Sardicensis
1597 1651 1848 1722 synodus

216 1745 567 1813 congregata
605 1745 710 1813 est,
760 1743 860 1798 ubi
914 1759 1112 1799 omnes
1163 1760 1267 1816 per
1318 1745 1607 1801 Orientem
1654 1745 1848 1802 Ariani

1947 1558 2261 1614 decreverit
2285 1559 2580 1615 Romanus
2603 1560 2920 1633 episcopus,
2958 1561 3292 1617 conﬁrmata
3314 1567 3500 1630 erunt,
3532 1565 3578 1620 si

1949 1667 2088 1723 ergo
2116 1652 2382 1708 omnibus
2402 1654 2605 1725 placet,
2635 1657 2938 1711 statuatur.
2964 1655 3226 1727 Synodus
3250 1656 3574 1728 respondit:

1946 1744 2150 1800 Placet.

216 1835 471 1909 episcopi
500 1836 863 1892 condemnati
903 1841 1053 1904 sunt,
1097 1837 1197 1909 qui
1236 1839 1499 1894 conventi
1540 1839 1612 1894 ad
1657 1838 1842 1894 conci-
1865 1835 1922 1908 B
2015 1841 2078 1894 V.
2110 1839 2462 1900 Gaudentius
2491 1841 2789 1913 episcopus
2821 1841 2958 1897 dixit
2988 1861 3002 1898 :
3035 1843 3380 1900 Addendum
3417 1848 3503 1900 est
3531 1845 3577 1900 si

214 1931 356 1985 lium
381 1946 681 1986 occurrere
708 1934 896 1986 reatus
920 1931 1269 1987 conscientia
1295 1933 1629 2002 noluerunt,
1653 1934 1714 1988 in
1735 1950 1848 2006 quo

213 2024 454 2080 concilio
469 2025 620 2080 inter
639 2029 844 2080 catera
867 2025 956 2080 ha
980 2026 1197 2097 regula
1223 2043 1330 2100 pro
1351 2026 1648 2099 disciplina
1674 2027 1848 2083 eccle-

216 2118 436 2172 siastica
462 2118 736 2174 instituta
762 2123 910 2173 sunt.

284 2215 411 2269 CAP.
442 2214 482 2268 Ι.
528 2212 694 2267 Osius
734 2214 1035 2285 episcopus
1080 2213 1264 2268 dixit:
1294 2216 1418 2269 Non
1472 2214 1662 2270 minus
1699 2216 1848 2270 mala

214 2305 567 2361 consuetudo
625 2322 798 2378 quam
848 2306 1169 2378 perniciosa
1217 2309 1539 2378 corruptela
1588 2308 1848 2363 funditus

213 2398 559 2454 eradicanda
584 2402 686 2466 est,
714 2415 787 2454 ne
816 2399 905 2453 cui
929 2399 1096 2454 liceat
1122 2399 1386 2471 episcopo
1414 2400 1485 2454 de
1503 2400 1724 2456 civitate
1744 2417 1845 2456 sua

211 2493 282 2548 ad
337 2493 512 2548 aliam
573 2492 856 2548 civitatem
910 2494 1170 2548 transire.
1221 2494 1513 2550 Manifesta
1563 2498 1646 2550 est
1691 2494 1845 2550 enim

211 2603 381 2642 causa
408 2602 526 2658 qua
549 2587 657 2642 hoc
688 2587 872 2642 facere
914 2591 1157 2656 tentant,
1189 2603 1319 2642 cum
1346 2588 1536 2642 nullus
1560 2587 1620 2642 in
1649 2589 1754 2642 hac
1781 2604 1844 2644 re

213 2680 482 2736 inventus
536 2681 610 2753 sit
655 2681 948 2752 episcopus
986 2681 1084 2752 qui
1127 2681 1196 2736 de
1240 2681 1460 2752 majore
1506 2681 1726 2737 civitate
1772 2681 1845 2736 ad

213 2774 503 2829 minorem
532 2774 817 2842 transiret,
849 2775 1000 2830 unde
1017 2778 1250 2846 apparet
1264 2774 1511 2830 avaritia
1527 2791 1624 2830 eos
1639 2775 1845 2831 ardore

213 2867 562 2924 inﬂammari
587 2873 646 2922 et
672 2868 968 2923 ambitioni
988 2869 1221 2934 servire,
1239 2874 1294 2924 et
1309 2874 1372 2924 ut
1395 2868 1843 2925 dominationem

210 2963 536 3017 exerceant.
587 2960 644 3016 Si
689 2977 826 3033 ergo
870 2960 1134 3016 omnibus
1177 2961 1364 3032 placet
1408 2965 1470 3015 ut
1517 2961 1841 3032 hujusmodi

209 3055 490 3126 pernicies
506 3054 790 3110 austerius
801 3055 1137 3123 vindicetur,
1154 3069 1258 3110 nec
1271 3054 1478 3110 laicam
1495 3055 1844 3110 communio-

209 3167 344 3205 nem
381 3149 612 3218 habeat,
658 3149 756 3220 qui
784 3149 910 3204 talis
952 3153 1034 3205 est
1071 3149 1318 3204 universi
1344 3148 1630 3216 dixerunt,
1659 3149 1843 3220 placet

210 3199 344 3205 ---η
381 3199 612 3218 _._-_-,
663 3199 756 3220 Γ-
791 3199 905 3204 η---
958 3199 1033 3205 -_-
1078 3199 1318 3204 _-__.-___
1350 3199 1630 3216 ___-___-,
1659 3199 1841 3220 τη---

210 3244 385 3299 etiam
411 3243 463 3298 si
485 3243 614 3298 talis
644 3243 848 3315 aliquis
877 3243 1155 3298 exstiterit
1185 3243 1543 3311 temerarius,
1578 3245 1642 3297 ut
1667 3244 1836 3298 forsi-
1861 3199 1915 3274 Ο

209 3343 304 3393 tan
335 3337 767 3394 excusationem
810 3336 1030 3407 aﬁ‘erat,
1061 3337 1215 3408 quod
1257 3336 1454 3408 populi
1493 3336 1707 3392 litteras
1742 3354 1836 3391 ac-

209 3432 441 3503 ceperit,
488 3447 621 3487 cum
660 3431 1033 3486 manifestum
1077 3431 1148 3485 sit
1186 3430 1422 3501 pramio
1473 3435 1530 3484 et
1573 3431 1837 3485 mercede

207 3542 420 3597 paucos
462 3526 563 3598 qui
611 3525 893 3580 sinceram
934 3524 1109 3578 fidem
1153 3540 1272 3579 non
1319 3523 1539 3579 habent
1593 3524 1839 3594 potuisse

207 3619 500 3690 corrumpi
545 3621 608 3674 ut
650 3620 957 3674 clamarent
988 3618 1050 3673 in
1081 3618 1323 3674 Ecclesia
1351 3623 1405 3672 et
1434 3618 1616 3688 ipsum
1647 3622 1837 3688 petere

205 3714 539 3769 viderentur
581 3712 928 3784 episcopum,
961 3711 1193 3766 omnino
1249 3712 1352 3766 has
1390 3711 1612 3766 fraudes
1641 3727 1834 3766 remo-

206 3807 418 3862 vendas
435 3822 558 3861 esse
578 3806 942 3873 damnamus,
957 3805 1037 3859 ita
1050 3809 1116 3860 ut
1135 3822 1238 3860 nec
1263 3805 1460 3860 laicam
1488 3805 1841 3860 communio-

205 3918 340 3956 nem
365 3903 426 3955 in
454 3899 630 3954 fidem
672 3899 909 3970 accipiat
950 3899 1094 3966 talis,
1136 3899 1286 3971 quod
1311 3900 1358 3953 si
1386 3899 1540 3953 vobis
1574 3898 1838 3954 omnibus

206 3997 415 4066 placet,
448 3994 698 4049 statuite.
727 3993 982 4048 Universi
1021 3993 1282 4048 dixerunt
1312 4010 1326 4048 :
1356 3994 1563 4048 Placet.

278 4092 344 4146 Il.
373 4089 538 4145 Osius
580 4087 874 4160 episcopus
913 4086 1052 4141 dixit
1083 4103 1097 4141 :
1132 4086 1276 4142 lllud
1310 4102 1537 4156 quoque
1566 4089 1838 4141 statutum

205 4184 298 4252 sit,
329 4186 396 4238 ut
425 4182 721 4254 episcopus
757 4181 829 4235 de
856 4197 960 4235 sua
985 4179 1272 4251 provincia
1297 4180 1367 4234 ad
1392 4179 1561 4234 aliam
1607 4179 1834 4250 provin-

205 4278 351 4332 ciam
378 4276 440 4331 in
471 4292 586 4347 qua
627 4279 760 4330 sunt
797 4273 1041 4346 episcopi
1074 4291 1189 4330 non
1219 4277 1471 4329 transeat
1494 4273 1602 4328 nisi
1631 4273 1777 4327 forte
1805 4290 1839 4327 a

202 4370 475 4426 fratribus
503 4368 791 4435 invitatus,
831 4384 903 4424 ne
948 4367 1250 4424 videamur
1275 4368 1517 4439 januam
1547 4365 1838 4422 charitatis

203 4465 494 4521 claudere.

1947 1932 2132 2004 placet
2154 1933 2288 1988 huic
2314 1935 2612 1990 sententia
2639 1952 2812 2007 quam
2836 1937 3069 2007 plenam
3106 1938 3402 1994 sanctitate
3443 1955 3577 2010 pro-

1946 2025 2152 2082 tulistis
2196 2031 2258 2083 ut
2293 2045 2424 2084 cum
2467 2029 2673 2101 aliquis
2711 2030 3010 2102 episcopus
3056 2031 3344 2102 depositus
3382 2032 3575 2099 fuerit,

1948 2137 2152 2176 eorum
2179 2121 2578 2194 episcoporum
2600 2124 2817 2194 judicio
2847 2125 2944 2196 qui
2982 2125 3044 2180 in
3091 2125 3290 2180 vicinis
3316 2141 3572 2182 commo-

1946 2219 2146 2269 rantur
2188 2216 2322 2272 locis
2366 2221 2426 2272 et
2469 2218 2921 2288 proclamaverit,
2980 2219 3270 2290 agendum
3318 2219 3426 2274 sibi
3469 2236 3574 2273 ne-

1947 2309 2169 2378 gotium
2198 2309 2258 2364 in
2287 2310 2430 2365 urbe
2472 2312 2670 2366 Roma.
2712 2313 2870 2367 Alter
2909 2312 3224 2383 episcopus,
3267 2312 3328 2367 in
3371 2313 3575 2367 eadem

1944 2402 2207 2458 cathedra
2238 2407 2364 2472 post
2408 2404 2855 2474 appellationem
2897 2405 3018 2476 ejus
3062 2405 3164 2476 qui
3199 2405 3426 2460 videtur
3453 2421 3580 2460 esse

1943 2495 2250 2565 depositus,
2284 2496 2518 2551 omnino
2561 2513 2678 2552 non
2723 2497 3038 2564 ordinetur,
3071 2498 3180 2552 nisi
3206 2515 3374 2554 causa
3398 2498 3575 2554 fuerit

1942 2588 2002 2642 in
2019 2588 2236 2659 judicio
2264 2589 2508 2644 Romani
2541 2590 2790 2661 episcOpi
2821 2590 3214 2646 determinata.

2012 2682 2094 2735 VI.
2123 2681 2284 2737 Osius
2327 2682 2626 2754 episcOpus
2671 2683 2810 2739 dixit
2842 2701 2855 2739 :
2885 2684 2940 2740 Si
2990 2684 3308 2755 contigerit,
3354 2684 3415 2739 in
3453 2700 3572 2740 una

1942 2775 2232 2846 provincia
2277 2775 2336 2830 in
2385 2793 2500 2848 qua
2555 2777 2770 2832 fuerint
2810 2767 3042 2848 plurimi
3090 2777 3343 2848 episcopi
3387 2794 3572 2832 unum

1941 2869 2087 2923 forte
2101 2885 2397 2926 remanere
2420 2870 2772 2942 episcopum,
2787 2871 2879 2926 ille
2898 2886 3030 2926 vero
3044 2887 3148 2942 per
3162 2870 3573 2942 negligentiam

1941 2962 2192 3017 noluerit
2216 2962 2482 3018 ordinare
2513 2965 2844 3036 episcopum
2869 2968 2926 3020 et
2956 2964 3153 3036 populi
3202 2963 3576 3020 convenerint

1944 3056 2238 3127 episcopos
2259 3057 2457 3112 vicina
2481 3057 2808 3128 provincia,
2833 3059 3044 3114 debent
3061 3058 3224 3112 illum
3253 3057 3408 3128 prius
3432 3073 3570 3113 con-

1941 3149 2137 3204 venire
2166 3150 2518 3221 episcopum,
2543 3151 2640 3222 qui
2670 3153 2728 3206 in
2755 3151 2957 3207 eadem
2981 3152 3273 3224 provincia
3291 3155 3570 3218 moratur,

1940 3245 1997 3297 et
2025 3242 2325 3298 ostendere
2373 3244 2529 3314 quod
2571 3245 2767 3316 populi
2810 3249 3009 3316 petant
3051 3245 3158 3300 sibi
3187 3249 3484 3313 rectorem,
3517 3247 3576 3301 et

1939 3337 2047 3391 hoc
2065 3337 2288 3407 justum
2321 3353 2461 3404 esse,
2493 3341 2555 3391 ut
2580 3341 2640 3392 et
2672 3338 2777 3409 ipsi
2805 3339 3055 3405 veniant,
3083 3341 3140 3394 et
3164 3355 3296 3394 cum
3325 3355 3392 3392 eo
3417 3337 3568 3394 ordi-

1937 3433 2080 3484 nent
2108 3430 2460 3500 episcopum,
2484 3431 2634 3501 quod
2663 3431 2707 3485 si
2734 3435 3049 3486 conventus
3078 3431 3281 3485 litteris
3310 3429 3568 3497 tacuerit,

1940 3527 1995 3576 et
2037 3521 2495 3590 dissimulaverit,
2526 3523 2799 3595 “nihilque
2836 3523 3211 3594 responderit,
3241 3529 3375 3578 tunc
3402 3523 3568 3577 satis-

1937 3615 2264 3671 faciendum
2312 3632 2432 3671 esse
2477 3617 2722 3687 populis,
2750 3619 2817 3671 ut
2839 3616 3073 3671 veniant
3099 3632 3165 3671 ex
3194 3615 3390 3670 vicinis
3435 3631 3564 3686 pro-

1936 3709 2152 3777 vinciis,
2207 3712 2265 3764 et
2319 3709 2588 3764 ordinent
2659 3710 3013 3781 episcopum.
3070 3711 3280 3764 lterum
3336 3709 3568 3763 licentia

1939 3802 2242 3857 ordinandi
2262 3803 2592 3875 episcopum
2621 3803 2810 3860 danda
2835 3804 3046 3874 passim
3075 3820 3193 3858 non
3213 3806 3316 3869 est,
3339 3802 3388 3856 si
3415 3802 3569 3859 enim

1938 3895 2125 3950 subito
2149 3901 2248 3950 aut
2275 3896 2428 3950 vicus
2480 3896 2685 3968 aliquis
2713 3900 2812 3951 aut
2853 3896 3076 3952 modica
3103 3895 3294 3951 civitas
3318 3896 3408 3950 cui
3439 3896 3570 3954 satis

1940 3994 2022 4043 est
2049 4005 2196 4044 unus
2228 3990 2524 4061 presbyter
2562 3990 2801 4046 voluerit
2826 3989 2933 4046 sibi
2960 3990 3290 4062 episcopum
3319 3989 3571 4045 ordinari

1940 4082 2008 4136 ad
2030 4081 2158 4151 hoc,
2187 4084 2254 4136 ut
2271 4082 2502 4137 vilescat
2525 4099 2739 4139 nomen
2763 4083 3013 4156 episcopi
3032 4085 3090 4139 et
3113 4083 3325 4138 summi
3343 4081 3572 4137 honoris

1937 4176 2261 4242 auctoritas,
2294 4193 2410 4230 non
2442 4176 2652 4232 debent
2676 4177 2756 4232 illi
2782 4194 2852 4234 ex
2881 4178 2989 4232 alia
3018 4176 3314 4248 provincia
3349 4175 3570 4231 invitati
3637 4235 3644 4240 ,

1936 4269 2121 4324 facere
2149 4269 2500 4340 episcopum,
2534 4270 2756 4325 nisiaut
2785 4271 2846 4324 in
2876 4270 3329 4340 civitatibusqua
3361 4269 3571 4340 episco-

1937 4379 2036 4433 pos
2063 4361 2406 4429 habuerunt,
2434 4367 2535 4418 aut
2563 4363 2610 4417 si
2643 4381 2755 4435 qua
2778 4369 2898 4418 tam
2924 4365 3200 4436 populosa
3239 4366 3326 4418 est
3352 4362 3568 4431 civitas,

1936 4455 2027 4509 vel
2057 4457 2215 4510 locus
2242 4455 2340 4526 qui
2365 4460 2653 4512 mereatur
2685 4456 2901 4513 habere
2927 4457 3273 4530 episcopum.
3307 4455 3571 4526 Synodus

277 4561 367 4614 Ill.
397 4557 566 4614 Osius
595 4556 893 4628 episcopus
918 4554 1530 4612 dixit:Providendum
1555 4556 1641 4609 est
1666 4552 1839 4608 etiam
1857 4568 1918 4640 D
1939 4547 2236 4620 respondit
2262 4565 2275 4603 :
2304 4549 2508 4604 Placet.

208 4659 270 4709 ut
315 4654 360 4707 si
405 4653 466 4708 in
510 4651 704 4723 aliqua
749 4649 1043 4722 provincia
1091 4649 1240 4705 forte
1284 4647 1489 4719 aliquis
1541 4648 1840 4719 episcopus

208 4750 406 4802 contra
430 4746 667 4802 fratrem
707 4761 874 4800 suum
912 4744 1245 4816 episcopum
1269 4741 1430 4797 litem
1453 4741 1738 4808 habuerit,
1767 4756 1842 4796 ne

208 4857 357 4896 unus
382 4857 414 4896 e
443 4840 667 4910 duobus
697 4856 764 4896 ex
792 4839 904 4894 alia
939 4836 1228 4910 provincia
1267 4835 1504 4891 advocet
1545 4834 1842 4906 episcopos

209 4933 281 4989 ad
299 4933 606 5006 judicium.

277 5030 366 5084 IV.
398 5027 564 5083 Osius
606 5025 906 5099 episcopus
961 5025 1147 5082 dixit:
1183 5023 1346 5090 Quod
1380 5023 1428 5078 si
1471 5021 1677 5094 aliquis
1721 5022 1839 5093 epi-

206 5138 411 5195 scopus
437 5119 794 5193 adjudicatus
819 5120 992 5176 fuerit
1009 5119 1068 5175 in
1090 5119 1278 5190 aliqua
1297 5134 1486 5185 causa,
1514 5122 1571 5172 et
1591 5118 1754 5188 putat
1782 5131 1841 5172 se

205 5216 415 5272 bonam
462 5231 688 5271 causam
732 5215 962 5285 habere,
1016 5219 1077 5270 ut
1118 5214 1326 5269 iterum
1368 5211 1651 5283 judicium
1679 5227 1844 5266 reno-

204 5315 387 5378 vetur,
429 5309 477 5364 si
504 5309 663 5364 vobis
705 5310 906 5380 placet,
933 5308 1112 5363 sancti
1152 5306 1300 5364 Petri
1339 5305 1578 5377 apostoli
1624 5320 1839 5360 memo-

205 5403 349 5458 riam
381 5404 757 5470 honoremus,‘
789 5406 852 5458 ut
881 5401 1178 5468 scribatur,
1221 5401 1311 5455 vel
1355 5399 1426 5455 ab
1467 5398 1556 5453 his
1581 5397 1678 5469 qui
1704 5414 1838 5452 cau~

205 5514 329 5552 sum
367 5495 857 5563 examinaverunt,
893 5496 980 5550 vel
1023 5494 1200 5550 etiam
1241 5493 1312 5548 ab
1367 5493 1492 5548 aliis
1541 5489 1836 5563 episcopis,

206 5590 306 5661 qui
352 5590 414 5646 in
464 5589 756 5662 provincia
778 5631 792 5656 ,
847 5587 1173 5661 propinqua
1224 5589 1527 5642 morantur
1587 5585 1840 5640 Romano

205 5684 494 5756 episcopo.
511 5685 580 5740 Et
591 5683 637 5739 si
645 5682 1244 5755 judicaveritrenovan
1253 5680 1390 5735 dum
1404 5696 1527 5737 esse
1532 5679 1554 5751 j
1564 5677 1836 5745 udicium,

204 5781 507 5834 revocetur
537 5781 595 5834 et
623 5777 722 5832 det
739 5777 979 5849 judices.
1014 5776 1070 5832 Si
1097 5778 1285 5830 autem
1315 5771 1640 5844 probaverit
1665 5772 1839 5828 talem

207 5889 459 5940 causam,
485 5877 552 5929 ut
575 5888 645 5928 ea
668 5888 786 5928 non
815 5871 1157 5928 refricentur
1197 5884 1327 5942 qua
1373 5871 1496 5923 acta
1530 5868 1680 5938 sunt,
1711 5881 1840 5938 qua

2014 4644 2119 4697 VII.
2152 4642 2316 4697 Osius
2361 4641 2657 4714 episcopus
2703 4642 2886 4700 dixit:
2917 4644 2986 4697 Et
3024 4643 3133 4696 hoc
3175 4641 3410 4712 placuit,
3438 4643 3503 4694 ut
3525 4639 3576 4695 si

1940 4736 2234 4808 episcopus
2278 4739 2570 4791 accusatus
2609 4735 2800 4804 fuerit,
2842 4738 2900 4790 et
2945 4751 3148 4790 omnes
3189 4732 3572 4805 judicaverint

1942 4829 2275 4902 congregati
2305 4829 2555 4901 episcopi
2581 4829 2834 4901 regionis
2857 4827 3053 4901 ipsius,
3077 4832 3133 4884 et
3161 4827 3231 4882 de
3255 4827 3445 4897 gradu
3467 4843 3570 4882 suo

1942 4923 2213 4995 ejecerint
2237 4939 2392 4994 eum,
2426 4924 2473 4978 si
2499 4923 2872 4996 appellaverit
2913 4923 3010 4995 qui
3047 4922 3299 4991 dejectus
3326 4920 3570 4991 videtur,

1943 5021 1999 5073 et
2053 5017 2381 5090 confugerit
2426 5018 2501 5073 ad
2544 5017 2939 5073 beatissimum
2989 5018 3265 5072 Romana
3311 5015 3573 5070 Ecclesia

1942 5110 2296 5185 episcopum,
2318 5114 2376 5167 et
2394 5111 2638 5166 voluerit
2656 5127 2715 5166 se
2733 5110 2937 5179 audiri,
2959 5110 3007 5164 si
3025 5110 3246 5181 justum
3267 5109 3571 5181 putaverit,

1942 5209 2005 5261 ut
2032 5208 2360 5273 renovetur,
2403 5221 2638 5261 examen
2687 5205 2931 5260 scribere
2979 5204 3259 5284 episcopis
3301 5204 3574 5276 dignetur

1941 5299 2232 5355 Romanus
2269 5299 2570 5370 episcopus
2614 5297 2703 5353 his
2747 5297 2846 5369 qui
2887 5297 2948 5352 in
2992 5283 3313 5352 ﬁnitima'et
3337 5297 3571 5368 propin-

1929 5408 2051 5463 qua
2079 5392 2263 5447 altera
2286 5391 2574 5462 provincia
2599 5395 2751 5459 sunt,
2795 5393 2860 5446 ut
2901 5390 3008 5462 ipsi
3043 5390 3351 5462 diligenter
3377 5389 3573 5446 omnia

1939 5484 2257 5556 requirant,
2288 5487 2344 5539 et
2371 5485 2531 5556 juxta
2570 5484 2746 5539 ﬁdem
2771 5484 3024 5540 veritatis
3049 5485 3245 5540 omnia
3273 5483 3569 5548 deﬁniant,

1940 5578 2091 5649 quod
2138 5577 2184 5632 si
2235 5578 2284 5633 is
2330 5577 2428 5650 qui
2467 5582 2633 5649 rogat
2675 5595 2912 5634 causam
2949 5594 3116 5634 suam
3153 5579 3363 5634 iterum
3391 5575 3574 5631 audiri

1942 5671 2349 5743 deprecatione
2377 5687 2481 5727 sua
2510 5671 2756 5728 moverit
2787 5673 3117 5746 episcOpum
3134 5673 3481 5735 Romanum,
3508 5671 3572 5722 ut

1941 5770 2011 5826 de
2051 5770 2231 5836 latere
2275 5785 2380 5826 suo
2423 5771 2787 5842 presbyteros
2822 5770 3033 5838 mittat,
3072 5770 3183 5825 erit
3205 5769 3265 5823 in
3293 5768 3570 5838 potestate

1940 5863 2116 5938 ἱρείας»
2151 5863 2290 5936 quid
2333 5863 2486 5934 velit,
2521 5869 2576 5921 et
2604 5864 2740 5937 quid
2785 5863 3044 5928 aestimet,
3079 5865 3134 5916 et
3176 5861 3223 5915 si
3259 5858 3570 5915 decreverit

3555 961 3770 1049 ζ...-
