4058 6310
458 345 561 399 2⁸7ἒὶ
1338 343 1618 397 ΑΡΡΕΝΙ).
1663 343 1747 399 AD
1786 343 1946 396 5:156.
1995 342 2074 396 ΙΧ.
2109 371 2175 378 -
2219 338 2462 394 lSlDOltl
2504 337 2930 393 MERCATORIS
3713 339 3814 391 276

455 450 762 509 mittendos
832 466 996 518 esse,
1069 451 1165 523 qui
1231 453 1536 522 prtesentes
1605 465 1736 505 cum
1808 448 2084 522 episcOpis
2105 460 2164 536 Α
2255 447 2316 502 Χ.
2347 445 2604 519 Aliphius
2647 443 2946 517 episcopus
2989 443 3174 500 dixit:
3206 443 3265 499 Si
3305 446 3543 516 propter
3569 443 3816 515 pupillos

450 544 729 617 judicent,
775 548 838 602 ut
878 545 1126 601 habeant
1177 544 1346 602 etiam
1395 543 1792 600 auctoritatem
1824 559 2087 615 personae
2189 545 2247 596 et
2279 540 2478 596 viduas
2521 540 2611 595 vel
2650 539 2999 606 laborantes,
3047 536 3144 609 qui
3195 552 3388 592 causas
3429 551 3545 591 non
3591 536 3820 608 iniquas

457 638 608 693 illius
636 649 807 711 aquo
849 638 1117 695 destinati
1161 643 1310 708 sunt,
1345 637 1454 693 erit
1491 636 1552 692 in
1591 637 1712 708 ejus
1743 637 1996 693 arbitrio.
2028 635 2089 692 Si
2185 633 2422 700 habent,
2485 632 2840 704 susceperint
2901 629 3384 704 peregrinationis
3437 629 3816 696 incommoda,

458 748 593 788 vero
622 731 926 788 crediderit
949 733 1210 788 sufﬁcere
1237 732 1536 804 episcopos
1561 729 2086 802 comprovinciales,

458 830 526 882 ut
548 826 780 898 negotio
811 826 1122 884 terminum
1145 825 1466 898 imponant,
1494 826 1664 883 faciet
1687 826 1840 898 quod
1863 825 2086 899 sapien-

459 918 676 975 tissimo
701 919 936 976 consilio
963 936 1065 974 suo
1089 919 1448 991 judicaverit.

2187 727 2483 784 habebunt
2509 726 2726 798 aliquid
2749 726 2922 797 justae
2965 724 3224 794 rationis,
3251 739 3406 779 nunc
3429 740 3564 781 vero
3590 739 3720 778 cum
3751 739 3820 778 ea

2189 821 2500 895 postulent,
2531 836 2658 892 quae.
2683 819 2807 874 sine
2835 817 3055 876 invidia
3085 817 3367 886 omnium,
3413 822 3469 872 et
3509 817 3820 890 reprehen-

2189 916 2350 972 sione
2374 931 2496 972 esse
2537 929 2654 970 non
2695 915 2958 987 possunt,
2985 928 3099 970 non
3142 927 3369 970 necesse
3399 927 3492 970 eos
3516 911 3599 972 ire
3628 910 3698 970 ad
3726 928 3817 970 co~

532 1013 666 1068 VIII.
697 1011 857 1067 Osius
884 1012 1180 1085 episcopus
1199 1013 1340 1068 dixit
1362 1030 1375 1069 :
1399 1013 1855 1086 Importunitatis
1882 1018 2092 1070 nostra;
2192 1009 2477 1065 mitatum.

461 1104 636 1161 nimia
659 1105 998 1178 frequentia,
1027 1109 1084 1162 et
1108 1106 1334 1178 injustse
1360 1107 1666 1179 petitiones
1707 1107 1966 1164 fecerunt
1987 1125 2094 1164 nos

459 1213 576 1253 non
605 1201 826 1254 tantam
851 1200 1061 1256 habere
1089 1199 1334 1271 gratiam
1366 1205 1465 1256 aut
1489 1201 1779 1271 fiduciam,
1799 1201 1937 1256 dum
1964 1201 2090 1272 qui-

463 1291 591 1348 dam
621 1308 736 1349 non
763 1297 986 1348 cessant
1015 1293 1086 1349 ad
1114 1292 1444 1349 comitatum
1470 1293 1552 1349 ire
1571 1293 1820 1366 episcopi
1847 1294 2094 1350 maxime

462 1385 632 1454 Afri,
698 1386 797 1458 qui
849 1385 1013 1441 sicuti
1069 1385 1461 1458 cognovimus,
1515 1387 1860 1443 sanctissimi
1909 1387 2097 1443 fratris

465 1478 783 1551 coepiscOpi
823 1479 1005 1535 nostri
1048 1479 1194 1552 grati
1223 1479 1456 1536 consilia
1503 1481 1766 1537 salutaria
1793 1483 2092 1554 spernunt,

467 1576 640 1643 atque
684 1576 1083 1642 contemnunt,
1133 1576 1190 1628 et
1251 1591 1366 1629 non
1417 1573 1600 1629 solum
1642 1575 1713 1630 ad
1763 1575 2096 1630 comitatum

466 1665 677 1721 multas
714 1669 773 1720 et
816 1667 1062 1722 diversas
1100 1668 1357 1723 Ecclesiae
1399 1685 1518 1724 non
1563 1669 1894 1740 profuturas
1944 1685 2093 1740 prae-

467 1758 662 1813 ferunt
689 1775 900 1828 causas,
933 1763 1000 1814 ut
1023 1759 1150 1814 ﬁeri
1176 1761 1320 1816 solet
1347 1765 1444 1816 aut
1470 1764 1717 1832 oportet,
1743 1766 1805 1816 ut
1835 1764 1934 1817 aut
1962 1779 2098 1833 pau-

2264 1103 2349 1157 XI.
2369 1100 2720 1157 Gaudentius
2741 1100 3039 1172 episcopus
3055 1100 3228 1156 dixit:
3253 1103 3332 1157 Ea
3357 1116 3486 1172 quae
3521 1100 3822 1157 salubriter

2193 1195 2510 1268 providistis
2529 1194 2887 1250 convenienti
2907 1194 3288 1251 aestimatione
3316 1194 3694 1266 omniumque
3705 1195 3822 1250 Deo

2194 1289 2470 1361 placitura
2496 1293 2554 1344 et
2583 1288 2914 1343 hominibus
2930 1290 3130 1344 tenere
3147 1288 3423 1345 hactenus
3433 1287 3823 1344 fortitudinem

2194 1386 2452 1456 possunt,
2468 1382 2515 1437 si
2535 1389 2723 1438 metus
2735 1382 2867 1437 huic
2882 1381 3176 1438 sententiae
3200 1382 3600 1454 conjungatur,
3615 1381 3824 1438 scimus

2195 1477 2352 1535 enim
2376 1477 2547 1532 etiam
2587 1476 2693 1548 ipsi
2733 1475 3043 1548 saepissime
3083 1481 3316 1548 propter
3354 1492 3664 1548 paucorum
3711 1476 3822 1532 im-

2195 1570 2558 1645 prudentiam
2575 1586 2800 1626 sacrum
2817 1587 2882 1625 ac
2894 1568 3228 1642 religiosum
3247 1570 3594 1625 sacerdotale
3612 1587 3825 1626 nomen

2194 1665 2368 1722 fuisse
2398 1665 2831 1737 reprehensum.
2879 1663 2937 1720 Si
2975 1663 3151 1735 igitur
3177 1668 3372 1719 contra
3415 1663 3676 1719 omnium
3704 1680 3828 1719 sen-

2195 1759 2437 1815 tentiam
2467 1758 2670 1830 aliquis
2699 1757 2850 1812 visus
2870 1757 3044 1812 fuerit
3065 1756 3364 1812 ambitioni
3390 1756 3618 1830 placere
3641 1757 3832 1829 magis

466 1851 719 1922 peribus,
744 1855 843 1907 aut
866 1852 1070 1921 viduis,
1100 1858 1198 1910 aut
1222 1854 1455 1926 pupillis
1496 1828 1881 1925 subveniatur,
1915 1828 2015 1909 sed
2043 1828 2174 1910 etB
2199 1870 2370 1925 quam
2387 1854 2520 1920 Deo,
2539 1828 2710 1906 debet
2735 1851 2876 1906 scire
2894 1850 3074 1906 causis
3097 1850 3331 1906 redditis
3355 1828 3636 1907 honorem
3656 1828 3832 1922 atque

471 1944 776 2016 dignitates
829 1948 1144 2015 saeculares,
1193 1952 1251 2003 et
1294 1947 1816 2004 administrationes
1865 1947 2096 2019 quibus-

469 2053 638 2109 quam
668 2040 975 2109 postulant,
991 2041 1114 2095 haec
1131 2041 1320 2113 itaque
1335 2041 1589 2112 pravitas
1615 2040 1751 2096 olim
1777 2058 1893 2096 non
1915 2041 2101 2096 solum

468 2132 972 2202 murmurationes,
1005 2135 1102 2189 sed
1140 2139 1197 2190 et
1222 2135 1488 2191 scandala
1536 2134 1760 2190 excitat.
1788 2136 2100 2190 Honestum

470 2227 556 2279 est
579 2227 772 2280 autem
792 2231 857 2280 ut
881 2227 1175 2299 episcOpus
1196 2227 1659 2283 intercessionem
1676 2244 1837 2282 suam
1851 2227 1940 2282 his
1954 2243 2096 2299 pra;-

470 2321 580 2372 stet
607 2318 706 2390 qui
731 2318 918 2391 aliqua
955 2319 1150 2391 iniqua
1191 2320 1245 2374 vi
1289 2320 1714 2392 opprimuntur,
1740 2325 1838 2376 aut
1865 2320 1910 2375 si
1934 2321 2102 2376 vidua

469 2409 773 2482 afﬂigatur,
819 2414 919 2466 aut
960 2413 1208 2484 pupillus
1253 2414 1614 2485 exspolietur,
1659 2419 1849 2469 tamen
1895 2417 1952 2468 et
1994 2413 2102 2469 ista

469 2505 665 2560 omnia
689 2503 733 2559 si
756 2504 974 2575 justam
1013 2506 1266 2561 habeant
1297 2524 1521 2562 causam
1558 2512 1616 2563 et
1657 2507 2012 2579 petitionem.
2043 2507 2101 2562 Si

470 2596 626 2653 vobis
657 2613 816 2670 ergo,
845 2598 1046 2654 fratres
1075 2599 1409 2668 charissimi,
1441 2601 1646 2672 placet,
1681 2600 1988 2670 decernite,
2027 2616 2102 2656 ne

471 2691 715 2762 episcopi
755 2692 825 2747 ad
868 2692 1202 2777 comitatum
1247 2694 1540 2764 accedant,
1583 2693 1695 2748 nisi
1739 2694 1884 2748 forte
1916 2693 1972 2748 hi
2004 2695 2103 2766 qui

470 2782 878 2853 religiosissimi
909 2785 1265 2856 imperatoris
1293 2786 1515 2855 litteris,
1543 2787 1631 2841 vel
1651 2786 1870 2842 invitati
1888 2787 2102 2842 fuerint

467 2877 553 2931 vel
580 2877 785 2947 vocati,
806 2878 902 2933 sed
919 2879 1195 2950 quoniam
1225 2895 1375 2950 smpe
1397 2880 1698 2951 contingit,
1718 2884 1778 2935 ut
1792 2880 1860 2934 ad
1878 2879 2099 2936 miseri-

470 2969 723 3025 cordiam
781 2971 1038 3026 Ecclesiae
1092 2972 1464 3044 confugiant,
1526 2974 1626 3044 qui
1682 2973 1951 3045 injuriam
2003 2991 2100 3046 pa-

469 3063 709 3133 tiuntur,
758 3068 815 3119 et
853 3065 950 3137 qui
994 3069 1293 3138 peccantes
1337 3066 1396 3121 in
1443 3066 1725 3135 exsilium,
1771 3068 1855 3122 vel
1893 3067 2105 3122 insulas

2198 1946 2538 2018 dignitatem
2571 1962 2629 1999 se
2656 1945 3021 2012 amissurum,
3053 1946 3162 1999 hoc
3191 1949 3381 2000 autem
3407 1944 3556 2010 sciri,
3580 1948 3637 2000 et
3664 1961 3830 1999 com-

2199 2039 2369 2113 periri
2399 2039 2606 2111 poterit
2629 2041 2676 2095 si
2707 2041 3098 2112 unusquisque
3141 2044 3399 2095 nostrum
3427 2040 3524 2111 qui
3555 2039 3614 2094 in
3643 2039 3830 2095 canali

2199 2134 2537 2189 constitutus
2576 2137 2660 2188 est
2701 2150 2832 2188 cum
2876 2134 3339 2205 progredientem
3375 2133 3702 2205 episcopum
3743 2132 3831 2188 vi-

2200 2227 2367 2294 derit,
2394 2226 2646 2298 inquirat
2673 2225 2984 2281 transitum
3035 2226 3179 2298 ejus,
3225 2243 3421 2282 causas
3463 2226 3671 2297 videat,
3713 2242 3832 2297 quo

2197 2319 2403 2387 tendit,
2434 2322 2720 2391 agnoscat.
2750 2321 2818 2376 Et
2845 2318 2890 2373 si
2917 2319 3150 2391 quidem
3165 2336 3296 2375 eum
3322 2319 3620 2390 agnoverit
3645 2317 3731 2373 ire
3754 2318 3832 2374 ad

2200 2414 2554 2483 comitatum,
2586 2413 2840 2484 requirat
2880 2413 3020 2468 illud
3063 2413 3217 2485 quod
3262 2412 3525 2484 superius
3559 2429 3831 2484 compre-

2201 2509 2447 2563 hensum
2481 2511 2586 2576 est,
2631 2523 2703 2562 ne
2738 2507 2882 2562 forte
2923 2507 3196 2562 invitatus
3245 2507 3336 2575 sit,
3384 2510 3449 2562 ut
3494 2506 3547 2561 ei
3599 2507 3838 2562 facultas

2202 2601 2378 2656 eundi
2421 2600 2805 2672 permittatur,
2854 2599 2900 2654 si
2950 2617 3084 2654 vero
3143 2602 3208 2654 ut
3259 2600 3518 2671 superius
3569 2600 3839 2654 meminit

2203 2695 2465 2750 sanctitas
2492 2696 2674 2749 vestra
2707 2697 2946 2766 propter
2993 2693 3274 2750 desideria
3303 2697 3360 2749 et
3389 2693 3724 2749 ambitiones
3748 2693 3836 2748 ire

2204 2788 2275 2844 ad
2341 2787 2673 2842 comitatum
2745 2787 3047 2843 tentaverit
3076 2828 3089 2854 ,
3161 2803 3347 2859 neque
3422 2787 3627 2843 litteris
3707 2787 3836 2857 ejus

2203 2881 2604 2951 subscribatur,
2632 2897 2818 2952 neque
2858 2880 2915 2934 in
2963 2881 3368 2936 communione
3413 2880 3734 2952 recipiatur.
3773 2880 3836 2936 Si

2202 2975 2360 3030 vobis
2400 2975 2596 3046 placet,
2641 2975 2807 3030 debet
2852 2974 3114 3029 omnium
3162 2974 3443 3030 sententia
3481 2974 3831 3029 confirmari.

2203 3067 2459 3123 Universi
2496 3068 2803 3123 dixerunt:
2836 3069 2953 3123 Hoc
2995 3068 3299 3124 honestum
3343 3084 3483 3138 esse,
3517 3072 3574 3124 et
3613 3068 3836 3140 placere

472 3156 842 3227 damnantur,
861 3163 958 3214 aut
975 3162 1126 3215 certe
1147 3174 1550 3234 quamcunque
1569 3160 1912 3217 sententiam
1936 3162 2106 3216 susci-
2124 3192 2178 3267 Ο
2205 3163 2309 3218 sibi
2330 3161 2809 3217 constitutionem.

469 3249 654 3320 piunt,
681 3250 919 3324 ideoque
948 3252 1402 3308 subveniendum
1447 3258 1529 3310 est
1571 3254 1679 3322 his,
1709 3258 1765 3310 et
1789 3254 1912 3309 sine
1945 3254 2105 3309 dubi-

471 3342 684 3400 tatione
729 3345 808 3400 eis
850 3347 1097 3418 petenda
1145 3364 1248 3419 per
1291 3349 1594 3404 Ecclesiam
1632 3347 2010 3420 indulgentia.
2045 3348 2104 3404 Si
2166 3386 2178 3394 ο

471 3453 605 3493 vero
627 3438 733 3494 hoc
757 3439 915 3494 vobis
943 3442 1148 3512 placet,
1186 3444 1485 3498 statuatur.
1514 3442 1770 3498 Universi
1792 3442 2056 3498 dixerunt
2087 3458 2100 3498 :

469 3531 676 3601 Placet,
707 3537 762 3588 et
781 3534 1180 3590 constituatur.

536 3626 619 3681 IX.
656 3627 819 3682 Osius
845 3627 1139 3700 episcOpus
1165 3629 1310 3685 dixit
1339 3647 1351 3685 :
1379 3630 1509 3684 Haec
1537 3645 1767 3702 quoque
1798 3630 2105 3702 prudentia

466 3721 648 3773 vestra
675 3723 919 3776 tractare
945 3721 1132 3790 debet,
1157 3723 1292 3793 quia
1319 3726 1383 3778 ut
1413 3723 1738 3777 decrevistis
1757 3740 1829 3778 ne
1852 3721 2105 3795 episcopi

467 3811 809 3885 improbitas
830 3817 1064 3868 notetur
1092 3815 1164 3869 ad
1192 3815 1528 3871 comitatum
1546 3816 1923 3887 pergendum,
1955 3829 2106 3888 quieo

467 3920 693 3975 cunque
722 3921 860 3977 ergo
903 3907 1097 3977 quales
1143 3907 1403 3978 superius
1431 3907 1873 3962 memoravimus
1911 3925 2105 3980 preces

469 3997 794 4068 habuerint,
810 3998 900 4054 vel
914 3999 1236 4071 acceperint
1261 4017 1366 4072 per
1381 4001 1685 4057 diaconum
1703 4018 1871 4056 suum
1894 4002 2101 4072 mittat,

470 4091 604 4162 quia
630 4107 877 4163 persona
902 4093 1150 4149 ministri
1174 4111 1294 4150 non
1321 4094 1429 4150 erit
1466 4094 1764 4164 invidiosa,
1797 4113 1926 4168 quae
1954 4097 2102 4152 cele-

472 4183 590 4238 rius
618 4185 834 4256 poterit
861 4202 988 4258 quae
1009 4186 1397 4259 impetraverit
1423 4189 1660 4245 referre.
1689 4190 1757 4245 Et
1777 4189 1886 4245 hoc
1910 4207 2106 4246 conse-

473 4293 655 4348 quens
709 4294 832 4336 esse
890 4280 1141 4349 videtur,
1195 4285 1257 4336 ut
1309 4283 1695 4355 unusquisque
1761 4282 1859 4355 qui
1914 4300 2107 4355 preces

473 4371 741 4426 habuerit
784 4390 880 4428 eas
910 4374 983 4429 ad
1024 4375 1231 4430 fratres
1260 4379 1318 4431 et
1359 4377 1726 4449 coepiscopos
1755 4380 1980 4432 nostros
2008 4377 2104 4450 qui

471 4464 530 4520 in
574 4466 825 4522 maxima
867 4467 1110 4536 civitate,
1163 4469 1223 4523 id
1273 4473 1378 4540 est,
1433 4470 1530 4543 qui
1576 4470 1876 4543 metrOpoli
1913 4471 2103 4526 consi-

2274 3257 2376 3310 ΧΠ.
2409 3255 2571 3312 Osius
2601 3255 2897 3327 episcopus
2942 3255 3121 3311 dixit:
3153 3255 3260 3311 Sed
3302 3257 3360 3310 et
3407 3255 3723 3311 moderatio
3753 3260 3842 3310 est

2205 3349 2545 3417 necessaria,
2598 3347 2948 3404 dilectissimi
3002 3349 3221 3415 fratres,
3281 3365 3351 3402 ne
3407 3347 3592 3403 subito
3649 3348 3839 3404 adhuc

2203 3442 2433 3515 quidam
2473 3443 2791 3498 nescientes
2837 3441 2972 3514 quid
3015 3442 3308 3496 decretum
3354 3441 3426 3496 sit
3472 3442 3530 3496 in
3589 3441 3832 3513 synodo,

2201 3536 2468 3591 venerint
2496 3535 2678 3590 subito
2706 3536 2779 3590 ad
2809 3534 3060 3590 civitates
3087 3551 3199 3604 eas,
3223 3551 3351 3606 quae
3380 3533 3439 3589 in
3464 3534 3646 3589 canali
3673 3540 3828 3601 sunt,

2204 3629 2374 3685 debet
2390 3629 2686 3701 episcopus
2705 3628 2944 3684 civitatis
2963 3628 3141 3700 ipsius
3163 3627 3469 3683 admonere
3486 3632 3543 3683 et
3557 3627 3843 3683 instruere

2203 3723 2387 3792 illum,
2423 3727 2479 3778 et
2508 3738 2574 3777 ex
2603 3739 2670 3778 eo
2701 3723 2825 3777 loco
2841 3721 2937 3776 ille
2958 3721 3150 3776 mittat
3171 3721 3499 3792 diaconum,
3517 3720 3842 3776 admonitus

2204 3821 2400 3872 tamen
2426 3815 2544 3888 ipse
2567 3817 2764 3872 redeat
2791 3815 2863 3870 ad
2888 3815 3224 3888 parochiam
3254 3804 3456 3888 suam.,’l

2274 3853 2400 3872 ιηυυ
2427 3853 2544 3888 Ψου
2567 3853 2764 3872 ιυυυαυ
2791 3853 2863 3870 ιω
2889 3853 3224 3888 γαιυυωυιω
3254 3853 3466 3880 sua“...

2274 3911 2407 3966 XIII.
2432 3909 2595 3966 Osius
2619 3909 2913 3982 episcopus
2941 3908 3082 3964 dixit
3111 3853 3545 3979 :Necessaridm,
3565 3907 3838 3976 arbitror,

2205 4008 2269 4060 ut
2311 4003 2738 4076 diligentissime
2781 4002 3051 4070 tractetis,
3103 4001 3148 4056 si
3187 4001 3335 4057 forte
3383 4005 3484 4057 aut
3525 4001 3698 4071 dives,
3739 4007 3842 4058 aut

2205 4098 2566 4155 scholastiCus
2583 4098 2653 4152 de
2671 4096 2817 4166 foro,
2833 4100 2929 4151 aut
2950 4114 3014 4151 ex
3037 4095 3527 4152 administratione
3543 4095 3842 4167 episcopus

2203 4193 2378 4248 fuerit
2405 4191 2742 4264 postulatus,
2779 4206 2892 4245 non
2938 4189 3097 4261 prius
3137 4189 3455 4257 ordinetur,
3490 4189 3598 4244 nisi
3623 4193 3680 4245 et
3707 4194 3842 4245 ante

2203 4285 2429 4341 lectoris
2449 4299 2713 4351 munere,
2736 4286 2794 4338 et
2808 4283 2998 4338 officio
3019 4282 3239 4338 diaconi
3258 4287 3314 4337 et
3331 4282 3644 4354 presbyteri
3670 4283 3847 4338 fuerit

2206 4379 2555 4452 perfunctus.
2603 4377 2671 4432 Et
2708 4376 2787 4430 ita
2833 4393 2937 4448 per
2983 4375 3237 4448 singulos
3280 4375 3510 4447 gradus,
3543 4376 3589 4430 si
3631 4375 3845 4447 dignus

2204 4472 2397 4540 fuerit,
2421 4470 2688 4534 ascendat
2708 4470 2778 4525 ad
2799 4471 3028 4525 culmen
3046 4469 3419 4542 episcopatus,
3447 4473 3659 4541 postest
3684 4469 3842 4525 enim

468 4562 645 4630 stunt,
675 4559 926 4630 mittant,
969 4565 1026 4616 et
1068 4561 1148 4616 illi
1199 4579 1302 4634 per
1349 4580 1478 4618 suos
1505 4564 1775 4619 diaconos
1803 4563 2102 4634 destinent,
2126 4562 2185 4635 D
2212 4582 2310 4638 per
2340 4567 2459 4633 has,
2491 4564 2881 4636 promotiones
2919 4580 3045 4635 qua:
3089 4562 3304 4618 habent
3329 4563 3524 4634 utique
3554 4563 3842 4634 prolixum

472 4657 777 4715 tribuendo
810 4660 1303 4718 commendatitias
1341 4661 1604 4734 epistolas
1633 4663 1757 4734 pari
1785 4663 2007 4717 ratione
2037 4663 2108 4717 ad

467 4751 673 4807 fratres
703 4756 759 4807 et
792 4755 1151 4827 coepiscopos
1183 4760 1403 4812 nostros
1430 4757 1527 4828 qui
1554 4755 1613 4810 in
1639 4756 1735 4812 illo
1758 4759 2019 4828 tempore
2047 4756 2105 4810 in

472 4845 558 4899 his
609 4846 941 4916 regionibus
1005 4853 1061 4903 et
1129 4849 1362 4905 urbibus
1414 4854 1731 4918 morantur,
1790 4849 1850 4902 in
1902 4849 2107 4920 quibus

470 4937 602 4992 felix
633 4944 690 4993 et
730 4937 929 4994 beatus
958 4941 1305 5014 Augustinus
1350 4942 1765 5014 rempublicam
1809 4942 2102 5012 gubernat.

472 5029 528 5085 Si
571 5047 704 5087 vero
734 5031 909 5088 habet
936 5034 1062 5106 quis
1091 5035 1487 5109 episcoporum
1535 5035 1748 5091 amicos
1779 5035 1838 5089 in
1867 5034 2104 5106 palatio,

472 5123 571 5196 qui
584 5125 738 5195 cupit
755 5126 970 5198 aliquid
989 5130 1141 5200 quod
1157 5133 1347 5185 tamen
1374 5131 1682 5186 honestum
1702 5132 1786 5184 est
1802 5128 2106 5200 impetrare

469 5233 587 5272 non
631 5219 1002 5288 prohibeatur
1047 5241 1154 5294 per
1194 5225 1504 5279 diaconum
1552 5239 1720 5278 suum
1771 5237 1999 5293 rogare,
2052 5221 2144 5277 et‘

470 5310 789 5382 significare
823 5314 903 5369 eis
931 5333 1074 5387 quos
1119 5317 1222 5372 scit
1263 5317 1515 5389 benigna
1561 5316 1958 5372 intercessione
2001 5315 2106 5370 sibi

471 5405 690 5461 absenti
734 5425 897 5478 posse
937 5415 1226 5480 praestare.
1275 5410 1381 5476 Qui
1425 5428 1558 5466 vero
1590 5413 1826 5467 Romam
1866 5409 2104 5479 venerit,

469 5498 614 5554 sicut
652 5500 867 5558 dictum
907 5506 1012 5570 est,
1059 5503 1413 5559 sanctissimo
1463 5504 1622 5559 fratri
1674 5509 1729 5558 et
1772 5503 2106 5576 coepiscopo

472 5597 667 5650 nostro
694 5598 969 5652 Romanae
996 5597 1255 5652 Ecclesiae
1287 5614 1486 5669 preces
1513 5615 1651 5670 quas
1677 5598 1869 5666 habet,
1904 5597 2105 5666 tradat,

469 5690 538 5744 ut
563 5689 684 5759 ipse
713 5691 870 5762 prius
900 5689 1188 5745 examinet
1219 5691 1262 5745 si
1295 5692 1568 5759 honestae,
1593 5695 1658 5746 .et
1687 5693 1854 5763 justze
1883 5694 2036 5759 sunt,
2055 5694 2110 5745 ct

473 5785 705 5848 praestet
729 5781 1086 5852 diligentiam
1105 5787 1277 5854 atque
1307 5783 1742 5839 sollicitudinem
1765 5788 1830 5839 ut
1848 5784 1921 5839 ad
1941 5783 2112 5838 comi-

474 5875 656 5926 tatum
697 5874 1078 5943 perferantur.
1113 5875 1367 5932 Universi
1396 5875 1659 5933 dixerunt
1688 5877 1948 5932 :Placere
1980 5875 2106 5934 sibi.

2207 4662 2437 4732 tempus
2479 4658 2731 4730 probari,
2773 4674 2882 4728 qua
2925 4657 3036 4712 ﬁde
3080 4656 3170 4725 sit,
3216 4670 3398 4727 quave
3439 4656 3742 4724 modestia,
3784 4660 3845 4711 et

2209 4752 2485 4825 gravitate
2503 4755 2559 4807 et
2574 4750 2932 4806 verecundia.
2957 4750 3042 4820 Et,
3060 4749 3105 4804 si
3123 4749 3330 4821 dignus
3354 4749 3544 4816 fuerit,
3569 4750 3843 4820 probatus

2207 4847 2395 4902 divino
2421 4846 2736 4901 sacerdotio
2779 4845 3111 4899 illustretur.
3158 4844 3302 4898 Nam
3348 4859 3451 4898 nec
3494 4843 3844 4899 conveniens

2207 4946 2310 5008 est,
2346 4957 2450 4996 nec
2494 4939 2730 4995 rationis
2770 4937 3068 5008 disciplina
3117 4937 3350 5009 patitur,
3405 4939 3467 4991 ut
3517 4940 3733 4993 temere
3774 4954 3842 4992 ac

2205 5033 2408 5089 leviter
2460 5033 2755 5088 ordinetur
2813 5030 3144 5102 episcopus,
3206 5033 3304 5084 aut
3353 5029 3679 5100 presbyter,
3743 5034 3845 5084 aut

2206 5127 2499 5193 diaconus,
2548 5124 2648 5196 qui
2695 5124 3017 5195 necphytus
3047 5127 3149 5189 est,
3181 5123 3434 5178 maxime
3462 5139 3594 5177 cum
3629 5123 3841 5178 beatis-

2206 5220 2381 5276 simus
2424 5217 2729 5290 Apostolus
2773 5216 3049 5288 magister
3085 5216 3365 5287 gentium,
3405 5233 3479 5271 ne
3523 5217 3632 5271 hoc
3673 5217 3847 5273 ﬁeret

2207 5313 2566 5370 denuntiasSe
2595 5314 2653 5366 et
2679 5308 3040 5381 prohibuisse
3072 5310 3351 5378 videatur,
3381 5311 3473 5365 sed
3504 5309 3562 5364 hi
3591 5326 3844 5381 quorum

2206 5423 2310 5480 per
2347 5407 2589 5477 longum
2627 5409 2854 5475 tempus
2903 5402 3230 5458 examinata
3272 5403 3345 5458 sit
3391 5403 3502 5458 vita
3545 5408 3603 5458 et
3632 5404 3846 5460 merita

2207 5499 2591 5572 comprobata.
2619 5497 2871 5555 Universi
2900 5497 3164 5552 dixerunt
3192 5496 3408 5568 placere
3439 5496 3547 5551 sibi
3575 5497 3719 5552 haec.

2279 5595 2410 5649 XlV.
2439 5593 2598 5648 Osius
2625 5591 2922 5663 episcopus
2953 5591 3098 5646 dixit
3135 5609 3149 5646 τ
3181 5592 3293 5645 Hoc
3337 5607 3562 5662 quoque
3591 5593 3845 5649 statuere

2210 5686 2451 5756 debetis,
2485 5690 2544 5741 ut
2565 5685 2863 5758 episcopus
2889 5702 2959 5740 ex
2985 5684 3094 5740 alia
3119 5683 3346 5739 civitate
3375 5673 3506 5740 curm
3533 5684 3757 5740 venerit
3772 5685 3843 5741 ad

2209 5781 2376 5836 aliam
2428 5779 2733 5848 civitatem,
2789 5780 2877 5836 vel
2937 5795 3006 5833 ex
3061 5778 3353 5850 provincia
3409 5795 3508 5832 sua
3549 5778 3621 5833 ad
3669 5778 3842 5834 aliam

2211 5873 2556 5946 provinciam
2583 5916 2596 5939 ,
2661 5876 2720 5928 et
2784 5871 3081 5929 ambitioni
3140 5872 3322 5944 magis
3393 5871 3596 5928 serviat
3670 5889 3842 5944 quam
