4058 6300
233 318 336 372 277

1442 313 1913 382 unumunum
1953 326 2343 389 COLLECTIO.

3488 358 3591 410 278

235 425 549 497 devotioni,
590 427 672 484 ita
736 432 800 486 ut
863 430 909 486 si
979 433 1221 489 voluerit
1279 435 1337 490 in
1410 436 1598 492 aliena
1639 437 1861 492 civitate
1882 439 2342 516 Aexterminare
2367 460 2500 500 eum
2532 446 2601 501 de
2632 448 2869 506 ecclesia
2887 452 3147 525 voluerit,
3175 457 3589 528 providendum

233 520 423 575 multo
451 524 712 594 tempore
748 524 1019 593 residere,
1062 533 1119 582 et
1150 529 1444 601 contingat
1475 534 1539 585 ut
1570 531 1861 603 episcopus

231 614 481 670 civitatis
524 615 704 688 ipsius
745 635 864 674 non
929 623 1048 676 tam
1102 620 1410 678 instructus
1450 625 1556 692 sit,
1601 642 1704 681 nec
1744 629 1859 681 tam

235 708 462 777 doctus,
485 709 532 764 is
554 727 688 766 vero
715 711 811 784 qui
831 713 1055 770 advenit
1074 714 1309 787 incipiat
1329 721 1693 774 contemnere
1706 737 1857 788 eum,

234 807 292 857 et
346 803 686 874 frequenter
720 807 908 862 facere
950 824 1298 878 sermonem,
1341 814 1402 865 ut
1435 811 1775 868 dehonestet
1805 818 1862 870 et

231 895 521 953 deformet
543 897 690 954 illius
714 915 1035 971 personam.
1066 901 1190 976 65
1225 903 1346 968 Qua
1362 905 1648 962 occasione
1686 907 1768 974 ﬁt,
1799 912 1862 963 ut

1960 534 2045 585 est
2070 548 2142 586 ne
2168 533 2442 591 innocens
2487 539 2809 612 damnetur,
2852 552 2954 602 aut
2992 550 3196 620 perdat
3234 555 3591 610 communio-

1961 640 2118 718 nem.
2154 627 2221 681 Et
2239 627 2367 683 ideo
2387 631 2596 688 habeat
2623 640 2966 706 potestatem
2988 642 3087 714 qui
3119 643 3375 716 dejectus
3395 652 3500 718 est,
3532 652 3597 704 ut

1960 716 2234 774 finitimos
2261 722 2554 796 episcopos
2587 728 2931 802 interpellet,
2967 739 3026 790 et
3049 753 3221 793 causa
3246 740 3368 810 ejus
3395 716 3590 797 audia-

1959 812 2070 878 tur,
2099 815 2156 866 et
2186 813 2510 886 diligentius
2537 821 2827 893 tractetur,
2859 827 2994 898 quia
3021 845 3138 885 non
3165 836 3393 903 oportet
3420 835 3474 890 ei
3497 853 3593 891 ne-

1961 903 2086 999 gari
2112 906 2464 965 audientiam
2503 916 2750 985 roganti.
2789 919 2857 974 Et
2885 919 2978 975 ille
3018 923 3331 996 episcOpus,
3369 928 3465 999 qui
3495 933 3596 983 aut

227 1005 351 1044 non
381 990 606 1048 dubitet
647 992 972 1066 relinquere
1001 995 1105 1051 sibi
1154 997 1502 1069 assignatam
1541 1000 1856 1068 ecclesiam,
1952 994 2127 1067 juste,
2157 1004 2256 1055 aut
2277 1001 2487 1072 injuste
2513 1023 2646 1061 eum
2676 1010 2902 1081 “abjecit,
2943 990 3232 1084 patienter
3257 990 3495 1091 accipiat
3522 1025 3588 1076 ut

229 1088 287 1138 et
313 1085 552 1140 transire
583 1086 654 1142 ad
679 1086 942 1156 alienam,
965 1088 1194 1146 definite
1220 1107 1358 1163 ergo
1383 1096 1626 1164 tempus,
1650 1094 1783 1165 quia
1805 1100 1861 1151 et

232 1193 352 1232 non
380 1177 635 1250 recipere
663 1180 991 1253 episcopum
1017 1183 1398 1240 inhumanum
1428 1190 1530 1255 est,
1565 1190 1623 1242 et
1648 1187 1860 1243 diutius

229 1270 480 1326 residere
497 1273 878 1343 perniciosum
897 1280 1000 1331 est.
1029 1277 1107 1332 Ne
1138 1277 1238 1332 ﬁat
1267 1295 1404 1352 ergo
1436 1280 1545 1334 hoc
1563 1281 1860 1352 providen-

230 1363 372 1419 dum
414 1368 521 1421 est.
558 1367 791 1423 Memini
824 1375 1020 1424 autem
1067 1371 1347 1443 superiori
1388 1373 1620 1430 consilio
1659 1375 1860 1432 fratres

226 1462 458 1513 nostros
484 1461 858 1531 constituisse,
884 1465 947 1517 ut
975 1463 1023 1518 si
1048 1465 1176 1535 quis
1200 1465 1374 1520 laicus
1399 1465 1458 1521 in
1483 1483 1550 1522 ea
1579 1485 1692 1540 qua
1709 1485 1861 1524 com-

226 1555 488 1608 moratur
506 1553 728 1610 civitate
744 1558 860 1610 tres
877 1556 1213 1628 Dominicas,
1235 1557 1298 1613 id
1319 1562 1420 1630 est,
1442 1576 1544 1632 per
1563 1563 1674 1617 tres
1695 1563 1860 1634 septi-

229 1662 434 1701 manas
457 1663 576 1704 non
596 1646 934 1705 celebrasset
951 1655 1298 1707 conventum
1319 1655 1722 1711 communione
1740 1657 1856 1728 pri-

228 1743 479 1796 varetur.
527 1741 582 1796 Si
622 1757 758 1812 ergo
802 1743 924 1798 11836
968 1743 1116 1799 circa
1152 1745 1324 1802 laicos
1359 1749 1656 1804 constituta
1704 1754 1854 1819 sunt,

227 1838 443 1905 quanto
472 1835 660 1905 magis
693 1809 809 1890 'nec
858 1836 988 1892 licet
1023 1855 1128 1893 nec
1163 1839 1321 1894 decet
1369 1845 1428 1894 ut
1483 1841 1777 1914 episcopus
1811 1809 1934 1898 siB

224 1927 405 1980 ullam
453 1933 568 1982 tam
619 1944 854 1999 gravem
909 1931 1115 1986 habeat
1159 1933 1552 1989 necessitatem
1603 1953 1709 1991 nec
1741 1939 1858 1990 tam

226 2019 518 2074 difficilem
566 2023 886 2091 rationem,
936 2026 1003 2078 ut
1053 2025 1252 2079 tandiu
1296 2027 1440 2081 desit
1483 2027 1552 2082 ab
1623 2030 1858 2084 ecclesia

224 2130 298 2168 ne
343 2116 622 2187 populum
665 2117 978 2199 contristet.
1025 2118 1281 2174 Universi
1323 2119 1592 2176 dixerunt
1633 2123 1856 2193 placere

226 2207 327 2262 sibi
338 2250 351 2262 .

297 2302 402 2357 XV.
435 2301 600 2357 Osius
622 2302 921 2375 episcopus
942 2305 1116 2362 dixit:
1148 2306 1289 2372 Quia
1320 2306 1461 2361 nihil
1495 2308 1857 2379 praetermitti

225 2399 468 2465 oportet,
498 2401 633 2451 sunt
677 2397 914 2468 quidam
956 2399 1161 2454 fratres
1201 2403 1259 2455 et
1299 2401 1619 2472 coepiscopi
1649 2402 1852 2472 nostri,

223 2489 320 2559 qui
347 2505 466 2544 non
495 2488 554 2544 in
581 2506 647 2544 ea
681 2490 905 2546 civitate
937 2491 1211 2561 resident,
1260 2492 1320 2548 in
1351 2511 1465 2565 qua
1499 2495 1745 2566 episcopi
1770 2495 1854 2549 vi-

221 2581 434 2637 dentur
475 2599 596 2637 esse
631 2583 950 2653 constituti,
996 2587 1083 2640 vel
1121 2591 1271 2642 certe
1320 2603 1552 2657 parvam
1587 2605 1714 2642 rem
1755 2589 1852 2657 ibi,

221 2675 350 2729 alibi
378 2680 575 2731 autem
603 2676 813 2731 idonea
840 2678 1054 2749 prmdia
1080 2679 1293 2734 habere
1321 2685 1635 2736 noscuntur
1662 2683 1748 2736 vel
1778 2683 1856 2736 af-

221 2768 494 2823 fectiones
520 2770 918 2840 proximorum
950 2773 1155 2843 quibus
1190 2773 1550 2844 indulgeant,
1579 2775 1856 2830 hactenus

222 2867 414 2916 autem
441 2862 522 2916 eis
541 2864 795 2934 permitti
826 2868 1072 2936 oportet,
1125 2869 1183 2920 ut
1224 2867 1497 2922 accedant
1535 2869 1606 2923 ad
1632 2885 1852 2940 posses-

221 2954 408 3010 siones
425 2973 576 3026 suas,
593 2961 650 3011 et
670 2957 978 3029 disponant
991 2960 1079 3014 vel
1099 2960 1365 3014 ordinent
1382 2960 1629 3016 fructum
1645 2963 1854 3017 laboris

221 3049 325 3118 sui,
354 3053 438 3116 ut,
473 3055 602 3120 post
628 3051 953 3107 Dominicas
985 3055 1122 3122 tres,
1169 3053 1226 3108 id
1256 3057 1339 3108 est
1369 3057 1494 3124 post
1521 3061 1637 3110 tres
1678 3056 1850 3127 septi-

218 3158 436 3211 manas,
467 3143 513 3197 si
539 3144 750 3198 morari
780 3161 1006 3201 necesse
1047 3151 1150 3214 est,
1193 3147 1252 3201 in
1295 3149 1409 3202 suis
1450 3148 1637 3218 potius
1665 3149 1852 3204 fundis
1873 3170 1929 3244 ρ

219 3241 536 3293 morentur.
569 3239 635 3292 Et
661 3237 705 3292 si
731 3242 815 3293 est
858 3239 1117 3310 proxima
1155 3240 1348 3296 civitas
1389 3241 1447 3294 in
1476 3259 1590 3312 qua
1615 3243 1848 3313 presby-

219 3333 304 3382 ter
333 3336 440 3396 est,
473 3347 547 3384 ne
585 3331 705 3386 sine
740 3331 976 3387 ecclesia
1018 3333 1205 3388 facere
1246 3334 1506 3389 videatur
1535 3335 1623 3389 die
1657 3336 1848 3390 Domi-

219 3422 364 3490 nico,
399 3423 534 3478 illuc
565 3424 797 3478 accedat
837 3429 898 3480 ut
942 3442 1048 3479 nec
1092 3441 1180 3480 res
1217 3427 1340 3497 ejus
1377 3426 1702 3482 domestica:
1753 3445 1854 3499 per

218 3517 541 3572 absentiam
568 3518 690 3587 ejus
723 3517 1128 3574 detrimentum
1156 3520 1490 3575 sustineant.
1515 3522 1583 3574 Et
1608 3538 1721 3575 non
1743 3522 1852 3576 fre-

215 3615 464 3680 quenter
480 3610 756 3665 veniendo
780 3611 849 3666 ad
863 3611 1033 3666 aliam
1061 3612 1370 3682 civitatem,
1404 3613 1462 3668 in
1490 3631 1603 3685 qua
1631 3618 1716 3669 est
1737 3615 1849 3684 epi-

217 3720 422 3774 scopus
446 3703 767 3775 suspicione
792 3704 1078 3775 jactantiaa
1123 3711 1178 3761 et
1221 3707 1543 3762 ambitionis
1580 3709 1846 3764 incurrat.

217 3797 472 3851 Universi
498 3797 763 3852 dixerunt
787 3798 1008 3869 placere
1041 3785 1195 3869 sibi.(

283 3892 413 3944 XVI.
465 3890 629 3945 Osius
668 3891 963 3964 episcopus
1001 3893 1139 3948 dixit
1176 3883 1189 3948 ἐ
1224 3893 1279 3948 Si
1317 3895 1424 3949 hoc
1463 3910 1691 3966 quoque
1720 3911 1846 3949 om-

214 3983 384 4038 nibus
423 3985 628 4055 placet,
659 3987 723 4038 ut
751 3985 865 4040 sive
905 3985 1201 4054 diaconus,
1239 3986 1354 4042 sive
1399 3987 1707 4059 presbyter,
1736 3988 1850 4044 sive

214 4078 338 4148 quis
367 4077 706 4132 clericorum
731 4077 800 4132 ab
828 4078 1091 4150 episcopo
1113 4096 1217 4134 suo
1247 4080 1420 4136 fuerit
1447 4082 1849 4137 communione

217 4171 484 4241 privatus,
527 4174 584 4225 et
616 4171 689 4225 ad
736 4171 980 4226 alterum
1023 4174 1342 4244 perrexerit
1385 4174 1742 4245 episcopum,
1793 4179 1850 4230 et

214 4264 401 4319 scierit
428 4263 523 4319 ille
552 4264 626 4318 ad
656 4281 826 4336 quem
855 4265 1178 4337 confugerit
1208 4283 1341 4321 cum
1371 4268 1441 4322 ab
1468 4268 1726 4340 episcopo
1748 4287 1848 4324 suo

213 4358 380 4414 fuisse
405 4357 714 4428 abjectum,
744 4375 863 4414 non
889 4360 1207 4431 oportuerit
1234 4378 1384 4429 eum,
1414 4364 1477 4415 ut
1505 4362 1556 4416 ei
1582 4379 1844 4418 commu-

213 4451 445 4507 nionem
477 4451 798 4522 indulgeat.
823 4453 982 4517 Quod
1009 4453 1056 4507 si
1077 4454 1293 4522 fecerit,
1321 4455 1460 4509 sciat
1481 4472 1540 4509 se
1569 4471 1846 4511 convoca-

1961 1091 2261 1161 negotitun
2311 1095 2662 1168 discutiatur,
2707 1107 2774 1156 ut
2814 1105 2898 1159 vel
2939 1109 3212 1177 probetur
3252 1114 3532 1169 sententia
3559 1131 3594 1169 a

1957 1183 2239 1254 plurimis,
2265 1189 2353 1242 vel
2394 1192 2750 1250 emendetur.
2777 1197 2986 1254 Tamen
3023 1201 3361 1277 priusquam
3389 1208 3587 1262 omnia

1960 1274 2264 1349 diligenter
2299 1285 2355 1336 et
2399 1283 2648 1361 fideliter
2685 1288 2898 1346 fuerint
2936 1274 3272 1364 examinata,
3317 1315 3448 1354 eum
3487 1301 3587 1372 qui

1957 1368 2182 1426 fuerita
2208 1377 2613 1434 communione
2654 1387 2968 1453 separatus,
3010 1387 3202 1443 nullus
3237 1390 3381 1453 alius
3416 1368 3593 1448 debet

1957 1478 2303 1534 praesumere
2323 1473 2389 1524 ut
2412 1471 2648 1542 recipiat
2667 1476 2724 1527 et
2742 1478 3132 1534 communioni
3152 1471 3475 1542 societ.l0ui
3495 1503 3590 1541 au-

1957 1557 2077 1609 tem
2115 1561 2485 1616 convenerint
2515 1564 2589 1618 ad
2619 1565 2990 1641 audiendum,
3022 1570 3069 1624 si
3104 1557 3437 1631 clericorum
3467 1594 3589 1632 esse

1958 1648 2251 1720 fastigium
2272 1653 2519 1711 viderint
2538 1662 2594 1712 et
2612 1660 2962 1730 superbiam,
2979 1681 3097 1719 non
3119 1666 3281 1721 decet
3299 1673 3361 1724 ut
3381 1669 3592 1740 episco-

1959 1757 2065 1811 pus
2084 1749 2180 1798 aut
2201 1744 2471 1817 injuriam
2493 1753 2592 1804 aut
2612 1755 3016 1811 contumeliam
3034 1758 3304 1830 patiatur,
3327 1763 3594 1818 austerio-

1959 1834 2114 1890 ribus
2141 1853 2236 1892 eos
2263 1841 2450 1895 verbis
2475 1844 2770 1915 castigent,
2791 1851 2857 1902 ut
2877 1849 3143 1906 obediant
3170 1853 3412 1908 honesta
3440 1873 3583 1926 prae-

1957 1927 2189 1999 cipienti
2217 1933 2503 2008 episc0po,
2530 1938 2665 2008 quia
2707 1938 2852 1995 sicut
2880 1941 2972 1997 ille
3013 1944 3298 2001 sincerum
3325 1964 3586 2004 amorem

1957 2021 2124 2077 debet
2151 2024 2366 2080 clericis
2402 2029 2674 2085 exhibere
2709 2033 3017 2104 charitatis,
3047 2036 3128 2092 ita
3174 2055 3400 2110 quoque
3426 2041 3584 2096 vicis-

1955 2113 2064 2171 sim
2090 2117 2338 2175 ministri
2364 2120 2613 2180 infucata
2638 2124 2853 2183 debent
2889 2129 3154 2203 episcopo
3183 2148 3282 2187 suo
3313 2133 3586 2207 obsequia

1955 2209 2243 2268 exhibere.

2026 2305 2201 2360 XVIII.
2251 2307 2547 2364 Ianuarius
2592 2311 2889 2386 episcopus
2929 2315 3073 2391 dixit
3111 2333 3123 2372 :
3168 2319 3308 2375 Illud
3357 2338 3587 2395 quoque

1956 2397 2227 2453 sanctitas
2255 2406 2441 2456 vestra
2479 2406 2710 2474 statuat,
2750 2409 2811 2460 ut
2843 2409 2988 2463 nulli
3018 2410 3278 2484 episcopo
3306 2414 3475 2470 liceat
3503 2418 3585 2470 al-

1953 2488 2130 2544 terius
2174 2492 2422 2564 episcopi
2469 2495 2708 2552 civitatis
2752 2499 3085 2556 ministrum
3139 2505 3580 2563 ecclesiasticum

1954 2583 2275 2654 sollicitare,
2331 2593 2393 2641 ut
2438 2588 2500 2642 in
2551 2606 2653 2644 sua
2704 2591 2926 2648 dioecesi
2977 2579 3242 2651 ordinare
3283 2600 3579 2670 clericum,

1955 2677 2089 2746 quia
2117 2693 2182 2732 ex
2205 2678 2295 2732 his
2314 2682 2774 2740 contentionibus
2799 2687 2985 2741 solent
3004 2689 3160 2744 nasci
3179 2690 3493 2747 discordiae.
3516 2696 3585 2749 Et

1954 2769 2084 2823 ideo
2107 2771 2406 2840 prohibeat
2426 2776 2688 2831 omnium
2712 2779 3010 2851 sententia,
3032 2798 3105 2838 ne
3122 2783 3250 2856 quis
3270 2784 3376 2840 hoc
3396 2786 3582 2843 facere

1954 2863 2178 2920 audeat.

2026 2958 2154 3012 XIX.
2184 2957 2346 3014 Osius
2376 2961 2672 3034 episcopus
2706 2964 2850 3021 dixit
2881 2983 2894 3020 :
2933 2968 3003 3022 Et
3034 2968 3146 3024 hoc
3170 2970 3419 3027 universi
3451 2990 3584 3029 con-

1955 3049 2258 3120 stituimus,
2302 3057 2370 3112 ut
2409 3055 2734 3128 quicunque
2779 3075 2846 3112 ex
2893 3060 3002 3114 alia
3039 3064 3311 3132 parochia
3349 3067 3588 3123 voluerit

1953 3143 2203 3199 alienum
2243 3146 2570 3202 ministrum
2595 3149 2713 3204 sine
2737 3167 3013 3208 consensu
3043 3155 3294 3228 episcopi
3313 3157 3507 3229 ipsius,
3531 3162 3588 3215 et

1952 3237 2076 3291 sine
2112 3239 2400 3295 voluntate
2428 3241 2713 3312 ordinare,
2742 3261 2862 3300 non
2892 3245 2964 3300 sit
3001 3252 3125 3302 rata
3155 3251 3434 3306 ordinatio
3462 3253 3585 3324 ejus

1952 3328 2285 3403 Quicunque
2335 3336 2527 3388 autem
2573 3336 2680 3390 hoc
2726 3341 3090 3410 usurpaverit
3128 3359 3162 3396 a
3210 3343 3479 3400 fratribus
3529 3350 3586 3401 et

1950 3424 2295 3495 coepiscopis
2322 3427 2528 3482 nostris
2560 3428 2861 3486 admoneri
2900 3437 2956 3486 et
2985 3434 3194 3506 corrigi
3221 3435 3409 3491 debet.

2021 3519 2125 3572 XX.
2194 3518 2442 3574 Cletitius
2509 3521 2805 3593 episcopus
2876 3525 3074 3581 dixit:
3136 3529 3258 3584 Non
3306 3530 3581 3600 ignoratis

1949 3614 2166 3681 quanta
2191 3616 2247 3666 et
2274 3613 2457 3683 qualis
2485 3613 2558 3668 sit
2584 3616 3173 3675 Thessalonicensium
3194 3621 3406 3691 civitas,
3431 3640 3582 3695 saepe

1949 3703 2104 3758 enim
2130 3705 2202 3759 ad
2233 3721 2363 3761 eam
2390 3706 2626 3764 veniunt
2656 3725 2724 3763 ex
2752 3709 2878 3765 aliis
2904 3713 3236 3783 regionibus
3263 3716 3577 3788 presbyteri

1949 3801 2006 3852 et
2034 3797 2278 3869 diaconi,
2312 3805 2370 3856 et
2399 3819 2516 3857 non
2559 3806 2693 3858 sunt
2723 3806 2996 3874 contenti,
3031 3810 3094 3861 ut
3133 3807 3291 3862 brevi
3322 3814 3580 3881 tempore

1949 3897 2332 3962 remorentur,
2379 3899 2478 3950 aut
2521 3895 2806 3952 resideant
2847 3898 2948 3967 ibi,
2986 3904 3085 3955 aut
3127 3905 3281 3956 certe
3323 3902 3416 3957 vix
3455 3907 3582 3974 post

1949 3985 2125 4055 longa
2151 3988 2331 4058 spatia
2361 3989 2433 4044 ad
2461 4007 2564 4044 sua
2591 3990 2776 4046 redire
2805 3996 3106 4062 coguntur.
3136 3995 3392 4050 Universi
3422 3997 3577 4052 dixe-

1949 4084 2082 4133 runt
2109 4096 2120 4133 :
2154 4082 2221 4136 Et
2248 4086 2508 4154 tempora
2535 4101 2664 4156 quae
2693 4085 2997 4141 constituta
3021 4093 3155 4143 sunt
3183 4089 3330 4144 circa
3359 4090 3576 4163 episco-

1948 4187 2065 4241 pos,
2099 4175 2156 4226 et
2183 4190 2318 4247 erga
2344 4177 2552 4231 horum
2577 4195 2850 4248 personas
2873 4179 3160 4236 observari
3189 4182 3418 4239 debent.

2017 4267 2148 4322 XXI.
2177 4268 2338 4324 Osius
2381 4271 2674 4342 episc0pus
2713 4273 2854 4328 dixit
2887 4290 2899 4328 :
2935 4274 3293 4347 Suggerente
3320 4278 3494 4333 fratre
3523 4283 3581 4335 et

1947 4360 2279 4432 coepiscopo
2303 4367 2496 4418 nostro
2527 4364 2812 4437 Olympio,
2841 4368 2948 4421 hoc
2979 4368 3152 4423 etiam
3183 4371 3414 4441 placuit,
3450 4373 3578 4427 utsi

1946 4453 2150 4524 aliquis
2176 4455 2289 4510 vim
2320 4473 2621 4528 perpessus
2653 4463 2738 4514 est
2763 4463 2821 4514 et
2850 4460 3044 4532 inique
3072 4464 3326 4533 pulsatus
3346 4481 3450 4534 pro
3471 4465 3580 4519 dis-

215 4546 278 4599 tis
318 4545 598 4617 episcopis
633 4562 832 4600 causas
872 4563 992 4602 esse
1037 4547 1348 4602 dicturum.
1389 4533 1644 4603 Universi
1686 4550 1846 4604 dixe-
1869 4535 1928 4608 D
1952 4547 2158 4618 ciplina
2181 4550 2268 4603 vel
2292 4550 2565 4606 catholica
2596 4552 2950 4624 defensione,
2991 4556 3076 4610 vel
3102 4556 3458 4610 confessione
3481 4574 3577 4611 ve-

217 4644 385 4694 runt:
421 4640 538 4694 Hoc
569 4642 846 4694 statutum
890 4645 946 4696 et
973 4657 1172 4712 pacem
1216 4641 1482 4708 servabit,
1525 4647 1581 4698 et
1609 4659 1843 4699 concor-

216 4732 364 4787 diam
391 4732 697 4788 custodiet.

278 4827 435 4881 XVII.
466 4825 631 4880 Osius
659 4826 957 4899 episcopus
980 4827 1124 4883 dixit
1153 4846 1164 4883 :
1199 4829 1355 4893 Quod
1378 4845 1472 4884 me
1507 4829 1692 4885 adhuc
1717 4847 1843 4886 mo-

215 4924 298 4974 vet
322 4919 567 4975 reticere
597 4936 713 4974 non
739 4919 941 4976 debeo.
970 4921 1028 4977 Si
1070 4921 1370 4994 episcopus
1400 4922 1528 4994 quis
1551 4923 1698 4979 forte
1731 4924 1844 4980 ira-

215 5014 428 5068 cundus
455 5013 628 5085 (quod
660 5029 780 5069 esse
811 5031 925 5069 non
949 5015 1140 5086 debet)
1173 5015 1310 5086 cito,
1343 5019 1442 5070 aut
1467 5033 1668 5089 aspere
1688 5035 1844 5073 com-

214 5111 503 5163 moveatur
519 5107 789 5162 adversus
801 5108 1220 5180 presbyterum,
1244 5111 1342 5164 aut
1364 5109 1665 5166 diaconum
1680 5129 1847 5168 suum

1946 4641 2125 4696 ritatis
2151 4641 2377 4713 fugiens
2422 4643 2674 4714 pericula
2717 4645 3010 4714 innocens,
3067 4653 3123 4702 et
3169 4648 3463 4702 devolutus
3505 4651 3577 4705 ad

1949 4735 2114 4790 aliam
2143 4736 2367 4791 venerit
2395 4737 2680 4792 civitatem
2710 4755 2826 4793 non
2847 4740 3224 4810 prohibeatur
3250 4741 3575 4811 immorari,

1947 4829 2198 4901 quandiu
2239 4833 2337 4884 aut
2365 4830 2552 4885 redire
2581 4831 2832 4902 potuerit
2859 4835 2958 4888 aut
2997 4833 3207 4905 injuria
3233 4834 3354 4906 ejus
3387 4852 3576 4891 reme-

1948 4923 2109 4978 dium
2140 4924 2441 4995 acceperit.
2478 4926 2694 4980 Durum
2731 4929 2816 4981 est
2839 4926 2992 4981 enim
3033 4927 3132 4999 qui
3155 4929 3577 4999 persecutiones

1946 5017 2165 5089 patitur
2190 5035 2304 5073 non
2337 5018 2535 5090 recipi.
2579 5019 2762 5075 Etiam
2801 5024 2860 5075 et
2891 5020 3052 5092 larga
3091 5021 3483 5079 benevolentia
3521 5027 3577 5080 et

1946 5111 2276 5167 humanitas
2305 5115 2389 5167 est
2414 5112 2467 5167 ei
2493 5113 2834 5169 exhibenda.

223 5262 3561 5292 —____—___________________________.

1011 5403 1407 5470 INCIPIUNT
1450 5407 1844 5476 CAPITULA
1888 5411 2223 5478 CONCILII
2265 5410 2772 5476 ANTIOCHENI.

283 5559 329 5610 I.
361 5557 482 5612 Non
512 5555 684 5613 licere
707 5559 920 5614 Pascha
951 5559 1171 5616 diverso
1209 5565 1465 5634 tempore
1505 5564 1714 5636 facere,
1743 5583 1840 5624 ne-

215 5665 314 5718 que
342 5668 472 5706 cum
499 5651 707 5707 Iudaeis
741 5653 1050 5708 celebrare.

278 5745 327 5796 2.
361 5745 479 5798 Non
498 5745 666 5801 licere
685 5748 1152 5802 communionem
1176 5751 1425 5806 ecclesia:
1446 5758 1835 5823 contemnere,

218 5839 306 5889 aut
333 5840 837 5896 excommunicatis
866 5842 1310 5899 communicare.

2015 5571 2066 5624 3.
2103 5569 2223 5622 Non
2255 5566 2466 5621 debere
2492 5567 2762 5623 clericum
2791 5569 2864 5624 ad
2901 5569 3198 5626 ecclesiam
3228 5569 3572 5641 migrantem

1940 5660 2019 5716 ibi
2049 5676 2432 5732 perseverare.

2007 5755 2062 5811 4.
2090 5755 2212 5810 Non
2243 5755 2413 5810 licere
2444 5755 2707 5828 episcopo
2729 5759 2813 5813 vel
2842 5757 3104 5830 cuiquam
3131 5755 3356 5825 clerico,
3388 5753 3432 5807 si
3465 5770 3568 5808 ex-

1940 5853 2268 5907 auctoratus
2292 5849 2487 5922 fuerit,
2509 5851 2852 5911 ministrare.
