4058 6380
451 423 553 480 279

1327 422 1610 476 ΑΡΡΕΝΙ).
1650 420 1740 475 AD
1779 419 1938 476 δίΕΟ.
1982 419 2069 473 IX.
2100 445 2168 457 -—
2207 415 2457 472 lSlDOItl
2493 414 2922 472 MERCATORIS

3704 417 3813 467 280

518 534 569 586 5.
604 532 728 587 Non
746 530 914 585 licere
932 528 1152 584 clericis
1179 531 1505 600 contempto
1533 527 1792 600 episcopo
1813 542 2072 582 seorsum
2094 537 2154 610 Α
2245 528 2331 580 17.
2360 525 2440 579 De
2467 521 2746 594 episcopis
2777 521 2875 592 qui
2917 523 3154 591 accepta
3190 534 3397 575 manus
3433 518 3808 592 impositione

449 640 510 678 se
537 625 826 696 colligere.

520 722 574 773 6.
607 719 683 772 De
709 715 1231 772 excommunicatis.

522 815 576 866 7.
604 811 831 866 Nullum
856 809 1222 881 peregrinum
1252 807 1466 880 absque
1496 807 1775 880 episcopis
1803 809 2027 881 suscipi.

519 906 572 959 8.
600 905 671 958 Ut
699 903 954 975 epistolae
980 920 1013 956 a
1044 903 1159 957 solo
1191 901 1522 974 coepiscopo
1548 901 1706 958 ﬁant.

522 1000 576 1053 9.
606 998 681 1051 De
706 995 1152 1067 metrOpolitanis
1173 994 1468 1068 episcopis.

525 1093 608 1144 10.
642 1091 721 1145 De
748 1088 1116 1160 coepiscopis.

523 1186 608 1237 11.
643 1183 720 1237 De
758 1182 845 1236 his
882 1182 1157 1253 episcopis
1202 1181 1290 1236 vel
1322 1182 1537 1237 clericis
1582 1182 1681 1254 qui
1717 1183 1838 1239 sine
1879 1182 2076 1239 litteris

447 1275 840 1347 episcoporum
866 1275 937 1329 ad
966 1275 1371 1345 imperatorem
1399 1275 1632 1330 vadunt.

520 1373 604 1423 12.
634 1369 710 1422 De
743 1367 1022 1439 episcopis
1049 1369 1139 1421 vel
1169 1367 1387 1422 clericis
1414 1368 1700 1440 depositis.

520 1465 608 1516 13.
634 1463 760 1516 Non
784 1460 956 1516 licere
984 1459 1265 1532 episcopis
1291 1460 1352 1516 in
1377 1461 1560 1518 aliena
1589 1460 1883 1534 provincia
1911 1462 2072 1519 cleri-

444 1571 540 1610 cos
570 1554 856 1609 ordinare.

519 1653 604 1706 14.
638 1652 717 1706 De
745 1650 1016 1722 episcopis
1041 1652 1336 1708 accusatis.

519 1749 604 1800 15.
635 1745 714 1799 De
743 1745 946 1815 quibus
976 1762 1166 1816 supra.

519 1841 603 1894 16.
635 1837 714 1892 De
743 1837 1016 1910 episcOpis
1045 1837 1392 1893 vacantibus.

2175 633 2295 673 non
2324 617 2692 688 aoquiescunt
2717 614 3000 685 suscipere
3027 612 3430 669 ministerium.

2251 715 2338 767 18.
2367 711 2446 765 De
2472 710 2560 763 his
2588 708 2793 780 quibus
2820 724 3014 778 supra.

2251 806 2335 858 19.
2363 803 2489 857 Non
2525 802 2695 857 licere
2735 800 2857 857 sine
2907 799 3144 856 consilio
3199 799 3632 872 metropolitani
3686 801 3808 874 epi-

2175 896 2329 968 scopi
2357 896 2688 968 episcopum
2717 893 2993 949 ordinari.

2248 993 2336 1044 20.
2368 990 2439 1044 Ut
2467 989 2554 1043 bis
2578 988 2636 1042 in
2668 1003 2820 1042 anno
2848 986 3099 1058 synodus
3124 985 3466 1042 celebretur.

2246 1086 2334 1138 21.
2365 1081 2708 1154 Episcopum
2746 1081 2817 1137 de
2861 1079 3086 1137 dioecesi
3131 1080 3204 1135 ad
3244 1079 3533 1136 dioecesim
3561 1097 3674 1137 non
3703 1083 3808 1138 de-

2176 1180 2314 1236 bere
2334 1179 2600 1234 transire.

2247 1282 2337 1333 22.
2365 1278 2709 1350 Episcopum
2739 1292 2857 1332 non
2887 1275 3096 1332 debere
3128 1275 3188 1331 in
3211 1276 3459 1332 alienam
3491 1277 3710 1336 irruere
3736 1279 3815 1334 ci-

2176 1371 2430 1427 vitatem.

2246 1468 2332 1520 23.
2368 1464 2638 1536 Episcopo
2669 1479 2782 1520 non
2827 1463 2996 1518 licere
3043 1478 3424 1520 successorem
3450 1464 3556 1520 sibi
3593 1467 3802 1522 consti-

2174 1564 2358 1614 tuere.

2250 1653 2341 1707 24.
2371 1651 2448 1706 De
2468 1651 2640 1706 rebus
2664 1649 3050 1708 ecclesiasticis
3076 1654 3136 1705 et
3157 1651 3587 1724 episcopalibus.

2243 1748 2330 1799 25.
2361 1744 2703 1815 EpiscOpum
2731 1743 2942 1798 habere
2971 1748 3306 1815 potestatem
3325 1744 3386 1801 in
3417 1746 3588 1802 rebus
3617 1748 3803 1804 eccle-

2173 1837 2408 1892 siasticis
2438 1835 2807 1908 exponendis.
3195 1833 3200 1836 ’

1249 2041 1599 2116 INCIPIT
1679 2023 2212 2114 CONCILIUM
2282 2038 3014 2110 ANTIOCHENUM.

512 2188 712 2244 Sancta
753 2194 812 2246 et
849 2190 1206 2262 pacatissima
1243 2192 1488 2263 synodus
1520 2193 1581 2248 in
1622 2207 1803 2247 unum
1829 2206 2070 2262 congre-
2092 2185 2149 2257 B
2172 2187 2555 2244 turbationem
2581 2187 2957 2243 Ecclesiarum
2988 2203 3239 2244 seorsum
3269 2170 3552 2260 colligere,
3584 2194 3640 2246 et
3669 2207 3806 2246 cum

440 2285 588 2352 gata,
624 2282 712 2337 his
738 2283 836 2354 qui
863 2300 964 2354 per
995 2285 1245 2356 singulas
1269 2286 1588 2356 provincias
1619 2291 1751 2341 sunt
1786 2285 2068 2340 unanimis

441 2376 648 2430 sanctis
679 2380 736 2430 et
763 2377 1260 2432 consacerdotibus
1288 2378 1348 2433 in
1380 2379 1619 2434 Domino
1647 2380 1907 2434 salutem.
1937 2380 2071 2434 Gra-

437 2467 519 2523 tia
548 2471 605 2522 et
629 2469 834 2523 veritas
860 2472 992 2524 Jesu
1017 2471 1226 2526 Christi
1270 2472 1495 2527 Domini
1535 2477 1592 2528 et
1632 2472 1931 2527 Salvatoris
1960 2489 2067 2526 n0-

439 2561 539 2615 stri
565 2567 814 2616 sanctam
847 2563 1267 2619 Antiochenam
1308 2565 1613 2622 Ecclesiam
1646 2565 1898 2633 visitans,
1926 2569 1984 2620 et
2007 2566 2068 2621 in

441 2670 620 2708 unum
637 2660 980 2711 connectens
996 2674 1098 2727 per
1108 2659 1472 2715 concordiam
1486 2660 1831 2731 pacatissimi
1841 2660 2070 2732 spiritus

437 2749 622 2802 multa
664 2749 898 2820 quidem
939 2754 997 2804 et
1037 2750 1147 2805 alia
1189 2752 1421 2822 perfecit
1451 2753 1511 2808 in
1542 2754 1809 2808 omnibus
1849 2760 2064 2808 autem.

437 2844 785 2910 suggerente
816 2844 1012 2897 sancto
1039 2846 1098 2896 et
1122 2843 1357 2914 paciﬁco
1376 2845 1599 2916 spiritu,
1623 2846 1797 2900 etiam
1818 2847 1926 2900 hoc
1944 2863 2069 2917 per-

437 2933 588 2995 fecit,
619 2938 685 2987 ut
708 2949 838 3004 quin
859 2934 974 2988 visa
1013 2941 1146 2990 sunt
1184 2940 1338 2991 recte
1368 2938 1635 2993 constitui
1662 2955 1794 2994 cum
1823 2939 2068 3010 plurima

439 3026 894 3082 consideratione
936 3033 993 3082 et
1029 3028 1246 3098 judicio
1291 3046 1410 3084 una
1452 3047 1579 3085 cum
1609 3032 1873 3086 omnibus
1901 3033 2066 3087 nobis

435 3116 795 3173 Antiochiam
821 3136 889 3174 ex
917 3120 1152 3176 diversis
1193 3123 1498 3193 provinciis
1524 3124 1585 3179 in
1611 3140 1792 3180 unum
1821 3126 2066 3181 collectis

438 3211 712 3282 episcopis
741 3213 801 3266 in
825 3219 1066 3269 vestram
1097 3215 1364 3271 notitiam
1400 3217 1747 3286 deferantur,
1765 3198 2066 3366 tredimus

438 3307 630 3358 autem
664 3306 862 3366 gratiae
893 3307 1112 3362 Domini
1139 3314 1197 3364 et
1223 3309 1459 3366 Spiritui
1488 3316 1680 3366 sancto
1708 3329 1780 3366 na
1815 3313 1880 3366 is.
1910 3313 2064 3366 quod

435 3307 630 3358 autem
664 3306 862 3376 gratiae
893 3307 1112 3362 Domini
1139 3314 1197 3364 et
1223 3309 1459 3381 Spiritui
1488 3316 1680 3366 sancto
1708 3306 1880 3383 pabis,
1910 3313 2064 3385 quod

437 3396 543 3467 ipsi
567 3398 964 3469 conspirabitis
1009 3401 1174 3456 nobis
1202 3406 1478 3474 tanquam
1513 3404 1572 3459 in
1611 3421 1790 3460 unam
1817 3407 2065 3462 fuissetis

432 3490 719 3560 virtutem,
748 3495 807 3546 et
834 3493 1131 3550 nobiscum
1162 3496 1520 3552 orationibus
1545 3498 1864 3554 adnitentes
1877 3500 2062 3571 magis

2167 2281 2376 2336 Judaeis
2401 2282 2617 2336 Pascha
2645 2281 2926 2337 voluerint
2954 2281 3265 2352 celebrare,
3308 2283 3459 2338 hunc
3491 2287 3682 2340 sancta
3706 2302 3800 2356 sy-

2167 2374 2356 2429 nodus
2377 2375 2503 2444 jam
2532 2374 2787 2429 alienum
2831 2374 2902 2428 ab
2940 2374 3182 2429 Ecclesia
3207 2391 3330 2430 esse
3353 2375 3651 2447 judicabit,
3684 2381 3807 2434 tan-

2168 2483 2340 2538 quam
2369 2483 2501 2522 eum
2526 2467 2624 2538 qui
2648 2483 2763 2521 non
2791 2467 2973 2522 solum
3018 2468 3234 2539 proprii
3280 2469 3496 2539 peccati
3533 2486 3667 2524 reus
3705 2471 3802 2540 sit,

2169 2560 2265 2615 sed
2277 2559 2516 2615 aliorum
2535 2564 2814 2631 corruptae
2830 2561 3039 2615 mentis
3063 2561 3512 2617 conversationis
3532 2564 3805 2635 supplan-

2167 2657 2316 2708 tator
2334 2653 2631 2710 exstiterit.
2665 2655 2733 2708 Et
2769 2669 2884 2708 non
2930 2655 3114 2708 solum
3165 2655 3493 2726 hujusmodi
3527 2656 3738 2728 deponi
3769 2677 3806 2714 a

2167 2747 2484 2801 sacerdotio
2525 2751 2581 2802 et
2606 2746 2920 2801 ministerio
2938 2747 3123 2818 jubet,
3155 2748 3255 2802 sed
3287 2765 3384 2803 eos
3409 2751 3508 2820 qui
3535 2751 3656 2804 ausi
3678 2751 3804 2805 fue-

2165 2839 2284 2894 rint
2306 2839 2396 2894 his
2419 2839 2838 2894 communicare
2868 2845 2995 2911 post
3020 2841 3470 2898 damnationem.
3503 2844 3801 2916 Depositos

2167 2935 2361 2986 autem
2389 2933 2560 2988 etiam
2590 2933 2812 2988 honore
2833 2933 2931 3005 qui
2950 2934 3300 2990 extrinsecus
3313 2941 3397 2991 est
3409 2936 3621 3007 privari
3635 2953 3802 3008 opor-

2164 3028 2245 3079 tet
2270 3041 2440 3096 quem
2469 3031 2693 3081 sanctus
2719 3042 2899 3082 canon
2930 3030 2986 3081 et
3013 3027 3113 3082 Dei
3143 3029 3526 3085 sacerdotium
3567 3047 3800 3102 prome-

2164 3119 2301 3174 ruit.

2237 3213 2302 3265 ll.
2331 3211 2542 3266 Omnes
2573 3213 2671 3282 qui
2696 3212 3101 3283 ingrediuntur
3153 3215 3446 3270 ecclesiam
3475 3216 3594 3286 Dei,
3628 3221 3684 3272 et
3713 3235 3800 3274 sa-

2164 3321 2289 3360 cras
2315 3304 2630 3376 Scripturas
2660 3305 2920 3376 audiunt,
2954 3323 3071 3361 non
3099 3313 3292 3363 autem
3319 3325 3450 3364 cum
3490 3313 3702 3382 populo
3730 3312 3795 3367 in

2162 3397 2417 3454 oratione
2465 3399 2915 3467 communicant,
2965 3405 3296 3456 aversantur
3325 3407 3519 3458 autem
3543 3411 3798 3460 sanctam

2164 3491 2610 3563 assumptionem
2641 3491 2920 3548 Dominici
2958 3495 3301 3548 sacramenti
3343 3497 3658 3552 secundum
3687 3499 3792 3554 ali-

706 3549 717 3560 ,
1124 3549 1127 3550 ,
1172 3549 1217 3550 η
1550 3549 2058 3571 ηψπ----πήρη
2355 3549 2376 3563 ι
3689 3549 3763 3554 τ--

431 3587 626 3638 autem
645 3585 874 3653 muniti,
903 3591 960 3642 et
998 3587 1057 3643 in
1082 3589 1299 3660 Spiritu
1330 3594 1524 3646 sancto
1566 3596 1864 3663 praesente,
1889 3593 1934 3648 si
1957 3593 2056 3648 iis-
2083 3549 2137 3624 C
2163 3601 2332 3655 quam
2370 3585 2666 3656 Propriam
2708 3585 3091 3656 diSCiPIinam,
3125 3588 3228 3642 110$
3256 3589 3326 3643 ab
3357 3590 3589 3646 CCCIBSia
3623 3591 3796 3663 abjici

431 3676 563 3732 dem
589 3677 725 3749 ipsis
743 3695 870 3750 quas
890 3679 1126 3737 definita
1140 3687 1292 3751 sunt,
1320 3685 1756 3753 consentientes,
1777 3689 1834 3741 et
1847 3702 1914 3742 ea
1933 3703 2060 3757 quae
2159 3681 2404 3749 oportet,
2445 3679 2625 3734 donec
2663 3680 2991 3735 conﬁtentes
3029 3681 3276 3737 fructum
3319 3683 3666 3754 paenitentiae
3697 3685 3794 3741 de~

426 3771 547 3824 visa
575 3776 726 3840 sunt,
759 3777 914 3827 recta
943 3775 1280 3830 roborantes
1311 3793 1590 3833 consensu
1616 3779 1795 3834 sancti
1817 3779 2058 3851 Spiritus
2157 3775 2498 3842 monstrent:
2531 3777 2587 3828 et
2612 3773 2902 3844 deprecati
2929 3773 3160 3843 fuerint:
3196 3781 3260 3831 ιη
3296 3776 3426 3832 ἀείδει
3464 3777 3629 3833 Venia
3671 3796 3795 3834 διιε-

428 3864 853 3934 consignabitis.
876 3868 1018 3920 Sunt
1033 3871 1227 3921 autem
1253 3871 1517 3938 praeﬁniti
1534 3888 1780 3927 canones
1798 3873 2058 3929 ecclesia-
2157 3864 2270 3935 οἱρί
2301 3869 2650 3936 mereantur,
2684 3883 2801 3921 Ποῖ]
2848 3872 3039 3922 allth
3063 3868 3193 3924 licet
3237 3871 3659 3927 communicare
3691 3890 3794 3928 θι-

429 3960 552 4013 stici
581 3960 637 4013 hi
666 3961 762 4031 qui
787 3961 938 4018 infra
967 3969 1099 4018 sunt
1117 3966 1332 4036 scripti,
1351 3983 1490 4038 quos
1505 3969 1699 4023 subter
1712 3969 1915 4025 inserti
1932 3987 2056 4042 pro-
2155 3958 2602 4030 commlmicatis:
2626 3976 2810 4032 neque
2839 3977 2970 4016 cum
2995 3961 3086 4016 hi3
3110 3979 3214 4034 Per
3240 3964 3442 4020 domos
3467 3965 3711 4037 ingredi:
3732 3972 3794 4022 et

426 4053 754 4122 mulgavere
801 4056 1068 4126 episcopi,
1110 4058 1403 4126 Eusebius,
1450 4061 1780 4130 Archelaus,
1831 4065 2051 4131 z’Eneas,

427 4146 800 4214 Macedonius,
827 4149 1040 4219 Niceta,
1071 4152 1302 4220 Esicius,
1353 4154 1574 4222 Bassus,
1603 4156 1931 4227 Antiochus,
1959 4159 2050 4212 Ja-

427 4238 619 4308 cobus,
647 4241 879 4311 Moyses,
911 4245 1221 4315 Agaphius,
1253 4248 1471 4315 Petrus,
1501 4250 1790 4318 Mocinius,
1816 4252 2054 4306 Alexan-

425 4328 544 4394 der,
594 4330 900 4398 Narcissus,
950 4333 1229 4405 Etherius,
1288 4338 1582 4406 Patricius,
1640 4340 1892 4406 Siricius,
1940 4342 2048 4396 Ma-

425 4437 592 4490 gnus,
620 4423 842 4492 Paulus,
874 4428 1225 4495 Eustachius,
1256 4431 1542 4502 Manicius,
1573 4434 1790 4504 Petrus,
1821 4435 2046 4505 Paulus,

421 4514 696 4583 Theurus,
740 4518 1031 4586 Municius,
1078 4521 1354 4592 Aliphius,
1387 4527 1605 4594 Petrus,
1653 4527 2049 4584 Tarcodunan-

420 4613 530 4675 tus,
561 4610 916 4680 Anatholius,
964 4613 1310 4686 Theodorus,
1340 4618 1494 4674 Alius
1535 4621 1810 4690 Theurus,
1839 4621 2043 4679 Sirion.

419 4701 499 4756 Ex
526 4703 834 4772 provinciis
855 4706 1029 4777 Syriae
1055 4709 1221 4764 celes
1247 4714 1303 4766 et
1329 4712 1611 4768 thnicis
1631 4715 1778 4770 veris
1803 4716 2043 4784 Arabite,

416 4795 846 4868 Mesopotamiae,
864 4803 922 4854 et
947 4801 1067 4857 hinc
1088 4805 1501 4862 constituerunt
1519 4824 1648 4879 quae
1674 4808 1822 4865 infra
1841 4811 2048 4882 scripta

417 4893 568 4944 sunt.

487 4983 618 5038 CAP.
635 4985 676 5039 Ι.
697 4985 908 5041 Omnes
935 4990 1032 5060 qui
1059 4991 1276 5046 audent
1301 4993 1604 5050 dissolvere
1633 4996 1891 5066 regulam
1918 5013 2043 5052 san-

417 5075 492 5129 cti
513 5079 570 5130 et
587 5079 785 5148 magni
815 5083 1035 5137 concilii
1056 5085 1290 5154 Nicaeni,
1322 5087 1476 5157 quod
1503 5088 1853 5144 celebratum
1880 5095 1964 5145 est
1986 5092 2044 5146 in

415 5167 725 5235 praesentia
748 5170 847 5225 Dei
867 5175 1245 5230 amantissimi
1275 5177 1627 5232 Constantini
1653 5178 2041 5249 imperatoris,

418 5255 489 5307 de
516 5259 707 5311 sancta
752 5263 808 5313 et
851 5263 1076 5318 salutari
1121 5265 1417 5322 festivitate
1447 5268 1702 5322 Paschali
1745 5269 2044 5325 Salvatoris

415 5344 611 5411 nostri,
640 5353 1164 5409 excommunicatos
1204 5360 1261 5411 et
1286 5357 1539 5427 abjectos
1573 5374 1695 5412 esse
1739 5358 1947 5414 debere
1972 5360 2042 5414 ab

412 5437 674 5507 Ecclesia,
708 5443 950 5500 maxime
969 5445 1014 5500 si
1043 5455 1407 5518 perseverent
1431 5451 1614 5507 studio
1657 5453 2042 5509 contentionis

412 5532 483 5587 ad
510 5533 888 5592 subvertenda
931 5555 1001 5594 ea
1029 5556 1159 5610 qua:
1204 5543 1418 5613 optime
1463 5547 1772 5602 constituta
1799 5553 1952 5603 sunt.
1975 5551 2042 5604 Et

410 5626 530 5681 haec
563 5627 796 5698 quidem
825 5631 971 5686 dicta
1000 5637 1135 5688 sunt
1153 5634 1222 5690 de
1248 5635 1420 5691 laicis.
1439 5639 1495 5693 Si
1510 5645 1703 5695 autem
1723 5642 2040 5714 praepositis

410 5720 671 5776 Ecclesiae
699 5722 896 5794 aliqui,
928 5725 988 5780 id
1017 5731 1120 5795 est,
1148 5729 1236 5783 vel
1263 5730 1582 5802 episcopus,
1607 5735 1695 5790 vel
1721 5737 2035 5808 presbyter,

410 5813 495 5867 vel
533 5813 806 5870 diaconus
831 5822 962 5888 post
991 5819 1134 5874 hanc
1155 5821 1580 5896 dit‘ﬁnitionem,
1603 5831 1660 5882 et
1677 5829 1828 5884 hunc
1845 5830 2036 5885 termi-

414 5920 553 5960 num
583 5906 702 5961 ausi
732 5909 1020 5968 fuerintin
1038 5913 1460 5972 subversioncm
1477 5921 1820 5990 populorum
1843 5926 1900 5980 et
1915 5940 2039 5994 per-

2155 4068 2286 4106 cum
2312 4052 2392 4106 eis
2421 4068 2604 4120 orare,
2635 4055 2733 4124 qui
2763 4054 3010 4110 ecclesiae
3036 4056 3385 4128 participant
3411 4058 3474 4112 in
3500 4059 3787 4127 oratione,

2155 4161 2257 4199 nec
2281 4144 2342 4200 in
2366 4147 2608 4200 alteram
2635 4146 2930 4202 ecclesiam
2958 4148 3134 4220 recipi
3164 4150 3265 4221 qui
3294 4151 3364 4205 ab
3395 4152 3508 4206 alia
3548 4169 3784 4208 excom-

2154 4239 2540 4309 municantur,
2561 4240 2715 4310 quod
2743 4240 2788 4294 si
2814 4241 2940 4311 quis
2965 4242 3142 4298 fuerit
3161 4243 3544 4315 deprehensus
3565 4247 3790 4318 episco-

2151 4349 2378 4403 porum,
2430 4333 2520 4387 vel
2571 4333 3052 4404 presbyterorum,
3113 4336 3200 4391 vel
3246 4337 3637 4410 diaconorum,
3695 4344 3790 4396 vel

2151 4426 2323 4480 etiam
2337 4425 2437 4497 qui
2449 4425 2510 4480 in
2527 4442 2743 4483 canone
2765 4427 3094 4484 detinentur
3115 4432 3619 4488 excommunicatis
3636 4451 3789 4491 com-

2149 4519 2460 4588 municare,
2495 4523 2553 4574 et
2578 4520 2728 4576 hunc
2756 4526 2983 4593 oportet
3001 4526 3406 4583 communione
3425 4527 3633 4599 privari
3660 4534 3789 4585 tan-

2147 4629 2324 4685 quam
2349 4613 2609 4669 Ecclesiae
2635 4616 2861 4687 regulas
2887 4617 3356 4675 confundentem.

2217 4708 2301 4761 Ill.
2330 4705 2384 4763 Si
2422 4707 2550 4779 quis
2593 4709 2910 4781 presbyter,
2957 4711 3045 4766 vel
3087 4712 3376 4783 diaconus,
3417 4717 3506 4772 vel
3538 4716 3786 4788 quilibet

2146 4800 2403 4868 clericus,
2427 4801 2650 4858 deserta
2679 4819 2779 4858 sua
2803 4803 3045 4860 ecclesia
3063 4805 3138 4860 ad
3167 4806 3341 4863 aliam
3364 4811 3783 4868 transeundum

2064 4921 2123 4994 D
2146 4909 2267 4950 esse
2291 4894 2617 4966 crediderit,
2650 4901 2708 4952 et
2735 4897 2814 4952 ibi
2853 4897 3130 4970 paulatim
3157 4904 3337 4958 tentet
3371 4920 3484 4974 quo
3511 4904 3783 4976 migravit

2144 4992 2422 5060 perpetuo
2465 5006 2703 5046 manere
2743 4993 3001 5061 ulterius,
3049 4994 3374 5053 ministrare
3414 5014 3534 5053 non
3583 4999 3777 5069 debet,

2144 5083 2464 5152 praesertim
2493 5083 2538 5138 si
2567 5084 2638 5139 ab
2666 5085 2930 5158 episcopo
2955 5103 3056 5143 suo
3077 5089 3148 5143 ad
3175 5091 3578 5148 revertendum
3602 5094 3782 5149 fuerit

2145 5177 2470 5232 exhortatus
2498 5179 2670 5248 quod,
2693 5183 2750 5235 et
2775 5180 2821 5234 si
2845 5183 2975 5252 post
3004 5183 3396 5240 evocationem
3421 5186 3506 5240 sui
3521 5187 3780 5260 episcopi

2145 5285 2262 5324 non
2289 5270 2591 5338 obedierit,
2620 5273 2719 5327 sed
2743 5273 3079 5330 inobediens
3106 5280 3564 5348 perseveraverit,
3596 5282 3781 5336 omni-

2141 5363 2307 5418 mode
2345 5363 2416 5418 ab
2465 5364 2651 5420 ofﬁcio
2679 5383 2780 5421 suo
2817 5369 3029 5440 deponi
3073 5370 3302 5440 debere,
3335 5389 3438 5430 nec
3472 5374 3778 5447 aliquando

2142 5473 2300 5528 spem
2325 5457 2698 5514 restitutionis
2728 5460 2962 5519 habere.
2993 5463 3052 5520 Si
3078 5481 3212 5520 vero
3232 5471 3468 5538 propter
3499 5469 3646 5525 hanc
3662 5470 3779 5524 cul-

2141 5567 2273 5622 pam
2300 5551 2624 5622 depositum
2648 5553 2788 5608 alius
2814 5556 3110 5630 episcopus
3136 5562 3466 5632 susceperit,
3499 5565 3557 5617 et
3590 5563 3712 5634 ipse.
3740 5581 3778 5618 a

2139 5643 2432 5699 communi
2470 5645 2690 5716 synodo
2728 5664 2956 5720 poenam
2995 5652 3311 5710 merebitur
3334 5654 3775 5728 increpationis,

2139 5740 2410 5809 tanquam
2442 5739 2818 5797 ecclesiastica
2837 5743 2972 5814 jura
3001 5744 3330 5803 dissolvens.

2204 5833 2289 5886 IV.
2318 5831 2374 5886 Si
2419 5833 2546 5905 quis
2585 5835 2878 5908 episcopus
2916 5855 2949 5893 a
2993 5841 3206 5910 synodo
3243 5841 3416 5899 fuerit
3457 5842 3772 5916 depositus,

2136 5927 2224 5980 vel
2251 5926 2566 6000 presbyter,
2610 5930 2693 5987 vel
2720 5930 2993 5988 diaconus
3021 5949 3054 5988 a
3082 5936 3313 6008 proprio
3351 5936 3615 6011 episcopo
3643 5956 3774 5997 con-
