4058 6310
237 338 333 393 281

1493 335 1965 394 DECRETALIUM
2003 335 2387 393 COLLECTIO.

3508 344 3611 404 282

236 444 564 510 demnatus,
591 448 648 498 et
666 444 1100 516 prasumpserit
1123 445 1422 501 sacerdotii
1448 462 1550 500 seu
1574 445 1722 501 sacri
1750 463 1874 516 my-
1899 458 1956 530 Α
1977 445 2183 516 quibus
2212 444 2454 500 sufﬁciat
2480 444 2724 501 istorum
2751 448 2976 502 tantum
3003 446 3287 519 graduum
3323 449 3611 507 licentiam

236 537 393 591 sterii
419 537 734 608 quippiam,
759 554 873 592 non
900 538 951 592 ei
977 539 1223 609 amplius
1250 539 1440 605 liceat,
1471 555 1655 610 neque
1683 539 1742 593 in
1766 539 1878 593 alia

234 630 455 701 synodo
481 646 640 701 spem
667 631 1043 686 restitutionis
1071 633 1306 701 habere,
1332 649 1521 704 neque
1551 633 1876 688 assertionis

237 723 481 794 alicujus
509 723 716 790 locum,
753 724 852 778 sed
881 728 940 777 et
967 725 1458 780 communicantes
1488 726 1540 780 ei
1568 725 1734 796 abjici
1759 741 1876 780 om-

235 831 339 870 nes
370 816 443 870 ab
471 816 726 883 ecclesia,
767 817 1014 872 maxime
1053 817 1100 872 si
1142 823 1440 890 postquam
1479 821 1876 891 cognoverunt

235 908 581 962 sententiam
612 908 880 964 adversus
899 926 1031 964 eum
1055 909 1224 965 fuisse
1249 912 1552 982 prolatam,
1573 915 1870 966 contuma-

233 1001 382 1055 citer
410 1002 995 1058 communicaverunt.
1006 991 1043 1089 ί

309 1093 438 1167 66
466 1096 527 1149 V.
558 1095 614 1150 Si
641 1095 767 1166 quis
792 1097 1085 1168 presbyter
1109 1099 1197 1151 vel
1225 1097 1493 1152 diaconus
1543 1100 1872 1170 contempto

233 1187 503 1259 episcopo
532 1188 780 1260 seipsum
805 1189 875 1244 ab
905 1190 1142 1245 ecclesia
1187 1191 1570 1262 segregaverit
1596 1196 1652 1247 et
1677 1193 1868 1263 priva-

230 1286 356 1336 tum
406 1282 558 1352 apud
599 1298 655 1338 se
702 1283 946 1337 collectis
989 1284 1210 1354 populis
1247 1285 1421 1339 altare
1458 1283 1678 1356 erigere
1702 1301 1870 1339 ausus

232 1375 433 1441 fuerit,
461 1378 518 1429 et
557 1375 928 1430 nihilominus
966 1378 1232 1448 episcopo
1275 1394 1379 1432 suo
1419 1377 1780 1445 exhortante,
1814 1384 1871 1433 et

231 1467 414 1522 semel
455 1470 514 1522 et
557 1468 768 1522 iterum
811 1474 1114 1524 revocante
1162 1470 1496 1525 inobediens
1555 1471 1865 1536 exstiterit;

231 1561 389 1615 hunc
429 1561 614 1616 modis
656 1563 922 1617 omnibus
963 1557 1388 1635 deponendum,
1428 1580 1533 1618 nec
1563 1564 1867 1636 aliquando

231 1655 508 1726 consequi
536 1656 914 1719 curationem,
946 1661 1047 1712 aut
1069 1657 1368 1728 proprium
1408 1657 1691 1712 honorem
1720 1657 1865 1712 reci-

231 1764 368 1818 pere
402 1754 606 1819 speret.
638 1750 800 1813 Quod
845 1750 891 1804 si
934 1751 1107 1805 etiam
1159 1751 1618 1821 perseveraverit,
1647 1753 1868 1823 pertur-

1978 537 2284 608 accepisse.
2313 539 2434 592 Non
2473 543 2664 593 autem
2706 539 3129 611 presbyterum,
3161 559 3278 596 non
3305 543 3612 599 diaconum

1975 631 2223 685 audeant
2256 630 2522 685 ordinare
2552 637 2764 703 prater
2797 634 3202 689 conscientiam
3245 635 3495 708 episcopi
3531 638 3608 692 ci-

1973 723 2178 790 vitatis,
2219 725 2308 778 vel
2335 723 2583 780 ecclesia
2608 725 2697 779 cui
2726 726 2991 796 adjacens
3018 728 3321 796 invenitur,
3355 744 3456 784 seu
3487 729 3608 802 ipse

1973 832 2074 871 seu
2101 816 2258 887 regio
2289 817 2346 870 in
2378 833 2490 888 qua
2530 834 2776 888 praesse
2805 819 3177 890 dignoscitur.
3212 823 3372 886 Quod
3401 823 3447 878 si
3481 824 3608 895 quis

1972 909 2334 978 pravaricari
2382 926 2550 964 ausus
2596 910 2771 966 fuerit
2817 913 3141 981 constituta,
3193 915 3407 986 deponi
3449 933 3603 984 eum,

1972 1007 2028 1056 et
2055 1001 2335 1072 dignitate
2361 1019 2473 1074 qua
2498 1005 2767 1074 praditus
2793 1010 2878 1060 est
2902 1005 3114 1060 debere
3144 1008 3372 1078 privari.
3401 1009 3602 1080 Coepi-

1972 1111 2172 1166 scopus
2199 1100 2393 1150 autem
2426 1096 2497 1150 ab
2522 1097 2784 1168 episcopo
2808 1099 3046 1154 civitatis
3072 1100 3158 1156 vel
3187 1100 3295 1155 loci
3324 1101 3415 1157 cui
3447 1102 3601 1159 idem

1969 1187 2190 1259 adiacet
2214 1189 2563 1244 ordinandus
2589 1193 2691 1244 est.

2038 1282 2124 1336 XI.
2139 1281 2195 1337 Si
2207 1280 2332 1353 quis
2347 1282 2659 1354 episcopus,
2671 1283 2762 1338 vel
2775 1285 3092 1356 presbyter,
3108 1287 3196 1342 vel
3208 1288 3394 1343 omnis
3411 1287 3598 1345 omni-

1969 1391 2045 1429 no
2077 1374 2175 1446 qui
2202 1380 2286 1431 est
2305 1375 2409 1430 sub
2439 1377 2815 1432 ecclesiastica
2839 1380 3042 1450 regula
3069 1382 3424 1452 constitutus,
3455 1399 3600 1455 pra-

1967 1471 2055 1522 ter
2070 1468 2373 1524 consilium
2389 1469 2476 1524 vel
2488 1470 2702 1526 litteras
2721 1487 2922 1526 eorum
2946 1473 3336 1544 episcoporum
3354 1477 3452 1547 qui
3467 1483 3600 1532 sunt

1968 1559 2120 1616 intra
2145 1560 2517 1632 provinciam,
2536 1566 2593 1618 et
2606 1564 2855 1620 maxime
2869 1567 3295 1638 metropolitani
3322 1568 3392 1622 ad
3424 1568 3600 1640 impe-

1967 1657 2218 1708 ratorem
2243 1656 2578 1726 perrexerit,
2607 1656 2760 1711 hunc
2785 1657 3035 1712 abdicari
3051 1661 3108 1714 et
3123 1659 3252 1730 ejici
3280 1677 3397 1715 non
3413 1663 3598 1716 solum

1968 1745 2040 1800 de
2062 1749 2496 1818 communione,
2519 1749 2616 1804 sed
2634 1750 2802 1804 etiam
2825 1751 3051 1821 propria
3069 1752 3348 1822 dignitate
3367 1755 3596 1825 privari,

228 1841 376 1895 bans
405 1847 669 1897 cunctam
699 1844 1005 1898 Ecclesiam
1055 1861 1180 1915 qua
1221 1844 1360 1900 foris
1406 1849 1509 1910 est,
1561 1845 1711 1899 hunc
1737 1849 1864 1899 tan-
1887 1825 1944 1898 Β
1965 1843 2244 1912 tanquam
2271 1843 2574 1897 molestum
2605 1848 2662 1898 et
2687 1843 3081 1914 importunum
3102 1844 3490 1916 imperialibus
3504 1864 3598 1903 au-

227 1951 406 2006 quam
432 1935 764 1991 seditiosum
783 1937 990 2008 corripi
1011 1942 1255 2008 oportet.

301 2029 390 2082 Vl.
424 2029 479 2084 Si
509 2028 637 2100 quis
683 2045 716 2085 a
752 2030 982 2102 proprio
1028 2030 1293 2102 episcopo
1340 2031 1865 2086 excommunicatus

225 2124 330 2188 est,
367 2137 481 2176 non
511 2139 642 2178 eum
674 2123 832 2195 prius
872 2123 942 2178 ab
992 2123 1115 2178 aliis
1140 2124 1345 2178 debere
1376 2123 1603 2194 suscipi,
1637 2123 1745 2178 nisi
1769 2129 1866 2179 aut

225 2231 260 2269 a
286 2231 390 2269 suo
428 2216 602 2270 fuerit
645 2190 905 2289 receptus
953 2217 1238 2288 episcopo,
1289 2222 1388 2272 aut
1431 2217 1667 2271 concilio
1712 2217 1862 2273 facto

225 2309 507 2380 episcopis
532 2315 792 2365 occurrat
839 2315 894 2365 et
929 2311 1290 2382 respondeat,
1337 2315 1396 2364 et
1437 2310 1481 2364 si
1529 2310 1742 2381 synodo
1769 2327 1859 2366 sa-

226 2401 524 2471 tisfecerit,
559 2404 860 2458 statuimus
901 2404 1007 2458 sub
1051 2405 1162 2459 alia
1196 2404 1475 2460 sententia
1506 2420 1639 2458 eum
1665 2404 1859 2475 recipi,

221 2495 385 2567 quod
410 2496 586 2551 etiam
616 2497 762 2552 circa
780 2497 974 2566 laicos,
1007 2501 1065 2552 et
1092 2497 1469 2569 presbyteros,
1512 2501 1568 2552 et
1594 2497 1862 2552 diaconos

221 2593 280 2643 et
307 2603 506 2644 omnes
532 2589 629 2661 qui
657 2589 715 2644 in
755 2592 904 2646 clero
927 2595 1059 2646 sunt
1083 2591 1350 2645 convenit
1375 2590 1680 2646 observari.

294 2684 409 2737 Vl].
439 2683 668 2737 Nullum
697 2683 910 2754 absque
939 2685 1183 2739 formata
1232 2683 1406 2755 (quod
1434 2683 1611 2738 Graci
1657 2684 1858 2754 episto-

221 2775 339 2830 lam
365 2775 578 2847 dicunt)
608 2777 1044 2848 peregrinorum
1074 2777 1404 2832 clericorum
1445 2776 1654 2847 suscipi
1685 2794 1854 2848 opor-

222 2873 324 2922 tet.

293 2964 431 3018 Vlll.
481 2963 674 3035 Neque
715 2963 1012 3035 presbyter
1059 2963 1131 3019 ad
1173 2964 1438 3036 regiones
1493 2964 1851 3037 longinquas,

221 3057 513 3126 formatas,
553 3057 611 3111 id
644 3060 730 3112 est
766 3057 1062 3112 canonicas
1100 3057 1382 3129 epistolas,
1415 3058 1523 3112 nisi
1562 3058 1633 3113 ad
1678 3058 1852 3114 finiti-

220 3166 349 3206 mos
376 3149 667 3222 episcopos
685 3151 970 3223 simplices
991 3151 1256 3222 epistolas
1277 3151 1503 3206 mittere
1530 3158 1851 3223 prasumat,
1875 3189 1930 3264 Ο

221 3243 446 3298 vicariis
475 3260 610 3299 vero
643 3244 918 3316 episcopis
957 3244 1117 3316 quia
1142 3245 1346 3300 Gracis
1394 3245 1713 3318 coepiscopi
1754 3263 1852 3301 vo-

221 3342 447 3405 cantur,
481 3339 755 3393 formatas
780 3339 962 3394 facere
988 3321 1211 3396 liceat./

291 3433 374 3487 IX.
427 3434 532 3487 Per
579 3433 830 3504 singulas
878 3409 1200 3504 provincias
1252 3431 1544 3504 episcopos
1600 3432 1854 3504 singulos

217 3525 361 3582 scire
388 3529 631 3598 oportet,
661 3525 990 3598 episcopum
1028 3527 1552 3598 metropolitanum,
1587 3526 1685 3597 qui
1713 3543 1853 3597 pra-

218 3624 307 3674 est
334 3636 532 3675 curam
559 3625 616 3677 et
649 3619 1092 3676 sollicitudinem
1123 3619 1293 3675 totius
1335 3619 1642 3692 provincia
1670 3637 1853 3676 susce-

216 3713 385 3785 pisse.
431 3714 672 3786 Pr0pter
713 3713 869 3785 quod
913 3713 984 3768 ad
1029 3713 1530 3785 metropolitanam
1569 3713 1851 3770 civitatem

214 3807 287 3862 ab
310 3806 400 3861 his
437 3807 534 3879 qui
565 3823 761 3862 causas
805 3807 1020 3862 habent
1057 3812 1440 3862 concurratur.
1497 3808 1854 3879 Quapropter

213 3899 435 3972 placuit
469 3915 625 3967 eum,
672 3905 730 3956 et
774 3901 990 3956 honore
1031 3901 1377 3972 pracellere,
1420 3905 1478 3956 et
1507 3900 1650 3954 nihil
1698 3901 1853 3956 ultra

215 3993 336 4049 sine
379 3994 644 4066 episcopo
693 3993 944 4066 reliquos
987 3994 1276 4067 episcopos
1320 4011 1490 4065 agere
1535 3995 1849 4050 secundum

216 4087 520 4160 antiquum
568 4089 794 4143 Patrum
838 4092 1166 4144 nostrorum
1218 4103 1522 4157 canonem,
1576 4086 1685 4142 nisi
1739 4089 1849 4144 hoc

216 4185 444 4237 tantum
468 4180 627 4252 quod
651 4181 960 4253 unicuique
985 4181 1233 4237 ecclesia
1250 4199 1354 4253 per
1380 4199 1537 4237 suam
1563 4182 1848 4237 dioecesim

214 4275 503 4347 competit.
541 4276 1015 4348 Unumquemque
1059 4275 1214 4330 enim
1248 4280 1474 4346 oportet
1517 4276 1848 4347 episcopum

218 4369 431 4424 habere
471 4385 590 4424 sua
629 4369 885 4424 diacesis
909 4372 1250 4441 potestatem
1277 4374 1340 4424 ut
1363 4373 1526 4440 regat
1553 4373 1610 4425 et
1651 4369 1850 4441 guber-

220 4467 318 4518 net
347 4461 664 4518 secundum
701 4466 1130 4535 competentem
1170 4463 1408 4534 singulis
1445 4463 1845 4532 reverentiam,

1964 1933 2121 1987 ribus
2162 1940 2358 1990 contra
2403 1935 2770 1990 ecclesiastica
2803 1937 3132 1993 constituta.
3179 1939 3234 1994 Si
3274 1945 3463 1995 autem
3491 1957 3592 1996 ne-

1964 2027 2194 2082 cessitas
2239 2027 2392 2098 cogit
2423 2029 2494 2084 ad
2548 2028 2958 2100 imperatorem
3011 2047 3313 2087 excurrere
3363 2038 3596 2105 propter

1965 2121 2217 2191 aliquam
2266 2121 2568 2190 actionem,
2621 2139 2752 2177 cum
2805 2124 3211 2180 deliberatione
3257 2131 3314 2181 et
3356 2127 3592 2182 consilio

1962 2214 2391 2285 metropolitani
2419 2215 2593 2286 ipsius
2624 2216 2927 2284 provincia
2969 2219 3238 2290 episcopi,
3273 2223 3331 2273 et
3356 2223 3590 2275 catero-

1962 2323 2093 2360 rum
2112 2307 2458 2362 conscientia
2485 2308 2886 2380 episc0porum
2913 2311 3014 2381 qui
3052 2311 3111 2365 in
3138 2311 3339 2367 eadem
3367 2313 3592 2384 provin-

1962 2399 2049 2453 cia
2076 2403 2211 2454 sunt
2235 2405 2403 2472 atque
2431 2417 2563 2455 cum
2591 2402 2793 2457 litteris
2817 2419 3019 2458 eorum
3045 2403 3127 2459 ire
3147 2405 3394 2462 debebit.

2029 2493 2140 2548 Xll.
2169 2492 2225 2548 Si
2253 2493 2378 2564 quis
2402 2510 2436 2546 a
2462 2495 2694 2564 proprio
2727 2496 2997 2567 episcopo
3028 2497 3315 2568 depositus
3352 2499 3584 2573 presby-

1957 2589 2064 2652 ter,
2099 2586 2186 2640 vel
2230 2584 2514 2654 diaconus,
2561 2593 2661 2642 aut
2709 2588 2880 2642 etiam
2923 2589 2970 2642 si
3013 2606 3046 2643 a
3089 2591 3308 2661 synodo
3347 2593 3587 2662 quilibet

1959 2679 2255 2750 episcopus
2296 2679 2470 2734 fuerit
2512 2684 2924 2749 exauctoratus,
2964 2683 3285 2739 molestiam
3324 2684 3590 2756 imperia-

1957 2771 2104 2827 libus
2131 2773 2362 2828 auribus
2385 2773 2601 2828 inferre
2644 2791 2757 2829 non
2806 2781 3130 2846 prasumat,
3177 2776 3276 2832 sed
3305 2778 3375 2833 ad
3399 2779 3583 2850 majo-

1957 2881 2080 2920 rem
2109 2867 2504 2938 episcoporum
2531 2868 2810 2938 synodum
2837 2885 2958 2923 sese
2984 2873 3292 2938 convertat,
3307 2875 3363 2925 et
3381 2888 3508 2943 qua
3524 2890 3582 2926 se

1955 2963 2121 3029 putat
2139 2960 2369 3031 habere,
2393 2961 2547 3031 justa
2572 2960 2630 3014 in
2661 2978 2860 3016 eorum
2889 2963 3128 3017 concilio
3153 2965 3381 3035 alleget,
3411 2970 3584 3038 atque

1953 3053 2023 3106 ab
2054 3053 2140 3107 his
2169 3053 2238 3108 de
2259 3071 2317 3108 se
2337 3058 2623 3125 exspectet
2640 3071 2769 3126 qua
2790 3056 2964 3110 fuerit
2991 3057 3326 3129 deprompta
3350 3063 3583 3114 senten-

1955 3144 2054 3200 tia.
2084 3147 2246 3214 Quod
2286 3146 2333 3201 si
2379 3147 2647 3202 deﬁciens
2684 3149 3149 3219 pusillanimitate
3189 3151 3294 3206 hoc
3337 3153 3586 3208 noluerit

1952 3239 2160 3307 facere,
2203 3240 2298 3295 sed
2340 3240 2668 3312 imperatori
2712 3241 2882 3297 fuerit
2932 3243 3324 3314 importunus,
3380 3246 3578 3316 hujus-

1951 3333 2111 3387 modi
2161 3334 2374 3388 nullam
2417 3334 2641 3390 veniam
2675 3335 2905 3403 habeat,
2955 3353 3142 3408 neque
3193 3339 3382 3394 locum
3434 3339 3584 3396 illius

1951 3425 2277 3480 assertionis
2303 3443 2439 3495 sua,
2473 3444 2581 3482 nec
2611 3445 2772 3498 spem
2795 3429 3109 3500 recipiendi
3135 3431 3346 3501 gradus
3373 3432 3582 3490 habeat

1952 3518 2011 3573 in
2035 3520 2318 3574 futurum.

2021 3614 2150 3667 XIII.
2188 3613 2416 3668 Nullum
2461 3611 2794 3686 episcopum
2838 3614 3051 3671 audere
3100 3617 3310 3674 debere
3355 3633 3424 3674 ex
3469 3617 3581 3676 alia

1952 3705 2238 3777 provincia
2285 3706 2357 3760 ad
2403 3707 2574 3762 aliam
2621 3708 2925 3764 transitum
2968 3709 3178 3780 facere,
3225 3713 3284 3766 et
3319 3712 3580 3771 ordinare

1951 3800 2170 3871 aliquos
2206 3800 2463 3855 Ecclesiis
2507 3805 2608 3856 aut
2659 3802 2874 3858 referre
2925 3803 2996 3858 ad
3045 3821 3272 3861 sacrum
3319 3807 3575 3864 ministe-

1949 3893 2122 3962 rium,
2151 3910 2256 3948 nec
2295 3893 2435 3949 alios
2479 3894 2610 3950 illuc
2655 3896 2907 3951 attrahat
2934 3897 3244 3970 episcopos,
3276 3901 3383 3956 nisi
3426 3901 3576 3959 forte

1950 4005 2055 4058 per
2078 3988 2294 4044 litteras
2322 3991 2550 4060 rogatus
2576 3988 2798 4058 abierit,
2827 4007 2945 4046 non
2971 3992 3152 4048 solum
3176 4000 3370 4050 autem
3394 4013 3428 4051 a
3451 4012 3572 4052 me-

1947 4082 2312 4154 tropolitano,
2343 4082 2443 4137 sed
2471 4085 2529 4137 et
2555 4082 2627 4138 ab
2661 4083 2748 4138 his
2774 4084 2871 4154 qui
2903 4101 3034 4140 cum
3062 4103 3132 4141 eo
3160 4092 3293 4144 sunt
3319 4090 3582 4147 omnibus

1947 4175 2124 4246 ipsius
2153 4175 2457 4246 provincia
2496 4175 2986 4248 episc0pis.lQuod
3025 4179 3071 4234 si
3103 4182 3262 4237 nullo
3302 4183 3577 4239 invitante

1946 4267 2266 4324 inordinate
2288 4270 2673 4340 superveniat,
2696 4275 2753 4326 et
2782 4272 3004 4343 aliquos
3031 4274 3118 4329 vel
3147 4276 3411 4332 ordinare
3436 4295 3579 4349 pra-

1951 4363 2278 4434 sumpserit,
2324 4363 2411 4417 vel
2449 4363 2734 4434 quoslibet
2775 4369 2934 4420 actus
2963 4367 3045 4422 illi
3073 4369 3319 4426 ecclesia
3345 4387 3575 4444 compe-

1949 4459 2133 4511 tentes
2154 4471 2282 4526 qua
2306 4457 2376 4510 ad
2406 4473 2464 4510 se
2486 4456 2720 4512 minime
2747 4459 3056 4529 pertinent,
3091 4478 3364 4534 usurpare
3392 4469 3576 4521 tenta-

219 4561 276 4610 et
332 4556 757 4628 providentiam
814 4560 978 4629 gerat
1025 4556 1210 4612 omnis
1259 4557 1514 4627 regionis
1568 4573 1694 4628 qua
1742 4557 1846 4612 sub
1865 4560 1925 4633 D
1946 4549 2109 4617 verit,
2132 4565 2310 4604 vacua
2339 4549 2575 4620 quidem
2604 4556 2660 4605 et
2684 4551 2878 4606 inania
2905 4559 3075 4611 erunt
3100 4555 3293 4610 omnia
3311 4573 3436 4626 qua
3455 4574 3578 4628 ges-

214 4649 392 4722 ipsius
422 4653 510 4704 est
538 4649 782 4719 civitate,
812 4650 891 4704 ita
931 4655 997 4705 ut
1041 4651 1213 4705 etiam
1245 4649 1510 4704 ordinare
1536 4651 1586 4704 ei
1613 4650 1844 4722 presby-

215 4747 383 4811 teros,
427 4748 487 4798 et
531 4744 801 4798 diaconos
849 4743 1129 4815 probabili
1171 4743 1387 4814 judicio
1439 4744 1628 4812 liceat,
1679 4748 1737 4798 et
1778 4744 1848 4800 de

216 4837 453 4908 singulis
495 4837 652 4892 illius
687 4838 937 4909 regionis
979 4837 1161 4892 causis
1197 4836 1592 4892 moderatione
1622 4843 1679 4892 et
1701 4854 1844 4908 pon-

215 4929 346 4986 dere
376 4931 717 5002 disceptare,
747 4932 894 4986 ultra
920 4935 1112 4987 autem
1142 4931 1284 4986 nihil
1303 4947 1473 5003 agere
1499 4930 1848 5002 permittitur

214 5024 353 5079 citra
376 5023 808 5096 metropolitani
838 5025 1084 5097 episcopi
1113 5024 1534 5092 conscientiam,
1575 5041 1683 5079 nec
1721 5041 1842 5079 me-

213 5119 593 5189 tropolitanus
636 5118 758 5173 sine
800 5121 1138 5174 caterorum
1180 5117 1395 5190 aliquid
1425 5122 1589 5189 gerat
1611 5119 1846 5174 consilio

214 5191 639 5305 sacerdotum.\

280 5307 340 5360 Χ.
368 5304 708 5379 CoepiscOpi
723 5307 823 5380 qui
849 5325 1054 5363 manus
1081 5306 1507 5380 impositionem
1535 5307 1606 5362 ab
1633 5307 1847 5379 episco-

212 5399 297 5470 pis
334 5404 711 5472 susceperunt
753 5405 812 5456 et
838 5406 904 5457 ut
940 5401 1186 5473 episcopi
1219 5407 1350 5457 sunt
1392 5402 1720 5469 consecrati,
1753 5405 1840 5457 ta-

209 5509 341 5550 men
377 5493 596 5566 placuit
624 5500 831 5550 sancta
874 5496 1094 5568 synodo
1143 5512 1240 5551 eos
1281 5495 1521 5551 modum
1551 5494 1844 5568 proprium

207 5587 476 5658 retinere,
515 5593 572 5642 et
616 5587 940 5660 gubernare
976 5589 1298 5660 adjacentes
1341 5589 1450 5644 sibi
1493 5589 1747 5644 civitates
1789 5594 1846 5644 et

209 5697 327 5736 esse
378 5685 676 5738 contentos
734 5682 964 5755 prOpria
1018 5683 1396 5739 sollicitudine
1454 5686 1511 5738 et
1567 5683 1846 5754 guberna-

209 5774 364 5834 tione
388 5791 566 5848 quam
595 5781 988 5849 susceperunt,
1017 5777 1365 5832 constituere
1390 5779 1583 5833 autem
1606 5776 1694 5832 his
1721 5792 1845 5848 per-

209 5868 457 5931 mittitur
498 5869 756 5942 lectores,
796 5873 855 5927 et
893 5870 1266 5929 subdiaconos
1302 5875 1474 5948 atque
1519 5870 1840 5943 exorcistas,

1951 4644 2105 4712 serit,
2135 4642 2257 4714 ipse
2288 4659 2422 4698 vero
2448 4642 2619 4714 huius
2644 4643 3052 4716 indisciplinati
3078 4665 3249 4702 ausus
3276 4649 3574 4707 irrationa~

1946 4737 2077 4792 bilis
2101 4736 2266 4808 coepti
2298 4737 2498 4808 dignas
2538 4753 2732 4793 causas
2762 4739 3046 4810 expediat,
3073 4746 3347 4813 tanquam
3391 4743 3571 4817 depo-

1946 4831 2086 4886 situs
2131 4847 2165 4886 a
2203 4831 2419 4902 synodo
2446 4834 2664 4902 sancta,
2713 4836 2771 4887 et
2816 4838 3054 4905 propter
3079 4834 3410 4906 hujusmodi
3435 4855 3576 4910 pra-

1947 4924 2333 4998 sumptionem
2350 4925 2474 4996 jam
2499 4925 2940 4998 pradamnatus.
2965 4913 3009 5008 /

2017 5021 2147 5074 XIV.
2187 5019 2243 5076 Si
2275 5019 2402 5090 quis
2445 5019 2516 5074 de
2552 5020 2836 5092 aliquibus
2873 5022 3055 5077 causis
3093 5023 3486 5083 criminalibus
3511 5026 3574 5084 in

1937 5113 2154 5185 judicio
2183 5113 2573 5186 episcoporum
2601 5114 2776 5169 fuerit
2802 5122 3113 5182 accusatus,
3147 5119 3444 5192 contingat
3469 5139 3570 5178 au-

1943 5213 2063 5264 tem
2105 5209 2175 5263 de
2217 5207 2353 5279 ipsis
2391 5207 2670 5279 episcopis
2713 5209 3022 5280 provincia
3058 5212 3156 5284 qui
3185 5223 3576 5276 convenerunt

1945 5301 2197 5357 diversas
2240 5301 2452 5357 habere
2498 5302 2825 5372 sententias,
2875 5306 2932 5359 et
2975 5305 3116 5360 alios
3145 5307 3382 5378 quidem
3405 5311 3570 5366 inno-

1943 5400 2169 5450 centem
2212 5412 2345 5450 eum
2377 5383 2774 5466 pronuntiare,
2819 5396 2960 5453 alios
2986 5415 3171 5468 reum,
3201 5409 3436 5475 propter
3463 5406 3572 5460 hu-

1935 5487 2256 5560 juscemodi
2295 5488 2487 5559 itaque
2527 5490 2972 5546 controversiam
3011 5497 3422 5565 amputandam
3450 5499 3572 5570 pla-

1944 5583 2059 5637 cuit
2082 5585 2289 5637 sancta
2335 5582 2552 5654 synodo
2599 5584 3102 5655 metropolitanum
3146 5589 3472 5661 episcopum
3498 5593 3574 5646 al-

1943 5676 2118 5731 terius
2143 5676 2344 5731 vicina
2371 5677 2677 5748 provincia
2699 5679 2984 5747 advocari,
3012 5685 3067 5736 et
3092 5682 3414 5752 aliquantos
3442 5700 3572 5741 cum

1942 5787 2010 5828 eo
2036 5771 2325 5843 episcopos
2369 5771 2529 5827 alios.
2574 5771 2679 5838 Qui
2721 5772 2938 5845 pariter
2967 5774 3279 5830 residentes
3306 5792 3573 5848 quacun-

1941 5882 2052 5942 que
2101 5865 2337 5940 fuerint,
2384 5865 2658 5925 dirimant
2702 5867 3048 5944 quaestiones
3076 5871 3310 5941 prapter
3355 5869 3460 5928 hoc
3507 5875 3573 5938 ut
