4058 6304
455 342 556 403 '283

1358 343 1637 407 AI’PEND.
1680 351 1765 406 AD
1802 354 1960 408 SEO.
1999 355 2085 408 IX.
2119 385 2186 392 ——
2225 355 2459 410 ISIDORI
2497 351 2918 408 MERCATORIS

3713 340 3817 399 284

456 457 690 509 ﬁrmum
717 455 790 509 sit
820 455 1103 527 judicium
1131 457 1281 528 quod
1319 457 1388 513 ab
1428 458 1593 512 unius
1634 459 1935 529 provinciae
1969 461 2085 533 epi-
2111 462 2664 547 AtrOpolitanorum
2728 457 3122 529 episcoporum
3187 453 3531 508 conscientia
3582 451 3765 506 facere
3798 493 3814 520 ,

457 548 643 618 scopis
669 549 841 603 fuerit
871 551 1316 621 promulgatum.

2191 556 2394 627 quibus
2439 555 2507 610 de
2546 552 2810 608 omnibus
2853 549 3030 605 causis
3069 551 3285 603 constat
3315 547 3655 619 permissum
3695 561 3817 599 esse

525 643 632 696 XV.
663 641 716 697 Si
753 642 878 713 quis
926 644 1216 715 episcopus
1261 642 1632 700 criminaliter
1678 651 1972 702 accusatus
2015 649 2084 703 ab
2181 649 2482 720 judicium.

456 734 724 788 omnibus
773 734 872 804 qui
909 740 1042 790 sunt
1085 736 1233 790 intra
1277 735 1626 806 provinciam
1681 739 1964 811 episcopis
2001 757 2087 796 ac-

2255 761 2379 813 XXI.
2412 759 2754 829 Episc0pum
2793 756 2864 809 dc
2906 753 3134 809 dioecesi
3160 754 3230 808 ad
3257 750 3543 806 dioecesim
3575 751 3816 806 alteram

458 827 671 897 ceperit
725 843 898 882 “nam
946 845 1377 900 οοηεοηδοῐηίῖυθ
1419 831 1784 902 sententiam,
1839 833 1909 887 ab
1964 833 2088 888 aliis
2186 870 2299 908 non
2329 827 2539 906 debere
2579 827 2837 916 transire,
2885 864 3069 919 neque
3115 846 3159 900 si
3194 847 3447 918 seipsum
3492 844 3816 916 ingesserit,

460 919 698 973 ulterius
713 920 956 989 judicari
986 938 1100 975 non
1127 923 1357 992 poterit,
1387 923 1486 976 sed
1514 939 1746 979 manere
1777 925 1925 980 circa
1954 942 2087 981 eum

462 1015 690 1082 oportet
738 1018 1008 1083 tanquam
1052 1014 1486 1069 convenientem
1531 1033 1658 1088 quae
1704 1017 1774 1072 ab
1824 1020 2087 1074 omnibus

461 1107 678 1176 prolata
699 1109 786 1160 est
810 1107 1034 1160 ﬁrmam
1059 1113 1358 1178 ratamque
1389 1110 1748 1166 sententiam.

529 1199 656 1253 XVI.
707 1197 766 1254 Si
814 1198 940 1270 quis
985 1200 1286 1271 episcopus
1331 1218 1534 1256 vacans
1563 1202 1623 1256 in
1654 1204 1960 1260 Ecclesiam
1992 1221 2088 1259 va-

459 1294 687 1346 cantem
738 1294 1154 1363 supervenerit,
1206 1297 1262 1348 et
1310 1295 1457 1349 hanc
1500 1295 1850 1368 obripienter
1883 1303 2096 1369 praeter

457 1385 774 1455 plenariam
819 1385 1102 1457 synodum
1154 1388 1536 1459 occupandam
1588 1406 1709 1444 esse
1768 1390 2092 1460 crediderit,

459 1477 614 1531 hunc
645 1478 814 1548 abjici
835 1481 1080 1549 oportet,
1113 1481 1369 1550 quamvis
1401 1497 1535 1535 eum
1567 1483 1725 1552 plebs
1752 1499 1924 1555 quam
1965 1484 2095 1539 diri-
2195 1511 2198 1547 ς

458 1571 667 1641 puerit,
694 1571 832 1626 velit
854 1571 960 1626 sibi
992 1572 1322 1644 episcopum
1350 1574 1621 1631 retinere.
1647 1576 1744 1630 Illa
1771 1580 1964 1632 autem
2004 1577 2092 1632 di-

461 1662 612 1718 citur
637 1665 886 1735 synodus
911 1666 1172 1736 plenaria
1201 1666 1262 1720 in
1287 1684 1401 1739 qua
1429 1668 1598 1723 etiam
1639 1668 1939 1741 episcopus
1966 1687 2093 1726 me-

461 1757 846 1827 tropolitanus
873 1758 1142 1814 adfuerit.

534 1850 688 1905 XVII.
731 1851 790 1906 Si
833 1851 960 1922 quis
999 1852 1318 1925 episcopus,
1353 1859 1612 1928 suscepta
1639 1873 1840 1911 manus
1869 1856 2096 1928 imposi-

465 1941 639 2013 tione,
676 1948 738 1999 et
755 1944 1058 2015 deputatus
1103 1947 1325 2018 populis
1373 1965 1635 2020 praeesse,
1669 1967 1786 2005 non
1833 1949 2098 2022 suscipiat

464 2036 845 2092 ministerium
879 2039 1200 2108 sacerdotii,
1249 2056 1357 2095 nec
1403 2041 1722 2098 consentiat
1757 2043 1964 2099 habere
1993 2045 2094 2098 Ec-

464 2129 721 2193 clesiam,
749 2131 806 2184 in
829 2148 944 2203 qua
966 2131 1158 2186 fuerat
1184 2133 1502 2203 ordinatus,
1534 2135 1686 2191 hunc
1707 2135 2093 2192 incommuni-

467 2222 710 2278 cabilem
743 2239 864 2278 esse
908 2225 1139 2294 debere,
1171 2225 1357 2282 donec
1383 2233 1606 2284 coactus
1637 2230 1958 2284 consentiat
1984 2230 2098 2301 ple-

466 2314 596 2370 bem
650 2315 936 2388 suscipere
980 2318 1207 2375 sibimet
1257 2320 1608 2392 deputatam,
1660 2328 1758 2378 aut
1796 2323 2099 2394 provinciae

465 2409 726 2487 plenaria
772 2410 1021 2482 synodus
1061 2412 1455 2484 episcoporum
1509 2414 1580 2470 de
1635 2432 1702 2470 eo
1751 2416 1965 2487 aliquid
1995 2420 2100 2471 sta-

466 2483 643 2649 mets;1

535 2595 576 2649 Χ

535 2593 712 2650 XVIII.
779 2593 839 2652 Si
891 2595 1018 2667 quis
1062 2597 1354 2670 episcopus
1403 2599 1694 2657 ordinatus
1735 2619 1853 2657 non
1899 2601 2103 2659 abierit

468 2686 528 2742 in
562 2688 892 2758 parochiam
937 2689 1028 2744 cui
1069 2691 1360 2747 ordinatus
1401 2697 1504 2763 est,
1551 2695 1598 2748 si
1643 2711 1761 2750 non
1801 2711 1902 2749 suo
1942 2696 2098 2764 vitio,

469 2780 568 2835 sed
616 2781 797 2850 plebis
859 2782 1094 2838 forsitan
1152 2785 1597 2841 contradictione
1622 2829 1636 2857 ,
1687 2788 1778 2842 hic
1827 2789 2101 2844 honorem

469 2875 793 2944 susceptum
843 2875 1092 2930 retinere
1141 2875 1390 2946 debebit,
1446 2881 1503 2933 et
1554 2881 1864 2935 sacerdotio
1917 2881 2101 2953 fungi,

468 2965 551 3021 ita
579 2971 640 3021 ut
664 2966 810 3022 nihil
833 2968 1102 3024 molestia
1129 2969 1331 3025 afferat
1355 2970 1614 3027 Ecclesiae
1641 2973 1720 3028 illi
1747 2975 1805 3028 in
1831 2991 1945 3046 qua
1969 2975 2100 3029 fue-

469 3063 562 3114 rat
589 3060 943 3116 constitutus.
972 3064 1308 3134 Exspectare
1335 3070 1530 3120 autem
1555 3081 1687 3121 eum
1717 3073 1942 3138 oportet
1968 3085 2097 3140 pro-

473 3152 670 3207 vinciae
702 3155 1016 3225 plenariam
1043 3157 1344 3227 synodum,
1377 3159 1553 3214 donec
1579 3160 1648 3216 de
1676 3177 1744 3216 eo
1776 3161 1930 3232 quod
1955 3178 2102 3218 com~

469 3245 617 3318 petit
645 3249 942 3304 statuatur.

542 3341 668 3394 XIX.
702 3341 1042 3414 Episcopum
1100 3360 1217 3399 non
1277 3345 1656 3402 ordinandum
1709 3345 1830 3404 sine
1867 3348 2102 3406 consilio

473 3436 532 3489 et
558 3437 865 3506 praesentia
889 3437 1322 3509 metropolitani
1349 3439 1616 3512 episcopi,
1645 3441 1736 3497 cui
1765 3443 1970 3498 melius
1995 3443 2104 3499 erit

471 3527 516 3582 si
545 3543 611 3583 ex
640 3527 796 3583 omni
837 3530 1130 3601 provincia
1156 3536 1584 3604 congregentur
1613 3534 1885 3607 episcopi.
1940 3536 2103 3601 Quod

472 3621 520 3676 si
549 3622 674 3678 ﬁeri
718 3639 837 3679 non
878 3629 1084 3696 potest,
1116 3624 1177 3680 hi
1222 3627 1321 3698 qui
1341 3626 1539 3682 adesse
1568 3645 1682 3683 non
1707 3634 1943 3702 possunt
1965 3647 2101 3702 pro-

470 3713 612 3787 priis
637 3713 840 3772 litteris
865 3733 1210 3774 consensum
1241 3737 1408 3775 suum
1439 3719 1509 3776 de
1538 3720 1663 3792 ipso
1695 3723 2018 3794 designent,
2051 3729 2107 3781 et

471 3814 611 3864 tunc
637 3809 870 3864 demum
897 3815 1028 3882 post
1050 3812 1430 3882 plurimorum
1457 3814 1571 3868 sive
1597 3830 1703 3885 per
1740 3817 2105 3886 praesentiam

474 3898 589 3956 sive
632 3917 736 3972 per
773 3903 993 3959 litteras
1037 3905 1376 3961 sententiam
1422 3922 1734 3962 consonam
1787 3910 2103 3967 ordinetur.

478 3993 641 4057 Quod
672 3993 720 4048 si
743 3995 907 4050 aliter
949 4013 1124 4068 quam
1171 4001 1377 4054 statuta
1419 4000 1552 4054 sunt
1588 3999 1705 4067 ﬁat,
1738 4001 1880 4056 nihil
1916 4003 2106 4060 valere

475 4084 809 4158 hujusmodi
837 4084 1282 4147 ordinationem.
1329 4092 1384 4148 Si
1429 4108 1562 4148 vero
1597 4093 1768 4150 etiam
1796 4097 2107 4154 secundum

475 4180 740 4235 definitas
764 4184 992 4253 regulas
1023 4184 1305 4240 ordinatio
1333 4187 1672 4258 celebretur,
1719 4189 2108 4247 contradicant

474 4278 668 4330 autem
697 4273 872 4347 aliqui
898 4281 1135 4349 propter
1163 4277 1424 4350 proprias
1455 4285 1513 4336 et
1540 4281 1879 4338 domesticas
1908 4285 2104 4340 simul-

474 4371 639 4438 tates,
687 4367 775 4423 his
812 4370 1109 4441 contentis,
1143 4373 1426 4428 sententia
1458 4374 1528 4430 de
1561 4391 1628 4430 eo
1659 4375 1910 4434 obtineat
1933 4379 2109 4450 pluri‘

475 4475 724 4518 morum.

2189 962 2374 1017 neque
2399 945 2444 998 si
2470 962 2503 998 a
2533 943 2758 1014 populis
2793 940 2966 996 fuerit
2993 940 3272 994 violenter
3302 942 3594 1005 attractus,
3628 953 3814 1007 neque

2189 1039 2236 1094 si
2269 1039 2441 1092 etiam
2490 1037 2597 1090 hoc
2647 1036 2701 1089 ei
2761 1034 2831 1089 ab
2881 1033 3155 1104 episcopis
3211 1032 3535 1099 suadeatur,
3585 1045 3816 1084 manere

2191 1137 2387 1187 autem
2431 1147 2564 1185 eum
2607 1128 2815 1183 debere
2844 1127 2905 1180 in
2939 1126 3186 1181 Ecclesia
3217 1125 3312 1180 Dei
3339 1141 3514 1196 quam
3545 1123 3616 1177 ab
3654 1123 3820 1177 initio

2192 1224 2422 1280 sortitus
2448 1228 2550 1293 est,
2586 1227 2641 1276 et
2665 1239 2778 1275 non
2803 1219 2936 1274 alibi
2966 1219 3285 1290 demigrare
3314 1217 3626 1272 secundum
3658 1232 3824 1287 regu-

2191 1319 2308 1373 lam
2333 1333 2505 1388 super
2532 1317 2639 1370 hoc
2671 1315 2809 1370 olim
2838 1331 2871 1368 a
2897 1312 3158 1368 Patribus
3184 1311 3569 1366 constitutam.

2263 1431 2414 1485 XXII.
2443 1429 2786 1500 Episcopum
2816 1442 2932 1480 non
2971 1423 3179 1479 debere
3225 1423 3286 1476 in
3327 1422 3575 1476 alienam
3605 1419 3822 1474 irruere

2193 1514 2564 1595 provinciam,
2609 1538 2738 1592 quae
2779 1519 2858 1574 illi
2901 1517 3176 1589 probatur
3218 1532 3335 1570 non
3378 1531 3499 1569 esse
3548 1514 3821 1584 subjecta,

2194 1633 2380 1688 neque
2425 1617 2486 1670 in
2528 1615 2828 1685 regionem
2881 1628 3009 1683 quae
3055 1610 3124 1665 ad
3180 1609 3302 1680 ejus
3350 1625 3542 1662 curam
3587 1607 3825 1661 minime

2194 1711 2454 1766 noscitur
2493 1708 2778 1780 pertinere
2822 1704 2896 1760 ad
2933 1703 3150 1774 aliquid
3195 1702 3600 1768 ordinandum,
3633 1716 3826 1772 neque

2113 1803 2577 1914 Bpresbyteros,
2628 1816 2811 1871 neque
2856 1797 3124 1851 diaconos
3169 1795 3533 1863 constituere,
3568 1792 3641 1847 ad
3683 1792 3828 1846 alios

2272 1897 2282 1907 ·
2328 1913 2361 1914 ,,
2399 1913 2407 1914 κ
2514 1894 2858 1914 μ---ι1..,..ι--
2935 1889 3038 1914 ..ἔηζ
3087 1890 3232 1914 ειη-ι...
3279 1904 3400 1914 ιιι-Μ
3449 1888 3737 1914 ..ΑΙ-...ιηιη
3776 1890 3828 1914 ιιι

2196 1897 2484 1968 episcopos
2510 1894 2884 1966 pertinentes,
2935 1889 3044 1944 nisi
3087 1890 3234 1944 forte
3275 1904 3405 1942 cum
3449 1888 3739 1942 voluntate
3775 1890 3833 1940 et

2194 1989 2518 2045 testimonio
2549 1987 2795 2059 propriae
2824 1981 3080 2056 regionis
3108 1982 3380 2054 episcopi.
3412 1981 3575 2045 Quod
3604 1981 3651 2034 si
3670 1979 3829 2051 quis-

2194 2083 2350 2155 piam
2385 2082 2596 2137 horum
2637 2080 2750 2135 tale
2795 2079 2984 2133 facere
3009 2075 3250 2132 voluerit
3271 2074 3435 2129 irrita
3457 2073 3693 2145 quidem
3723 2073 3835 2128 erit

2196 2175 2528 2248 hujusmodi
2574 2172 2877 2239 ordinatio,
2925 2174 2980 2226 et
3031 2187 3160 2242 quae
3205 2169 3352 2224 m‘le
3401 2166 3762 2239 usurpaverit
3800 2184 3834 2220 a

2198 2269 2421 2342 synodo
2449 2271 2782 2340 arguantur.
2825 2267 2966 2319 Nam
3003 2264 3049 2318 si
3096 2263 3360 2319 ordinare
3399 2278 3518 2316 non
3553 2259 3831 2332 potuerit,

2203 2363 2522 2418 nullatenus
2541 2359 2774 2416 alterius
2790 2357 3207 2430 parochianum
3216 2356 3472 2427 judicare
3499 2356 3830 2425 praesumat.

2270 2476 2441 2531 XXIII.
2484 2472 2824 2544 Episcopum
2874 2485 2993 2524 non
3036 2468 3246 2523 debere
3289 2470 3567 2538 tanquam
3614 2481 3834 2519 succes-

2199 2584 2383 2623 sorem
2423 2567 2531 2622 sibi
2566 2566 2825 2620 futurum
2868 2561 3210 2641 constituere
3255 2561 3523 2627 alterum,
3569 2557 3835 2631 quamvis

2201 2660 2351 2715 circa
2393 2659 2601 2714 vicinia
2643 2656 2844 2712 mortis
2884 2655 3181 2723 habeatur,
3221 2653 3372 2724 quod
3405 2652 3450 2707 si
3477 2652 3590 2707 tale
3619 2649 3836 2722 aliquid

2201 2755 2414 2810 factum
2440 2753 2613 2808 fuerit
2632 2751 2795 2806 irrita
2825 2748 2936 2804 erit
2963 2746 3296 2819 hujusmodi
3327 2745 3631 2812 ordinatio,
3650 2747 3839 2800 custo-

2201 2848 2324 2903 dire
2368 2850 2558 2901 autem
2601 2844 2776 2899 debet
2817 2841 3193 2898 ecclesiastica
3247 2839 3554 2894 constituta
3605 2854 3734 2909 quae
3787 2838 3837 2892 si

2201 2941 2284 2996 ita
2304 2941 2618 3008 continent,
2652 2954 2766 2992 non
2803 2952 2971 3008 posse
3005 2934 3168 2990 aliter
3195 2933 3527 3005 episcopum
3552 2931 3694 2999 ﬁeri,
3724 2931 3840 2986 nisi

2202 3034 2262 3088 in
2291 3033 2554 3100 concilio,
2589 3037 2646 3087 et
2673 3045 2954 3086 consensu
2991 3027 3396 3100 episcoporum
3439 3041 3640 3080 eorum
3694 3024 3840 3079 dun-

2201 3131 2355 3182 taxat
2383 3126 2482 3198 qui
2502 3127 2628 3196 post
2658 3123 2874 3178 obitum
2905 3123 3028 3194 ejus
3055 3120 3150 3192 qui
3195 3119 3501 3191 praecessit,
3531 3115 3843 3174 habuerint

2123 3207 2178 3282 C
2201 3223 2537 3292 potestatem
2565 3235 2696 3274 eum
2725 3217 2822 3289 qui
2853 3216 3061 3287 dignus
3089 3213 3263 3268 fuerit
3281 3210 3650 3284 provehendi.

2274 3333 2451 3388 XXIV.
2497 3331 2862 3401 Quaecunque
2915 3343 3006 3383 res
3049 3325 3316 3382 Ecclesiae
3371 3329 3522 3392 sunt,
3568 3325 3841 3380 convenit

2201 3442 2336 3482 cum
2363 3425 2522 3482 omni
2546 3422 2863 3495 diligentia,
2893 3423 2952 3476 et
2974 3421 3130 3476 bona
3153 3420 3266 3475 fide
3294 3434 3422 3491 quae
3440 3418 3558 3473 Deo
3576 3418 3835 3486 debetur,

2203 3520 2301 3592 qui
2327 3520 2521 3575 omnia
2544 3517 2801 3591 providet
2824 3520 2992 3587 atque
3013 3514 3236 3586 judicat
3255 3528 3500 3586 quaeque
3516 3511 3840 3584 gubernare

2205 3616 2453 3686 oportet,
2482 3615 2542 3667 et
2565 3611 2895 3683 dispensare
2925 3625 3057 3664 cum
3093 3606 3312 3679 judicio
3337 3611 3395 3662 et
3416 3608 3697 3678 potestate
3721 3605 3845 3677 epi-

2205 3706 2380 3779 scopi,
2413 3705 2507 3761 cui
2532 3705 2705 3760 totius
2745 3700 2928 3775 plebis
2966 3702 3178 3757 anima:
3216 3699 3479 3756 videntur
3515 3715 3638 3755 esse
3682 3715 3843 3754 com-

2204 3801 2410 3855 missae.
2441 3799 2736 3854 Manifesta
2762 3799 2956 3852 autem
3002 3811 3123 3852 esse
3151 3795 3383 3866 oportet
3418 3809 3547 3866 quae
3575 3791 3841 3848 Ecclesiae

2205 3897 2536 3965 competunt
2577 3908 2709 3948 cum
2760 3891 2966 3946 notitia
3007 3905 3210 3945 eorum
3263 3887 3730 3960 presbyterorum
3783 3888 3844 3942 et

2206 3987 2592 4053 diaconorum,
2622 3984 2722 4058 qui
2746 3984 2896 4040 circa
2921 3984 3113 4055 ipsum
3139 3985 3291 4049 sunt,
3313 3986 3380 4036 ut
3406 3980 3649 4051 ipsinon
3674 3980 3844 4051 igno-

2205 4087 2352 4152 rent,
2381 4097 2487 4136 nec
2525 4097 2623 4135 eos
2656 4078 2875 4150 aliquid
2919 4079 3096 4133 lateat
3137 4091 3340 4131 eorum
3387 4074 3485 4146 qui
3529 4079 3662 4129 sunt
3701 4089 3837 4146 pro-

2205 4176 2328 4247 pria
2354 4173 2636 4240 Ecclesia,
2655 4177 2720 4227 ut
2747 4171 2794 4225 si
2824 4170 3131 4243 contigerit
3155 4169 3486 4240 episcopum
3513 4168 3581 4223 de
3597 4167 3706 4222 hac
3725 4167 3841 4223 vita

2206 4269 2474 4340 migrare,
2507 4265 2828 4322 manifestae
2873 4265 2990 4320 sint
3033 4269 3091 4320 et
3132 4266 3285 4319 notae
3314 4279 3406 4317 res
3432 4260 3839 4332 ecclesiasticae,

2207 4379 2279 4418 ne
2305 4360 2649 4416 intercidant
2671 4365 2841 4431 atque
2869 4359 3196 4429 depereant,
3219 4357 3320 4412 sed
3349 4372 3452 4411 nec
3476 4372 3566 4411 res
3592 4355 3843 4426 propriae

2207 4455 2460 4527 episcopi
2486 4457 2766 4526 tanquam
2793 4452 3056 4508 obnoxiae
3099 4467 3295 4506 rerum
3334 4448 3844 4505 ecclesiasticarum

541 4555 643 4611 XX.
700 4559 939 4628 Propter
997 4558 1400 4616 ecclesiasticas
1461 4579 1674 4634 causas,
1728 4567 1786 4619 ct
1841 4582 1968 4637 quae
2016 4582 2108 4622 ex-

2208 4549 2506 4605 occasione
2533 4548 2706 4602 ullius
2739 4547 3038 4619 pulsentur
3076 4543 3308 4616 injuria,
3359 4543 3495 4615 quia
3525 4543 3751 4615 justum
3786 4549 3846 4599 et

471 4648 649 4704 istunt
706 4651 1120 4707 controversias
1175 4653 1561 4711 dissolvendas
1612 4657 1872 4714 sufﬁcere
1921 4638 2176 4715 visum"
2209 4647 2503 4714 acceptum
2528 4645 2613 4697 est
2638 4641 2789 4712 apud
2820 4642 2997 4696 Deum
3037 4644 3092 4694 θί
3130 4638 3394 4692 homines
3435 4653 3562 4708 (ΙῙΑ1ῑὲ
3604 4653 3844 4707 Propria

472 4749 557 4798 est
599 4744 686 4799 bis
727 4745 786 4799 in
837 4762 989 4801 anno
1036 4763 1141 4817 per
1181 4748 1430 4819 singulas
1471 4751 1789 4820 provincias
1815 4753 2110 4825 episcopo-

473 4853 600 4890 rum
638 4839 944 4894 consilium
1000 4839 1146 4895 ﬁeri.
1201 4842 1384 4896 Semel
1428 4841 1660 4914 quidem
1712 4851 1842 4916 post
1888 4848 2108 4903 tertiam

473 4929 895 4986 hebdomadam
921 4933 1206 4988 Paschalis
1237 4935 1576 5007 festivitatis,
1608 4937 1688 4992 ita
1714 4945 1776 4993 ut
1813 4938 1872 4993 in
1909 4944 2109 5011 quarta

472 5021 832 5078 hebdomade
872 5041 1001 5095 quae
1039 5028 1421 5100 consequitur,
1465 5029 1524 5084 id
1570 5037 1655 5086 est
1690 5031 1876 5087 media
1913 5034 2110 5089 Pente-

474 5119 624 5170 coste
677 5118 1053 5189 compleatur,
1106 5122 1452 5177 admoneant
1502 5129 1698 5180 autem
1737 5124 2108 5197 provinciales

477 5208 771 5280 episcopos
806 5211 867 5264 hi
901 5211 999 5282 qui
1038 5213 1096 5267 in
1138 5214 1474 5287 civitatibus,
1514 5217 1575 5272 id
1613 5223 1698 5273 est
1735 5219 1794 5274 in
1820 5223 2105 5292 metropo-

473 5305 666 5361 litanis
692 5307 1011 5365 civitatibus
1045 5311 1280 5383 degunt,
1299 5316 1616 5372 secundum
1644 5334 1779 5373 vero
1805 5318 2107 5374 concilium

474 5399 662 5454 Idibus
723 5400 978 5457 Octobris
1025 5404 1318 5476 habeatur,
1365 5408 1464 5481 qui
1516 5410 1638 5465 dies
1695 5412 1848 5483 apud
1891 5413 2110 5470 Graecos

475 5493 852 5564 Yperbcretaei
878 5497 1088 5553 mensis
1134 5499 1386 5556 decimus
1433 5503 1737 5574 invenitur,
1765 5505 1825 5561 in
1852 5504 1986 5578 ipsis
2014 5525 2110 5564 aus

476 5592 591 5642 tem
618 5588 870 5644 conciliis
902 5595 956 5646 et
981 5593 1340 5666 presbyteros
1386 5599 1444 5649 et
1481 5596 1750 5654 diaconos
1799 5607 2110 5672 praesentes

477 5697 596 5738 esse
639 5686 884 5756 oportet,
933 5689 990 5740 et
1035 5703 1236 5742 omnes
1278 5693 1558 5760 quotquot
1602 5707 1662 5746 se
1705 5693 1870 5750 laesos
1915 5696 2108 5752 existi-

481 5780 661 5846 mant,
685 5783 742 5834 et
772 5779 1100 5850 synodicam
1132 5785 1455 5852 exspectare
1498 5785 1863 5855 sententiam,
1895 5805 1998 5844 nec
2047 5790 2111 5846 li-

479 5873 597 5922 ceat
639 5870 925 5943 aliquibus
961 5872 1114 5944 apud
1161 5873 1497 5944 semetipsos
1547 5877 1784 5932 concilia
1827 5880 1944 5937 sine
1987 5898 2109 5940 me-

2206 4740 2338 4791 sunt
2375 4735 2621 4807 episcopi
2671 4735 2878 4807 quibus
2917 4733 3038 4805 ipse
3075 4731 3438 4804 judicaverit,
3498 4730 3839 4801 derelinqui,

2209 4836 2265 4886 et
2290 4847 2417 4902 quae
2443 4828 2704 4885 Ecclesiae
2737 4828 2847 4900 ipsi
2891 4825 3189 4882 reservari.
3241 4827 3321 4880 Ita
3359 4824 3511 4879 enim
3547 4823 3618 4877 sit
3647 4829 3713 4878 ut
3736 4839 3843 4878 nec

2208 4925 2455 4981 Ecclesia
2481 4925 2690 4979 damno
2718 4922 2908 4994 aliquo
2933 4920 3245 4992 afﬂigatur,
3279 4935 3384 4974 nec
3415 4918 3714 4988 episcopus
3741 4932 3840 4972 oc-

2207 5019 2430 5074 casione
2474 5035 2667 5073 rerum
2720 5015 3227 5073 ecclesiasticarum
3275 5011 3681 5085 proscribatur,
3746 5027 3846 5064 ne-

2209 5129 2319 5184 que
2365 5113 2719 5183 pertinentes
2768 5111 2840 5166 ad
2885 5126 3022 5165 eum
3067 5124 3260 5163 causas
3308 5103 3624 5174 incurrant,
3670 5107 3843 5175 atque

2207 5208 2335 5278 post
2349 5207 2597 5260 mortem
2614 5203 2899 5260 memoria
2919 5203 3042 5275 ejus
3066 5199 3383 5258 maledictis
3411 5197 3695 5270 aliquibus
3712 5213 3846 5252 one-

2209 5301 2386 5354 retur.

2282 5409 2402 5487 6'7
2433 5411 2582 5469 XXV.
2606 5415 2944 5486 Episcopum
2970 5410 3184 5469 habere
3214 5415 3438 5485 oportet
3457 5422 3651 5465 rerum
3675 5406 3844 5464 eccle-

2209 5508 2564 5563 siasticarum
2575 5510 2918 5578 potestatem
2936 5509 3009 5562 ad
3026 5507 3471 5579 dispensandum
3485 5503 3750 5558 omnibus
3764 5503 3846 5556 in-

2211 5600 2536 5673 digentibus
2552 5618 2680 5656 cum
2703 5601 2859 5656 omni
2875 5601 3084 5658 timore
3103 5605 3161 5656 et
3185 5598 3498 5656 reverentia
3517 5597 3639 5663 Dei,
3657 5597 3844 5667 ipsum

2210 5708 2438 5768 quoque
2467 5713 2533 5750 ex
2563 5695 2643 5751 eis
2668 5696 2958 5768 percipere
2983 5701 3153 5768 atque
3187 5694 3270 5749 uti
3299 5693 3508 5749 debere
3534 5691 3742 5763 quibus
3762 5689 3846 5744 in-

2209 5790 2384 5862 diget,
2439 5790 2485 5846 si
2527 5794 2720 5846 tamen
2749 5789 2990 5861 indiget,
3023 5790 3111 5845 vel
3141 5788 3211 5843 ad
3237 5803 3364 5843 suas
3389 5783 3736 5841 necessarias
3757 5793 3846 5838 ex-

2208 5899 2410 5957 pensas
2437 5883 2524 5938 vel
2554 5882 2819 5951 fratrum,
2845 5881 2944 5954 qui
2971 5882 3121 5956 apud
3143 5897 3274 5937 eum
3300 5876 3699 5953 hospitalitatis
3719 5893 3844 5949 gra-
