4058 6342
195 368 280 422 285
1074 351 1080 356 ’
1169 379 1174 384 ο
1414 363 1545 423 nec
1556 365 1796 424 BETALl

1940 371 2316 426 COLLECTIO.
3443 373 3542 431 286

191 477 257 529 tia
277 475 598 541 morantur,
623 479 681 528 ut
703 473 858 528 nulla
885 489 955 528 ex
979 482 1139 546 parte
1163 491 1270 546 per
1294 475 1550 547 inopiam
1577 477 1806 532 defrau-
1831 491 1888 562 Α
1908 483 2062 545 nent,
2116 479 2230 533 sive
2297 479 2366 534 de
2420 479 2594 550 agris,
2643 479 2759 534 sive
2811 480 2881 535 de
2929 480 3052 535 aliis
3113 481 3542 554 quibuscumque

193 568 387 623 dentur
431 566 744 622 secundum
785 568 1113 638 Apostolum
1160 567 1444 624 dicentem
1484 587 1497 624 :
1532 591 1560 620 «
1596 570 1812 624 Haben-
1911 566 2294 626 ecclesiasticis
2329 573 2529 642 causis,
2563 589 2658 627 eos
2685 573 2912 628 sibimet
2949 591 3243 646 usurpare,
3270 592 3545 648 pauperes

192 664 264 716 tes
307 661 522 715 victum
567 661 963 732 quotidianum
1008 665 1065 718 et
1109 665 1508 734 tegumentum
1557 663 1812 734 corporis
1911 680 2042 718 vero
2080 665 2410 720 necessitate
2451 670 2508 720 et
2550 667 2791 737 penuria
2837 667 3104 739 opprimi,
3137 671 3307 740 atque
3334 685 3401 725 ex
3435 671 3545 728 hoc

192 754 269 808 his
306 754 557 809 contenti
588 755 764 808 simus
797 755 842 823 (Ι
873 758 1008 811 Tim.
1041 772 1113 824 v1,
1140 757 1213 827 8).
1245 777 1272 805 »
1310 755 1476 820 Quod
1511 757 1560 811 si
1589 755 1676 810 his
1710 757 1813 811 mi-
1912 757 2033 828 ipso
2067 774 2183 812 non
2223 759 2404 813 solum
2454 760 2850 815 ecclesiasticae
2877 761 3104 832 rationi,
3133 779 3335 817 verum
3375 764 3544 820 etiam

189 848 330 904 nime
357 851 662 902 contentus
687 851 855 919 atque
884 848 1168 904 sufﬁciens
1205 849 1510 904 transferat
1537 849 1595 903 in
1626 865 1817 905 neces-
1914 849 2400 921 dispensatoribus
2435 853 2556 923 ejus
2594 853 2898 908 maledicta
2935 856 3301 926 reprehensio
3345 874 3551 930 augea-

191 941 367 995 sitates
397 940 805 995 ecclesiasticas
835 958 924 996 res
952 943 1038 996 vel
1063 943 1364 998 commoda
1406 943 1676 1014 quaelibet
1719 959 1811 998 ec-
1912 947 2024 998 tur.
2076 945 2234 998 Hunc
2282 944 2438 999 enim
2485 947 2894 1001 correctionem
2939 951 3164 1018 oportet
3209 951 3440 1019 mereri,
3489 951 3546 1006 id

190 1033 387 1104 etesiae,
429 1038 528 1089 aut
567 1051 838 1106 agrorum
885 1035 1387 1090 ccclesiasticorum
1431 1036 1648 1090 fructus
1693 1035 1814 1090 sine
1913 1053 2142 1108 quoque
2172 1037 2448 1094 condecet
2483 1042 2676 1093 sancta
2704 1041 2921 1110 synodo
2947 1048 3342 1113 cognoscente.
3373 1045 3545 1100 Euse-

190 1127 529 1182 conscientia
564 1128 1027 1199 presbyterorum
1069 1129 1218 1200 apud
1249 1145 1307 1183 se
1356 1129 1600 1199 redigat,
1634 1137 1689 1184 et
1714 1129 1811 1184 do-
1913 1129 2041 1183 bius
2067 1129 2332 1184 omnibus
2361 1147 2490 1203 quae
2520 1131 2821 1186 constituta
2855 1136 2988 1187 sunt
3019 1151 3267 1206 praesens
3301 1136 3545 1208 scripsit.

190 1220 430 1274 mesticis
462 1221 580 1276 suis
614 1221 699 1275 vel
741 1221 912 1276 etiam
947 1221 1210 1276 afﬁnibus
1253 1225 1354 1277 aut
1399 1222 1687 1293 fratribus,
1717 1227 1818 1278 aut
1913 1223 2264 1291 Theodorus,
2321 1223 2534 1292 Niceta,
2591 1224 2969 1296 Macedonius,
3029 1229 3344 1299 Anatolius,
3401 1231 3546 1284 Mar-

188 1314 304 1368 ﬁliis
329 1331 529 1369 earum
548 1332 740 1370 rerum
771 1315 984 1369 tribuat
1008 1319 1370 1386 potestatem,
1395 1320 1460 1370 ut
1482 1333 1586 1388 per
1615 1332 1815 1371 eorum
1915 1316 2327 1387 codunanetus,
2360 1317 2645 1384 Atherius,
2684 1318 2990 1388 Narcissus,
3034 1321 3384 1392 Eustachius,
3426 1323 3544 1378 Esi-

191 1411 458 1462 secretam
503 1407 861 1479 diligentiam
912 1407 1266 1463 ecclesiastici
1319 1408 1449 1463 laedi
1491 1408 1812 1479 videantur,
1915 1409 2095 1479 chius,
2133 1409 2418 1480 Manicius,
2447 1410 2674 1478 Paulus,
2704 1413 2761 1466 et
2794 1412 3004 1483 caeteri,
3035 1429 3280 1484 quorum
3308 1416 3547 1471 nomina

190 1505 405 1556 reatum
419 1503 571 1556 hunc
589 1501 688 1572 qui
705 1501 1030 1573 hujusmodi
1049 1506 1133 1557 est
1148 1501 1300 1573 apud
1316 1502 1817 1573 metropolitanum
1915 1502 1976 1557 in
2003 1503 2194 1558 Graeco
2215 1503 2342 1574 jam
2368 1504 2625 1576 superius
2653 1504 3036 1576 continentur,
3059 1512 3465 1563 consenserunt
3493 1515 3548 1564 et

191 1595 488 1666 provincia:
531 1597 799 1666 praestare
848 1593 1092 1666 debebit,
1128 1595 1280 1666 quod
1319 1595 1364 1649 si
1406 1595 1592 1650 taliter
1631 1612 1818 1667 repre-
1917 1596 2394 1668 subscripserunt.

193 1689 469 1744 hendatur
494 1688 812 1760 episcopus,
842 1689 930 1742 vel
966 1687 1024 1742 hi
1061 1688 1162 1761 qui
1192 1705 1324 1743 cum
1352 1688 1475 1760 ipso
1512 1693 1645 1744 sunt
1697 1705 1818 1760 pre-
2202 1688 2441 1762 Explicit
2465 1690 2769 1746 concilium
2789 1692 3227 1750 Antiochenum.

192 1782 395 1852 sbyteri
429 1799 544 1854 quo
581 1782 842 1838 dicantur
869 1783 990 1838 haec
1024 1799 1154 1854 quae
1197 1781 1270 1837 ad
1312 1782 1607 1838 ecclesiam
1637 1782 1815 1854 perti-

1026 2019 1426 2086 INCIPIUNT
1469 2019 1866 2086 CAPITULA
1907 2020 2239 2085 CONClLIl
2282 2020 2724 2086 LAUDICENI.

263 2155 309 2206 1.
352 2155 431 2208 De
456 2153 722 2227 bigamis.
1840 2171 1898 2244 B
1993 2161 2079 2213 30.
2121 2158 2269 2213 Nulli
2296 2157 2616 2214 Christiano
2646 2159 2817 2214 licere
2861 2175 2990 2214 cum
3025 2157 3360 2215 mulieribus
3394 2160 3548 2215 lava-

259 2250 313 2302 2.
351 2249 430 2302 De
461 2249 551 2303 his
574 2249 672 2322 qui
707 2250 1064 2306 diversorum
1102 2256 1461 2324 peccatorum
1497 2252 1689 2326 lapsus
1726 2251 1816 2308 in-
1920 2268 2016 2306 cra
2043 2268 2359 2307 excercere.

195 2347 442 2398 currunt.
1989 2349 2077 2401 31.
2120 2347 2195 2399 De
2225 2345 2485 2400 cavendis
2515 2345 2921 2401 hazreticorum
2950 2347 3270 2401 connubiis.

261 2439 311 2491 3.
353 2437 430 2491 De
453 2436 740 2508 ne0phitis
767 2454 886 2492 non
912 2439 1308 2509 promoVendis
1328 2441 1399 2494 ad
1419 2440 1820 2496 sacerdotium.
1989 2441 2076 2493 32.
2118 2439 2242 2492 Non
2270 2438 2440 2492 licere
2467 2438 2538 2493 ab
2567 2438 2851 2494 haereticis
2879 2439 3129 2511 eulogias
3150 2437 3451 2510 accipere.’

258 2530 313 2584 4.
355 2530 476 2583 Non
504 2530 695 2585 licebit
737 2546 924 2585 coram
971 2532 1392 2587 catechumenis
1417 2533 1649 2589 clericos
1676 2533 1818 2588 ﬁeri.
1990 2533 2076 2587 33.
2117 2533 2237 2586 Non
2275 2531 2483 2586 debere
2519 2548 2650 2586 cum
2688 2531 2991 2603 haereticis,
3038 2536 3139 2600 aut
3186 2531 3555 2587 schismaticis

262 2627 314 2677 5.
346 2624 466 2678 Non
487 2623 656 2678 licere
677 2624 890 2679 clericis
911 2640 1144 2680 usuram
1159 2627 1248 2680 vel
1268 2627 1532 2698 sexcupla
1547 2627 1820 2699 accipere.
1924 2642 2104 2680 orare.

260 2719 313 2771 6.
355 2717 475 2770 Non
508 2716 712 2772 debere
752 2717 1044 2774 haereticos
1082 2719 1139 2774 in
1173 2720 1379 2775 haeresi
1426 2727 1824 2792 permanentes
1996 2721 2082 2774 34.
2118 2719 2240 2774 Non
2274 2718 2541 2773 eumdem
2585 2718 2656 2773 ad
2683 2717 2851 2774 falsos
2879 2723 3178 2790 martyres.

195 2810 248 2864 in
279 2809 573 2865 ecclesiam
610 2810 858 2883 ingredi.
1990 2815 2077 2868 35.
2120 2814 2243 2868 Non
2292 2813 2464 2867 licere
2501 2811 2848 2867 Christianos
2892 2810 3165 2866 derelicta
3216 2811 3450 2868 ecclesia
3485 2814 3556 2868 ad

259 2909 313 2958 7.
354 2905 434 2959 De
463 2905 784 2960 Novatianis
810 2909 867 2961 et
892 2906 1437 2971 Quartodecimanis.
1921 2907 2264 2976 angulorum
2289 2905 2766 2978 congregationes
2790 2905 2999 2975 colligi.

261 3001 315 3052 8.
358 2997 437 3051 De
469 2999 838 3071 Cataphrygis
870 3000 943 3054 ad
969 3000 1275 3056 Ecclesiam
1300 3001 1677 3057 venientibus.
1993 3003 2080 3056 36.
2123 3001 2243 3054 Non
2289 2999 2460 3054 licere
2515 2998 2764 3068 clericos,
2799 3015 3016 3070 magos,
3059 2999 3148 3053 vel
3187 3000 3563 3055 incantatores

263 3093 315 3146 9.
358 3091 481 3145 Non
504 3091 715 3147 debere
747 3093 1076 3163 catholicos,
1100 3093 1160 3149 in
1181 3110 1244 3150 ea
1276 3111 1406 3167 qua
1430 3095 1705 3168 martyria
1725 3111 1826 3151 sua
1923 3110 2061 3162 esse,
2089 3097 2188 3148 aut
2212 3091 2558 3165 phylacteria
2582 3092 2790 3147 facere.

195 3183 443 3240 heretici
467 3184 684 3254 dicunt,
711 3185 948 3242 intrare.
1994 3189 2081 3241 37.
2124 3187 2245 3241 Non
2286 3185 2456 3240 licere
2503 3185 2573 3240 ab
2617 3177 2900 3240 haereticis
2931 3185 3017 3241 vel
3054 3186 3266 3242 Iudaeis
3308 3186 3564 3243 feriatica

265 3281 352 3334 10.
392 3279 518 3334 Non
561 3279 766 3334 debere
803 3281 1139 3337 catholicam
1177 3280 1582 3339 haereticorum
1620 3283 1821 3339 matri-
1926 3296 2055 3353 quae
2084 3280 2396 3334 mittuntur
2422 3279 2693 3350 accipere.

194 3371 384 3428 monio
413 3370 629 3428 sociari.
1997 3377 2086 3430 38.
2126 3374 2250 3428 Non
2287 3371 2457 3428 licere
2487 3389 2520 3427 a
2549 3372 2757 3426 Judaais
2794 3388 3018 3445 azymas
3041 3372 3316 3444 accipere.

265 3471 350 3523 11.
391 3467 470 3521 De
495 3467 916 3523 catechumenis
946 3468 1224 3526 Ecclesiae.
1811 3509 1820 3519 .
1998 3470 2087 3523 39.
2127 3467 2251 3522 Non
2284 3467 2451 3521 licere
2477 3481 2608 3521 cum
2637 3466 2876 3537 paganis
2902 3467 3046 3522 festa
3079 3466 3382 3522 celebrare.

265 3564 352 3616 12.
394 3561 470 3614 De
502 3560 834 3616 ordinandis
864 3563 1142 3636 episcopis
1167 3580 1299 3620 cum
1337 3563 1572 3621 concilio
1613 3569 1824 3620 metro-
1848 3543 1903 3616 (ἶ
2002 3562 2090 3616 40.
2131 3560 2432 3631 Episcopos
2475 3559 2546 3614 ad
2607 3559 2890 3630 synodum
2933 3563 3155 3614 vocatos
3198 3576 3316 3614 non
3361 3559 3564 3616 debere

192 3653 428 3727 politani
455 3656 512 3709 et
534 3651 915 3710 ﬁnitimorum
945 3657 1366 3729 episcoporum.
1491 3684 1494 3689 ι
1931 3657 2317 3710 contemnere.

266 3752 354 3805 13.
395 3749 519 3804 Non
549 3749 718 3804 licere
751 3751 961 3823 populo
990 3751 1278 3807 ministros
1303 3752 1496 3808 altaris
1522 3751 1759 3824 eligere.
2002 3749 2091 3803 41.
2132 3747 2252 3801 Non
2281 3747 2486 3802 debere
2507 3745 2775 3802 clericum
2802 3745 2889 3802 vel
2907 3746 3114 3802 laicum
3139 3745 3263 3802 sine
3292 3745 3568 3819 episcopis

266 3843 356 3898 14.
399 3841 632 3898 Sanctas
661 3843 972 3900 oblationes
1009 3862 1112 3917 pro
1151 3846 1392 3918 eulogiis
1434 3846 1494 3902 in
1535 3846 1833 3903 festivitate
1932 3839 2310 3916 peregrinari.

194 3935 449 3992 Paschali
474 3936 545 3991 ad
569 3936 708 3991 alias
732 3938 1031 4009 parochias
1059 3956 1176 3994 non
1203 3940 1412 3997 debere
1429 3940 1761 3996 transmitti.
2003 3936 2092 3991 42.
2132 3935 2364 3990 Nullum
2389 3931 2657 3990 clericum
2687 3933 2895 3990 debere
2925 3934 3048 3990 sine
3080 3933 3324 4008 episcopi
3350 3933 3436 3991 sui
3454 3934 3572 4008 jus-

269 4033 356 4086 15.
400 4030 480 4084 De
509 4028 830 4101 psalmistls.
1935 4029 2093 4085 sione
2120 4027 2479 4100 peregrinari
2506 4032 2563 4084 et
2587 4028 2817 4101 signum
2848 4028 3150 4100 suscipere.

269 4126 360 4180 16.
402 4124 474 4179 Ut
505 4125 767 4179 sanctum
793 4125 1163 4198 Evangelium
1195 4125 1456 4183 Sabbatis
1486 4129 1725 4201 legatur.
2006 4125 2093 4193 43.
2134 4122 2412 4178 Ministros
2443 4138 2560 4176 non
2589 4122 2797 4177 debere
2825 4121 2894 4176 ab
2926 4121 3122 4178 hostiis
3147 4122 3432 4179 recedere.

267 4221 359 4274 17.
401 4217 650 4272 Psalmos
678 4219 916 4290 sparsim
943 4236 1058 4276 non
1078 4216 1247 4276 licere
1269 4223 1559 4278 confundi.
2006 4219 2092 4273 44.
2135 4218 2259 4272 Non
2291 4219 2518 4288 oportet
2547 4231 2652 4287 per
2677 4216 2818 4270 duas
2853 4216 3202 4287 septimanas
3245 4216 3573 4288 Quadrage-

271 4314 359 4367 18.
405 4312 483 4366 De
511 4311 863 4368 orationibus
887 4313 1252 4386 quotidianis.
1938 4311 2097 4367 simae
2127 4311 2376 4383 aliquem
2405 4309 2476 4364 ad
2501 4309 2849 4381 baptismum
2881 4308 3191 4381 suscipere.

271 4409 361 4462 19.
404 4405 483 4461 De
513 4405 710 4462 ordine
741 4407 1070 4462 orationum
1099 4408 1638 4465 catechumenorum
1666 4414 1838 4482 atque
2007 4407 2096 4460 45.
2138 4406 2260 4460 Non
2289 4403 2506 4458 debere
2525 4402 2830 4458 mulierem
2861 4403 3084 4476 ingredi
3111 4403 3184 4458 ad
3210 4402 3406 4460 altare.

197 4499 461 4556 ﬁdelium
487 4502 545 4554 et
567 4500 992 4558 communione.
2010 4499 2100 4553 46.
2143 4496 2512 4568 Baptizandos
2536 4496 2745 4552 debere
2772 4496 3099 4568 symbolum
3120 4495 3255 4553 ﬁdei
3283 4503 3339 4553 et
3363 4497 3577 4554 discere

270 4597 363 4654 20.
405 4595 483 4650 De
509 4593 802 4667 disciplina
824 4599 996 4668 atque
1015 4595 1273 4652 molestia
1301 4596 1659 4653 clericorum.
1942 4596 1999 4648 et
2027 4590 2288 4649 reddere.

269 4693 362 4744 21.
407 4689 484 4744 De
512 4687 832 4745 ministerio
872 4690 1373 4746 subdiaconorum.
2012 4687 2100 4741 47.
2143 4687 2218 4740 De
2245 4683 2333 4739 his
2359 4682 2459 4756 qui
2495 4683 2554 4736 in
2586 4679 2926 4754 aegritudine
2953 4681 3334 4754 baptizantur.

267 4785 363 4838 22.
409 4784 484 4837 De
519 4783 821 4854 ministris,
850 4789 912 4839 ut
940 4785 1129 4840 orario
1156 4801 1270 4839 non
1307 4787 1560 4840 utantur.
2013 4782 2102 4836 48.
2145 4779 2291 4844 Quia
2320 4782 2449 4850 post
2471 4774 2824 4850 baptismum
2854 4775 3287 4832 chrismandum
3316 4777 3418 4832 est.

271 4880 365 4933 23.
409 4875 696 4941 Quoniam
721 4894 836 4933 non
871 4880 1096 4950 Oportet
1133 4879 1370 4934 lectores
1403 4878 1492 4934 vel
1521 4877 1842 4950 psalmistas
1865 4914 1926 4988 D
2017 4877 2106 4931 49.
2151 4875 2210 4988 ll:
2231 4871 2682 4944 Quadragesima
2701 4869 2942 4926 Sabbato
2963 4872 3189 4926 tantum
3210 4875 3266 4927 et
3290 4870 3583 4927 Dominica

203 4971 395 5026 orario
426 4970 511 5025 uti
546 4976 603 5027 et
633 4969 712 5026 sic
737 4971 954 5045 legere.
1867 4966 1924 4988 ν
1951 4966 2315 5025 oﬂ'erendum
2346 4971 2449 5024 est.

275 5065 368 5120 24.
411 5065 487 5119 De
525 5065 826 5122 lectoribus
875 5071 932 5122 et
966 5065 1300 5140 psalmistis,
1331 5069 1397 5123 ut
1430 5068 1688 5124 tabernas
1732 5083 1848 5124 non
2021 5069 2109 5120 50.
2151 5062 2275 5118 Non
2300 5061 2470 5118 licere
2490 5059 2750 5133 quintam
2770 5057 2973 5116 feriam
2995 5059 3332 5132 septimanae
3350 5059 3583 5134 majoris

208 5157 450 5215 intrent.
1235 5172 1238 5177 '
1943 5158 2151 5231 jejunii
2176 5157 2337 5213 solvi.

281 5257 373 5308 25.
415 5252 542 5308 Non
568 5252 741 5311 licere
767 5254 1044 5312 ministris
1069 5272 1280 5329 panem
1310 5251 1467 5329 dare,
1497 5255 1597 5314 aut
1615 5257 1848 5314 calicem
2023 5257 2110 5310 51.
2151 5255 2276 5309 Non
2306 5250 2512 5307 debere
2537 5251 2597 5307 in
2626 5243 3070 5322 Quadragesima
3111 5245 3221 5307 nisi
3259 5245 3503 5309 Sabbato
3529 5257 3587 5310 et

209 5345 576 5402 benedicere.
1954 5347 2251 5404 Dominica
2275 5345 2526 5401 natalitia
2551 5348 2872 5417 martyrum
2899 5343 3208 5401 celebrare.

284 5443 374 5496 26.
415 5441 496 5496 De
521 5440 836 5498 exorcistis.
2028 5445 2114 5498 52.
2158 5442 2281 5496 Non
2308 5439 2478 5494 licere
2510 5436 2738 5510 nuptias
2758 5439 2880 5494 ﬁeri
2904 5439 2965 5494 in
2993 5439 3457 5511 Quadragesima.

284 5537 377 5590 27.
417 5531 542 5590 Non
579 5535 788 5591 debere
831 5533 1066 5593 clericos
1115 5537 1231 5594 sive
1276 5538 1448 5595 laicus
1497 5539 1570 5594 ad
1613 5557 1852 5613 agapem
2025 5538 2112 5591 53.
2153 5535 2276 5589 Non
2302 5533 2474 5587 licere
2504 5531 2854 5588 Christianos
2883 5533 2952 5588 ad
2979 5534 3209 5604 nuptias
3235 5539 3431 5590 euntes
3460 5550 3589 5590 can-

215 5631 442 5684 vocatos
471 5633 664 5701 partes
694 5630 918 5688 tollere.
1959 5631 2078 5684 tare
2105 5631 2203 5682 aut
2231 5627 2444 5682 balare.

288 5723 378 5777 28.
419 5721 542 5778 Non
579 5723 748 5780 licere
773 5725 833 5780 in
867 5725 1114 5783 ecclesiis
1153 5725 1443 5784 accubitus
1487 5731 1740 5785 sternere
1768 5725 1857 5781 vel
2026 5723 2117 5778 54.
2157 5722 2279 5776 Non
2304 5720 2473 5775 licere
2511 5719 2804 5777 ministros
2831 5721 3020 5776 altaris
3045 5723 3131 5778 vel
3159 5727 3389 5778 caeteros
3419 5739 3585 5796 quos-

217 5830 462 5888 agapem
492 5817 703 5875 facere.
1957 5817 2096 5873 libet
2120 5813 2450 5888 spectaculis
2478 5831 2606 5887 quae
2632 5815 2690 5870 in
2721 5815 2953 5887 nuptiis,
2983 5817 3083 5871 aut
3120 5815 3178 5870 in
3226 5815 3408 5870 scenis
3439 5818 3593 5874 exhi-

294 5913 387 5968 29.
429 5911 550 5966 Non
580 5912 786 5970 debere
818 5914 1163 5972 Christianos
1190 5914 1552 5974 sabbatizare.
1961 5912 2168 5968 bentur
2193 5909 2487 5967 interesse.
