4058 6314
489 309 587 362 287
1381 301 1660 359 APPEND.
1704 301 1792 356 AD
1829 301 1990 356 S/EC.
2033 300 2119 355 IX.
2154 329 2222 339 -—
2262 298 2506 356 ISIDORI
2547 295 2972 355 MERCATORIS

3751 296 3856 348 288

555 418 640 469 55.
682 415 804 468 Non
835 413 1042 469 debere
1072 411 1338 468 clericum
1363 413 1452 466 vel
1485 411 1691 465 laicum
1729 409 2115 466 Christianum
2137 421 2198 494 Α
2290 411 2377 462 58.
2417 409 2542 462 Non
2599 409 2823 477 oportet
2876 405 2936 459 in
2996 400 3262 458 domibus
3312 400 3382 457 ab
3435 400 3713 474 episc0pis
3765 401 3856 456 vel

489 524 558 564 ex
584 505 853 580 symbolis
878 506 1133 562 convivia
1158 506 1459 561 celebrare.

560 604 648 655 56.
690 601 810 654 Non
839 603 1063 671 oportet
1101 599 1454 670 presbyteros
1479 600 1611 653 ante
1638 596 1964 668 ingressum
1997 595 2114 668 epi-

490 693 643 763 scopi
674 692 919 764 ingredi,
947 698 1044 748 aut
1073 692 1264 746 sedere
1292 691 1351 745 in
1378 691 1779 746 tribunalibus.

563 789 650 840 57.
690 787 810 840 Non
854 787 1059 840 debere
1104 784 1162 839 in
1189 785 1321 839 vicis
1361 790 1417 839 et
1452 784 1598 839 villis
1636 785 1931 856 episcopos
1968 782 2120 837 ordi-

489 894 646 946 nare,
677 895 861 950 neque
885 878 1244 950 presbyteros
1272 878 1395 934 sine
1431 882 1717 950 pracepto
1757 877 1845 932 vel
1889 874 2122 930 consilio

445 1035 450 1048 ᾗ
491 971 740 1042 episcopi
765 972 980 1043 aliquid
1010 987 1203 1043 agere.

561 1345 762 1401 Sancta
810 1344 1074 1417 synodus,
1106 1361 1238 1418 qua
1276 1344 1428 1417 apud
1468 1345 1817 1401 Laodicaam
1857 1344 2121 1416 Phrygia

487 1439 756 1512 pacativa
783 1439 1044 1494 convenit
1068 1455 1138 1494 ex
1169 1439 1404 1494 diversis
1433 1439 1734 1511 provinciis
1759 1439 1924 1507 Asia,
1957 1454 2124 1509 regu-

489 1534 570 1587 las
600 1533 864 1604 exposuit
906 1532 1323 1602 ecclesiasticas,
1354 1533 1496 1588 sicut
1524 1531 1674 1587 infra
1716 1532 1990 1603 scriptum
2019 1535 2120 1586 est.

561 1627 693 1682 CAP.
709 1628 748 1680 Ι.
765 1627 842 1680 De
859 1643 926 1681 eo
943 1627 1092 1697 quod
1112 1626 1669 1698 oportet,secundum
1685 1625 2124 1680 ecclesiasticum

492 1736 777 1774 canonem
807 1737 899 1774 eos
924 1720 1022 1790 qui
1056 1720 1230 1774 libere
1263 1727 1318 1775 et
1339 1721 1596 1792 legitime
1626 1719 1884 1775 secundis
1913 1718 2124 1789 nuptiis

2216 500 2563 574 presbyteris
2591 499 2939 555 oblationem
2962 496 3104 552 ﬁeri.

2291 599 2379 652 59.
2420 596 2545 649 Non
2588 593 2758 650 licere
2801 592 3048 665 psalmos
3089 590 3158 652 ab
3201 589 3390 645 idiotis
3429 588 3768 660 compositos
3792 587 3856 641 in

2219 688 2449 744 ecclesia
2491 687 2619 756 dici,
2647 703 2750 743 nec
2787 686 2963 742 libros
2999 684 3099 757 qui
3136 701 3252 740 non
3292 687 3428 740 sunt
3471 681 3726 738 canonici
3766 681 3855 736 le-

2223 797 2376 854 gere.

1326 1174 1676 1247 INCIPIT
1756 1171 2282 1246 CONCILIUM
2359 1167 3016 1243 LAUDICENUM.

2292 1343 2382 1399 XI.
2417 1343 2520 1398 Eos
2547 1341 2644 1414 qui
2679 1340 2750 1395 ad
2783 1339 3091 1395 Ecclesiam
3135 1336 3425 1409 pertinent
3459 1333 3857 1390 indifferenter

2223 1435 2369 1490 ﬁlios
2397 1436 2658 1507 proprios
2688 1434 3088 1490 haereticorum
3113 1431 3327 1503 nuptiis
3366 1429 3604 1485 minime
3636 1429 3853 1485 sociare

2224 1530 2450 1585 debere.

2293 1625 2401 1677 XII.
2431 1622 2769 1693 Episcopum
2796 1638 2911 1676 non
2942 1624 3166 1692 oportet
3202 1622 3407 1691 prater
3424 1616 3703 1689 judicium
3731 1633 3854 1671 me—

2223 1717 2702 1787 tropolitanorum
2721 1720 2777 1770 et
2791 1715 3165 1794 ﬁnitimorum
3179 1713 3568 1785 episcoporum
3591 1711 3857 1764 constitui

485 1813 674 1883 juncti
692 1818 965 1880 sunt,nec
984 1815 1264 1868 occultam
1286 1813 1716 1886 permistionem
1739 1812 1952 1884 operati
1970 1816 2118 1879 sunt,
2143 1799 2200 1870 Β
2223 1810 2291 1864 ad
2322 1809 2579 1864 Ecclesia
2605 1809 3005 1880 principatum,
3032 1825 3136 1863 nec
3177 1808 3461 1878 eligantur
3488 1805 3598 1860 nisi
3627 1805 3686 1858 hi
3711 1821 3858 1875 quos

491 1922 672 1977 pauco
697 1909 953 1978 tempore
992 1911 1257 1978 exempto
1282 1923 1483 1963 vacare
1506 1905 1852 1962 orationibus
1895 1910 1950 1960 et
1981 1905 2124 1976 jeju-

491 1999 619 2067 niis,
646 2005 702 2055 et
729 2000 1044 2055 secundum
1062 2001 1284 2055 veniam
1313 1999 1472 2056 reddi
1504 2001 1585 2055 eis
1626 1999 2120 2055 communionem.

564 2094 629 2148 II.
645 2093 737 2147 His
747 2092 844 2164 qui
863 2093 1215 2150 diversorum
1232 2099 1596 2166 peccatorum
1617 2094 1809 2165 lapsus
1825 2093 2124 2148 incurrunt

493 2193 552 2245 et
576 2191 848 2261 oratione,
877 2176 1226 2247 confessione
1253 2210 1316 2247 ac
1334 2191 1668 2264 panitentia
1692 2191 1976 2245 malorum
1998 2207 2124 2246 suo-

491 2299 622 2338 rum
671 2285 978 2355 perfectam
1029 2285 1511 2341 conversationem
1559 2285 1974 2352 demonstrant,
2021 2301 2122 2355 pro

491 2377 760 2448 qualitate
797 2379 1029 2449 peccati,
1058 2378 1405 2450 poenitentia
1439 2384 1666 2449 tempus
1695 2378 2122 2432 attribuendum

491 2475 574 2524 est
617 2475 850 2541 propter
893 2471 1346 2527 misericordiam
1393 2476 1450 2526 et
1491 2470 1808 2526 bonitatem
1855 2472 1974 2524 Dei.
2013 2471 2122 2535 Qui

490 2578 627 2634 ergo
649 2563 977 2634 hujusmodi
1002 2568 1136 2621 sunt
1157 2565 1459 2622 revocandi
1475 2568 1532 2622 et
1550 2565 1623 2620 ad
1650 2565 2123 2621 communionem

489 2659 622 2710 sunt
651 2657 994 2728 applicaudi.

560 2751 648 2804 III.
665 2751 784 2804 Non
807 2756 1034 2821 oportet
1054 2753 1406 2825 neaphytum
1427 2751 1748 2824 promoveri
1769 2751 1839 2808 ad
1861 2751 2121 2808 ordinem

491 2843 930 2898 sacerdotalem.

563 2937 647 2990 lV.
677 2937 801 2991 Non
827 2937 998 2992 licere
1023 2955 1225 2994 manus
1262 2940 1629 3011 impositione
1656 2956 1826 3012 super
1853 2938 2118 2995 ordinan-

492 3029 592 3083 dos
619 3031 991 3100 praesentibus
1022 3033 1440 3088 catechumenis
1473 3033 1618 3089 ﬁeri.

563 3123 623 3175 V.
662 3123 783 3178 Non
837 3123 1007 3180 licere
1051 3126 1314 3182 fenerare
1357 3127 1634 3182 ministris
1677 3127 1890 3196 altaris,
1931 3127 2020 3181 vel
2062 3126 2120 3182 in
2142 3165 2198 3240 Ο

563 3217 817 3240 ---Δ,.ι..1;
871 3219 1060 3240 -_._]2__
1118 3221 1421 3240 -_.__A:1,_n3,
1477 3222 1556 3240 A,_I
1588 3238 1781 3240 -,I,_____
1816 3222 1896 3240 ---ι
1944 3221 2088 3240 1----Α,

491 3217 822 3272 sacerdotali
865 3219 1066 3274 ordine
1109 3221 1444 3288 constitutis,
1473 3222 1560 3276 vel
1586 3238 1785 3276 usuras
1815 3222 1899 3275 vel
1944 3221 2118 3290 lucra,

489 3326 618 3381 qua
647 3311 910 3382 sexcupla
946 3313 1232 3383 dicuntur,
1266 3314 1549 3386 accipere.

447 3457 456 3474 ,
559 3405 645 3458 Vl.
676 3406 796 3460 Non
827 3407 1262 3463 concedendum
1287 3408 1563 3464 haereticis
1582 3407 1903 3480 ingressum
1923 3408 2122 3464 domus

487 3497 593 3553 Dei
612 3498 671 3552 in
697 3500 899 3554 haeresi
924 3502 1415 3571 permanentibus.

561 3593 666 3647 νη.
695 3594 1038 3649 Novatianos
1063 3595 1152 3649 vel
1183 3596 1356 3650 etiam
1390 3594 1949 3665 Quartodecimanos,
1980 3613 2122 3668 quos

483 3686 663 3742 Graci
709 3687 1352 3744 Thesserescedecatires
1401 3690 1712 3760 appellant,
1763 3691 1822 3745 id
1876 3694 1980 3758 est,
2025 3689 2123 3760 qui

485 3780 910 3850 quartadecima
929 3781 1065 3834 luna
1091 3782 1262 3852 primi
1290 3782 1504 3836 mensis
1529 3800 1661 3837 cum
1685 3783 1893 3838 Judais
1913 3783 2124 3838 Pascha

487 3871 792 3939 celebrant,
827 3873 926 3928 sed
954 3878 1010 3928 et
1043 3873 1480 3929 catechumenos
1522 3891 1726 3930 eorum
1769 3877 1965 3932 ﬁdeles
2006 3893 2122 3932 non

485 3963 680 4036 recipi,
709 3963 1040 4036 priusquam
1072 3967 1458 4022 condemnent
1495 3984 1728 4023 omnem
1769 3969 2032 4024 haresim
2062 3970 2122 4025 in

485 4073 597 4129 qua
623 4058 1042 4129 detinebantur,
1066 4060 1389 4130 plenissime
1421 4064 1615 4116 autem
1663 4067 1795 4117 ante
1837 4063 2033 4118 omnia
2066 4067 2123 4119 et

487 4165 642 4206 mmo
676 4152 774 4224 qui
817 4152 970 4224 apud
996 4169 1093 4208 eos
1132 4154 1325 4209 ﬁdeles
1352 4155 1620 4210 dicuntur
1645 4155 1961 4227 symbolum
1987 4156 2121 4212 fidei

488 4243 818 4315 doceantur,
845 4249 1014 4318 atque
1040 4248 1116 4302 ita
1144 4253 1340 4303 unctos
1378 4248 1549 4304 etiam
1585 4255 1777 4305 sancto
1813 4249 2120 4306 chrismate

486 4336 677 4394 divino
707 4346 1064 4396 sacramento
1095 4341 1516 4398 communicare
1534 4343 1814 4400 convenit.

557 4433 693 4488 Vlll.
727 4434 834 4488 Eos
861 4434 959 4505 qui
984 4438 1396 4491 convertuntur
1421 4436 1492 4491 ab
1520 4437 1728 4492 haeresi
1757 4453 1884 4509 qua
1914 4437 2122 4494 dicitur

2223 1904 2405 1958 multo
2436 1907 2566 1958 ante
2604 1908 2737 1957 nota
2773 1902 3192 1973 probabilisque
3222 1901 3338 1955 vita
3377 1898 3758 1955 commendat.
3791 1899 3860 1952 Et

2224 1996 2594 2052 nihilominus
2623 1997 2668 2050 si
2694 1996 2753 2050 in
2781 2013 3045 2051 sermone
3074 1995 3207 2050 ﬁdei
3248 1998 3306 2049 et
3331 1997 3488 2049 recta
3525 1992 3856 2064 operatione

2222 2107 2326 2162 per
2355 2107 2514 2145 suam
2541 2089 3032 2146 conversationem
3056 2089 3270 2144 fuerint
3291 2088 3530 2160 probati.

2293 2186 2425 2240 XIII.
2449 2186 2526 2240 De
2552 2202 2618 2240 eo
2644 2185 2796 2257 quod
2818 2201 2933 2238 non
2954 2184 3026 2239 sit
3039 2183 3267 2255 populis
3288 2181 3723 2238 concedendum
3745 2181 3858 2236 ele-

2224 2277 2463 2333 ctionem
2493 2279 2676 2334 facere
2705 2295 2903 2334 eorum
2933 2277 3031 2350 qui
3057 2277 3252 2332 altaris
3272 2275 3589 2332 ministerio
3611 2280 3744 2330 sunt
3761 2293 3858 2346 ap-

2222 2371 2496 2445 plicandi.

2294 2468 2426 2522 XIV.
2459 2467 2690 2522 Sanctas
2716 2467 3031 2522 oblationes
3060 2465 3131 2520 ad
3162 2465 3340 2521 vicem
3371 2464 3729 2536 eulogiarum
3751 2480 3860 2535 per

2221 2559 2581 2616 festivitatem
2616 2561 2936 2615 Paschalem
2973 2560 3044 2615 ad
3079 2559 3216 2614 alias
3241 2559 3539 2630 parochias
3568 2557 3717 2613 mitti
3743 2558 3858 2612 mi-

2221 2652 2379 2707 nime
2407 2656 2650 2724 oportet.

2292 2748 2396 2801 XV.
2429 2747 2553 2801 Non
2579 2747 2747 2802 licere
2774 2750 2984 2819 prater
3010 2745 3310 2802 canonicos
3339 2745 3588 2818 psalmos
3615 2745 3725 2800 nisi
3756 2745 3859 2816 qui

2221 2840 2562 2911 regulariter
2609 2846 2866 2897 cantores
2921 2840 3190 2907 existunt,
3237 2839 3334 2912 qui
3381 2857 3508 2911 qua
3571 2839 3856 2910 pulpitum

2223 2933 2537 2988 ascendunt
2566 2938 2624 2988 et
2664 2934 2737 2989 de
2773 2934 2963 2990 codice
3007 2935 3208 3006 legunt
3231 2933 3429 3002 alium,
3457 2932 3769 3004 quemlibet
3795 2932 3858 2986 in

2223 3026 2457 3080 ecclesia
2493 3027 2749 3098 psallere.

2292 3121 2420 3175 XVI.
2448 3120 2702 3176 Sabbatis
2739 3121 3043 3193 Evangelia
3072 3138 3200 3176 cum
3247 3121 3370 3176 aliis
3420 3119 3724 3192 Scripturis
3769 3120 3857 3176 le-

2223 3214 2412 3285 genda
2433 3230 2552 3270 esse
2579 3195 2898 3270 censemus.

2292 3308 2446 3364 XVII.
2476 3310 2537 3362 In
2565 3308 3021 3380 processionibus
3041 3326 3159 3364 non
3190 3312 3550 3379 connectere,
3575 3307 3632 3363 id
3661 3311 3766 3376 est,
3789 3324 3856 3362 ex

2223 3400 2457 3457 diversis
2486 3402 2738 3458 versibus
2763 3409 2820 3458 et
2844 3403 3099 3459 sensibus
3125 3404 3256 3458 libri
3280 3403 3340 3457 in
3360 3419 3544 3458 unum
3569 3402 3860 3457 canticum

2220 3495 2458 3550 minime
2479 3496 2849 3568 conjungere.
2877 3497 2990 3552 Sed
3015 3497 3371 3568 singulorum
3388 3497 3745 3568 psalmorum
3768 3511 3861 3550 or-

2221 3589 2544 3644 dinabiliter
2569 3591 2775 3645 debere
2803 3590 2928 3646 ﬁeri
2953 3573 3317 3687 lectionem."

2295 3681 2421 3756 68
2446 3684 2626 3738 XVIII.
2653 3685 2734 3738 De
2756 3701 2822 3739 eo
2845 3685 3000 3756 quod
3027 3701 3256 3758 semper
3273 3681 3709 3756 supplicationes
3729 3697 3860 3739 ora-

2220 3777 2462 3845 tionum,
2493 3783 2550 3833 et
2588 3779 2659 3832 ad
2702 3779 2906 3833 horam
2947 3795 3160 3834 nonam
3190 3783 3248 3833 et
3278 3793 3600 3850 vesperam,
3631 3780 3861 3848 oportet

2221 3871 2514 3926 celebrari.

2290 3966 2418 4020 XIX.
2449 3964 2732 4028 Quoniam
2761 3965 3303 4022 catechumenorum
3337 3965 3654 4022 orationem
3696 3980 3861 4038 sepa-

2221 4058 2386 4114 ratim
2415 4062 2470 4113 et
2499 4059 2657 4130 prius
2701 4060 2991 4130 prostratis
3028 4060 3108 4116 eis
3138 4060 3467 4132 episcopum
3516 4062 3740 4131 oportet
3769 4076 3861 4116 ce—

2219 4152 2462 4207 lebrare.
2493 4151 2710 4215 Quibus
2739 4154 2979 4224 egressis
3007 4157 3172 4210 orent
3199 4154 3375 4209 etiam
3415 4153 3476 4208 hi
3504 4154 3603 4225 qui
3640 4153 3700 4207 in
3728 4169 3856 4225 pa-

2221 4246 2465 4301 nitentia
2491 4251 2623 4300 sunt
2665 4247 2976 4304 constituti.
3011 4249 3078 4302 Et
3116 4251 3246 4319 post
3282 4263 3487 4302 manus
3538 4247 3860 4318 impositio-

2218 4358 2372 4408 nem,
2398 4339 2487 4395 his
2515 4355 2741 4412 quoque
2790 4340 3243 4410 abscedentibus,
3275 4346 3409 4396 tunc
3446 4341 3643 4397 ﬁdeles
3687 4357 3858 4398 orare

2217 4433 2523 4490 debebunt.
2550 4435 2803 4497 Quorum
2828 4439 2942 4490 tres
2962 4435 3246 4491 orationes
3272 4435 3435 4503 ﬁunt,
3460 4451 3571 4490 una
3595 4435 3857 4508 quidem,

486 4521 1024 4600 Cataprhrygarum,
1053 4529 1151 4601 qui
1190 4546 1248 4585 se
1289 4529 1350 4584 in
1390 4531 1540 4586 clero
1569 4531 1905 4587 constitutos
1933 4531 2112 4588 existi-
2134 4543 2193 4615 D
2216 4528 2276 4583 id
2303 4533 2387 4584 est
2416 4529 2619 4599 prima,
2645 4545 2751 4600 per
2773 4529 3082 4598 silentium,
3115 4529 3365 4585 secunda
3391 4545 3526 4586 vero
3568 4534 3625 4584 et
3661 4532 3854 4599 tertia,

486 4627 665 4692 mant,
688 4623 947 4695 quamvis
969 4623 1164 4695 magni
1189 4623 1451 4680 dicantur
1466 4625 1793 4696 hujusmodi
1815 4642 1944 4681 cum
1961 4627 2124 4682 omni

486 4717 783 4790 diligentia
802 4717 1135 4773 catechizari
1159 4722 1383 4790 oportet
1399 4725 1456 4774 et
1473 4719 1750 4792 baptizari
1769 4719 1838 4774 ab
1860 4721 2124 4777 Ecclesia

487 4810 774 4866 catholica
801 4812 1082 4884 episcopis
1109 4815 1166 4866 et
1185 4813 1551 4884 presbyteris.

557 4904 642 4960 IX.
667 4906 788 4959 Non
815 4905 1242 4961 concedendum
1265 4907 1322 4960 in
1349 4906 1692 4977 coemeteria,
1711 4907 1796 4962 vel
1823 4924 1951 4981 qua
1976 4925 2123 4964 mar-

486 4998 635 5070 tyria
694 4999 1089 5055 hareticorum
1143 4999 1430 5071 dicuntur,
1485 5001 1794 5057 catholicos
1851 5003 2122 5058 orationis

488 5088 676 5164 gratia
701 5097 759 5148 et
783 5092 1047 5164 petenda
1079 5095 1380 5149 curationis
1409 5094 1646 5151 intrare.
1685 5095 1792 5151 Sed
1827 5101 1884 5151 et
1917 5097 2014 5168 qui
2037 5097 2118 5151 ie-

489 5190 644 5253 runt,
684 5185 731 5240 si
773 5189 905 5241 sunt
949 5186 1166 5255 ﬁdeles,
1211 5188 1776 5244 incommunicabiles
1826 5190 2002 5244 factos
2049 5189 2121 5245 ad

488 5277 879 5352 paenitentiam
909 5296 1085 5352 usque
1113 5281 1184 5337 ad
1207 5282 1441 5354 aliquod
1466 5286 1692 5355 tempus
1717 5283 1921 5354 redigi,
1945 5285 2123 5355 poeni-

487 5377 675 5428 tentes
728 5377 920 5430 autem
978 5391 1074 5429 eos
1131 5380 1187 5431 et
1241 5393 1457 5432 errasse
1528 5377 1864 5432 conﬁtentes
1916 5376 2121 5448 suscipi

488 5471 733 5539 Oportet.

556 5562 616 5616 X.
638 5561 898 5617 Mulieres
911 5579 1039 5635 qua
1059 5563 1211 5634 apud
1231 5565 1458 5618 Gracos
1472 5564 1820 5635 presbytera
1839 5565 2124 5636 appellan-

489 5659 599 5723 tur,
628 5656 780 5727 apud
816 5674 912 5711 vos
949 5657 1154 5724 vidua,
1186 5657 1438 5710 seniores
1483 5659 1737 5725 univira,
1778 5658 2122 5714 matricuria

489 5749 866 5819 appellantur,
895 5749 954 5803 in
984 5749 1228 5804 Ecclesia
1257 5751 1534 5820 tanquam
1562 5752 1888 5808 ordinantes
1913 5753 2118 5810 consti-

491 5839 574 5896 tui
603 5857 721 5898 non
747 5841 975 5898 debere.

2223 4639 2327 4694 per
2349 4622 2496 4677 vocis
2523 4623 3067 4695 pronuntiationem,
3096 4630 3152 4679 et
3176 4629 3310 4679 tunc
3341 4624 3573 4681 demum
3597 4627 3858 4680 osculum

2221 4716 2375 4788 pacis
2402 4717 2537 4772 dare
2568 4716 2796 4773 debere.
2828 4719 2895 4774 Et
2935 4723 3129 4790 postea
3169 4735 3343 4790 quam
3390 4719 3704 4791 presbyteri
3743 4721 3858 4791 epi-

2224 4827 2391 4882 scopo
2438 4828 2636 4883 pacem
2676 4811 2952 4880 dederint,
2997 4817 3133 4868 tunc
3178 4813 3348 4868 etiam
3396 4814 3567 4869 Iaicos
3612 4813 3747 4868 dare
3800 4818 3860 4868 et

2222 4910 2358 4960 tunc
2387 4905 2595 4960 oblatio
2637 4905 2930 4974 offeratur,
2964 4906 3097 4961 solis
3135 4911 3328 4962 autem
3354 4907 3626 4962 ministris
3666 4908 3861 4964 altaris

2223 5000 2388 5054 liceat
2409 4999 2637 5072 ingredi
2663 5001 2733 5054 ad
2757 5000 2934 5054 altare
2957 5006 3012 5055 et
3031 4999 3239 5056 ibidem
3269 5002 3710 5058 communicare.

2292 5095 2392 5150 XX.
2464 5093 2745 5158 Quoniam
2809 5111 2924 5149 non
2987 5100 3208 5166 oportet
3283 5095 3586 5151 diaconum
3657 5098 3855 5153 sedere

2223 5193 2358 5242 ante
2386 5189 2800 5261 presbyterum,
2822 5190 2917 5244 sed
2944 5206 3012 5244 ex
3029 5189 3282 5260 jussione
3304 5189 3619 5262 presbyteri
3640 5192 3854 5258 sedeat,

2223 5281 2480 5338 similiter
2505 5287 2693 5337 autem
2721 5283 3131 5338 honoriﬁcetur
3155 5288 3210 5339 et
3236 5284 3506 5340 diaconus
3525 5302 3557 5339 a
3582 5284 3856 5341 ministris

2222 5375 2588 5431 inferioribus
2621 5381 2678 5431 et
2701 5377 2963 5432 omnibus
2995 5377 3229 5434 clericis.

2293 5472 2422 5526 XXI.
2478 5471 2762 5534 Quoniam
2818 5489 2935 5527 non
2991 5476 3218 5544 oportet
3265 5473 3638 5529 subdiaconos
3675 5474 3855 5530 licen-

2223 5563 2362 5618 tiam
2404 5565 2613 5620 habere
2652 5565 2711 5620 in
2742 5566 3128 5634 secretarium,
3170 5567 3286 5621 sive
3329 5567 3642 5623 sacrarium
3689 5569 3858 5641 (quod

2223 5658 2402 5713 Graeci
2443 5661 2757 5717 diaconicon
2803 5661 3110 5734 appellant)
3137 5661 3382 5734 ingredi,
3413 5665 3470 5717 et
3517 5663 3853 5737 contingere

2223 5769 2352 5809 vasa
2382 5753 2689 5810 Dominica.
