4058 6310
221 359 316 408 28!)

1456 361 1922 414 [)I'IIIItE'l‘ALIlTM
1959 359 2344 416 COLLECTIU.

3481 375 3586 420 2t")

280 469 444 521 XXII.
477 465 791 520 Ministrum
827 481 942 519 non
979 471 1203 536 oportet
1232 466 1429 521 orariis
1471 469 1572 538 uti,
1605 486 1708 524 nec
1743 471 1828 526 ho

1963 493 2139 547 reticis
2185 493 2441 548 feriatica
2485 509 2612 565 qua
2657 493 2968 549 mittuntur
3003 495 3280 567 accipere,
3327 512 3430 551 nec
3455 513 3585 552 cum

215 560 317 614 stia
349 560 768 630 derelinquere.

283 653 461 708 XXIII.
493 653 774 717 Quoniam
804 670 921 707 non
948 655 1175 724 oportet
1199 654 1436 709 lectores
1466 658 1565 710 aut
1593 658 1849 728 psalmis-

213 753 293 802 tas
325 746 524 800 orariis
552 747 654 816 uti,
689 749 745 801 et
775 747 852 800 sic
879 748 1067 818 legere
1093 751 1192 801 aut
1218 749 1477 818 psallere.

282 853 454 906 XXIV.
503 851 788 916 Quoniam
832 870 947 906 non
998 857 1226 923 oportet
1261 855 1497 909 clericos
1543 855 1851 912 servientes

1954 587 2034 641 eis
2060 587 2178 640 dies
2207 603 2376 657 agere
2397 587 2647 643 feriatos.

2023 681 2280 734 XXXVIII.
2311 682 2434 735 Non
2476 684 2702 752 oportet
2729 699 2762 736 a
2812 683 3020 738 Judais
3049 700 3277 756 azymas
3305 684 3583 758 accipere,

1951 775 2050 827 aut
2079 773 2506 828 communicare
2535 774 2922 846 impietatibus
2949 793 3175 832 eorum.

2021 866 2240 921 XXXIX.
2269 867 2390 921 Non
2420 870 2642 938 oportet
2684 885 2815 923 cum
2856 871 3093 940 paganis
3128 871 3273 925 festa
3299 871 3583 928 celebrare

212 962 243 999 a
272 944 622 1016 presbyteris
653 962 827 1016 usque
857 945 930 999 ad
959 945 1239 1017 diaconos,
1263 951 1320 1002 et
1348 947 1611 1019 deinceps
1634 949 1850 1004 ordinis
1951 961 2010 1013 et
2038 975 2169 1013 cum
2195 959 2577 1031 impietatibus
2604 977 2806 1016 eorum
2833 963 3044 1018 habere
3073 951 3468 1043 societatemg']

209 1038 574 1092 ecclesiastici
603 1055 803 1093 omnes
835 1056 1010 1111 usque
1042 1041 1112 1094 ad
1136 1040 1560 1109 ministros,aut
1581 1043 1845 1111 lectores,

2021 1053 2124 1108 XL.
2169 1053 2290 1107 Non
2339 1057 2561 1125 oportet
2600 1059 2822 1110 vocatos
2859 1057 3151 1129 episcopos
3186 1058 3259 1112 ad
3303 1059 3583 1131 synodum

209 1135 308 1186 aut
355 1131 705 1204 psalmistas,
740 1137 840 1187 aut
885 1133 1206 1200 exorcistas,
1263 1137 1362 1188 aut
1404 1135 1722 1206 hostiarios,
1751 1153 1828 1190 au

1963 1149 2338 1217 :ontemnere,
2370 1148 2470 1202 sed
2498 1147 2653 1202 abire
2680 1147 2906 1218 debere,
2933 1156 2988 1204 et
3002 1156 3099 1205 aut
3126 1151 3327 1206 docere
3355 1157 3452 1207 aut
3481 1153 3580 1206 do-

208 1224 386 1279 etiam
411 1242 506 1280 eos
532 1226 632 1297 qui
660 1226 720 1281 in
750 1227 1041 1298 pr0posito
1073 1227 1440 1284 continentia
1469 1233 1620 1299 sunt,
1652 1230 1842 1284 taber-

208 1334 310 1373 nas
339 1319 581 1375 intrare.

273 1413 427 1467 XXV.
456 1413 579 1467 Non
611 1415 834 1484 oportet
861 1414 1157 1471 diaconem
1192 1431 1402 1486 panem
1435 1416 1594 1486 dare,
1625 1433 1729 1472 nec
1749 1433 1840 1472 ca-

205 1504 373 1560 licem
396 1506 758 1562 benedicere.

275 1601 451 1656 XXVI.
495 1602 616 1655 Non
655 1603 882 1672 oportet
925 1619 1062 1675 ergo
1099 1604 1425 1660 exorcizare
1457 1621 1549 1659 eos
1580 1603 1677 1675 qui
1715 1620 1842 1658 nec-

208 1693 344 1747 dum
370 1693 443 1748 ab
469 1694 743 1766 episcopis
788 1701 919 1751 sunt
959 1698 1231 1768 provecti,
1272 1713 1457 1769 neque
1502 1697 1560 1753 in
1592 1697 1841 1752 ecclesiis

205 1803 388 1858 neque
417 1787 568 1843 intra
595 1788 816 1843 domos.

1947 1240 2063 1294 ceri
2111 1257 2238 1310 qua
2283 1243 2416 1294 sunt
2455 1241 2527 1294 ad
2572 1241 2832 1296 Ecclesia
2889 1247 3337 1315 caterorumque
3387 1262 3581 1300 corre-

1946 1333 2198 1388 ctionem
2267 1334 2447 1388 utilia.
2502 1334 2662 1398 Quod
2718 1335 2762 1388 si
2840 1338 3284 1407 contempserit,
3334 1339 3580 1409 seipsum

1942 1427 2167 1482 videtur
2193 1443 2502 1496 accusasse,
2537 1428 2644 1483 nisi
2671 1428 2818 1484 forte
2852 1445 2957 1501 pro
2987 1429 3314 1486 inﬁrmitate
3354 1431 3437 1486 ire
3462 1449 3578 1486 non

1941 1520 2136 1592 possit.

2012 1615 2140 1669 XLI.
2197 1615 2318 1670 Non
2370 1620 2594 1686 oportet
2640 1617 2970 1672 ministrum
3022 1617 3214 1672 altaris
3263 1618 3351 1672 vel
3405 1618 3578 1674 etiam

1940 1708 2150 1762 laicum
2181 1708 2302 1764 sine
2329 1709 2616 1764 canonicis
2645 1710 2872 1781 litteris,
2902 1710 2959 1766 id
2989 1716 3073 1766 est
3097 1712 3343 1766 formata
3370 1711 3578 1767 alicubi

1941 1802 2244 1874 proﬁcisci.

273 1891 472 1947 XXVII.
506 1892 630 1945 Non
673 1895 896 1963 oportet
925 1892 1216 1949 ministros
1261 1893 1470 1963 altaris,
1503 1893 1591 1948 vel
1633 1870 1916 1965 quosli-B
1943 1870 1963 1874 _
2011 1896 2160 1950 XLII.
2193 1896 2312 1950 Non
2344 1900 2566 1968 oportet
2593 1897 2919 1953 ministrum
2941 1898 3134 1953 altaris
3155 1899 3240 1954 vel
3262 1900 3579 1971 quemlibet

206 1983 299 2039 bet
319 1984 720 2041 ecclesiasticos
747 1986 820 2040 ad
844 2004 1087 2059 agapem
1116 1992 1363 2064 vocatos,
1389 1991 1580 2058 partes
1614 1988 1837 2057 tollere,

207 2084 439 2150 propter
463 2078 737 2149 injuriam
769 2096 897 2151 qua
920 2097 990 2137 ex
1017 2082 1126 2138 hac
1154 2071 1450 2137 occasione
1468 2080 1839 2138 ecclesiastico

206 2172 384 2227 ordini
413 2173 594 2242 possit
623 2173 901 2244 deputari.

273 2267 486 2321 XXVIII.
541 2268 667 2321 Non
726 2271 950 2340 oportet
1009 2269 1068 2323 in
1127 2268 1373 2324 basilicis
1437 2285 1537 2324 seu
1587 2269 1838 2324 ecclesiis

207 2376 444 2432 agapem
494 2361 706 2432 facere,
740 2365 798 2415 et
837 2362 992 2418 intus
1029 2363 1371 2420 manducare
1417 2364 1502 2418 vel
1551 2362 1838 2419 accubitus

207 2459 475 2511 sternere.

270 2557 445 2611 XXIX.
494 2557 616 2611 Non
659 2562 880 2629 oportet
935 2559 1288 2615 Christianos
1344 2560 1636 2632 judaizare
1682 2565 1740 2616 et
1777 2560 1837 2616 in

204 2649 441 2705 Sabbato
469 2666 688 2723 vacare,
717 2654 815 2708 sed
842 2655 1064 2724 operari
1103 2670 1199 2709 eos
1239 2654 1300 2709 in
1347 2655 1548 2710 eadem
1580 2655 1689 2724 die,
1721 2655 1834 2710 Do-

203 2743 471 2800 minicam
501 2747 888 2816 praponendo
915 2747 1104 2802 eidem
1134 2747 1266 2802 diei.
1300 2747 1355 2804 Si
1384 2749 1491 2802 hoc
1513 2748 1591 2803 eis
1622 2749 1832 2819 placet,

202 2843 400 2894 vacent
428 2843 708 2910 tanquam
740 2840 1064 2896 Christiani.
1107 2841 1265 2906 Quod
1295 2842 1340 2896 si
1380 2841 1593 2897 inventi
1618 2841 1835 2897 fuerint

195 2931 505 3003 judaizare,
532 2933 838 2989 anathema
865 2935 957 2988 sit.

267 3037 415 3091 XXX.
463 3037 750 3100 Quoniam
811 3055 925 3094 non
985 3043 1205 3111 oportet
1274 3039 1567 3095 ministros
1614 3039 1830 3112 altaris,

1941 1989 2212 2044 clericum
2238 1993 2446 2060 prater
2469 1989 2786 2061 jussionem
2813 1992 3063 2064 episcopi
3089 1993 3163 2048 ad
3193 1993 3570 2065 peregrinan-

1941 2083 2082 2137 dum
2107 2083 2407 2155 proﬁcisci.

2009 2178 2181 2231 XLIII.
2230 2177 2354 2232 Non
2401 2181 2622 2249 oportet
2664 2179 2970 2247 ministros,
3014 2179 3074 2234 id
3120 2183 3205 2235 est
3247 2180 3573 2250 hostiarios,

1938 2271 2025 2326 vel
2069 2271 2226 2325 brevi
2282 2275 2547 2343 tempore
2594 2273 2662 2328 ab
2713 2273 2909 2328 hostiis
2954 2273 3184 2344 deesse,
3233 2278 3290 2330 et
3337 2274 3575 2331 orationi

1939 2380 2158 2419 vacare.

2008 2459 2180 2512 XLIV.
2206 2459 2327 2513 Non
2356 2464 2580 2530 oportet
2603 2465 2729 2531 post
2753 2461 2890 2515 duas
2910 2462 3298 2519 hebdomadas
3327 2465 3576 2529 Quadra-

1938 2551 2168 2622 gesimae
2195 2552 2504 2624 quemlibet
2528 2553 2600 2607 ad
2629 2554 2978 2624 baptismum
3005 2556 3230 2627 suscipi.

2006 2645 2156 2698 XLV.
2192 2646 2314 2699 Non
2345 2648 2573 2716 oportet
2597 2646 2864 2701 mulieres
2895 2647 3119 2718 ingredi
3149 2649 3221 2703 ad
3252 2650 3446 2705 altare.

2006 2738 2182 2792 XLVI.
2213 2739 2587 2810 Baptizandos
2617 2745 2839 2811 oportet
2881 2741 3014 2795 ﬁdei
3044 2742 3363 2813 symbolum
3391 2745 3566 2802 disce-

1934 2848 2018 2895 rc,
2051 2836 2107 2886 et
2154 2832 2349 2903 quinta
2378 2833 2522 2887 feria
2549 2833 2765 2888 ultimae
2808 2834 3166 2906 septimana,
3194 2838 3282 2892 vel
3310 2838 3571 2911 episc0po

1933 2926 2020 2980 vel
2051 2926 2383 2997 presbytero
2416 2927 2675 2982 reddere.

2004 3020 2201 3075 XLVII.
2243 3019 2352 3084 Qui
2386 3020 2447 3074 in
2492 3020 2839 3092 aegritudine
2891 3022 3187 3078 constituti
3219 3024 3568 3097 baptismum

202 3129 284 3185 vel
316 3131 494 3186 etiam
515 3132 745 3187 clericos
775 3133 1073 3204 quoslibet,
1109 3138 1206 3188 aut
1239 3135 1591 3190 continentes
1613 3152 1694 3203 se,
1737 3139 1834 3191 aut
1931 3119 2326 3220 Pf’rceperPI-lt’
2368 3113 2503 3220 met“
2537 3130 2682 3220 339.1,
2729 3114 2861 3220 ﬁds!
2897 3115 3220 3220 symbqlﬁnn‘
3250 3117 3570 3220 timeantur

201 3241 431 3280 omnem
444 3225 680 3280 omnino
702 3227 1086 3282 Christianum
1105 3243 1236 3283 cum
1257 3228 1592 3283 mulieribus
1610 3229 1832 3284 lavacra
1852 3247 1907 3322 ρ
1935 3210 2297 3322 magiam:
2309 3223 2427 3322 qua:
2454 3207 2760 3322 (ξοιίλδίξῨΠῗ
2787 3208 2946 3279 ὼεω
3131 3210 3330 3322 Eamu-

199 3318 409 3374 habere
452 3319 798 3375 communia.
830 3322 925 3377 Est
971 3322 1125 3378 enim
1168 3323 1318 3395 apud
1357 3323 1599 3394 gentiles
1643 3322 1831 3394 prima

198 3413 592 3484 reprehensio.

261 3517 437 3572 XXXI.
463 3517 744 3581 Quoniam
773 3535 888 3574 non
929 3524 1155 3591 oportet
1196 3537 1327 3576 cum
1368 3521 1650 3576 hareticis
1680 3538 1829 3577 com-

197 3609 428 3666 miscere
473 3612 778 3682 connubia,
830 3617 887 3667 ot
929 3615 1018 3668 vel
1062 3615 1208 3670 ﬁlios
1251 3621 1306 3670 et
1349 3615 1495 3670 ﬁlias
1546 3617 1702 3686 dare,
1733 3618 1829 3672 sed

195 3703 382 3774 potius
419 3705 696 3776 accipere,
744 3707 790 3760 si
828 3712 1022 3762 tamen
1061 3710 1439 3780 profiteantur
1477 3710 1828 3766 Christianos

197 3813 250 3851 se
279 3799 503 3853 futuros
528 3816 648 3854 esse
669 3806 724 3856 et
751 3801 1072 3857 catholicos.

263 3900 459 3954 XXXII.
505 3901 627 3955 1Non
672 3907 893 3973 oportet
947 3904 1352 3961 haereticorum
1399 3906 1826 3962 benedictiones

195 3993 469 4064 accipere,
503 3995 773 4065 quoniam
811 3996 1239 4055 maledictiones
1282 4000 1468 4072 magis
1498 4004 1630 4056 sunt
1655 4017 1826 4074 quam

191 4085 635 4146 benedictiones.

259 4181 645 4248 XXXIII.Non
687 4199 914 4267 oportet
941 4213 1074 4254 cum
1105 4198 1384 4256 hareticis
1424 4199 1513 4256 vel
1554 4199 1825 4256 schisma—

194 4284 319 4340 ticis
346 4303 536 4343 orare.

258 4390 478 4446 XXXIV.
508 4391 634 4447 Non
664 4397 892 4466 oportet
918 4396 1156 4452 omnino
1201 4397 1586 4454 Christianum
1613 4396 1822 4454 dereli-

191 4484 291 4540 ctis
314 4486 664 4557 martyribus
693 4488 900 4544 Christi
933 4489 1090 4546 abire
1122 4491 1193 4547 ad
1221 4493 1392 4549 falsos
1433 4497 1733 4566 martyres,
1762 4492 1823 4548 hi

193 4581 346 4636 enim
376 4579 549 4637 alieni
577 4599 610 4636 a
636 4579 752 4639 Deo
779 4587 930 4641 sunt.
963 4585 1293 4659 Quicunque
1325 4593 1516 4644 autem
1544 4589 1701 4646 abire
1731 4606 1821 4646 vo-

191 4676 376 4749 luerit,
407 4675 717 4736 anathema
746 4681 839 4739 sit.

173 4817 178 4822 -
253 4783 449 4839 XXXV.
479 4785 601 4840 Non
648 4791 877 4858 oportet
917 4788 1290 4862 Christianos,
1332 4791 1598 4848 derelicta
1625 4793 1813 4849 Eccle-

188 4876 266 4932 sia
312 4877 438 4947 Dei,
465 4879 622 4936 abire
659 4881 731 4936 ad
775 4884 1015 4954 angulos
1052 4885 1390 4942 idololatriae
1418 4885 1818 4944 abominanda

188 4973 663 5045 congregationes
694 4976 898 5049 facere,
930 4995 1060 5051 qua
1105 4981 1299 5035 omnia
1334 4980 1632 5037 interdicta
1664 4987 1814 5038 sunt.

186 5067 515 5140 Quicunque
543 5073 734 5126 autem
752 5071 1014 5128 inventus
1039 5075 1213 5130 fuerit
1239 5077 1451 5131 occulte
1481 5075 1614 5131 huic
1641 5076 1819 5132 idolo-

184 5160 358 5217 latria
390 5179 614 5234 vacans,
643 5167 954 5223 anathema
987 5169 1077 5240 sit,
1097 5171 1391 5242 quoniam,
1415 5172 1815 5245 derelinquens

187 5254 492 5312 Dominum
537 5265 798 5316 nostrum
845 5263 1041 5320 Iesum
1095 5265 1379 5322 Christum
1429 5266 1635 5322 Filium
1691 5267 1812 5339 Dei,

184 5351 413 5407 accessit
442 5351 517 5406 ad
543 5351 717 5410 idola.

249 5455 469 5512 XXXVI.
498 5457 779 5520 Quoniam
801 5477 916 5516 non
944 5466 1168 5534 oportet
1195 5465 1488 5522 ministros
1507 5466 1698 5522 altaris
1717 5471 1814 5522 aut

184 5551 411 5608 clericos
439 5571 640 5628 magos
677 5563 735 5613 et
757 5559 1137 5617 incantatores
1182 5580 1303 5620 esse
1337 5569 1435 5620 aut
1468 5567 1654 5622 facere
1685 5582 1812 5638 qua

184 5645 446 5702 dicuntur
470 5649 836 5722 phylacteria,
871 5671 1002 5726 qua
1026 5662 1159 5712 sunt
1190 5675 1400 5731 magna
1431 5660 1813 5732 obligamenta

182 5740 538 5813 animarum,
590 5745 691 5800 hos
734 5751 928 5804 autem
976 5752 1076 5823 qui
1119 5753 1323 5810 talibus
1365 5753 1533 5810 rebus
1576 5758 1812 5812 utuntur

184 5834 380 5904 projici
412 5837 483 5892 ab
509 5838 757 5896 Ecclesia
768 5842 1063 5914 jussimus.

252 5929 489 5987 XXXVII.
536 5935 816 5999 Quoniam
846 5955 961 5994 non
1012 5945 1236 6012 oportet
1265 5959 1297 5997 a
1332 5943 1540 6000 Judais
1575 5946 1658 6000 vel
1689 5945 1809 6002 ha-

586 6031 858 6098 PATROL.
908 6036 1134 6103 CXXX.

2003 3301 2227 3355 XLVIII.
2256 3301 2492 3371 Oportet
2520 3301 2830 3371 baptizatos
2857 3307 2986 3373 post
3014 3303 3363 3375 baptismum
3387 3322 3572 3362 sacra-

1930 3394 2216 3449 tissimum
2246 3394 2493 3449 chrisma
2521 3395 2836 3467 percipere,
2868 3401 2923 3450 et
2949 3397 3183 3453 calestis
3205 3400 3370 3470 regni
3397 3402 3570 3471 parti-

1932 3488 2084 3560 cipes
2111 3488 2250 3542 ﬁeri.

2001 3583 2170 3636 XLIX.
2191 3583 2315 3636 Non
2330 3585 2557 3652 oportet
2574 3582 2635 3636 in
2652 3582 3097 3654 Quadragesima
3117 3601 3325 3655 panem
3347 3586 3559 3656 offerri,

1928 3677 2038 3732 nisi
2062 3675 2300 3731 Sabbato
2331 3681 2388 3730 et
2417 3675 2706 3730 Dominica
2733 3681 2977 3733 tantum.

1998 3772 2059 3826 L.
2106 3771 2228 3824 Non
2277 3774 2520 3842 oportet,
2566 3770 2626 3824 in
2665 3771 3130 3843 Quadragesima
3183 3773 3382 3845 quinta
3424 3776 3564 3832 feria

1930 3864 2146 3920 ultima
2197 3863 2580 3919 hebdomada
2607 3905 2622 3932 ,
2666 3863 2954 3935 jejunium
3007 3865 3236 3922 dissolvi
3285 3873 3343 3924 et
3384 3873 3562 3926 totam

1929 3959 2438 4030 Quadragesimam
2461 3957 2814 4028 inhonorari,
2844 3959 2940 4014 sed
2970 3975 3073 4030 per
3096 3965 3247 4016 totos
3273 3962 3559 4035 diesjeju-

1925 4071 2084 4122 nare,
2116 4058 2172 4109 et
2201 4054 2338 4109 escis
2367 4052 2726 4109 abstinentia
2752 4053 3241 4126 convenientibus,
3266 4055 3324 4112 id
3349 4062 3432 4113 est
3457 4058 3564 4114 ari-

1925 4148 2180 4204 dioribus
2212 4149 2312 4203 uti.

1995 4245 2078 4299 L1.
2110 4245 2231 4298 Non
2261 4247 2483 4315 oportet
2507 4240 2566 4297 in
2594 4240 3047 4315 Quadragesima
3065 4246 3384 4318 martyrum
3401 4249 3564 4303 nata-

1923 4338 2041 4412 litia
2066 4337 2358 4407 celebrari,
2405 4337 2508 4392 sed
2543 4353 2741 4392 earum
2780 4336 2842 4391 in
2885 4337 3132 4394 Sabbato
3175 4344 3232 4394 et
3270 4340 3559 4397 Dominica

1923 4435 2151 4488 tantum
2179 4431 2517 4487 memoriam
2541 4431 2686 4486 ﬁeri.

1994 4527 2106 4581 LII.
2137 4526 2258 4580 Non
2285 4529 2511 4596 oportet
2535 4524 2596 4579 in
2627 4524 3070 4597 Quadragesima
3098 4530 3196 4582 aut
3218 4527 3443 4599 nuptias
3471 4527 3554 4584 vel

1839 4635 1899 4708 D
1922 4621 2192 4695 qualibet
2220 4619 2472 4674 natalitia
2496 4618 2801 4674 celebrare.

1993 4717 2127 4771 LIII.
2166 4716 2288 4769 Non
2335 4714 2562 4785 oportet
2588 4711 2941 4769 Christianos
2978 4712 3050 4769 ad
3089 4711 3318 4786 nuptias
3352 4721 3552 4775 euntes

1921 4811 2008 4867 vel
2038 4810 2228 4866 balare
2253 4809 2340 4865 vel
2369 4808 2590 4878 saltare,
2615 4805 2712 4862 sed
2730 4809 2882 4862 caste
2907 4822 3130 4863 cauare
3152 4808 3238 4866 vel
3266 4810 3550 4881 prandere

1920 4907 2194 4980 competit
2220 4902 2570 4962 Christianis.

1991 5003 2122 5059 LIV.
2163 5002 2284 5056 Non
2310 5001 2536 5071 oportet
2571 4996 2864 5052 ministros
2901 4995 3093 5052 altaris
3135 4997 3223 5054 vel
3268 5000 3552 5072 quoslibet

1918 5097 2156 5152 clericos
2192 5093 2524 5167 spectaculis
2559 5091 2879 5164 aliquibus,
2929 5105 3058 5163 qua
3091 5094 3190 5147 aut
3229 5091 3293 5148 in
3333 5098 3548 5169 nuptiis

1920 5195 2020 5246 aut
2060 5191 2121 5246 in
2161 5188 2342 5246 scenis
2372 5185 2717 5244 exhibentur
2762 5184 3056 5254 interesse,
3103 5185 3203 5242 sed
3239 5192 3548 5263 antequam

1914 5284 2234 5341 thermelici
2265 5280 2664 5355 ingrediantur
2697 5295 2932 5352 surgere
2976 5295 3071 5337 eos
3111 5279 3180 5337 de
3209 5283 3460 5342 convivio
3491 5290 3548 5345 et

1915 5379 2075 5435 abire
2103 5378 2329 5435 debere.

1986 5475 2093 5531 LV.
2125 5475 2246 5528 Non
2293 5475 2516 5544 oportet
2554 5469 2848 5527 ministros
2882 5470 3096 5541 altaris,
3131 5470 3220 5529 vel
3261 5475 3546 5546 quoslibet

1913 5567 2140 5623 clericos
2181 5566 2271 5622 vel
2320 5564 2491 5621 etiam
2536 5564 2715 5620 laicos
2757 5564 3123 5637 Christianos,
3171 5581 3237 5622 ex
3273 5568 3543 5639 symbolis

1911 5680 2042 5738 qua
2100 5662 2303 5732 vulgus
2351 5658 2731 5716 commissalia
2797 5660 3075 5732 appellat,
3139 5660 3395 5716 convivia
3447 5678 3536 5719 ce-

1912 5760 2150 5815 lebrare.

1981 5854 2110 5908 LVI.
2162 5852 2284 5907 Non
2333 5853 2562 5924 oportet
2620 5846 2982 5922 presbyterds
3028 5850 3158 5901 ante
3217 5844 3542 5917 ingressum

1913 5946 2163 6020 episcopi
2187 5945 2413 6022 ingredi
2437 5943 2750 6014 ecclesiam,
2772 5946 2828 5998 et
2848 5940 3043 5996 sedere
3064 5939 3122 5994 in
3141 5937 3542 6012 tribunalibus,

3108 6041 3184 6099 10
