4058 6338
477 343 571 395 291

1367 336 1649 391 ΑΡΡΕΝΠ.
1692 335 1779 389 ΑΙ)
1820 335 1979 390 ΞΕΟ.
2023 334 2111 387 IX.
2145 361 2213 373 —
2241 332 2485 388 ISIDORI
2523 334 2945 390 MERCATORIS

3739 342 3843 394 292

472 447 571 502 sed
615 463 748 501 cum
788 445 1053 517 episcopo
1100 443 1343 516 ingredi,
1386 443 1495 497 nisi
1544 443 1688 497 forte
1722 446 1821 496 aut
1866 444 2108 512 agrotet
2129 440 2425 525 Amium,
2469 442 2602 497 Jesu
2646 444 2831 513 Nave,
2880 442 3165 511 Iudicum,
3207 443 3382 514 Ruth,
3432 444 3656 515 Regum
3712 445 3847 500 libri

479 540 795 611 episcopus,
826 545 925 594 aut
947 539 1008 593 in
1034 535 1507 610 peregrinationis
1529 536 1833 592 commodo
1857 551 1989 590 eum
2020 535 2114 590 ab-

480 649 602 688 esse
625 632 955 688 constiterit.

547 728 699 781 LVII.
732 728 857 781 Non
887 725 1093 780 debere
1122 726 1181 780 in
1206 724 1351 780 villis
1381 729 1437 780 et
1462 722 1598 778 vicis
1630 721 1922 795 episcopos
1953 722 2109 777 ordi-

478 820 621 888 nari,
651 820 747 874 sed
774 819 1111 888 visitatores,
1150 819 1207 872 id
1238 821 1342 886 est,
1373 817 1472 889 qui
1509 817 1859 871 circumeant
1902 816 2109 870 consti-

476 913 586 981 tui;
618 912 705 967 his
732 918 921 967 autem
948 912 1047 983 qui
1064 915 1195 966 ante
1221 900 1603 966 hoc'ordinati
1625 914 1757 964 sunt
1775 909 1919 964 nihil
1940 925 2111 980 agere

477 1023 788 1075 censemus,
830 1005 935 1059 nisi
979 1004 1324 1060 Conscientia
1355 1003 1606 1075 episcopi
1640 1003 1897 1057 civitatis.
1938 994 2108 1057 Simi-

474 1098 604 1155 liter
630 1099 801 1153 etiam
826 1098 1144 1170 presbyteri
1168 1097 1316 1152 nihil
1344 1097 1467 1151 sine
1491 1100 1779 1169 pracepto
1803 1100 1859 1151 et
1880 1094 2111 1150 consilio

476 1191 723 1264 episcopi
749 1196 940 1262 agant.

542 1286 718 1340 LVIII.
743 1286 863 1339 Non
885 1287 1112 1357 oportet
1134 1284 1196 1338 in
1233 1282 1494 1339 domibus
1530 1280 1842 1338 oblationes
1881 1281 1950 1336 ab
1984 1280 2107 1353 epi-

473 1378 656 1449 scopis
682 1377 797 1432 sive
823 1376 1167 1449 presbyteris
1198 1376 1342 1431 fieri.

545 1472 673 1526 LIX.
713 1472 838 1526 Non
875 1473 1099 1542 oportet
1133 1470 1204 1525 ab
1244 1469 1433 1523 idiotis
1476 1468 1727 1540 psalmos
1770 1466 2109 1538 compositos

475 1568 532 1622 et
554 1566 817 1636 vulgares
854 1564 913 1617 in
954 1563 1203 1619 ecclesiis
1245 1562 1373 1631 dici,
1414 1578 1600 1633 neque
1639 1561 1813 1616 libros
1848 1559 1946 1631 qui
1977 1563 2109 1615 sunt

477 1663 635 1713 extra
665 1674 945 1712 canonem
971 1659 1183 1729 legere,
1219 1656 1324 1710 nisi
1361 1656 1508 1711 solos
1544 1654 1845 1709 canonicos
1886 1654 2025 1708 Novi
2051 1658 2109 1709 et

475 1751 689 1807 Veteris
721 1751 1092 1820 Testamenti;
1132 1766 1259 1820 quae
1304 1753 1499 1805 autem
1539 1751 1805 1821 oporteat
1827 1747 1941 1818 legi
1967 1751 2022 1802 et
2045 1747 2105 1801 in

471 1844 865 1899 auctoritatem
890 1843 1065 1915 recipi
1092 1843 1212 1897 hac
1239 1847 1375 1898 sunt
1401 1858 1414 1897 :
1978 1910 1983 1915 _

545 1937 797 2007 Genesis,
834 1937 1080 2006 Exodus,
1117 1936 1418 2004 Leviticus,
1460 1935 1716 2006 Numeri,
1754 1935 2103 1990 Deuterono-

2213 537 2489 605 quatuor,
2535 536 3015 607 Paralipomenon
3065 537 3197 591 libri
3251 537 3401 605 duo,
3442 536 3654 607 Esdra,
3699 539 3847 594 liber

2210 629 2572 682 Psalmorum
2600 646 2843 684 numero
2876 633 2997 699 150,
3035 630 3342 686 Proverbia
3372 628 3708 702 Sdlomonis,
3736 634 3844 687 Ec-

2213 720 2522 789 clesiastes,
2548 722 2777 777 Cantica
2799 723 3175 792 canticorum,
3205 725 3330 792 Job,
3363 725 3586 793 Esther,
3614 730 3676 781 I2
3704 728 3846 781 Pro-

2209 814 2519 886 phetarum
2550 815 2698 884 libri,
2738 816 2793 870 id
2829 822 2910 871 est
2939 817 3080 871 Osee
3125 821 3182 871 et
3223 821 3414 886 Amos,
3444 820 3581 888 Joel,
3612 819 3842 886 Abdias,

2209 909 2400 978 Jonas,
2439 908 2719 976 Michaas,
2748 910 2988 978 Nahum,
3035 911 3314 981 Habacuc,
3348 912 3679 982 Sophonias,
3726 915 3841 983 Ag-

2212 1018 2388 1071 gaus,
2437 1002 2758 1071 Zacharias,
2804 1002 3123 1072 Malachias,
3157 1005 3341 1072 Isaias,
3379 1005 3672 1071 Jeremias,
3709 1007 3842 1059 Eze-

2211 1094 2379 1166 chiel,
2415 1095 2648 1163 Daniel;
2680 1096 2820 1150 Novi
2846 1097 3213 1164 Testamenti,
3247 1097 3304 1152 id
3332 1102 3435 1169 est,
3478 1098 3845 1170 evangelium

2209 1188 2522 1242 secundum
2543 1189 2887 1259 Matthaum,
2909 1191 3216 1244 secundum
3237 1190 3503 1260 Marcum,
3527 1193 3845 1246 secundum

2208 1281 2437 1349 Lucam,
2483 1283 2797 1336 secundum
2844 1284 3145 1351 Joannem,
3193 1288 3364 1338 Actus
3411 1286 3841 1356 apostolorum;

2208 1374 2501 1429 canonica
2532 1376 2798 1446 Epistola
2835 1381 2866 1430 7
2907 1394 2920 1430 :
2963 1377 3154 1431 Jacobi
3183 1394 3317 1446 una,
3362 1379 3511 1433 Petri
3541 1380 3685 1449 duae,
3722 1383 3742 1433 I
3786 1384 3846 1434 et

2205 1471 2269 1537 2;
2298 1468 2534 1523 Joannis
2564 1472 2694 1537 tres,
2721 1473 2771 1537 I,
2797 1472 2830 1525 2
2860 1472 2961 1523 et3
2984 1486 2996 1536 ;
3023 1470 3181 1524 Judae
3210 1488 3354 1542 una;
3386 1473 3649 1543 Epistola
3677 1473 3845 1527 Pauli

2207 1562 2445 1633 apostoli
2471 1579 2712 1617 numero
2749 1563 2813 1616 14
2845 1579 2858 1616 :
2891 1563 2962 1616 ad
3004 1564 3313 1635 Romanos,
3356 1566 3426 1620 ad
3456 1566 3782 1623 Corinthios
3814 1572 3834 1621 I

2207 1657 2263 1708 et
2284 1658 2337 1724 2,
2367 1655 2437 1709 ad
2463 1656 2744 1723 Galathas,
2771 1657 2845 1711 ad
2870 1656 3160 1727 Ephesios,
3188 1659 3261 1713 ad
3282 1659 3674 1731 Philippenses
3696 1677 3838 1730 una,

2206 1748 2280 1801 ad
2318 1749 2672 1803 Colossenses
2714 1766 2844 1819 una,
2882 1750 2955 1803 ad
2998 1752 3525 1807 Thessalonicenses
3565 1754 3693 1809 dua
3726 1759 3746 1809 I
3784 1759 3845 1809 et

2125 1820 2185 1894 Β
2206 1845 2260 1911 2,
2295 1842 2368 1895 ad
2393 1841 2799 1896 Thimothcum
2832 1843 2958 1898 dua
2987 1848 3008 1898 I
3048 1849 3103 1899 et
3126 1848 3181 1915 2,
3211 1847 3281 1901 ad
3310 1846 3521 1916 Titum,
3556 1848 3629 1902 ad
3658 1848 3843 1903 Phile-

2208 1947 2464 1998 monem,
2498 1930 2569 1985 ad
2596 1930 2877 1986 Hebraos.

1048 2191 1449 2257 lNCIPIUNT
1493 2189 1890 2256 CAPITULA
1932 2187 2267 2255 CONCILII
2312 2186 3256 2252 CONSTANTINOPOLITANI.

544 2334 595 2389 I.
621 2330 1072 2387 Custodiendum
1099 2348 1222 2386 esse
1250 2331 1424 2387 ﬁdem
1450 2333 1685 2387 Patrum
1709 2334 2100 2387 trecentorum

470 2425 667 2484 decem
692 2429 750 2480 et
771 2428 916 2481 octo.

536 2521 590 2573 2.
626 2520 695 2574 Ut
732 2518 982 2591 episcopi
1018 2534 1181 2574 suam
1225 2518 1510 2574 dioecesim
1540 2515 1863 2590 gubernent
1895 2532 2003 2572 nec
2027 2517 2127 2572 ad'

463 2611 597 2667 alias
622 2613 910 2668 accedant.

537 2709 590 2761 3.
644 2706 767 2761 Non
814 2706 1077 2762 invitatos
1123 2705 1412 2778 episcopos
1456 2706 1608 2762 ultra
1652 2705 1940 2761 dioecesim
1978 2721 2104 2777 pro-

461 2799 651 2871 priam
681 2800 949 2856 accedere
979 2816 1096 2855 non
1120 2799 1346 2855 debere.
1970 2808 1989 2817 ‘

2271 2327 2323 2382 4.
2366 2327 2441 2381 De
2468 2325 2730 2380 Ecclesiis
2756 2326 2815 2380 in
2838 2326 3144 2381 barbaricis
3170 2327 3521 2400 compositis.

2274 2423 2324 2475 5.
2367 2420 2445 2474 De
2475 2420 2689 2474 honore
2708 2420 3322 2492 Constantinopolitani
3347 2420 3615 2492 episcopi.

2274 2516 2326 2567 6.
2370 2515 2449 2567 De
2481 2513 2718 2567 Maximo
2745 2514 2943 2585 cynico
2972 2514 3328 2585 philosopho.

2273 2611 2326 2661 7.
2366 2608 2442 2662 De
2484 2606 2595 2663 ﬁde
2632 2607 2874 2678 symboli
2917 2608 3067 2679 apud
3115 2607 3669 2680 Constantinopolim
3705 2625 3841 2666 con-

2203 2700 2407 2755 stituti.

1940 2876 2360 2887 -υ--ιυ--ι

1152 2970 1464 3039 INCIPIT
1506 2967 1985 3038 CONCILIUM
2031 2964 3151 3036 CONSTANTINOPOLITANUM

468 3086 785 3151 Habitum
813 3086 896 3150 ab
924 3105 996 3150 cr.
1026 3087 1341 3169 episcopis
1367 3087 1488 3150 sub
1526 3086 1876 3151 Theodosio
1906 3087 2187 3167 majore,
2212 3085 2486 3165 Siagrio
2512 3092 2573 3146 et
2601 3082 2931 3148 Eucherio
2961 3083 3352 3162 consulibus,
3384 3102 3521 3148 ara
3545 3103 3831 3162 ccccxrx,

1725 3186 2040 3249 adversus
2072 3183 2385 3251 Macedon
2395 3184 2554 3246 ium.

540 3319 665 3395 69
707 3323 805 3378 Ha
834 3323 1049 3395 regula
1096 3321 1209 3378 sive
1255 3322 1621 3379 diffinitiones
1657 3327 1790 3378 sunt
1823 3324 2169 3411 expositaC
2194 3337 2419 3393 cunque
2474 3320 2840 3391 disponendis
2904 3318 3289 3375 ecclesiasticis
3344 3319 3561 3389 causis,
3613 3324 3836 3376 servata

463 3412 533 3470 ab
561 3414 833 3488 episcopis
859 3431 939 3485 CL,
972 3416 1073 3488 qui
1098 3416 1158 3471 in
1186 3433 1367 3472 unum
1398 3416 1947 3488 Constantinopolim
1965 3434 2094 3472 con—
2196 3416 2397 3487 regula
2424 3431 2553 3485 qua
2574 3431 2747 3485 supra
2762 3413 2969 3485 scripta
2995 3418 3098 3484 est,
3129 3414 3199 3468 de
3219 3430 3561 3485 unaquaque
3582 3413 3832 3482 diacesi,

462 3514 758 3580 venerunt,
789 3508 1018 3581 quando
1054 3509 1252 3565 beatus
1291 3511 1585 3567 Nectarius
1619 3512 1921 3584 episcopus
1949 3510 2100 3566 ordi-
2196 3512 2562 3568 manifestum
2588 3528 2837 3583 namque
2867 3517 2951 3567 est
2980 3512 3132 3584 quod
3160 3528 3264 3583 per
3290 3512 3546 3583 singulas
3571 3527 3831 3584 quasque

461 3607 629 3658 natus
657 3608 761 3671 est,
787 3603 1053 3659 damnato
1078 3604 1318 3660 Maximo
1339 3604 1554 3677 cynico,
1590 3622 1837 3678 quorum
1862 3604 2099 3660 nomina
2198 3606 2516 3679 provincias
2541 3606 2902 3678 provincialis
2927 3605 3177 3677 synodus
3208 3605 3603 3661 administrare
3632 3609 3692 3660 et
3716 3621 3828 3677 gu-

464 3700 520 3751 et
543 3696 851 3769 provincia
880 3698 1248 3753 continentur
1272 3699 1332 3753 in
1358 3699 1571 3754 Graco.
2197 3700 2440 3755 bernare
2469 3700 2665 3755 omnia
2709 3699 2936 3768 debeat,
2986 3698 3304 3754 secundum
3330 3682 3399 3753 ea
3443 3715 3572 3771 qua
3609 3704 3744 3755 sunt
3765 3700 3831 3754 in

534 3791 647 3860 Cap
676 3790 718 3844 Ι.
757 3791 882 3845 Non
930 3790 1314 3861 spernendam
1363 3808 1484 3846 esse
1510 3791 1684 3846 Iidem
1718 3793 1949 3847 Patrum
1982 3796 2093 3847 tre-
2197 3793 2381 3848 Nicaa
2407 3793 2660 3848 deﬁnita.

465 3888 765 3940 centorum
802 3880 999 3938 decem
1040 3887 1097 3938 et
1141 3888 1288 3952 octo,
1333 3885 1432 3955 qui
1480 3884 1541 3939 in
1588 3884 1771 3939 Nicaa
1816 3883 2095 3957 Bithynia
2268 3888 2352 3943 IV.
2380 3887 2651 3942 Ecclesias
2679 3890 2875 3941 autem
2908 3885 3006 3942 Dei
3059 3903 3187 3959 qua
3235 3891 3368 3943 sunt
3406 3887 3468 3941 in
3511 3885 3831 3943 Barbaricis

466 3981 877 4045 convenerunt,
923 3977 1020 4032 sed
1064 3993 1300 4032 manere
1343 3993 1469 4032 eam
1514 3980 1701 4032 ratam
1747 3982 1996 4049 oportet,
2042 3981 2100 4034 et
2198 3981 2466 4052 gentibus
2516 3980 2867 4050 constituta,
2945 3996 3146 4052 regere
3194 3984 3362 4053 atque
3428 3979 3831 4037 administrare

467 4070 945 4126 anathematizare
973 4086 1203 4125 omnem
1228 4070 1516 4141 haeresim,
1556 4070 1876 4143 specialiter
1905 4076 2097 4127 autem
2199 4078 2420 4147 oportet
2463 4075 2776 4131 secundum
2814 4074 3286 4130 consuetudinem
3329 4091 3456 4147 qua
3499 4092 3533 4130 a
3568 4073 3830 4131 Patribus

465 4163 981 4233 Eunomianorum,
1005 4163 1122 4219 imo
1140 4164 1621 4233 Anomianorum,
1640 4165 1739 4237 qui
1759 4165 1956 4221 Latine
1977 4165 2096 4222 sine

466 4259 593 4330 lege
615 4256 901 4329 dicuntur,
935 4262 994 4313 et
1011 4258 1352 4313 Arianorum
1384 4258 1497 4313 sive
1518 4259 1985 4316 Eudoxianorum
2014 4278 2097 4316 se-

467 4352 628 4407 mina
670 4350 1028 4423 Arianorum,
1074 4369 1299 4408 necnon
1337 4354 2003 4425 Pneumatomachorum,
2037 4355 2098 4409 id

468 4448 573 4514 est,
623 4445 723 4518 qui
749 4452 947 4502 contra
977 4446 1250 4518 Spiritum
1291 4452 1552 4502 sanctum
1588 4452 1865 4520 pugnant,
1904 4452 1961 4504 et
1991 4449 2094 4505 Sa-

465 4538 843 4595 bellianorum
870 4543 927 4595 et
951 4541 1440 4599 Marcellianorum
1464 4546 1520 4598 et
1547 4542 2017 4598 Fontinianorum
2041 4548 2099 4599 et

464 4634 1015 4707 Apollinaristarum.

2197 4168 2507 4224 obtinuisse
2536 4168 2907 4239 dignoscitur.

2270 4264 2331 4318 V.
2352 4261 2995 4333 Constantinopolitanae
3012 4261 3255 4317 civitatis
3272 4262 3604 4335 episcopum
3615 4263 3832 4319 habere

2197 4358 2421 4427 oportet
2449 4355 2727 4427 primatus
2752 4355 3034 4410 honorem
3078 4360 3206 4427 post
3253 4357 3575 4411 Romanum
3614 4356 3833 4429 episco-

2196 4466 2358 4523 pum,
2387 4454 2623 4521 propter
2652 4449 2808 4522 quod
2834 4450 2905 4505 sit
2932 4466 3081 4504 nova
3108 4450 3311 4506 Roma.

2268 4544 2356 4598 VI.
2405 4544 2848 4615 Proptertotius
2892 4543 3424 4615 indisciplinationis
3463 4545 3585 4616 ejus
3627 4544 3834 4601 doctri-

2199 4654 2331 4692 nam
2354 4654 2482 4709 qua
2510 4637 3002 4710 Constantinopoli
3047 4639 3173 4692 orta
3202 4641 3306 4706 est,
3346 4643 3406 4693 ut
3436 4655 3624 4710 neque
3654 4639 3833 4694 maxi-

544 4731 606 4785 lI.
636 4729 897 4801 Episcopi
922 4728 1022 4801 qui
1053 4732 1209 4785 extra
1235 4728 1523 4787 dioecesim
1552 4734 1702 4800 sunt,
1732 4731 1804 4787 ad
1834 4710 2173 4788 ecclesiasD
2194 4748 2326 4787 mus
2352 4731 2525 4787 fuisse
2550 4736 2648 4788 aut
2681 4749 2804 4788 esse
2844 4732 3018 4786 etiam
3044 4734 3278 4803 putetur
3318 4732 3616 4804 epiSCOpus
3643 4736 3829 4789 statu-

467 4839 595 4895 qua
638 4826 793 4877 extra
832 4823 1110 4878 terminos
1156 4840 1358 4879 eorum
1404 4826 1572 4893 sunt,
1618 4841 1738 4879 non
1781 4826 2090 4898 accedant,

463 4932 650 4988 neque
679 4916 1030 4972 confundant
1058 4920 1116 4971 et
1159 4918 1548 4989 permisceant
1583 4919 1849 4974 ecclesias
1887 4936 2090 4976 secun-

467 5011 606 5067 dum
618 5010 844 5083 regulas
853 5011 1213 5081 constitutas,
1227 5012 1584 5068 Alexandria
1598 5013 1831 5085 quidem
1843 5014 2093 5088 episcopi

469 5105 642 5162 solius
687 5104 935 5160 Orientis
977 5122 1174 5161 curam
1222 5111 1452 5179 gerant,
1509 5106 1740 5163 servatis
1783 5108 2096 5164 honoribus

468 5199 749 5272 primatus
775 5198 1037 5254 Ecclesia
1078 5199 1467 5272 Antiochena,
1513 5202 1610 5274 qui
1649 5201 1709 5256 in
1752 5201 1967 5283 regulis
1996 5202 2093 5257 Ni-

468 5312 644 5352 cana
674 5294 875 5368 synodi
911 5295 1293 5353 continentur.
1333 5297 1441 5354 Sed
1482 5301 1541 5352 et
1578 5297 1800 5353 Asiana
1844 5297 2098 5354 dioecesis

469 5390 721 5465 episcopi
752 5407 820 5446 ea
847 5407 974 5461 qua
1004 5397 1134 5447 sunt
1160 5392 1220 5446 in
1262 5393 1413 5460 Asia,
1459 5395 1516 5447 et
1555 5410 1682 5463 qua
1724 5392 1794 5446 ad
1830 5392 2097 5448 Asianam

467 5486 864 5542 tantummodo
894 5485 1180 5540 dioecesim
1210 5486 1521 5558 pertinent,
1555 5486 1897 5557 gubernant.
1930 5488 2095 5542 Ponti

470 5585 663 5636 autem
706 5580 957 5654 episcOpi
997 5580 1242 5635 Pontica
1290 5583 1511 5633 tantum
1548 5580 1799 5635 dioecesis
1841 5581 2098 5637 habeant

467 5691 685 5745 curam,
715 5674 968 5730 Thracia
992 5688 1125 5727 vero
1150 5672 1326 5743 ipsius
1351 5675 1753 5729 tantummodo
1782 5675 2058 5731 Thracia.

537 5769 620 5824 lIl.
649 5768 773 5823 Non
802 5765 1023 5821 invitati
1050 5763 1298 5835 episcopi
1328 5765 1480 5819 ultra
1508 5765 1794 5823 dioecesim
1824 5769 2095 5824 accedere

469 5874 585 5914 non
618 5860 831 5914 debent
860 5872 1029 5928 super
1059 5856 1393 5911 ordinandis
1421 5856 1723 5929 aliquibus,
1751 5863 1839 5917 vel
1871 5863 2102 5933 quibus-

2194 4831 2320 4883 tum
2349 4830 2451 4897 est,
2482 4843 2669 4898 neque
2695 4826 2755 4881 hi
2790 4825 2889 4898 qui
2915 4825 2983 4879 ab
3012 4842 3078 4881 eo
3106 4830 3238 4881 sunt
3285 4826 3530 4882 ordinati
3566 4826 3828 4898 qualem-

2142 4910 2147 4915 ’
2195 4937 2421 4993 cunque
2488 4921 2728 4993 gradum
2800 4919 3097 4975 clericatus
3169 4919 3500 4990 obtineant,
3562 4920 3831 4977 omnibus

2196 5015 2413 5070 scilicet
2441 5031 2571 5087 qua
2603 5015 2753 5087 circa
2783 5030 2916 5070 eum
2939 5014 3028 5070 vel
3056 5014 3126 5069 ab
3157 5030 3224 5070 eo
3258 5017 3416 5087 gesta
3445 5018 3578 5070 sunt
3605 5014 3665 5070 in
3694 5015 3828 5071 irri-

2194 5113 2316 5164 tum
2338 5110 2633 5164 revocatis.

2284 5202 2594 5273 Symbolum
2618 5204 2852 5275 ejusdem
2882 5204 3098 5259 concilii
3122 5204 3734 5274 Constantinopolitani.

2269 5298 2374 5352 νη.
2407 5297 2703 5352 Credimus
2734 5296 2794 5351 in
2836 5313 3015 5352 unum
3058 5298 3263 5365 Deum,
3297 5298 3525 5352 Patrem
3568 5297 3831 5370 omnipo-

2195 5395 2447 5460 tentem,
2500 5392 2779 5446 factorem
2833 5391 2956 5445 coeli
2999 5396 3057 5445 et
3095 5396 3299 5459 terra,
3344 5389 3655 5446 visibilium
3704 5409 3827 5447 om-

2194 5484 2357 5538 nium
2424 5488 2479 5539 et
2548 5484 2918 5540 invisibilium
2980 5484 3372 5554 conditorem,
3427 5487 3483 5539 et
3535 5485 3597 5540 in
3645 5502 3829 5541 unum

2198 5577 2510 5635 Dominum
2555 5580 2744 5633 Jesum
2807 5578 3095 5635 Christum
3157 5577 3361 5633 Filium
3410 5579 3508 5633 Dei
3557 5579 3825 5650 unigeni-

2194 5680 2316 5730 tum
2366 5692 2435 5730 ex
2483 5677 2644 5731 Patre
2690 5680 2892 5733 natum
2940 5680 3072 5732 ante
3120 5676 3317 5731 omnia
3358 5677 3589 5747 sacula,
3643 5677 3830 5731 Deum

2196 5789 2262 5827 ex
2312 5774 2446 5843 Deo,
2490 5775 2684 5830 lumen
2727 5792 2790 5830 ex
2833 5775 3082 5845 lumine,
3128 5775 3309 5831 Deum
3353 5790 3553 5831 verum
3596 5790 3666 5830 ex
3708 5775 3828 5830 Deo

2194 5882 2345 5936 vero,
2401 5872 2618 5937 natum,
2676 5886 2793 5924 non
2841 5870 3086 5937 factum,
3138 5870 3435 5925 omousion
3483 5869 3652 5937 Patri,
3720 5869 3831 5925 hoc
