4058 6312
176 403 268 449 293
1383 398 1856 454 DECRETALIUM
1896 399 2286 454 COLLECTIU.

3434 408 3536 458 294

173 508 250 556 est
314 503 572 572 ejusdem
631 518 760 556 cum
816 505 976 556 Patre
1045 503 1393 573 substantiae,
1454 523 1560 576 per
1625 524 1800 578 quem
1823 507 2130 591 Aﬁtemur
2152 523 2328 560 unum
2349 506 2706 578 baptismain
2726 508 3123 562 remissionem
3147 513 3533 579 peccatorum;

175 595 368 649 omnia
404 595 557 649 facta
609 599 742 650 sunt
789 611 916 666 quae
964 595 1024 651 in
1079 598 1216 652 caelo
1258 602 1314 652 et
1352 613 1477 668 qute
1516 599 1572 653 in
1611 604 1799 670 terra;

175 688 266 759 qui
293 692 534 759 propter
559 705 661 742 nos
707 689 964 744 homines
1007 695 1062 744 et
1106 694 1338 762 propter
1365 697 1621 748 nostram
1653 694 1799 746 salu-

172 787 285 835 tem
314 782 607 836 descendit
635 782 702 837 de
733 783 906 849 ccrlis,
938 787 993 837 et
1021 783 1343 839 incarnatus
1376 789 1462 839 est
1491 785 1560 841 de
1589 785 1805 856 Spiritu

173 879 386 944 sancto,
449 893 520 929 ex
585 877 754 930 Maria
819 877 1048 948 Virgine
1106 877 1280 932 homo
1349 879 1546 946 factus,
1607 896 1804 949 passus

174 971 253 1021 est
292 967 399 1020 sub
438 967 641 1022 Pontio
693 968 894 1036 Pilato,
938 986 1003 1023 ac
1060 971 1333 1041 sepultus,
1384 976 1442 1026 et
1495 971 1661 1026 tertia
1717 971 1805 1026 die

173 1061 496 1128 resurrexit,
547 1062 800 1116 ascendit
849 1062 908 1116 iu
956 1063 1140 1131 caelos,
1185 1064 1348 1118 sedet
1393 1065 1466 1118 ad
1515 1065 1804 1119 dexteram

171 1154 370 1222 Patris,
403 1153 536 1209 inde
566 1158 839 1209 venturus
878 1161 961 1210 est
993 1174 1119 1211 cum
1152 1157 1336 1227 gloria
1359 1157 1617 1228 judicare
1653 1158 1807 1212 vivos

173 1250 226 1299 ct
249 1250 531 1312 mortuos,
562 1248 721 1318 cujus
749 1250 911 1318 regni
941 1266 1058 1303 non
1095 1250 1202 1304 erit
1240 1249 1389 1304 ﬁnis.
1421 1250 1718 1306 Credimus
1748 1251 1807 1305 in

173 1339 449 1410 Spiritum
501 1345 784 1410 sanctum,
823 1343 1125 1396 Dominum
1172 1348 1228 1397 et
1273 1343 1698 1411 viviﬁcatorem,
1737 1360 1807 1398 ex

171 1433 329 1486 Patre
357 1433 789 1504 procedentem,
822 1452 953 1488 cum
983 1438 1149 1490 Patre
1189 1439 1245 1490 et
1279 1437 1418 1492 Filio
1450 1437 1805 1492 adorandum

171 1531 223 1580 et
249 1527 818 1598 congloriﬁcandum,
849 1528 945 1599 qui
969 1529 1190 1584 locutus
1222 1533 1306 1584 est
1333 1547 1438 1601 per
1461 1531 1800 1602 prophetas;

173 1636 345 1674 unam
365 1621 707 1675 catholicam
727 1627 896 1692 atque
919 1623 1287 1693 apostolicam
1310 1623 1644 1690 Ecclesiam;
1666 1641 1800 1679 con-
1823 1611 1880 1682 Β

1902 603 2286 671 exspectamus
2335 600 2814 654 resurrectionem
2863 606 3245 669 mortuorum,
3280 607 3337 655 et
3367 602 3536 655 vitam

1900 693 2077 748 futuri
2125 693 2344 761 steculi,
2395 696 2597 746 Amen.
2648 693 2889 747 Nomina
2921 711 3004 749 CL.
3051 693 3341 748 Nectarius
3387 696 3535 749 Con-

1903 785 2457 854 stantinopolitanus.
2475 785 2804 840 Timotheus
2822 787 3194 857 Alexandriae,
3219 788 3538 842 Dorotheus

1904 896 1936 932 a
1997 878 2284 943 Corintho,
2349 878 2585 948 Cyrillus
2656 879 3222 950 Hierosolymitanus,
3291 881 3536 934 Calasius

1902 971 2278 1038 Caesariensis,
2342 971 2520 1024 Macer
2582 971 2975 1042 Hiericontius,
3031 973 3350 1044 Dionysius,
3405 973 3531 1026 Dio-

1906 1065 2236 1135 spolitanus,
2293 1063 2612 1118 Priscianus
2674 1065 3114 1136 Nicopolitanus,
3172 1065 3532 1134 Saturninus,

1907 1157 2293 1224 Sebastienus,
2359 1157 2672 1211 Auxentius
2749 1159 3235 1226 Ascholonitanus,
3307 1160 3537 1214 Elianus

1907 1251 2226 1317 Raniensis,
2255 1253 2446 1305 Zenon
2476 1250 2693 1321 Tyrius,
2731 1252 2935 1304 Paulus
2979 1252 3360 1323 Sydoniensis,
3408 1253 3532 1308 Dei-

1907 1346 2040 1400 sbus
2067 1363 2100 1399 a
2120 1344 2492 1412 Ptolomaida,
2519 1343 2812 1414 Philippus
2833 1345 3227 1400 Damascenus.
3250 1346 3536 1400 Varachus

1906 1438 2322 1505 Peneaclensis,
2376 1437 2722 1506 Timotheus,
2783 1437 3065 1506 Basilides,
3120 1438 3365 1507 Abbibo,
3422 1439 3532 1493 Mo-

1907 1531 2127 1586 chinius
2149 1530 2518 1598 Aracleensis,
2549 1533 2606 1584 et
2631 1531 2840 1585 caeteri.

2645 1623 2813 1678 Finis.

1279 1891 1568 1957 INCIPIT
1614 1892 1968 1958 SYNODUS
2013 1891 2434 1957 EPHESINA.

242 2039 438 2096 INCIPIT
466 2056 709 2097 SYNODUS
736 2042 1007 2097 Ernesma
1049 2059 1210 2098 PRIMA
1259 2044 1637 2099 ducentorum
1680 2045 1799 2116 epi-

173 2150 495 2204 scoporum,
528 2135 720 2189 habita
745 2136 1012 2190 adversus
1040 2137 1360 2191 Nestorium
1399 2138 1800 2193 Constantino-

173 2227 486 2296 politanum
505 2227 858 2299 episcopum,
874 2230 972 2301 qui
987 2246 1195 2301 purum
1209 2231 1511 2285 hominem
1529 2249 1596 2287 ex
1609 2236 1804 2286 sancta

173 2319 402 2391 Virgine
449 2322 622 2375 Maria
662 2324 864 2376 natum
911 2324 1166 2391 asseruit,
1197 2329 1258 2379 ut
1288 2323 1456 2378 aliam
1501 2341 1805 2396 personam

175 2414 374 2482 carnis,
401 2413 569 2468 aliam
615 2414 827 2470 faceret
875 2415 1118 2485 deitatis,
1151 2434 1257 2470 nec
1299 2434 1480 2471 unum
1519 2418 1804 2472 Christum

175 2507 228 2559 in
257 2507 439 2561 Verbo
471 2507 566 2562 Dei
594 2511 652 2562 et
680 2524 847 2563 carne
881 2509 1133 2579 sentiret,
1163 2511 1262 2564 sed
1292 2511 1605 2582 separatim
1633 2516 1804 2582 atque

177 2599 473 2669 sejunctim
529 2601 772 2657 alterum
825 2601 1030 2657 Filium
1087 2604 1204 2669 Dei,
1256 2604 1502 2659 alterum
1555 2604 1805 2658 hominis

1905 1971 2564 2190 praedicaretﬁonvenit
2590 2045 2781 2098 autem
2811 2041 2934 2097 haec
2950 2042 3198 2114 synodus
3221 2041 3534 2097 Theodosio

1905 2138 2129 2190 iuniore
2161 2143 2250 2190 ter
2277 2137 2330 2190 io
2361 2136 2578 2190 decimo
2611 2139 2668 2190 et
2697 2135 3096 2190 Valentiniano
3127 2135 3297 2189 tertio
3328 2151 3534 2189 consu-

1897 2138 2129 2209 juniore
2161 2135 2330 2192 tertio
2361 2136 2578 2190 decimo
2611 2139 2668 2190 et
2697 2135 3096 2190 Valentiniano
3127 2135 3297 2189 tertio
3328 2151 3536 2189 consu-

1904 2232 2072 2298 libus,
2104 2248 2216 2284 aera
2263 2246 2576 2286 CCCCLXVIII.
2603 2229 2705 2284 Cui
2750 2228 2964 2300 synodo
3016 2227 3285 2299 praesedit
3326 2227 3538 2282 beatis-

1905 2323 2079 2377 simus
2105 2324 2390 2394 quondam
2422 2322 2659 2394 Cyrillus
2703 2320 3053 2376 Alexandria:
3097 2321 3412 2392 episcopus,
3443 2320 3541 2392 qui

1905 2433 2035 2470 cum
2090 2417 2247 2470 omni
2306 2415 2544 2470 concilio
2595 2415 2664 2469 ad
2717 2414 2984 2468 eumdem
3038 2414 3354 2468 Nestorium
3420 2415 3541 2468 haec

1906 2513 2202 2583 synodalia
2230 2511 2462 2566 decreta
2489 2510 2824 2565 transmisit.

841 2860 1264 2932 EPISTOLA
1312 2864 1713 2933 EPHESINI
1761 2864 2134 2934 CONCILII
2179 2863 2298 2931 AD
2342 2859 2868 2931 NESTOBIUM.

246 3019 532 3091 Religioso
563 3024 620 3075 et
666 3023 778 3076 Deo
827 3025 1056 3078 amabili
1106 3025 1494 3081 consacerdoti
1538 3027 1807 3081 Nesromo

175 3113 458 3182 CYRILLUS,
500 3114 586 3169 vel
625 3116 946 3189 quicunque
1002 3123 1134 3174 sunt
1185 3119 1337 3190 apud
1378 3119 1585 3191 Ephesi
1634 3137 1804 3191 syno-

179 3207 331 3261 dum.

242 3303 384 3356 Cum
413 3302 669 3357 Salvator
693 3306 886 3358 noster
915 3309 1107 3376 aperte
1135 3307 1506 3377 pronuntiet:
1542 3307 1650 3371 Qui
1679 3306 1803 3362 dili-

178 3394 255 3464 git
291 3401 514 3465 patrem
571 3399 669 3451 aut
722 3403 968 3453 matrem
1024 3416 1197 3470 super
1253 3417 1344 3454 me
1407 3418 1520 3455 non
1580 3404 1665 3456 est
1715 3417 1806 3455 me

177 3488 400 3559 dignus,
437 3492 495 3542 et
537 3491 635 3560 qui
681 3490 866 3562 diligit
909 3492 1089 3546 filium
1138 3499 1236 3547 aut
1273 3493 1451 3548 ﬁliam
1502 3509 1674 3566 super
1712 3510 1804 3547 me

176 3598 284 3637 non
322 3586 408 3637 est
444 3599 541 3637 me
573 3583 779 3654 dignus
816 3586 1031 3656 (Matth.
1067 3603 1118 3655 x,
1153 3588 1262 3658 37),
1293 3587 1430 3658 quid
1479 3604 1580 3642 nos
1624 3587 1804 3658 patie-

176 3692 298 3730 mur
345 3676 446 3747 qui
493 3675 915 3748 deposcimura
952 3684 1050 3734 tua
1095 3681 1376 3751 religione
1425 3684 1487 3734 ut
1531 3683 1586 3735 te
1636 3697 1807 3752 super

173 3768 456 3824 Christum
517 3769 866 3826 Salvatorem
923 3772 1182 3827 omnium
1253 3774 1606 3844 diligamus?
1659 3774 1804 3839 Quid

176 3863 326 3916 enim
357 3862 524 3917 nobis
555 3863 614 3917 in
646 3863 734 3918 die
770 3865 972 3936 judicii
1000 3867 1274 3938 proderit,
1305 3871 1403 3922 aut
1439 3885 1611 3940 quam
1641 3869 1802 3923 satis-

173 3956 477 4011 factionem
517 3957 771 4028 reperire
813 3960 1126 4030 poterimus
1156 3963 1390 4032 propter
1420 3967 1536 4017 tam
1580 3962 1802 4017 diutur-

174 4065 311 4104 num
342 4049 634 4104 silentium
662 4050 731 4106 de
761 4052 994 4123 prolatis
1016 4070 1049 4107 a
1073 4056 1129 4108 te
1161 4060 1356 4109 contra
1381 4072 1514 4109 eum
1539 4055 1800 4126 blasphe-

172 4144 339 4198 miis?
365 4145 434 4198 Et
457 4143 503 4198 si
537 4143 772 4215 quidem
795 4149 850 4200 te
877 4147 1283 4202 tantummodo
1314 4149 1572 4216 laederes,
1596 4149 1804 4204 docens

172 4235 273 4291 ista
303 4237 393 4292 vel
422 4237 693 4306 sentiens,
726 4239 1045 4296 sollicitudo
1091 4241 1252 4296 nobis
1297 4242 1484 4297 minor
1512 4243 1801 4298 existeret.

171 4332 309 4386 Cum
348 4347 483 4386 vero
519 4335 696 4387 totam
733 4335 1198 4390 scandalizaveris
1237 4337 1563 4404 Ecclesiam,
1596 4341 1651 4392 et
1689 4337 1800 4390 fer-

170 4429 431 4480 mentum
458 4426 701 4481 insolitaa
728 4427 1021 4498 pravitatis
1049 4433 1103 4484 et
1131 4446 1290 4484 nova:
1317 4429 1548 4485 hmresis
1569 4428 1806 4485 miscue-

171 4517 316 4573 risin
344 4519 596 4590 p0pulis,
618 4536 725 4574 nec
746 4524 968 4576 tantum
988 4522 1202 4577 ibidem
1231 4523 1449 4595 positis,
1474 4525 1570 4579 sed
1594 4523 1804 4595 ubique

1908 3028 2256 3097 congregata
2289 3028 2393 3093 est,
2425 3023 2760 3096 praesidente
2801 3019 3152 3076 sanctissimo
3181 3022 3238 3074 et
3273 3032 3538 3073 reveren-

1908 3119 2139 3173 dissimo
2191 3120 2356 3173 Patre
2413 3123 2470 3173 ct
2523 3114 2922 3172 consacerdote
2984 3117 3177 3169 nostro
3243 3111 3539 3167 Caelestino

1827 3213 2192 3318 Cepiscopo,
2243 3211 2330 3266 his
2388 3209 2608 3282 scriptis
2679 3208 2960 3282 synodicis
3023 3211 3079 3261 te
3136 3205 3308 3262 etiam
3371 3205 3540 3260 tertio

1907 3305 2292 3372 convenimus,
2347 3304 2645 3358 consilium
2713 3303 2912 3357 dantes
2976 3304 3042 3355 ut
3091 3317 3126 3354 a
3174 3303 3294 3353 tam
3355 3299 3544 3370 pravis

1909 3399 2191 3454 abstineas
2237 3397 2596 3469 dogmatibus
2644 3412 2772 3467 quae
2823 3399 2879 3450 et
2924 3393 3134 3448 sentire
3184 3392 3542 3463 cognosceris

1909 3498 1965 3546 et
2029 3493 2252 3546 docere.
2309 3490 2571 3561 Recipias
2616 3505 2750 3542 vero
2797 3488 2970 3542 fidem
3022 3490 3231 3541 rectam
3284 3485 3541 3540 Ecclesiis

1907 3602 2009 3657 per
2033 3584 2385 3639 beatissimos
2428 3583 2708 3654 apostolos
2754 3585 2811 3636 et
2857 3579 3233 3650 evangelistas
3259 3578 3328 3632 ab
3373 3577 3538 3632 initio

1905 3678 2191 3748 traditam,
2248 3677 2344 3748 qui
2407 3681 2463 3731 et
2525 3675 2699 3730 oculis
2761 3675 3131 3746 inspexerunt
3181 3676 3238 3726 et
3291 3669 3535 3724 ministri

1906 3771 2070 3827 Verbi
2114 3771 2282 3826 fuisse
2322 3772 2736 3825 monstrantur.
2779 3767 2943 3832 Quod
2973 3767 3016 3820 si
3054 3767 3161 3820 hoc
3207 3763 3410 3835 religio
3441 3766 3538 3818 tua

1905 3866 2087 3921 facere
2109 3863 2410 3932 distulerit,
2435 3864 2594 3934 juxta
2623 3861 2953 3917 dilationem
2975 3860 3176 3916 litteris
3195 3857 3538 3931 praeﬁnitam

1904 3957 2246 4014 sanctissimi
2292 3962 2348 4012 et
2396 3954 2858 4025 reverendissimi
2901 3952 3320 4009 consacerdotis
3363 3950 3540 4006 nostri

1906 4054 2174 4108 Romamn
2193 4053 2450 4125 praesulis
2471 4051 2728 4106 Ecclesiae
2745 4048 3054 4116 Ccelestini,
3079 4047 3224 4102 scias
3244 4049 3300 4102 te
3320 4045 3536 4101 nullam

1905 4151 2118 4202 sortem
2153 4147 2360 4201 habere
2391 4145 2709 4210 nobiscum,
2741 4161 2844 4199 nec
2871 4144 3064 4197 locum
3092 4145 3190 4196 aut
3218 4139 3532 4210 conviyium

1905 4257 2036 4296 cum
2080 4241 2174 4296 Dei
2223 4239 2608 4295 sacerdotibus
2658 4240 2714 4292 et
2757 4236 3036 4308 episcopis
3086 4234 3381 4308 obtinere.[
3416 4235 3536 4288 Non

1905 4334 2058 4389 enim
2089 4335 2172 4388 fas
2202 4338 2287 4388 est
2315 4333 2535 4387 conteri
2567 4349 2685 4387 non
2713 4331 2895 4385 solum
2936 4329 3214 4384 Ecclesias
3239 4329 3315 4384 ita
3345 4327 3535 4383 turba.

1905 4431 1991 4482 tas
2034 4432 2090 4482 et
2126 4426 2528 4481 scandalizatas
2571 4423 2819 4496 populis,
2851 4423 3138 4495 fidemque
3165 4421 3537 4478 rectissimam

1903 4521 2168 4575 violatam
2206 4518 2666 4591 dissipatamque,
2699 4517 2837 4589 quin
2864 4517 3038 4572 etiam
3085 4531 3322 4587 gregem
3362 4528 3536 4584 quem

173 4613 630 4667 consistentibus.
693 4615 834 4669 Nam
890 4620 1124 4670 tuarum
1189 4617 1612 4687 expositionum
1674 4614 2185 4698 libriDcustodire
2237 4612 2534 4681 debueras,
2590 4611 2873 4682 siquidem
2931 4612 3097 4682 juxta
3153 4625 3259 4662 nos
3316 4608 3539 4661 amator

174 4722 269 4776 per
305 4711 513 4762 cuncta
548 4706 760 4778 vulgati
817 4714 967 4778 sunt,
1009 4726 1114 4781 pro
1171 4714 1361 4765 nostro
1414 4709 1639 4765 silentio
1679 4727 1806 4783 qua:

172 4799 316 4854 ratio
363 4799 518 4854 ultra
561 4801 649 4854 vel
691 4802 1076 4858 excusationis
1134 4819 1320 4858 sermo
1369 4803 1658 4858 sufﬁciat?
1698 4807 1810 4859 Aut

173 4893 396 4965 quando
426 4910 548 4948 non
576 4910 805 4950 necesse
844 4896 917 4952 sit
963 4897 1292 4952 meminisse
1333 4896 1535 4952 Christi
1577 4897 1808 4952 Domini

173 4986 244 5040 sic
274 4985 521 5042 dicentis
544 5003 558 5042 :
587 5006 614 5038 «
637 4988 761 5043 Non
784 4989 995 5060 putetis
1014 4991 1169 5062 quod
1189 4991 1440 5047 venerim
1467 5008 1664 5063 pacem
1684 4991 1810 5045 mit-

175 5084 285 5136 tere
306 5081 366 5135 in
383 5086 622 5148 terram,
644 5098 758 5137 non
777 5083 904 5138 veni
921 5101 1126 5155 pacem
1149 5086 1397 5156 mittere,
1413 5085 1512 5140 sed
1531 5084 1806 5158 gladium,

176 5175 299 5229 veni
311 5175 471 5229 enim
492 5191 755 5246 separare
777 5177 1073 5233 hominem
1096 5180 1363 5234 adversus
1382 5185 1604 5252 patrem
1622 5196 1807 5252 suum,

175 5271 226 5322 et
249 5268 428 5322 ﬁliam
475 5233 744 5324 adversus
788 5275 1027 5327 matrem
1067 5233 1229 5327 suam
1257 5233 1636 5345 (lbidi,éi.)n

175 5376 297 5416 cum
346 5361 576 5416 laeditur
604 5363 763 5431 ﬁdes,
807 5371 1109 5436 parentum
1152 5367 1473 5422 reverentia
1511 5367 1667 5422 velut
1716 5367 1808 5421 in-

176 5455 324 5510 utilis
367 5460 427 5511 et
471 5456 786 5527 periculosa
828 5458 1157 5531 despicitur,
1189 5464 1246 5514 et
1277 5477 1442 5516 amor
1484 5477 1619 5532 erga
1664 5461 1810 5516 ﬁlios

177 5548 488 5620 fratresque
531 5549 763 5619 vitatur,
795 5551 866 5606 ad
912 5557 1267 5624 postremum
1313 5555 1488 5609 etiam
1522 5571 1695 5626 super
1719 5555 1809 5626 ip-

178 5659 290 5697 sam
315 5643 494 5697 vitam
528 5660 682 5698 mors
719 5645 908 5716 potius
940 5663 972 5700 a
1004 5647 1111 5719 piis
1137 5647 1270 5702 viris
1311 5649 1561 5720 eligitur,
1589 5653 1656 5704 ut
1686 5666 1808 5704 me-

177 5734 379 5791 liorem
421 5738 923 5810 resurrectionem,
956 5741 1101 5796 sicut
1147 5742 1421 5814 scriptum
1469 5746 1572 5810 est,
1615 5759 1810 5798 conse-

177 5837 426 5901 quantur
473 5831 656 5901 (Hebr.
702 5849 762 5902 u,
797 5833 904 5906 35).
949 5837 1086 5890 Ecce
1134 5836 1324 5907 itaque
1366 5840 1419 5891 te
1466 5836 1636 5892 simul
1684 5854 1813 5891 cum

179 5928 372 5980 sancta
399 5925 634 5999 synodo,
667 5943 794 5999 quze
839 5929 990 6000 apud
1041 5931 1290 6001 amplam
1321 5931 1522 5984 urbem
1568 5931 1814 5986 Romam

1906 4708 2045 4765 recti
2065 4706 2342 4780 dogmatis
2361 4705 2683 4773 exstitisses,
2701 4708 3029 4760 sanctorum
3046 4704 3276 4758 Patrum
3298 4698 3540 4771 vestigia

1910 4803 2003 4875 pia
2029 4805 2373 4858 consectans.

1981 4991 2192 5047 Omnes
2207 4989 2397 5063 itaque
2412 5005 2553 5063 quos
2571 4992 2805 5062 propter
2819 4986 2992 5042 ﬁdem
3009 4985 3110 5040 tua
3127 4981 3326 5056 religio
3340 5000 3373 5038 a
3391 4998 3541 5039 com-

1912 5085 2185 5141 munione
2212 5083 2468 5152 removit,
2503 5085 2602 5138 aut
2625 5083 2696 5138 ab
2723 5081 2922 5137 ordine
2951 5097 3050 5135 suo
3077 5077 3345 5151 deposuit
3373 5077 3544 5133 laicos

1913 5181 1971 5233 et
1989 5179 2221 5235 clericos
2238 5179 2296 5233 in
2314 5183 2567 5234 nostram
2590 5175 3053 5232 communionem
3078 5173 3402 5245 recipimus,
3430 5188 3544 5227 non

1912 5273 2070 5328 enim
2092 5273 2314 5345 justum
2341 5277 2426 5326 est
2445 5288 2539 5326 eos
2567 5271 2678 5325 tuis
2701 5269 2944 5325 decretis
2965 5267 3216 5340 opprimi
3249 5267 3347 5339 qui
3365 5283 3540 5322 nove-

1911 5372 2048 5422 runt
2094 5373 2247 5422 recta
2296 5365 2527 5421 sentire.
2583 5364 2689 5428 Qui
2737 5364 2909 5419 etiam
2976 5360 3398 5418 benefacientes
3443 5359 3546 5416 tibi

1911 5460 2347 5534 prudentissime
2414 5459 2768 5526 restiterunt,
2816 5458 2924 5513 hoc
2969 5456 3126 5512 idem
3181 5471 3431 5528 namque
3487 5453 3547 5508 in

1914 5555 2152 5626 epistola
2178 5571 2351 5627 quam
2383 5553 2588 5609 misisti
2617 5551 2690 5607 ad
2733 5553 3038 5625 praesulem
3082 5552 3287 5622 amplae
3328 5551 3543 5615 Romae,

1914 5653 2168 5704 sanctum
2233 5652 2288 5702 et
2351 5647 2749 5718 coepiscopum
2825 5651 3086 5702 nostrum
3162 5641 3543 5707 Caelestinum,

1916 5741 2231 5814 signiﬁcare
2299 5741 2526 5796 curasti.
2595 5741 2719 5796 Non
2779 5744 2968 5795 autem
3039 5737 3248 5792 sufﬁcit
3297 5735 3381 5787 vel
3432 5738 3546 5787 tua:

1915 5837 2175 5909 religioni
2196 5835 2597 5891 tantummodo
2616 5834 2747 5889 ﬁdei
2775 5833 3091 5906 symbolum
3115 5827 3369 5884 conﬁteri
3389 5825 3546 5897 quod

1918 5933 2240 6004 expositum
2296 5936 2378 5986 est
2426 5947 2526 6002 per
2573 5929 2726 5984 idem
2793 5932 3037 5997 tempus,
3087 5921 3294 5993 Spiritu
3355 5923 3548 5975 sancto
