4058 6328
485 379 586 429 295

1367 365 1648 424 APPEND.
1689 367 1777 422 AD
1815 367 1978 422 SrEC.
2022 366 2105 421 IX.
2139 395 2207 405 ——
2248 365 2493 420 lSlDORl
2533 363 2960 420 MERCATORIS

3742 365 3844 416 296

483 481 780 551 largiente,
833 485 888 534 et
936 479 1260 534 venerando
1310 482 1365 532 et
1408 493 1620 548 magno
1675 475 1916 530 concilio
1959 475 2111 546 apud
2133 474 2315 560 Abas
2348 473 2637 545 genitricis
2663 471 2910 544 Virginis
2952 469 3292 525 constitutus
3339 468 3667 524 universam
3692 483 3847 522 crea-

486 575 733 628 Nicaeam
761 576 1129 643 congregato.

555 669 671 721 Hoc
721 666 874 721 enim
925 683 1040 720 non
1094 665 1419 719 intellexisti
1471 681 1577 718 nec
1630 668 1780 718 recte
1826 663 2108 732 interpre-

484 764 634 815 tatus
663 777 741 830 es,
775 760 1033 829 quinimo
1065 775 1350 830 perverse,
1379 757 1512 811 licet
1546 775 1684 812 sono
1725 757 1871 812 vocis
1909 755 2112 810 eadem

483 854 654 909 verba
682 852 1018 924 praetuleris.
1057 852 1161 906 Sed
1208 867 1562 922 consequens
1612 854 1697 904 est
1744 851 1915 905 etiam
1952 849 2108 919 jure-

478 946 731 1018 jurando
763 947 926 1000 fateri
962 949 1014 999 te
1053 945 1205 1016 quod
1251 944 1694 999 anathematizes
1745 944 1975 1014 quidem
2017 945 2112 995 tua

482 1042 696 1110 polluta
735 1044 791 1093 et
820 1039 1062 1110 profana
1100 1039 1390 1108 dogmata,
1424 1038 1631 1093 sentias
1675 1040 1866 1092 autem
1913 1039 1970 1089 et
2008 1035 2108 1088 do-

483 1149 607 1188 ceas
667 1150 790 1203 quae
846 1149 951 1186 nos
1021 1131 1289 1201 universi,
1347 1149 1452 1202 per
1513 1131 1800 1186 Orientem
1860 1147 1957 1183 seu
2010 1144 2112 1199 per

483 1226 843 1282 Occidentem
875 1225 1126 1296 episcopi
1173 1229 1230 1280 et
1277 1225 1559 1295 magistri,
1597 1224 1980 1295 prassulesque
2011 1240 2110 1294 po-

481 1321 748 1391 pulorum
797 1318 1102 1386 credimus,
1150 1321 1208 1373 et
1252 1318 1542 1373 docemus.
1599 1317 1864 1388 Epistolis
1920 1319 2112 1371 autem

479 1413 549 1466 ab
610 1411 996 1466 Alexandrina
1058 1415 1173 1465 tuae
1238 1411 1506 1482 religioni
1585 1410 1811 1465 directis
1870 1408 2113 1464 Ecclesia

482 1522 819 1560 consensum
863 1504 1123 1575 praebuit,
1156 1509 1275 1559 tam
1306 1521 1374 1558 ea
1399 1521 1527 1575 quae
1568 1504 1720 1574 apud
1763 1503 1965 1557 urbem
2002 1503 2108 1556 Ro-

482 1616 713 1654 manam
742 1598 1004 1653 convenit
1041 1603 1231 1652 sancta
1274 1597 1546 1668 synodus,
1580 1613 1757 1668 quam
1801 1595 1969 1650 etiam
2009 1612 2112 1650 nos

482 1708 679 1747 omnes
722 1692 876 1744 velut
924 1695 1078 1745 recte
1128 1689 1816 1762 irreprehensibiliterque
1865 1688 2110 1743 conscri-

480 1787 620 1858 ptis;
675 1785 1029 1840 subdidimus
1076 1787 1268 1838 autem
1323 1784 1413 1837 his
1464 1783 1672 1838 nostris
1727 1799 1856 1854 quae
1906 1781 2112 1836 sentire

2211 573 2397 622 turam
2425 567 2681 638 replebat
2705 571 2770 620 ut
2801 567 2946 620 Deus
2992 563 3234 635 genitori
3281 579 3381 617 suo
3425 561 3698 616 indivisus
3736 561 3848 616 exi-

2212 664 2402 716 steret.
2449 661 2609 724 Quod
2637 659 2894 714 divinum
2941 663 3024 713 est
3069 658 3223 712 enim
3277 657 3398 711 sine
3449 655 3762 726 quantitate
3790 660 3847 710 et

2212 755 2334 809 sine
2360 755 2510 808 mole
2538 753 2918 824 cognoscitur,
2939 768 3044 806 nec
3067 751 3192 806 ullis
3210 749 3470 805 terminis
3497 748 3842 804 continetur.

2211 847 2461 902 Verbum
2506 847 2605 900 Dei
2652 847 2964 901 secundum
3015 844 3442 899 subsistentiam
3495 843 3852 911 conﬁtentes,

2211 958 2392 996 unum
2417 940 2718 994 adoramus
2749 939 2952 992 Filium
2999 944 3056 993 et
3099 937 3409 992 Dominum
3449 938 3642 991 Jesum
3683 936 3841 990 Chri-

2213 1038 2365 1089 stum
2409 1051 2525 1088 non
2575 1050 2829 1088 seorsum
2861 1035 3157 1103 ponentes,
3188 1035 3244 1085 et
3271 1030 3718 1085 determinantes
3749 1029 3846 1082 ho-

2211 1128 2429 1182 minem
2451 1129 2625 1182 Deum
2641 1128 2796 1181 velut
2814 1126 3054 1180 invicem
3084 1124 3190 1178 sibi
3219 1123 3508 1194 dignitatis
3532 1127 3589 1178 et
3609 1122 3846 1177 auctori-

2211 1222 2345 1276 tatis
2369 1221 2580 1275 unitati
2605 1221 2995 1291 conjunetum,
3017 1219 3128 1273 hoc
3160 1219 3314 1272 enim
3345 1217 3558 1272 novitas
3583 1217 3735 1271 vocis
3765 1219 3847 1270 est

2213 1319 2268 1370 et
2298 1315 2440 1368 nihil
2464 1315 2637 1382 aliud,
2665 1331 2772 1368 nec
2800 1313 2938 1368 item
2983 1312 3270 1366 Christum
3316 1310 3636 1382 specialiter
3666 1311 3848 1365 nomi-

2212 1411 2411 1463 nantes
2452 1408 2547 1461 Dei
2593 1407 2841 1462 Verbum
2889 1406 3042 1477 quod
3083 1423 3154 1459 ex
3183 1406 3294 1459 Deo
3336 1409 3437 1472 est,
3467 1421 3574 1458 nec
3603 1404 3846 1459 alterum

2213 1501 2475 1556 similiter
2501 1500 2788 1555 Christum
2832 1499 3152 1570 specialiter
3182 1499 3278 1570 qui
3319 1499 3387 1552 de
3417 1498 3653 1552 muliere
3680 1501 3846 1552 natus

2212 1601 2314 1664 est,
2366 1594 2468 1648 sed
2516 1610 2698 1648 unum
2754 1592 3116 1648 solummodo
3175 1592 3463 1648 Christum
3517 1591 3616 1644 Dei
3667 1591 3846 1645 Patris

2211 1688 2459 1742 Verbum
2484 1704 2610 1742 cum
2633 1687 2863 1758 propria
2891 1702 3060 1740 carne
3083 1685 3494 1757 cognoscimus.
3516 1686 3668 1739 Tunc
3689 1685 3848 1740 enim

2213 1781 2383 1835 etiam
2440 1779 2607 1850 juxta
2661 1796 2766 1834 nos
2820 1783 3026 1833 unctus
3087 1783 3190 1847 est,
3245 1778 3501 1849 quamvis
3565 1778 3845 1848 Spiritum

480 1882 734 1950 oporteat
753 1881 809 1933 et
830 1879 1058 1945 docere,
1089 1881 1144 1932 et
1168 1895 1199 1931 a
1230 1877 1438 1948 quibus
1470 1877 1754 1932 abstinere
1789 1876 2107 1931 conveniat.
2131 1869 2189 1941 B
2215 1874 2402 1942 dignis
2439 1874 2561 1944 ipse
2605 1873 2910 1927 contulerit
2949 1875 3006 1925 et
3046 1889 3163 1926 non
3205 1872 3276 1926 ad
3321 1889 3667 1941 mensuram,
3703 1873 3850 1928 sicut

481 1975 609 2027 Haec
647 1976 732 2026 est
773 1972 929 2026 enim
973 1972 1111 2027 ﬁdes
1155 1971 1448 2024 catholica)
1491 1970 1770 2037 Ecclesiae,
1807 1970 1895 2023 cui
1923 1968 2110 2022 cuncti

478 2065 844 2121 consentiunt
870 2064 1174 2120 orthodoxi
1193 2079 1297 2136 per
1315 2063 1602 2120 Orientem
1628 2063 2110 2132 Occidentemque

479 2159 794 2231 pontiﬁces.

548 2253 842 2307 Credimus
870 2252 1138 2306 in'unum
1168 2254 1346 2306 Deum
1367 2253 1612 2319 Patrem,
1632 2251 2107 2323 omnipotentem,

480 2347 740 2403 omnium
766 2346 1074 2401 visibilium
1120 2352 1176 2401 et
1222 2345 1589 2400 invisibilium
1627 2345 2009 2411 conditorem;
2053 2347 2111 2397 et

477 2441 536 2495 in
565 2457 742 2494 unum
768 2439 1071 2494 Dominum
1098 2442 1360 2494 nostrum
1375 2440 1568 2494 Jesum
1595 2439 1878 2493 Christum
1903 2437 2109 2491 Filium

477 2534 577 2588 Dei
607 2537 806 2588 natum
837 2533 905 2588 de
931 2535 1092 2588 Patre
1122 2532 1502 2603 unigenitum,
1525 2533 1629 2586 hoc
1661 2535 1744 2586 est
1772 2549 1837 2585 ex
1859 2532 2111 2586 substan-

477 2628 555 2682 tia
595 2627 797 2698 Patris,
827 2628 1004 2681 Deum
1048 2643 1118 2680 ex
1161 2627 1294 2695 Deo,
1328 2626 1528 2680 lumen
1555 2626 1624 2679 de
1662 2626 1897 2693 lumine,
1930 2627 2109 2679 Deum

476 2738 680 2776 verum
707 2737 777 2775 ex
806 2722 922 2774 Deo
947 2737 1101 2788 vero,
1131 2724 1331 2774 natum
1377 2736 1495 2773 non
1547 2719 1777 2785 factum,
1811 2719 2110 2772 omousion

478 2813 676 2881 Patris,
726 2814 834 2866 hoc
879 2818 964 2867 est
1010 2813 1178 2867 unius
1226 2828 1358 2865 cum
1399 2814 1562 2866 Patre
1608 2811 1962 2880 substantiae;
2010 2827 2112 2882 per

479 2919 654 2975 quem
700 2901 894 2957 omnia
941 2902 1089 2956 facta
1135 2903 1268 2954 sunt
1311 2901 1370 2953 in
1418 2901 1554 2955 coelo
1602 2903 1660 2953 et
1703 2900 1763 2954 in
1810 2906 1980 2970 terra,
2012 2901 2142 2971 qui‘

478 3000 714 3068 propter
741 3012 845 3050 nos
885 2994 1148 3050 homines
1196 2997 1254 3048 et
1299 2999 1532 3065 propter
1575 2997 1829 3048 nostram
1872 2995 2112 3048 salutem

479 3089 772 3146 descendit
791 3090 860 3144 de
881 3089 1050 3143 coslis.
1066 3090 1134 3143 Et
1149 3088 1478 3142 incarnatus
1498 3091 1600 3156 est,
1619 3091 1694 3157 et,
1712 3089 1885 3143 homo
1908 3089 2107 3156 factus,

478 3200 675 3256 passus
696 3187 799 3250 est,
819 3186 876 3237 et
903 3199 1210 3254 resurgens
1235 3182 1400 3237 tertia
1417 3183 1528 3252 die,
1547 3181 1804 3236 ascendit
1831 3182 1890 3236 in
1917 3183 2107 3252 caelos,

479 3278 612 3333 inde
671 3279 940 3332 venturus
984 3275 1244 3347 judicare
1295 3277 1446 3330 vivos
1502 3279 1558 3330 et
1606 3279 1895 3345 mortuos;
1943 3280 2000 3330 et
2049 3276 2109 3329 in

481 3370 753 3443 Spiritum
783 3333 1191 3462 sanctui'n.*§os
1223 3374 1415 3425 autem
1445 3370 1542 3441 qui
1569 3369 1793 3425 dicunt:
1814 3333 1945 3425 Erat
1970 3373 2112 3424 tem-

479 3481 584 3536 pus
639 3465 870 3536 quando
926 3481 1043 3519 non
1098 3468 1242 3532 erat,
1286 3467 1344 3517 et
1408 3468 1716 3534 antequam
1781 3467 2113 3519 nasceretur

481 3576 599 3615 non
627 3561 770 3628 erat,
806 3562 862 3614 et
888 3558 1022 3630 quia
1057 3575 1126 3613 ex
1155 3558 1326 3612 nullis
1371 3557 1738 3612 existentibus
1784 3559 1964 3612 factus
2007 3562 2110 3622 est,

479 3657 579 3710 aut
603 3671 674 3709 ex
705 3653 815 3708 alia
843 3652 1157 3706 substantia
1185 3652 1274 3707 vel
1318 3651 1562 3707 essentia
1605 3668 1726 3706 esse
1770 3653 1982 3722 dicunt,
2016 3657 2115 3707 aut

479 3747 908 3803 convertibilem
933 3746 1022 3799 vel
1063 3745 1524 3800 commutabilem
1572 3733 1942 3814 Dei-Filium,
1975 3763 2110 3800 ana-

478 3840 812 3896 thematizat
876 3838 1155 3893 catholica
1210 3842 1268 3892 et
1317 3838 1629 3908 apostolica
1690 3839 1952 3894 Ecclesia.
2007 3840 2110 3894 Se-

482 3937 722 4007 quentes
752 3933 944 4003 itaque
977 3931 1236 3986 omnium
1272 3933 1599 3986 sanctorum
1642 3934 1874 3986 Patrum
1901 3934 2116 3988 confes-

485 4027 690 4097 siones,
732 4042 870 4096 quas
913 4025 1180 4096 loquente
1228 4024 1287 4079 in
1336 4023 1414 4079 eis
1457 4028 1654 4080 sancto
1713 4026 1929 4098 Spiritu
1979 4044 2111 4099 pro-

487 4123 762 4188 tulerunt,
792 4122 850 4174 et
894 4118 1198 4174 intentioni
1243 4135 1370 4190 quae
1417 4122 1502 4174 est
1542 4120 1603 4174 in
1652 4137 1853 4176 eorum
1894 4121 2111 4177 intelle-

485 4215 668 4270 ctibus
697 4213 874 4285 aequis
899 4213 1148 4284 vestigiis
1177 4212 1543 4284 inhaerentes,
1579 4217 1749 4286 atque
1777 4215 1888 4270 iter
1911 4215 2113 4270 ambu-

485 4313 670 4366 lantes
693 4307 938 4379 regium,
966 4308 1300 4378 proﬁtemur
1333 4308 1490 4379 quod
1529 4307 1714 4380 ipsum
1755 4310 2116 4380 unigenitum

487 4405 588 4462 Dei
612 4403 860 4460 Verbum
884 4406 1081 4457 natum
1110 4418 1180 4456 ex
1214 4401 1337 4473 ipsa
1384 4402 1567 4456 Patris
1609 4404 1874 4475 essentia,
1909 4404 1978 4459 de
2005 4405 2116 4460 Deo

489 4517 620 4558 vero
670 4500 819 4554 Deus
878 4513 1064 4566 verus,
1113 4496 1310 4552 lumen
1373 4497 1443 4552 de
1502 4497 1738 4566 lumine,
1785 4515 1889 4570 per
1943 4516 2118 4571 quem

2211 1969 2408 2022 beatus
2432 1968 2677 2021 Joannes
2714 1966 3058 2036 evangelista
3106 1965 3361 2020 asseruit.
3408 1966 3514 2020 Sed
3557 1982 3660 2020 nec
3707 1965 3848 2020 illud

2213 2060 2452 2116 dicimus
2467 2061 2618 2132 quod
2631 2060 2731 2114 Dei
2743 2060 2987 2115 Verbum
3003 2060 3155 2114 velut
3170 2059 3466 2114 hominem
3479 2075 3848 2115 communem

2210 2154 2307 2226 qui
2350 2155 2421 2209 de
2468 2158 2661 2209 sancta
2707 2153 2939 2224 Virgine
2984 2156 3154 2208 natus
3202 2158 3286 2208 est
3334 2153 3688 2222 habitaverit,
3739 2170 3848 2208 nec

2211 2249 2390 2302 Deum
2426 2249 2602 2302 homo
2644 2247 2898 2302 Christus
2929 2247 3309 2302 habitatorem
3337 2247 3624 2318 possidere
3649 2247 3845 2302 creda-

2209 2345 2320 2396 tur.
2378 2341 2641 2405 Quamvis
2698 2340 2853 2395 enim
2895 2341 3142 2395 Verbum
3195 2340 3533 2395 habitaverit
3573 2341 3634 2394 in
3682 2341 3850 2395 nobis

2212 2433 2337 2506 7O
2359 2438 2417 2489 et
2443 2435 2660 2489 dictum
2689 2433 2762 2489 sit
2788 2434 2848 2488 in
2874 2433 3094 2490 Christo
3125 2433 3383 2488 habitare
3413 2450 3646 2488 omnem
3669 2434 3850 2505 pleni-

2212 2529 2476 2583 tudinem
2505 2528 2731 2583 deitatis
2759 2528 3147 2599 corporaliter,
3182 2531 3432 2583 attamen
3473 2528 3849 2599 intelligimus

2210 2623 2457 2676 Verbum
2476 2622 2631 2692 quod
2647 2638 2780 2677 caro
2797 2623 3010 2676 factum
3030 2627 3131 2690 est,
3152 2639 3268 2676 non
3287 2622 3431 2676 sicut
3445 2622 3505 2676 in
3526 2623 3732 2677 sanctis
3751 2623 3851 2678 ha-

2209 2715 2389 2770 bitare
2407 2715 2631 2784 dicitur,
2655 2733 2759 2771 nec
2780 2717 2959 2771 talem
2977 2716 3036 2770 in
3059 2715 3178 2786 ipso
3198 2716 3613 2770 habitationem
3633 2717 3851 2771 factam

2211 2809 2456 2864 difﬁnire
2485 2809 2852 2878 tentabimus,
2874 2811 2964 2864 sed
3000 2827 3144 2865 unus
3167 2810 3333 2880 juxta
3371 2815 3635 2864 naturam
3658 2826 3766 2865 nec
3785 2810 3850 2865 in

2213 2919 2442 2959 carnem
2468 2903 2694 2975 penitus
2723 2906 3104 2959 commutatus
3133 2904 3310 2958 talem
3338 2904 3446 2958 sibi
3471 2904 3609 2958 fecit
3628 2904 3850 2958 habita-

2209 2998 2426 3052 tionem
2445 2999 2677 3069 qualem
2696 3001 2754 3052 et
2768 2999 2961 3052 anima
2981 2998 3228 3053 hominis
3248 2998 3460 3053 habere
3487 2997 3752 3065 creditur,
3775 2997 3848 3052 ad

2209 3093 2507 3164 proprium
2521 3108 2744 3162 corpus.
2766 3093 2922 3146 Unus
2939 3091 3115 3163 igitur
3131 3092 3478 3147 estChristus
3497 3095 3555 3147 et
3568 3091 3849 3146 Dominus

2212 3202 2326 3240 non
2345 3186 2502 3240 velut
2522 3186 2922 3257 conjunctione
2945 3185 3193 3256 qualibet
3212 3186 3274 3240 in
3297 3186 3510 3241 unitate
3528 3185 3845 3257 dignitatis,

2213 3285 2269 3335 et
2292 3280 2638 3336 auctoritatis
2659 3279 2905 3334 hominis
2932 3279 3195 3334 habentis
3215 3281 3288 3335 ad
3313 3281 3512 3335 Deum.
3535 3281 3659 3335 Non
3685 3279 3847 3334 enim

2210 3377 2394 3446 potest
2424 3374 2584 3428 unire
2617 3378 2879 3429 naturam
2909 3375 3028 3428 sola
3072 3373 3367 3444 dignitatis
3396 3373 3707 3445 aequalitas.
3737 3374 3847 3427 De-

2211 3468 2384 3538 nique
2415 3469 2612 3522 Petrus
2640 3473 2696 3522 et
2719 3469 2963 3522 Joannes
2987 3467 3222 3539 aequalis
3243 3470 3377 3522 sunt
3401 3467 3471 3522 ad
3502 3469 3848 3521 alterutrum

2214 3561 2528 3632 dignitatis,
2562 3565 2794 3632 propter
2822 3561 2977 3632 quod
3021 3562 3260 3632 apostoli
3303 3564 3359 3617 et
3385 3561 3562 3616 sancti
3589 3561 3853 3632 discipuli

2213 3672 2330 3710 esse
2347 3658 2752 3724 monstrantur,
2766 3671 2968 3709 verum
2977 3659 3170 3710 tamen
3186 3658 3427 3726 uterque
3441 3672 3556 3710 non
3569 3672 3718 3710 unus
3740 3660 3847 3710 est.

2213 3750 2322 3804 Nec
2341 3750 2509 3820 juxta
2531 3749 2886 3804 collationem
2907 3750 2994 3803 vel
3017 3749 3433 3804 connexionem
3458 3749 3698 3804 modum
3718 3767 3852 3803 con-

2205 3843 2520 3914 junctionis
2551 3843 2917 3911 advertimus,
2951 3843 3059 3897 hoc
3091 3843 3248 3897 enim
3289 3843 3362 3897 ad
3405 3843 3686 3898 unitatem
3731 3860 3852 3898 non

2213 3938 2421 3991 sufﬁcit
2449 3937 2787 4008 naturalem,
2819 3954 2924 3992 nec
2948 3938 3259 3992 secundum
3289 3936 3745 4008 participationis
3769 3937 3851 3991 ef‘

2214 4031 2447 4100 fectum;
2464 4048 2568 4086 nos
2583 4031 2756 4086 etiam
2775 4031 2918 4086 sicut
2932 4031 3284 4086 adhaerentes
3300 4029 3537 4085 Domino
3548 4047 3698 4084 unus
3715 4047 3850 4085 cum

2216 4141 2284 4179 eo
2315 4125 2545 4196 spiritus
2574 4141 2787 4191 sumus,
2816 4125 2936 4179 imo
2966 4125 3156 4195 potius
3191 4124 3606 4194 conjunctionis
3633 4140 3853 4179 nomen

2215 4219 2490 4273 evitamus
2510 4222 2786 4289 tanquam
2810 4235 2924 4272 non
2942 4218 3185 4274 existens
3206 4217 3480 4272 idoneum
3497 4217 3649 4289 quod
3678 4217 3853 4289 signi-

2215 4313 2348 4367 ﬁcat
2377 4311 2608 4367 unitatis
2633 4328 2928 4367 arcanum.

2290 4406 2404 4462 Sed
2429 4422 2615 4477 neque
2644 4407 2824 4462 Deum
2865 4411 2965 4462 aut
3005 4407 3311 4462 Dominum
3356 4406 3561 4463 Christi
3596 4406 3849 4462 Verbum

2217 4500 2320 4554 Dei
2340 4499 2521 4554 Patris
2547 4500 2873 4571 asserimus,
2900 4518 2974 4556 ne
3005 4501 3214 4557 iterum
3253 4501 3610 4556 manifestius
3638 4500 3700 4554 in
3731 4501 3849 4556 duo

489 4594 682 4651 omnia
709 4594 858 4648 facta
886 4596 1037 4660 sunt,
1065 4590 1181 4645 sive
1209 4591 1268 4646 in
1312 4590 1464 4646 ccelis
1494 4592 1608 4646 sive
1635 4591 1696 4646 in
1721 4596 1893 4664 terra,
1925 4594 2120 4648 salutis
2137 4623 2197 4696 D
2221 4593 2561 4664 dividamus,
2593 4611 2773 4650 unum
2799 4595 3086 4650 Christum
3114 4595 3318 4650 Filium
3347 4599 3405 4650 et
3434 4594 3766 4664 Dominum,
3799 4600 3858 4649 et

490 4693 700 4746 nostras
752 4703 938 4754 causa,
989 4685 1335 4741 descendens
1382 4686 1455 4740 ad
1509 4686 1958 4744 exinanitionem
2004 4705 2121 4745 sese

495 4785 764 4856 dignatus
780 4783 865 4837 est
878 4780 1171 4848 inclinare,
1190 4784 1356 4834 natus
1371 4785 1566 4835 autem
1582 4785 1636 4836 et
1655 4781 1828 4836 homo
1850 4783 2049 4853 factus,
2065 4783 2124 4838 id

497 4881 584 4934 est
631 4892 861 4931 carnem
900 4875 968 4929 de
995 4873 1226 4944 Virgine
1277 4879 1473 4929 sancta
1519 4875 1844 4947 suscipiens,
1876 4893 2124 4949 eamque

495 4971 785 5046 propriam
838 4968 1050 5024 faciens
1109 4967 1466 5023 nativitatem
1527 4975 1778 5026 nostram
1839 4988 1909 5026 ex
1960 4973 2126 5026 vulva

498 5064 786 5132 sustinuit,
823 5063 998 5136 homo
1043 5062 1112 5116 de
1155 5062 1393 5118 muliere
1441 5065 1774 5134 procedens,
1815 5081 1920 5121 nec
1971 5067 2127 5136 quod

500 5079 786 5132 sustinuit,
823 5079 900 5117 no
965 5079 998 5116 ο
1043 5079 1112 5116 ae
1155 5079 1393 5118 munere
1441 5079 1774 5134 procedens,
1815 5081 1920 5121 nec
1971 5079 2127 5136 quod

500 5164 623 5216 erat
652 5079 1112 5249 abjicienﬁiNam
1148 5156 1279 5211 licet
1316 5157 1495 5212 factus
1538 5158 1609 5213 sit
1646 5159 1705 5212 in
1745 5159 2127 5230 assumptione

503 5253 689 5310 carnis
729 5254 786 5306 et
821 5249 1132 5321 sanguinis,
1160 5253 1352 5306 tamen
1397 5251 1572 5306 etiam
1615 5253 1766 5324 quod
1815 5256 1940 5307 erat
1982 5254 2128 5309 Deus

499 5352 702 5405 natura
747 5344 957 5401 scilicet
1002 5349 1059 5399 et
1097 5345 1330 5400 veritate
1376 5346 1703 5418 persistens.
1735 5348 1846 5402 Nec
1894 5364 2127 5403 carnem

499 5446 692 5515 itaque
720 5441 959 5496 dicimus
985 5439 1044 5493 in
1071 5443 1337 5494 naturam
1368 5440 1592 5496 deitatis
1621 5458 1740 5496 esse
1782 5459 2127 5512 conversam,

503 5556 609 5595 nec
633 5538 690 5591 in
717 5533 1092 5590 substantiam
1132 5532 1318 5588 carnis
1363 5533 1804 5606 inseparabilem
1835 5536 1937 5591 Dei
1965 5537 2133 5593 Verbi

506 5632 809 5689 essentiam
837 5627 1224 5683 comitantem.

579 5721 1025 5781 lnconvertibilis
1037 5718 1281 5772 estenim
1296 5721 1353 5772 et
1365 5719 1840 5779 incommutabilis
1864 5726 2131 5798 idemque

508 5819 628 5891 ipse
664 5818 832 5888 juxta
876 5813 1190 5883 Scripturas
1222 5811 1442 5881 jugiter
1479 5830 1837 5884 permanens.
1866 5820 2025 5874 Visus
2053 5824 2136 5875 est

507 5914 704 5967 autem
731 5913 787 5964 et
815 5905 1101 5976 parvulus,
1131 5905 1455 5979 positusque
1503 5907 1560 5962 in
1605 5911 1880 5966 cunabilis
1915 5918 1970 5967 et
1996 5913 2132 5967 sini-

2224 4687 2284 4743 in
2313 4688 2532 4743 crimen
2572 4687 2852 4760 sacrilegii
2895 4687 3228 4757 recidamus,
3257 4689 3439 4743 Deum
3475 4687 3556 4742 illi
3598 4688 3854 4759 seipsum

2224 4782 2495 4838 facientes
2521 4789 2576 4837 et
2598 4783 2922 4837 Dominum.
2943 4782 3142 4838 Unitus
3170 4782 3404 4854 quippe,
3431 4781 3574 4838 sicut
3594 4783 3858 4854 superius

2226 4877 2494 4947 diximus,
2513 4879 2660 4932 Deus
2685 4877 2933 4932 Verbum
2953 4876 3110 4931 carni
3139 4877 3456 4932 secundum
3481 4876 3861 4932 substantiam

2225 4973 2373 5026 Deus
2395 4972 2628 5043 quidem
2652 4976 2737 5026 est
2755 4971 3016 5026 omnium
3033 4976 3090 5025 et
3113 4970 3436 5026 dominator
3453 4969 3858 5026 universitatis.

2226 5067 2630 5120 Verumtamen
2657 5081 2760 5120 nec
2791 5081 2983 5120 servus
3013 5068 3098 5120 est
3121 5065 3229 5118 sibi
3261 5065 3368 5136 ipsi
3410 5081 3517 5119 nec
3559 5064 3861 5135 Dominus,

2231 5160 2507 5231 quoniam
2535 5159 2795 5230 ineptum
2824 5163 2910 5214 est
2929 5159 3016 5214 vel
3036 5159 3222 5230 potius
3248 5158 3491 5229 impium
3518 5158 3629 5213 hoc
3648 5160 3864 5216 sentire

2228 5254 2316 5310 vel
2338 5255 2540 5311 dicere.
2572 5253 2838 5317 Quamvis
2863 5253 3017 5308 enim
3041 5253 3189 5308 dicat
3209 5254 3389 5307 Deum
3417 5269 3583 5308 suum
3610 5255 3859 5323 Patrem,

2231 5365 2361 5403 cum
2383 5349 2454 5403 sit
2472 5351 2620 5404 Deus
2640 5352 2696 5404 et
2722 5349 2792 5403 de
2814 5347 3127 5403 substantia
3153 5348 3296 5418 ejus,
3315 5352 3509 5402 tamen
3531 5347 3864 5404 nullatenus

2231 5445 2566 5515 ignoramus
2591 5443 2742 5515 quod
2766 5460 3007 5497 manens
3032 5443 3195 5512 Deus,
3220 5442 3390 5496 homo
3421 5458 3652 5513 quoque
3681 5443 3865 5499 factus

2233 5544 2334 5601 est,
2363 5537 2459 5608 qui
2490 5537 2591 5592 sub
2620 5539 2733 5592 Deo
2763 5537 3012 5592 debitam
3030 5538 3219 5607 legem
3239 5538 3458 5591 natura:
3488 5536 3866 5592 humanitatis

2231 5637 2561 5700 assumeret,
2589 5632 2709 5702 ipse
2732 5647 2865 5685 vero
2895 5631 2998 5685 sibi
3037 5631 3326 5702 quomodo
3352 5630 3440 5684 vel
3477 5630 3622 5684 Deus
3657 5631 3868 5702 poterit

2233 5742 2354 5780 esse
2387 5726 2470 5779 vel
2499 5723 2789 5794 Dominus,
2814 5742 2952 5797 ergo
2981 5725 3121 5779 sicut
3151 5725 3326 5779 homo
3356 5719 3634 5795 quantum
3662 5724 3870 5780 decen-

2231 5823 2319 5874 ter
2338 5819 2739 5874 exinanitionis
2766 5835 3052 5874 mensurae
3076 5818 3468 5890 congruitsub
3489 5819 3606 5872 Deo
3628 5833 3751 5874 esse
3770 5835 3869 5874 no-

2233 5914 2454 5968 biscum
2483 5929 2601 5968 esse
2638 5912 2902 5967 decrevit.
2938 5914 3048 5966 Hoc
3083 5913 3252 5967 etiam
3279 5912 3572 5985 quomodo
3603 5912 3709 5967 sub
3736 5913 3868 5986 lege
