4058 6318
206 328 304 378 297

1441 323 1918 382 DECRETALIUM
1956 323 2340 381 COLLECTIO.

3470 334 3566 388 298

204 433 385 486 factus
401 429 762 502 estquamvis
782 430 904 502 ipse
925 431 1376 502 promulgaverit
1393 433 1582 504 legem
1601 434 1840 506 etlegis-
1861 447 2032 519 Aces
2076 449 2214 505 quas
2265 434 2522 488 Salvator
2569 434 2629 489 in
2679 434 2998 507 Evangeliis
3044 436 3302 508 protulit,
3351 455 3466 496 non
3513 443 3571 498 in

203 526 351 580 lator
374 529 442 579 ut
471 526 618 578 Deus
645 525 922 592 existeret,
955 541 1218 579 cavemus
1257 526 1326 579 de
1371 527 1593 582 Christo
1625 528 1835 584 dicere.

202 621 446 690 Propter
465 624 850 674 assumentem
868 635 1108 672 veneror
1120 625 1495 691 assumptum.
1517 622 1586 675 Et
1603 628 1839 692 propter

202 711 551 768 ihvisibilem
599 713 774 767 adoro
803 712 1098 766 visibilem.
1130 713 1486 768 Horrendum
1511 731 1644 769 vero
1671 731 1840 786 super

201 805 311 860 hoc
343 807 430 861 est
456 805 627 861 etiam
655 805 793 860 illud
824 806 1045 860 dicere:
1070 809 1119 861 Is
1147 806 1244 877 qui
1271 812 1562 880 susceptus
1591 811 1676 862 est
1704 825 1835 863 cum

203 915 271 955 eo
294 899 395 972 qui
421 899 655 971 suscipit
677 903 1042 970 nuncupatur
1064 901 1235 955 Deus.
1258 901 1363 965 Qui
1383 901 1538 956 enim
1564 902 1687 957 haec
1705 901 1839 957 dicit

201 993 405 1048 dividit
428 993 637 1049 iterum
681 992 742 1048 in
789 994 928 1048 duos
967 993 1218 1049 Christos
1243 1011 1375 1050 eum
1402 996 1501 1067 qui
1541 1013 1688 1050 unus
1733 1000 1834 1064 est,

200 1085 500 1143 hominem
551 1102 806 1142 seorsum
849 1087 908 1141 in
952 1091 1139 1159 parte,
1171 1091 1228 1143 et
1267 1089 1448 1143 Deum
1486 1089 1746 1144 similiter
1773 1090 1835 1144 in

198 1186 356 1253 parte
376 1179 746 1236 constituens.
766 1181 1073 1236 Evidenter
1086 1181 1240 1236 enim
1262 1182 1512 1253 denegat
1532 1183 1831 1253 unitatem,

198 1274 519 1330 secundum
549 1290 723 1346 quam
763 1291 880 1329 non
919 1274 1062 1330 alter
1087 1291 1219 1328 cum
1257 1277 1434 1330 altero
1477 1277 1833 1344 coadoratur,

200 1371 299 1422 aut
327 1372 692 1440 nuncupatur
715 1369 883 1438 Deus,
915 1368 1010 1424 sed
1042 1385 1188 1424 unus
1216 1368 1558 1439 intelligitur
1582 1370 1835 1426 Christus

198 1463 381 1530 Jesus,
409 1461 582 1516 Filius
607 1462 708 1516 Dei
737 1462 1087 1533 unigenitus,
1117 1480 1231 1518 una
1255 1462 1520 1518 servitute
1550 1480 1679 1518 cum
1705 1481 1836 1536 pro-

197 1555 326 1626 pria
350 1571 524 1610 carne
547 1555 927 1610 venerandus.

270 1649 626 1705 Conﬁtemur
647 1649 818 1704 etiam
837 1649 993 1720 quod
1011 1649 1170 1704 idem
1188 1649 1310 1722 ipse
1330 1650 1427 1722 qui
1448 1667 1518 1705 ex
1539 1651 1651 1706 Deo
1669 1653 1833 1706 Patre

201 1748 368 1798 natus
389 1748 474 1798 est
503 1742 672 1797 Filius
699 1742 1026 1814 unigenitus
1048 1744 1212 1811 Deus,
1234 1743 1367 1798 licet
1380 1743 1543 1813 juxta
1569 1749 1833 1800 naturam

1939 527 2154 581 duabus
2185 527 2516 582 substantiis
2555 533 2653 584 aut
2699 531 2956 600 personis
2999 531 3236 587 omnino
3265 534 3566 604 partimur.

1937 622 2059 675 Non
2085 621 2236 675 enim
2273 622 2479 692 duplex
2520 628 2605 677 est
2656 641 2802 677 unus
2849 625 3102 680 Christus
3131 630 3185 680 et
3211 628 3356 681 Deus
3394 629 3567 696 solus,

1938 714 2194 785 quamvis
2221 730 2290 768 ex
2336 715 2552 770 duabus
2595 716 2941 788 diversisque
2971 718 3141 773 rebus
3181 720 3252 774 ad
3292 721 3568 777 unitatem

1938 807 2293 878 cognoscitur
2316 807 2666 864 individuam
2687 807 3040 881 convenisse,
3067 813 3209 868 sicut
3233 814 3404 870 homo
3431 831 3570 888 quo-

1940 917 2050 971 que
2071 917 2136 955 ex
2156 901 2346 956 anima
2365 907 2584 958 constat
2599 905 2659 957 et
2671 919 2904 976 corpore
2925 921 3043 960 non
3059 905 3267 977 duplex
3285 923 3454 976 unus,
3468 910 3564 966 sed

1937 994 2124 1065 potius
2144 997 2229 1050 est
2248 1012 2312 1049 ex
2336 999 2600 1068 utroque.

2007 1090 2292 1143 Humanas
2335 1106 2472 1161 ergo
2525 1093 2583 1144 et
2628 1089 2840 1146 divinas
2886 1092 3120 1165 insuper
3147 1109 3308 1150 voces
3345 1097 3415 1151 ab
3445 1113 3562 1152 uno

1937 1182 2159 1237 Christo
2180 1183 2354 1237 dictas
2373 1183 2892 1240 animadvertentes
2916 1189 3068 1240 recte
3096 1189 3388 1244 sentimus.
3415 1191 3560 1246 Cum

1936 1276 2092 1330 enim
2111 1276 2181 1329 de
2203 1276 2425 1331 duobus
2452 1277 2785 1347 dignissime
2803 1278 3054 1349 loquitur
3067 1281 3135 1336 de
3156 1283 3374 1353 seipso:
3403 1283 3563 1348 «Qui

1935 1385 2029 1423 me
2059 1367 2229 1436 videt,
2251 1368 2403 1424 videt
2429 1374 2483 1424 et
2509 1371 2737 1424 Patrem
2770 1370 2938 1440 (Joan.
2973 1388 3080 1443 xlv,
3111 1373 3161 1445 9)
3193 1395 3220 1424 »
3252 1377 3309 1429 et
3336 1392 3349 1429 :
3385 1397 3413 1426 «
3443 1377 3561 1448 Ego

1937 1465 1994 1517 et
2030 1465 2197 1517 Pater
2219 1479 2402 1518 unum
2432 1480 2629 1518 sumus
2659 1464 2830 1533 (Joan.
2859 1481 2916 1532 x,
2946 1464 3055 1536 30),
3085 1488 3112 1515 »
3149 1466 3398 1523 divinam
3440 1469 3564 1540 ejus

1935 1555 2306 1626 intelligimus
2370 1556 2834 1630 ineffabilemque
2894 1562 3183 1628 naturam,
3251 1561 3564 1618 secundum

1934 1666 2106 1722 quam
2131 1665 2279 1703 unus
2306 1653 2391 1704 est
2419 1666 2550 1704 cum
2592 1652 2758 1706 Patre
2801 1668 2903 1706 suo
2941 1655 3178 1724 propter
3203 1668 3378 1709 unam
3405 1671 3562 1710 eam-

1935 1743 2181 1814 demque
2213 1740 2606 1811 substantiam,
2639 1765 2667 1793 «
2693 1743 2883 1817 imago
2904 1749 2961 1800 et
2983 1746 3274 1802 character
3298 1748 3567 1818 splendor

203 1854 366 1892 suam
391 1852 591 1908 expers
611 1836 884 1907 passionis
914 1836 1209 1904 exstiterit,
1233 1853 1338 1907 pro
1361 1837 1522 1892 nobis
1541 1841 1731 1893 tamen
1754 1821 1910 1894 se-B
1935 1836 2131 1907 gloriae
2183 1837 2304 1907 ejus
2347 1836 2592 1890 existens
2633 1839 2814 1908 (Hebr.
2859 1855 2896 1906 1,
2926 1841 3002 1907 3).
3030 1860 3058 1888 »
3091 1840 3233 1895 Cum
3276 1857 3408 1896 vero
3457 1842 3562 1896 hu-

200 1931 454 1985 cundum
499 1929 816 2000 Scripturas
861 1945 1028 1984 carne
1073 1946 1371 2000 percussus
1401 1933 1487 1985 vel
1531 1949 1834 2003 perpessus

204 2025 293 2092 sit,
313 2028 369 2078 et
387 2027 512 2077 erat
531 2022 589 2077 in
608 2023 871 2078 cruciﬁxo
894 2040 1128 2094 corpore
1158 2023 1402 2096 pr0priae
1427 2024 1607 2079 carnis
1628 2025 1836 2098 impas-

202 2116 439 2172 sibiliter
469 2117 540 2171 ad
576 2133 634 2170 se
679 2117 931 2171 referens
979 2116 1321 2188 passionem.
1353 2118 1542 2172 Gratia
1569 2134 1701 2173 vero
1731 2119 1833 2173 Dei

202 2228 302 2282 pro
330 2210 596 2265 omnibus
628 2209 874 2282 gustavit
897 2215 1170 2280 mortem,
1190 2211 1421 2266 tradens
1454 2216 1509 2266 et
1535 2212 1833 2284 proprium

201 2321 402 2376 corpus
439 2303 693 2376 quamvis
739 2307 794 2358 et
837 2304 1173 2376 naturaliter
1215 2305 1331 2375 ipse
1378 2305 1490 2360 vita
1532 2306 1620 2373 sit,
1654 2309 1712 2360 et
1740 2323 1830 2361 re-

202 2321 402 2376 corpus
439 2307 693 2376 quamvis
739 2307 794 2358 et
837 2321 874 2358 n
941 2307 1173 2359 uraliter
1215 2307 1331 2375 ipse
1378 2307 1490 2360 vita
1532 2307 1620 2373 sit,
1654 2309 1712 2360 et
1740 2323 1830 2361 re-

202 2398 474 2454 surrectio
500 2307 1042 2520 mortuorumF‘iam
1071 2401 1134 2452 ut
1161 2400 1407 2453 mortem
1434 2398 1705 2454 ineffabili
1734 2417 1832 2470 po-

202 2491 368 2520 ιη-ιιεη
421 2492 765 2520 ...ιλιι-ειηιηυιι
805 2507 864 2520 nn
891 2491 1045 2520 νην-ζ...-
1072 2490 1126 2520 εν.
1164 2509 1257 2520 με...
1297 2509 1457 2520 nnmn
1486 2493 1805 2520 “nimnnﬁn:

200 2491 375 2548 tentia
419 2492 768 2562 proculcaret
803 2490 1047 2562 ac'prius
1072 2490 1131 2544 in
1164 2509 1262 2545 sua
1295 2509 1459 2546 carne
1486 2493 1832 2564 primogeni-

200 2587 308 2653 tus,
340 2587 508 2653 Deus,
541 2585 675 2639 licet
693 2585 854 2656 juxta
880 2589 1143 2640 naturam
1175 2601 1358 2654 suam,
1393 2587 1596 2640 mortis
1631 2603 1831 2658 expers

201 2696 266 2735 ex
287 2679 532 2734 mortuis
555 2678 718 2733 fieret
743 2701 770 2728 ‹‹
800 2677 1066 2750 primitia:
1095 2679 1504 2734 dormientium
1529 2680 1576 2750 (Ι
1596 2680 1714 2735 Cor.
1741 2698 1827 2752 xv,

200 2775 281 2844 20)
291 2817 304 2841 ,
322 2793 350 2824 »
366 2773 630 2844 viamque
646 2773 857 2828 faceret
869 2773 1136 2827 humanas
1149 2776 1366 2827 natura;
1381 2774 1450 2828 ad
1461 2773 1834 2846 incorruptio-

199 2867 283 2920 nis
309 2882 630 2935 recursum,
653 2866 837 2937 gratia
859 2865 976 2935 Dei,
1002 2867 1146 2921 sicut
1164 2883 1334 2937 supra
1359 2866 1574 2922 dictum
1603 2872 1706 2935 est,
1724 2886 1828 2940 pro

199 2959 530 3014 hominibus
559 2959 804 3030 gustavit
829 2964 1093 3028 mortem,
1113 2962 1187 3026 et,
1210 2959 1377 3014 tertia
1398 2960 1488 3014 die
1506 2977 1825 3032 resurgens,

199 3052 529 3124 exspoliavit
559 3052 868 3107 infernum.
900 3053 1108 3108 Idcirco
1139 3052 1392 3124 quamvis
1424 3054 1646 3108 dicatur
1679 3056 1829 3126 quod

199 3163 298 3218 per
323 3145 621 3202 hominem
652 3147 800 3200 facta
840 3146 912 3200 sit
951 3146 1285 3201 resurrectio
1330 3148 1712 3214 mortuorum,
1743 3152 1825 3202 ta-

201 3257 331 3295 men
359 3239 734 3311 intelligimus
759 3239 1057 3295 hominem
1077 3241 1288 3295 factum
1307 3241 1555 3296 Verbum
1577 3243 1731 3313 quod
1758 3260 1828 3297 ex

198 3335 308 3389 Deo
337 3337 441 3401 est,
475 3337 533 3388 et
556 3350 661 3404 per
689 3333 879 3404 ipsum
914 3333 1113 3389 mortis
1157 3334 1462 3405 imperium
1505 3334 1680 3389 fuisse
1723 3336 1824 3390 de-

200 3431 495 3483 structum.

265 3521 468 3577 Veniet
493 3523 686 3576 autem
711 3521 1066 3593 temporibus
1093 3521 1388 3594 prmfinitis
1417 3521 1557 3576 sicut
1581 3525 1664 3576 est
1679 3539 1826 3576 unus

196 3615 364 3670 Filius
385 3619 443 3669 et
473 3615 747 3669 Dominus
772 3615 830 3668 in
861 3616 1036 3687 gloria
1064 3616 1241 3671 Patris
1261 3637 1288 3664 ‹‹
1313 3618 1372 3669 ut
1389 3615 1610 3686 judicet
1630 3615 1824 3671 orbem

194 3713 483 3764 terrarum
512 3709 569 3763 in
599 3709 862 3780 aequitate
896 3709 1065 3780 (Psal.
1094 3727 1167 3777 Ix,
1201 3711 1274 3779 9),
1308 3731 1336 3758 »
1366 3709 1510 3764 sicut
1537 3709 1824 3780 Scriptura

193 3807 449 3858 testatur.

254 3895 582 3952 Necessarie
610 3896 788 3968 igitur
815 3900 872 3952 et
913 3897 1019 3951 hoc
1058 3896 1371 3967 adjicimus.
1401 3896 1821 3954 Annuntiantes

193 3991 345 4046 enim
365 3991 512 4046 sicut
536 3991 847 4046 secundum
873 4008 1105 4046 carnem
1126 3996 1373 4046 mortem
1394 3991 1677 4062 unigeniti
1699 3991 1823 4046 Filii

191 4085 308 4154 Dei,
341 4084 405 4139 id
432 4087 536 4153 est,
567 4087 694 4140 Jesu
735 4085 941 4141 Christi
985 4089 1041 4140 et
1083 4084 1558 4140 resurrectionem
1598 4086 1739 4156 ejus,
1768 4090 1824 4141 et

189 4179 245 4233 in
268 4178 424 4233 cmlis
447 4178 837 4233 ascensionem
862 4179 1074 4250 pariter
1092 4180 1442 4246 conﬁtentes,
1465 4178 1821 4234 incruentam

189 4273 544 4327 celebramus
591 4272 652 4326 in
689 4273 938 4327 ecclesiis
1004 4272 1257 4327 sacriﬁcii
1318 4273 1669 4327 servitutem.
1733 4273 1822 4327 Sic

190 4365 361 4420 etiam
382 4365 456 4420 ad
477 4365 744 4437 mysticas
764 4366 1191 4421 benedictiones
1211 4366 1530 4421 accedimus
1553 4370 1608 4422 et
1623 4366 1821 4421 sancti-

190 4460 425 4514 ﬁcamur
451 4459 761 4530 participes
799 4460 976 4514 sancti
1019 4460 1274 4530 corporis
1317 4463 1372 4514 et
1422 4460 1652 4531 pretiosi
1691 4477 1817 4515 san-

1849 3189 1902 3264 C

1935 1947 2121 1984 manas
2136 1933 2356 1984 naturae
2368 1947 2695 1985 mensuram
2710 1932 3039 1987 nullatenus
3055 1931 3322 2004 ignorans
3340 1935 3566 1990 Judaaos

1936 2024 2261 2095 alloquitur,
2290 2040 2442 2078 nunc
2476 2045 2504 2074 ‹‹
2537 2041 2634 2079 mo
2672 2026 2926 2096 quaeritis
2971 2026 3232 2082 occidere
3261 2028 3437 2098 (Joan.
3465 2045 3564 2099 vn,

1934 2119 2042 2188 20),
2074 2139 2102 2167 »
2131 2117 2430 2172 hominem
2468 2119 2565 2189 qui
2594 2119 2891 2173 veritatem
2937 2121 3158 2174 locutus
3205 2138 3332 2176 sum
3378 2121 3561 2191 vobis,

1933 2211 2070 2266 item
2092 2228 2206 2265 non
2236 2212 2424 2266 minus
2453 2227 2585 2266 eum
2612 2212 2709 2284 qui
2734 2212 2794 2267 in
2819 2212 3256 2269 similitudinem
3287 2219 3346 2269 et
3374 2231 3560 2288 aequa-

1931 2304 2157 2359 litatem
2200 2305 2378 2360 Patris
2421 2309 2477 2360 et
2515 2307 2696 2360 Deum
2727 2323 2924 2361 verum
2966 2307 3140 2362 etiam
3182 2308 3242 2362 in
3285 2310 3566 2365 mensuris

1932 2398 2304 2454 humanitatis
2357 2398 2479 2469 ejus
2504 2399 2886 2470 agnoscimus.
2913 2401 2970 2456 Si
3008 2406 3200 2457 autem
3245 2403 3563 2458 necessario

1933 2492 2184 2546 creditur
2209 2491 2361 2562 quod
2392 2495 2594 2546 natura
2631 2493 2777 2546 Deus
2818 2493 3067 2548 existens
3106 2495 3288 2549 factus
3317 2496 3388 2551 sit
3413 2512 3561 2563 caro,

1931 2586 2046 2640 imo
2093 2585 2278 2656 potius
2327 2586 2500 2640 homo
2548 2585 2833 2640 animatus
2877 2587 3069 2641 anima
3113 2587 3392 2656 rationali,
3431 2605 3563 2661 quae

1932 2695 2100 2733 causa
2125 2682 2208 2732 est
2232 2682 2295 2732 ut
2339 2678 2398 2732 in
2443 2678 2562 2749 ejus
2610 2678 2848 2749 quilibet
2891 2680 3118 2734 vocibus
3161 2681 3478 2750 erubescat,
3511 2683 3559 2736 si

1931 2789 2024 2827 eas
2063 2771 2294 2827 homine
2327 2772 2525 2842 dignas
2555 2771 2756 2826 effatus
2797 2775 2925 2828 est?
2967 2775 3130 2838 Quod
3175 2775 3220 2828 si
3267 2792 3563 2832 sermones

1931 2865 2154 2921 homini
2183 2871 2558 2938 congruentes
2581 2866 2794 2938 abjicit,
2814 2867 2983 2938 juxta
3005 2885 3108 2924 nos
3125 2868 3424 2925 hominem
3439 2868 3562 2924 fieri

1933 2961 2072 3031 quid
2096 2960 2323 3030 coegit?
2365 2961 2507 3014 Cum
2531 2976 2663 3013 vero
2697 2977 2755 3013 se
2783 2964 3017 3032 propter
3053 2979 3156 3016 nos
3199 2963 3272 3016 ad
3312 2962 3563 3017 exinani-

1929 3053 2145 3108 tionem
2159 3055 2536 3124 spontaneam
2552 3054 2992 3110 misericorditer
3003 3055 3372 3124 inclinaverit,
3387 3073 3563 3127 quam

1931 3147 2002 3202 ob
2019 3164 2241 3202 causam
2264 3147 2465 3218 dignos
2497 3147 2918 3204 examinatione
2950 3148 3228 3204 sermonis
3257 3149 3562 3221 effugerit?

1930 3241 2037 3295 Uni
2064 3241 2239 3312 igitur
2262 3257 2523 3312 personas
2553 3245 2754 3296 cuncta
2779 3243 2903 3313 ejus
2921 3243 2980 3296 in
3006 3241 3308 3314 Evangelio
3334 3243 3562 3298 ascribi-

1926 3352 2074 3403 mus,
2103 3334 2204 3389 uni
2235 3333 2563 3388 substantias
2607 3333 2796 3404 Verbi,
2840 3335 2898 3390 id
2940 3340 3044 3404 est,
3086 3336 3385 3403 incarnati,
3426 3337 3561 3408 quia

1925 3445 2074 3483 unus
2101 3433 2184 3484 est
2211 3428 2484 3482 Dominus
2525 3429 2688 3482 Jesus
2717 3427 2991 3497 Christus,
3021 3431 3083 3481 ut
3121 3429 3397 3500 scriptum
3433 3434 3554 3485 est:

1924 3522 2281 3593 Appellatum
2307 3537 2439 3575 vero
2469 3521 2538 3575 ab
2581 3521 2849 3591 Apostolo
2898 3543 2925 3570 ‹‹
2965 3521 3295 3576 Pontiﬁcem
3333 3523 3556 3576 confes-

1925 3615 2098 3671 sionis
2123 3619 2331 3669 nostrae
2362 3615 2538 3685 (Hebr.
2570 3630 2651 3681 ιιι,
2683 3615 2730 3685 l)
2763 3633 2790 3665 »
2820 3618 3095 3685 tanquam
3142 3614 3555 3670 sacriﬁcantem

1923 3711 2038 3764 Deo
2067 3712 2122 3764 et
2151 3708 2300 3764 Patri
2336 3708 2466 3764 ﬁdei
2516 3713 2730 3764 nostra}
2775 3708 3214 3776 confessionem,
3239 3725 3365 3780 quas
3399 3725 3432 3763 a
3452 3726 3555 3764 no-

1923 3803 2150 3874 bisipsis
2173 3802 2282 3874 ipsi
2313 3803 2425 3858 Deo
2453 3802 2604 3858 Patri
2650 3803 2999 3859 incessanter
3037 3802 3299 3869 oﬂ'ertur;
3348 3803 3554 3858 iterum

1923 3897 2112 3968 ipsum
2149 3913 2270 3952 esse
2311 3896 2551 3952 dicimus
2576 3914 2644 3952 ex
2670 3898 2783 3952 Deo
2821 3897 3137 3952 secundum
3183 3901 3445 3952 naturam
3474 3897 3557 3952 Fi-

1923 3991 2063 4045 lium
2090 3991 2470 4062 unigenitum,
2495 4007 2600 4047 nec
2625 3990 2848 4046 homini
2879 3995 3091 4062 praeter
3121 4007 3257 4045 eum
3283 3990 3445 4045 alteri
3473 4007 3558 4046 sa-

1923 4084 2136 4140 cerdoti
2187 4102 2400 4140 nomen
2446 4089 2502 4140 et
2546 4085 2801 4140 ofﬁcium
2848 4086 3210 4157 deputamus,
3242 4084 3424 4141 factus
3473 4087 3558 4138 est

1923 4179 2077 4234 enim
2112 4199 2140 4228 «
2173 4163 2458 4233 mediator
2483 4179 2581 4233 Dei
2626 4183 2683 4234 ct
2726 4178 3027 4233 hominum
3055 4179 3211 4250 (Tim.
3241 4196 3302 4245 ιι,
3331 4179 3402 4249 5),
3437 4199 3464 4228 ››
3500 4182 3558 4232 et

1920 4271 2312 4327 reconciliator
2339 4273 2411 4326 ad
2436 4289 2637 4344 pacem
2665 4272 3034 4343 semetipsum
3059 4273 3174 4327 Deo
3198 4276 3255 4326 et
3274 4271 3426 4327 Patri
3451 4289 3554 4343 pro

1920 4366 2085 4420 nobis
2114 4366 2356 4420 offerens
2385 4387 2412 4414 «
2447 4365 2508 4420 in
2551 4365 2786 4420 odorem
2825 4365 3112 4421 suavitatis
3142 4365 3300 4436 (Eph.
3334 4383 3388 4435 v,
3417 4367 3493 4435 2).
3525 4387 3551 4413 »

1921 4459 2166 4530 Ideoque
2197 4459 2418 4513 dicebat
2454 4475 2466 4512 :
2515 4481 2541 4508 «
2583 4459 2934 4514 Sacriﬁcium
2976 4462 3032 4514 et
3072 4459 3417 4514 oblationem
3460 4476 3554 4512 no-

190 4555 375 4625 guinis
392 4553 598 4610 Christi
614 4553 875 4608 omnium
901 4557 1164 4609 nostrum
1183 4554 1588 4626 Redemptoris
1607 4555 1814 4620 effecti,
1837 4563 1896 4633 D
1917 4553 2090 4620 luisti,
2119 4553 2440 4606 holocausta
2469 4569 2572 4622 pro
2610 4556 2840 4624 peccato
2883 4569 2998 4608 non
3042 4553 3144 4606 tibi
3192 4554 3548 4622 placuerunt,

186 4664 296 4703 non
346 4652 417 4703 ut
467 4664 834 4702 communem
900 4665 1131 4704 carnem
1191 4648 1600 4720 percipientes;
1666 4649 1821 4720 quod

188 4742 346 4809 absit,
378 4759 488 4797 nec
515 4747 580 4796 ut
605 4742 708 4796 viri
741 4742 1068 4797 sanetiticati
1097 4745 1153 4797 et
1177 4742 1358 4797 Verbo
1407 4742 1692 4812 conjuncti
1732 4759 1816 4797 sc-

186 4836 438 4891 cundum
457 4836 748 4906 dignitatis
776 4836 1056 4890 unitatem
1082 4841 1179 4892 aut
1204 4835 1346 4890 sicut
1365 4834 1614 4889 divinam
1640 4836 1816 4906 possi-

187 4929 382 4984 dentes
403 4929 840 4997 habitationem,
858 4930 958 4984 sed
978 4947 1110 4984 vere
1130 4929 1548 4984 viviﬁcatricem
1569 4931 1624 4982 et
1644 4928 1818 4999 ipsius

188 5022 348 5078 Verbi
398 5023 689 5095 propriam
743 5024 968 5078 factam.
1015 5023 1139 5079 Vita
1191 5023 1345 5078 enim
1384 5023 1717 5077 naturaliter
1757 5026 1819 5076 ut

189 5117 321 5172 Deus
350 5117 623 5186 existens,
659 5117 792 5189 quia
818 5117 1051 5190 proprie
1085 5134 1255 5172 carne
1284 5117 1480 5172 unitus
1513 5121 1615 5184 est,
1640 5117 1813 5170 viviﬁ-

190 5212 450 5267 catricem
489 5228 616 5266 eam
663 5228 784 5266 esse
831 5213 1120 5284 professus
1165 5216 1264 5266 est.
1301 5213 1368 5265 Et
1397 5211 1519 5266 ideo
1559 5211 1816 5282 quamvis

191 5304 328 5360 dicat
353 5306 428 5360 ad
452 5322 556 5360 nos
586 5323 599 5360 :
628 5326 657 5356 «
684 5307 886 5375 Amen,
907 5322 1074 5360 amen
1103 5305 1226 5360 dico
1247 5304 1422 5374 vobis,
1447 5304 1554 5358 nisi
1581 5305 1818 5360 mandu-

192 5399 439 5454 caveritis
465 5415 698 5455 carnem
730 5399 852 5454 Filii
879 5399 1133 5454 hominis
1165 5405 1222 5454 et
1255 5399 1507 5454 biberitis
1544 5400 1666 5470 ejus
1693 5416 1816 5454 san-

192 5493 417 5562 guinem
451 5494 628 5565 (Joan.
658 5510 734 5563 γι,
770 5495 877 5565 54),
906 5515 934 5544 ››
969 5511 1086 5548 non
1111 5498 1304 5548 tamen
1334 5511 1463 5548 eam
1486 5498 1547 5548 ut
1566 5493 1814 5548 hominis

193 5587 348 5640 unius
376 5603 440 5641 ex
471 5587 636 5642 nobis
664 5586 987 5644 existimare
1018 5587 1310 5656 debemus,
1341 5588 1630 5658 quomodo
1661 5587 1815 5641 enim

185 5677 340 5748 juxta
358 5685 625 5736 naturam
655 5697 815 5736 suam
844 5682 1173 5737 viviﬁcatrix
1194 5699 1314 5736 esse
1333 5697 1464 5736 caro
1491 5681 1698 5752 poterit
1717 5683 1817 5735 ho-

193 5773 394 5830 minis?
418 5775 519 5831 sed
538 5779 604 5830 ut
621 5791 752 5831 vere
778 5775 1078 5848 proprium
1101 5777 1223 5847 ejus
1243 5777 1449 5831 factam
1468 5776 1565 5846 qui
1584 5781 1816 5848 propter

193 5881 286 5920 nos
309 5867 456 5925 filius
483 5869 738 5926 hominis
758 5873 845 5926 est
862 5871 1038 5926 factus
1059 5874 1116 5926 et
1130 5874 1378 5926 vocatus.
1397 5871 1498 5926 Eas
1515 5872 1706 5926 autem
1723 5885 1816 5924 vo.

1921 4663 2124 4718 corpus
2166 4649 2356 4700 autem
2399 4645 2682 4716 perfecisti
2731 4646 2896 4715 mihi,
2927 4649 3061 4700 tunc
3089 4644 3204 4700 dixi
3234 4661 3246 4699 :
3282 4646 3418 4699 Ecce
3454 4661 3548 4700 ve-

1922 4741 2039 4795 nio.
2069 4743 2130 4794 In
2158 4739 2339 4811 capite
2363 4738 2495 4793 libri
2527 4738 2801 4810 scriptum
2829 4742 2915 4792 est
2943 4738 3011 4793 de
3043 4754 3156 4808 me,
3190 4741 3254 4793 ut
3280 4739 3548 4807 facerem,

1919 4835 2083 4902 Deus,
2111 4834 2460 4889 voluntatem
2486 4837 2645 4888 tuam
2673 4833 2852 4903 (Hebr.
2883 4849 2936 4901 Χ,
2971 4835 3000 4887 5
3033 4837 3084 4888 et
3111 4831 3242 4902 seq).
3275 4855 3301 4882 ››
3334 4831 3552 4887 Obtulit

1919 4929 2072 4982 enim
2097 4927 2392 5000 proprium
2417 4944 2618 4999 corpus
2644 4943 2758 4982 non
2785 4943 2886 4998 pro
2913 4943 2993 4996 se,
3023 4927 3120 4981 sed
3153 4943 3256 4998 pro
3302 4925 3464 4981 nobis
3490 4927 3550 4982 in

1918 5022 2153 5078 odorem
2181 5022 2490 5077 suavitatis.
2515 5023 2657 5077 Nam
2688 5038 2802 5093 qua
2823 5037 2925 5092 pro
2954 5037 3011 5075 se
3039 5022 3127 5074 vel
3154 5020 3434 5076 oblatione
3463 5021 3550 5076 vel

1918 5117 2190 5171 sacriﬁcio
2232 5117 2536 5188 indigeret,
2571 5114 2729 5170 omni
2776 5117 3008 5186 peccato
3056 5115 3220 5182 liber,
3262 5117 3329 5169 ut
3377 5116 3546 5184 Deus,

1918 5211 2205 5265 existens?
2221 5211 2385 5274 Quod
2409 5210 2454 5264 si
2475 5226 2672 5264 omnes
2699 5208 3072 5279 peccaverint,
3097 5213 3153 5263 et
3174 5213 3348 5280 egent
3371 5209 3550 5280 gloria

1916 5304 2017 5358 Dei
2046 5306 2212 5374 (Rom.
2248 5321 2329 5374 ιιι,
2376 5304 2484 5374 23).
2518 5303 2842 5358 Secundum
2886 5304 2993 5358 hoc
3042 5303 3197 5374 quod
3239 5321 3436 5359 sumus
3479 5305 3547 5358 ad

1915 5398 2307 5452 mutabilitatis
2357 5413 2648 5451 excessum
2708 5397 3006 5469 proniores
3056 5397 3239 5452 effecti
3302 5397 3548 5470 peccatis

1917 5493 2208 5563 mgrotavit
2235 5493 2483 5546 humana
2515 5495 2736 5547 natura.
2773 5493 2892 5563 Ipse
2918 5509 3052 5548 vero
3092 5509 3207 5548 non
3237 5491 3335 5548 ita.
3384 5493 3542 5547 Ideo-

1915 5603 2026 5658 que
2055 5603 2158 5640 nos
2187 5585 2370 5657 gloria
2398 5585 2520 5656 ejus
2545 5602 2800 5658 egemus.
2833 5587 2946 5642 Cur
2973 5586 3082 5641 erit
3125 5588 3272 5641 ultra
3290 5585 3415 5655 jam
3447 5585 3545 5638 du-

1913 5679 2092 5747 bium,
2122 5680 2271 5750 quod
2299 5682 2496 5751 Agnus
2529 5697 2697 5734 verus
2735 5697 2839 5750 pro
2881 5680 3042 5734 nobis
3083 5680 3154 5734 sit
3195 5677 3541 5732 immolatus.

1916 5774 2025 5838 Qui
2049 5776 2242 5829 autem
2271 5774 2425 5845 dicit,
2456 5775 2592 5846 quia
2618 5773 2865 5845 seipsum
2887 5777 3002 5829 tam
3034 5790 3137 5843 pro
3164 5788 3220 5826 se
3247 5787 3416 5841 quam
3440 5787 3542 5842 pro

1912 5868 2080 5924 nobis
2110 5868 2398 5939 obtulerit,
2425 5870 2752 5925 nullatenus
2802 5865 3110 5938 impietatis
3155 5863 3370 5918 crimen
3398 5863 3536 5920 effu-

3606 3045 3653 3199 /
