  <div class='ocr_page' id='page_1' title='image "/cluster/home/n/w/nwhite01/storage/ocr_20150623/130/umn.319510024774230/197.png"; bbox 0 0 4058 6314; ppageno 0'>
   <div class='ocr_carea' id='block_1_1' title="bbox 508 313 610 365">
    <p class='ocr_par' dir='ltr' id='par_1_1' title="bbox 508 313 610 365">
     <span class='ocr_line' id='line_1_1' title="bbox 508 313 610 365; baseline 0 0"><span class='ocrx_word' id='word_1_1' title='bbox 508 313 610 365; x_wconf 80' lang='lat'><strong>299</strong></span> 
     </span>
    </p>
   </div>
   <div class='ocr_carea' id='block_1_2' title="bbox 1411 297 2978 361">
    <p class='ocr_par' dir='ltr' id='par_1_2' title="bbox 1411 297 2978 361">
     <span class='ocr_line' id='line_1_2' title="bbox 1411 297 2978 361; baseline -0.006 1"><span class='ocrx_word' id='word_1_2' title='bbox 1411 305 1693 361; x_wconf 82' lang='lat' dir='ltr'><strong>APPEND.</strong></span> <span class='ocrx_word' id='word_1_3' title='bbox 1735 303 1823 357; x_wconf 82' lang='lat' dir='ltr'><strong>AD</strong></span> <span class='ocrx_word' id='word_1_4' title='bbox 1858 302 2019 356; x_wconf 66' lang='lat' dir='ltr'><strong>SEC.</strong></span> <span class='ocrx_word' id='word_1_5' title='bbox 2058 300 2145 354; x_wconf 86' lang='lat' dir='ltr'><strong>IX.</strong></span> <span class='ocrx_word' id='word_1_6' title='bbox 2176 324 2246 337; x_wconf 89' lang='lat'><strong>-</strong></span> <span class='ocrx_word' id='word_1_7' title='bbox 2281 297 2521 356; x_wconf 82' lang='lat' dir='ltr'><strong>ISIDORI</strong></span> <span class='ocrx_word' id='word_1_8' title='bbox 2554 299 2978 356; x_wconf 79' lang='lat' dir='ltr'><strong>MERCATORJS</strong></span> 
     </span>
    </p>
   </div>
   <div class='ocr_carea' id='block_1_3' title="bbox 3773 299 3880 353">
    <p class='ocr_par' dir='ltr' id='par_1_3' title="bbox 3773 299 3880 353">
     <span class='ocr_line' id='line_1_3' title="bbox 3773 299 3880 353; baseline -0.009 0"><span class='ocrx_word' id='word_1_9' title='bbox 3773 299 3880 353; x_wconf 87' lang='lat'><strong>300</strong></span> 
     </span>
    </p>
   </div>
   <div class='ocr_carea' id='block_1_4' title="bbox 513 402 3876 492">
    <p class='ocr_par' dir='ltr' id='par_1_4' title="bbox 513 402 3876 492">
     <span class='ocr_line' id='line_1_4' title="bbox 513 402 3876 492; baseline -0.004 -20"><span class='ocrx_word' id='word_1_10' title='bbox 513 416 650 489; x_wconf 88' lang='lat' dir='ltr'><strong>giet,</strong></span> <span class='ocrx_word' id='word_1_11' title='bbox 678 429 812 472; x_wconf 91' lang='lat' dir='ltr'><strong>cum</strong></span> <span class='ocrx_word' id='word_1_12' title='bbox 848 412 994 470; x_wconf 84' lang='lat' dir='ltr'><strong>nihil</strong></span> <span class='ocrx_word' id='word_1_13' title='bbox 1033 428 1262 485; x_wconf 89' lang='lat' dir='ltr'><strong>prorsus</strong></span> <span class='ocrx_word' id='word_1_14' title='bbox 1305 412 1409 468; x_wconf 89' lang='lat' dir='ltr'><strong>iste</strong></span> <span class='ocrx_word' id='word_1_15' title='bbox 1454 409 1779 482; x_wconf 82' lang='lat' dir='ltr'><strong>deliquerit,</strong></span> <span class='ocrx_word' id='word_1_16' title='bbox 1811 425 1917 465; x_wconf 91' lang='lat' dir='ltr'><strong>nec</strong></span> <span class='ocrx_word' id='word_1_17' title='bbox 1951 407 2137 464; x_wconf 92' lang='lat' dir='ltr'><strong>ullum</strong></span> <span class='ocrx_word' id='word_1_18' title='bbox 2158 417 2218 492; x_wconf 79' lang='grc' dir='ltr'><strong>Α</strong></span> <span class='ocrx_word' id='word_1_19' title='bbox 2239 407 2346 463; x_wconf 91' lang='lat' dir='ltr'><strong>tire</strong></span> <span class='ocrx_word' id='word_1_20' title='bbox 2375 406 2663 463; x_wconf 81' lang='lat' dir='ltr'><strong>convenit.</strong></span> <span class='ocrx_word' id='word_1_21' title='bbox 2692 406 2827 472; x_wconf 64' lang='lat' dir='ltr'><strong>Quae</strong></span> <span class='ocrx_word' id='word_1_22' title='bbox 2851 421 2984 461; x_wconf 90' lang='lat' dir='ltr'><strong>vero</strong></span> <span class='ocrx_word' id='word_1_23' title='bbox 3027 403 3162 460; x_wconf 85' lang='lat' dir='ltr'><strong>huic</strong></span> <span class='ocrx_word' id='word_1_24' title='bbox 3204 402 3471 476; x_wconf 80' lang='lat' dir='ltr'><strong>religioni</strong></span> <span class='ocrx_word' id='word_1_25' title='bbox 3495 406 3611 459; x_wconf 63' lang='lat' dir='ltr'><strong>tuas</strong></span> <span class='ocrx_word' id='word_1_26' title='bbox 3634 403 3876 459; x_wconf 85' lang='lat' dir='ltr'><strong>anathe-</strong></span> 
     </span>
    </p>
   </div>
   <div class='ocr_carea' id='block_1_5' title="bbox 506 502 2136 578">
    <p class='ocr_par' dir='ltr' id='par_1_5' title="bbox 506 502 2136 578">
     <span class='ocr_line' id='line_1_5' title="bbox 506 502 2136 578; baseline -0.006 -13"><span class='ocrx_word' id='word_1_27' title='bbox 506 508 705 566; x_wconf 86' lang='lat' dir='ltr'><strong>fecerit</strong></span> <span class='ocrx_word' id='word_1_28' title='bbox 730 507 966 563; x_wconf 90' lang='lat' dir='ltr'><strong>omnino</strong></span> <span class='ocrx_word' id='word_1_29' title='bbox 1006 509 1322 578; x_wconf 87' lang='lat' dir='ltr'><strong>peccatum.</strong></span> <span class='ocrx_word' id='word_1_30' title='bbox 1371 504 1493 569; x_wconf 88' lang='lat' dir='ltr'><strong>Qua</strong></span> <span class='ocrx_word' id='word_1_31' title='bbox 1536 502 1713 574; x_wconf 80' lang='lat' dir='ltr'><strong>igitur</strong></span> <span class='ocrx_word' id='word_1_32' title='bbox 1751 505 1950 574; x_wconf 85' lang='lat' dir='ltr'><strong>egeret</strong></span> <span class='ocrx_word' id='word_1_33' title='bbox 1984 502 2136 558; x_wconf 90' lang='lat' dir='ltr'><strong>obla-</strong></span> 
     </span>
    </p>
   </div>
   <div class='ocr_carea' id='block_1_6' title="bbox 509 596 2137 668">
    <p class='ocr_par' dir='ltr' id='par_1_6' title="bbox 509 596 2137 668">
     <span class='ocr_line' id='line_1_6' title="bbox 509 596 2137 668; baseline -0.006 -8"><span class='ocrx_word' id='word_1_34' title='bbox 509 603 669 659; x_wconf 87' lang='lat' dir='ltr'><strong>tione</strong></span> <span class='ocrx_word' id='word_1_35' title='bbox 713 601 870 657; x_wconf 90' lang='lat' dir='ltr'><strong>nullo</strong></span> <span class='ocrx_word' id='word_1_36' title='bbox 920 616 1021 655; x_wconf 91' lang='lat' dir='ltr'><strong>suo</strong></span> <span class='ocrx_word' id='word_1_37' title='bbox 1066 599 1340 654; x_wconf 81' lang='lat' dir='ltr'><strong>existente</strong></span> <span class='ocrx_word' id='word_1_38' title='bbox 1391 596 1683 652; x_wconf 82' lang='lat' dir='ltr'><strong>facinore?</strong></span> <span class='ocrx_word' id='word_1_39' title='bbox 1736 598 1843 652; x_wconf 87' lang='lat' dir='ltr'><strong>Pro</strong></span> <span class='ocrx_word' id='word_1_40' title='bbox 1899 612 2034 668; x_wconf 91' lang='lat' dir='ltr'><strong>quo,</strong></span> <span class='ocrx_word' id='word_1_41' title='bbox 2091 596 2137 651; x_wconf 89' lang='lat' dir='ltr'><strong>si</strong></span> 
     </span>
    </p>
   </div>
   <div class='ocr_carea' id='block_1_7' title="bbox 511 689 1912 753">
    <p class='ocr_par' dir='ltr' id='par_1_7' title="bbox 511 689 1912 753">
     <span class='ocr_line' id='line_1_7' title="bbox 511 689 1912 753; baseline -0.005 -2"><span class='ocrx_word' id='word_1_42' title='bbox 511 701 659 753; x_wconf 81' lang='lat' dir='ltr'><strong>esset</strong></span> <span class='ocrx_word' id='word_1_43' title='bbox 684 695 815 751; x_wconf 87' lang='lat' dir='ltr'><strong>satis</strong></span> <span class='ocrx_word' id='word_1_44' title='bbox 840 694 912 749; x_wconf 91' lang='lat' dir='ltr'><strong>ad</strong></span> <span class='ocrx_word' id='word_1_45' title='bbox 936 694 1174 749; x_wconf 90' lang='lat' dir='ltr'><strong>modum</strong></span> <span class='ocrx_word' id='word_1_46' title='bbox 1207 690 1614 748; x_wconf 86' lang='lat' dir='ltr'><strong>convenienter</strong></span> <span class='ocrx_word' id='word_1_47' title='bbox 1643 689 1912 745; x_wconf 76' lang='lat' dir='ltr'><strong>offerret?</strong></span> 
     </span>
    </p>
   </div>
   <div class='ocr_carea' id='block_1_8' title="bbox 585 782 2134 860">
    <p class='ocr_par' dir='ltr' id='par_1_8' title="bbox 585 782 2134 860">
     <span class='ocr_line' id='line_1_8' title="bbox 585 782 2134 860; baseline -0.005 -15"><span class='ocrx_word' id='word_1_48' title='bbox 585 792 663 846; x_wconf 90' lang='lat' dir='ltr'><strong>De</strong></span> <span class='ocrx_word' id='word_1_49' title='bbox 705 787 914 860; x_wconf 88' lang='lat' dir='ltr'><strong>Spiritu</strong></span> <span class='ocrx_word' id='word_1_50' title='bbox 958 803 1207 858; x_wconf 90' lang='lat' dir='ltr'><strong>quoque,</strong></span> <span class='ocrx_word' id='word_1_51' title='bbox 1248 800 1381 840; x_wconf 90' lang='lat' dir='ltr'><strong>cum</strong></span> <span class='ocrx_word' id='word_1_52' title='bbox 1425 783 1598 839; x_wconf 90' lang='lat' dir='ltr'><strong>dicit:</strong></span> <span class='ocrx_word' id='word_1_53' title='bbox 1632 804 1660 833; x_wconf 84' lang='lat'><strong>«</strong></span> <span class='ocrx_word' id='word_1_54' title='bbox 1684 783 1781 839; x_wconf 90' lang='lat' dir='ltr'>Ille</span> <span class='ocrx_word' id='word_1_55' title='bbox 1811 799 1904 838; x_wconf 89' lang='lat' dir='ltr'><strong>me</strong></span> <span class='ocrx_word' id='word_1_56' title='bbox 1933 782 2134 838; x_wconf 90' lang='lat' dir='ltr'><strong>clariﬁ-</strong></span> 
     </span>
    </p>
   </div>
   <div class='ocr_carea' id='block_1_9' title="bbox 513 876 2135 952">
    <p class='ocr_par' dir='ltr' id='par_1_9' title="bbox 513 876 2135 952">
     <span class='ocr_line' id='line_1_9' title="bbox 513 876 2135 952; baseline -0.005 -13"><span class='ocrx_word' id='word_1_57' title='bbox 513 883 664 939; x_wconf 88' lang='lat' dir='ltr'><strong>cabit</strong></span> <span class='ocrx_word' id='word_1_58' title='bbox 709 881 883 952; x_wconf 88' lang='lat' dir='ltr'><strong>(Joan.</strong></span> <span class='ocrx_word' id='word_1_59' title='bbox 928 896 1038 949; x_wconf 85' lang='lat' dir='ltr'><strong>xv1,</strong></span> <span class='ocrx_word' id='word_1_60' title='bbox 1070 880 1176 951; x_wconf 79' lang='grc'><strong>14),</strong></span> <span class='ocrx_word' id='word_1_61' title='bbox 1217 901 1247 930; x_wconf 81' lang='grc'><strong>››</strong></span> <span class='ocrx_word' id='word_1_62' title='bbox 1289 879 1402 935; x_wconf 90' lang='lat' dir='ltr'><strong>hoc</strong></span> <span class='ocrx_word' id='word_1_63' title='bbox 1447 877 1756 938; x_wconf 83' lang='lat' dir='ltr'><strong>rectissime</strong></span> <span class='ocrx_word' id='word_1_64' title='bbox 1806 876 2135 949; x_wconf 83' lang='lat' dir='ltr'><strong>sentientes,</strong></span> 
     </span>
    </p>
   </div>
   <div class='ocr_carea' id='block_1_10' title="bbox 513 969 2137 1039">
    <p class='ocr_par' dir='ltr' id='par_1_10' title="bbox 513 969 2137 1039">
     <span class='ocr_line' id='line_1_10' title="bbox 513 969 2137 1039; baseline -0.003 -8"><span class='ocrx_word' id='word_1_65' title='bbox 513 992 693 1033; x_wconf 88' lang='lat' dir='ltr'><strong>unum</strong></span> <span class='ocrx_word' id='word_1_66' title='bbox 727 973 1017 1030; x_wconf 86' lang='lat' dir='ltr'><strong>Christum</strong></span> <span class='ocrx_word' id='word_1_67' title='bbox 1051 972 1358 1029; x_wconf 90' lang='lat' dir='ltr'><strong>Dominum</strong></span> <span class='ocrx_word' id='word_1_68' title='bbox 1387 975 1445 1027; x_wconf 91' lang='lat' dir='ltr'><strong>et</strong></span> <span class='ocrx_word' id='word_1_69' title='bbox 1468 971 1691 1039; x_wconf 89' lang='lat' dir='ltr'><strong>Filium,</strong></span> <span class='ocrx_word' id='word_1_70' title='bbox 1719 987 1836 1026; x_wconf 93' lang='lat' dir='ltr'><strong>non</strong></span> <span class='ocrx_word' id='word_1_71' title='bbox 1871 971 2025 1025; x_wconf 90' lang='lat' dir='ltr'><strong>velut</strong></span> <span class='ocrx_word' id='word_1_72' title='bbox 2051 969 2137 1026; x_wconf 89' lang='lat' dir='ltr'><strong>al-</strong></span> 
     </span>
    </p>
   </div>
   <div class='ocr_carea' id='block_1_11' title="bbox 512 1064 2138 1140">
    <p class='ocr_par' dir='ltr' id='par_1_11' title="bbox 512 1064 2138 1140">
     <span class='ocr_line' id='line_1_11' title="bbox 512 1064 2138 1140; baseline -0.004 -14"><span class='ocrx_word' id='word_1_73' title='bbox 512 1069 692 1126; x_wconf 82' lang='lat' dir='ltr'><strong>terius</strong></span> <span class='ocrx_word' id='word_1_74' title='bbox 730 1071 999 1140; x_wconf 79' lang='lat' dir='ltr'><strong>egentem</strong></span> <span class='ocrx_word' id='word_1_75' title='bbox 1028 1066 1217 1140; x_wconf 79' lang='lat' dir='ltr'><strong>gloria</strong></span> <span class='ocrx_word' id='word_1_76' title='bbox 1248 1066 1608 1135; x_wconf 84' lang='lat' dir='ltr'><strong>conﬁtemur,</strong></span> <span class='ocrx_word' id='word_1_77' title='bbox 1640 1082 1673 1120; x_wconf 93' lang='lat' dir='ltr'><strong>a</strong></span> <span class='ocrx_word' id='word_1_78' title='bbox 1705 1064 1921 1138; x_wconf 88' lang='lat' dir='ltr'><strong>Spiritu</strong></span> <span class='ocrx_word' id='word_1_79' title='bbox 1945 1068 2138 1120; x_wconf 90' lang='lat' dir='ltr'><strong>sancto</strong></span> 
     </span>
    </p>
   </div>
   <div class='ocr_carea' id='block_1_12' title="bbox 511 1158 2136 1234">
    <p class='ocr_par' dir='ltr' id='par_1_12' title="bbox 511 1158 2136 1234">
     <span class='ocr_line' id='line_1_12' title="bbox 511 1158 2136 1234; baseline -0.003 -16"><span class='ocrx_word' id='word_1_80' title='bbox 511 1162 753 1234; x_wconf 83' lang='lat' dir='ltr'><strong>gloriam</strong></span> <span class='ocrx_word' id='word_1_81' title='bbox 778 1163 1166 1233; x_wconf 78' lang='lat' dir='ltr'><strong>consecutum,</strong></span> <span class='ocrx_word' id='word_1_82' title='bbox 1188 1161 1325 1233; x_wconf 91' lang='lat' dir='ltr'><strong>quia</strong></span> <span class='ocrx_word' id='word_1_83' title='bbox 1351 1161 1472 1232; x_wconf 87' lang='lat' dir='ltr'><strong>ejus</strong></span> <span class='ocrx_word' id='word_1_84' title='bbox 1496 1158 1754 1231; x_wconf 86' lang='lat' dir='ltr'><strong>Spiritus,</strong></span> <span class='ocrx_word' id='word_1_85' title='bbox 1779 1174 1884 1214; x_wconf 91' lang='lat' dir='ltr'><strong>nec</strong></span> <span class='ocrx_word' id='word_1_86' title='bbox 1910 1159 2136 1229; x_wconf 92' lang='lat' dir='ltr'><strong>melior,</strong></span> 
     </span>
    </p>
   </div>
   <div class='ocr_carea' id='block_1_13' title="bbox 506 1242 2135 1350">
    <p class='ocr_par' dir='ltr' id='par_1_13' title="bbox 506 1242 2135 1350">
     <span class='ocr_line' id='line_1_13' title="bbox 506 1242 2135 1350; baseline -0.003 -39"><span class='ocrx_word' id='word_1_87' title='bbox 506 1272 611 1312; x_wconf 92' lang='lat' dir='ltr'><strong>nec</strong></span> <span class='ocrx_word' id='word_1_88' title='bbox 628 1255 890 1326; x_wconf 87' lang='lat' dir='ltr'><strong>superior</strong></span> <span class='ocrx_word' id='word_1_89' title='bbox 900 1254 1027 1327; x_wconf 91' lang='lat' dir='ltr'><strong>ipso</strong></span> <span class='ocrx_word' id='word_1_90' title='bbox 1039 1242 1267 1350; x_wconf 53' lang='lat' dir='ltr'><strong>est.§ed</strong></span> <span class='ocrx_word' id='word_1_91' title='bbox 1280 1253 1416 1326; x_wconf 85' lang='lat' dir='ltr'><strong>quia</strong></span> <span class='ocrx_word' id='word_1_92' title='bbox 1435 1253 1687 1308; x_wconf 88' lang='lat' dir='ltr'><strong>humana</strong></span> <span class='ocrx_word' id='word_1_93' title='bbox 1707 1268 1884 1324; x_wconf 87' lang='lat' dir='ltr'><strong>opera</strong></span> <span class='ocrx_word' id='word_1_94' title='bbox 1901 1251 2135 1320; x_wconf 87' lang='lat' dir='ltr'><strong>faciens,</strong></span> 
     </span>
    </p>
   </div>
   <div class='ocr_carea' id='block_1_14' title="bbox 503 1344 2138 1417">
    <p class='ocr_par' dir='ltr' id='par_1_14' title="bbox 503 1344 2138 1417">
     <span class='ocr_line' id='line_1_14' title="bbox 503 1344 2138 1417; baseline -0.003 -12"><span class='ocrx_word' id='word_1_95' title='bbox 503 1350 576 1406; x_wconf 87' lang='lat' dir='ltr'><strong>ad</strong></span> <span class='ocrx_word' id='word_1_96' title='bbox 602 1344 1289 1407; x_wconf 63' lang='lat' dir='ltr'><strong>demonstrationem&#39;suae</strong></span> <span class='ocrx_word' id='word_1_97' title='bbox 1309 1345 1529 1402; x_wconf 88' lang='lat' dir='ltr'><strong>deitatis</strong></span> <span class='ocrx_word' id='word_1_98' title='bbox 1542 1346 1752 1401; x_wconf 89' lang='lat' dir='ltr'><strong>virtute</strong></span> <span class='ocrx_word' id='word_1_99' title='bbox 1778 1344 1993 1417; x_wconf 92' lang='lat' dir='ltr'><strong>proprii</strong></span> <span class='ocrx_word' id='word_1_100' title='bbox 2017 1344 2138 1416; x_wconf 90' lang='lat' dir='ltr'><strong>Spi-</strong></span> 
     </span>
    </p>
   </div>
   <div class='ocr_carea' id='block_1_15' title="bbox 504 1437 2134 1512">
    <p class='ocr_par' dir='ltr' id='par_1_15' title="bbox 504 1437 2134 1512">
     <span class='ocr_line' id='line_1_15' title="bbox 504 1437 2134 1512; baseline -0.005 -12"><span class='ocrx_word' id='word_1_101' title='bbox 504 1444 646 1500; x_wconf 85' lang='lat' dir='ltr'><strong>ritus</strong></span> <span class='ocrx_word' id='word_1_102' title='bbox 675 1443 964 1512; x_wconf 86' lang='lat' dir='ltr'><strong>utebatur,</strong></span> <span class='ocrx_word' id='word_1_103' title='bbox 991 1440 1063 1496; x_wconf 87' lang='lat' dir='ltr'><strong>ab</strong></span> <span class='ocrx_word' id='word_1_104' title='bbox 1088 1440 1212 1511; x_wconf 89' lang='lat' dir='ltr'><strong>ipso</strong></span> <span class='ocrx_word' id='word_1_105' title='bbox 1248 1438 1557 1511; x_wconf 85' lang='lat' dir='ltr'><strong>gloriﬁcari</strong></span> <span class='ocrx_word' id='word_1_106' title='bbox 1584 1438 1807 1506; x_wconf 88' lang='lat' dir='ltr'><strong>dicitur,</strong></span> <span class='ocrx_word' id='word_1_107' title='bbox 1837 1439 1988 1510; x_wconf 93' lang='lat' dir='ltr'><strong>quod</strong></span> <span class='ocrx_word' id='word_1_108' title='bbox 2019 1437 2134 1492; x_wconf 88' lang='lat' dir='ltr'><strong>vir-</strong></span> 
     </span>
    </p>
   </div>
   <div class='ocr_carea' id='block_1_16' title="bbox 505 1531 2134 1606">
    <p class='ocr_par' dir='ltr' id='par_1_16' title="bbox 505 1531 2134 1606">
     <span class='ocr_line' id='line_1_16' title="bbox 505 1531 2134 1606; baseline -0.005 -13"><span class='ocrx_word' id='word_1_109' title='bbox 505 1542 599 1593; x_wconf 89' lang='lat' dir='ltr'><strong>tus</strong></span> <span class='ocrx_word' id='word_1_110' title='bbox 618 1554 719 1592; x_wconf 89' lang='lat' dir='ltr'><strong>sua</strong></span> <span class='ocrx_word' id='word_1_111' title='bbox 728 1536 818 1591; x_wconf 92' lang='lat' dir='ltr'><strong>vel</strong></span> <span class='ocrx_word' id='word_1_112' title='bbox 834 1534 1133 1606; x_wconf 88' lang='lat' dir='ltr'><strong>disciplina</strong></span> <span class='ocrx_word' id='word_1_113' title='bbox 1153 1532 1423 1605; x_wconf 62' lang='lat' dir='ltr'><strong>quaslibet</strong></span> <span class='ocrx_word' id='word_1_114' title='bbox 1445 1548 1913 1604; x_wconf 89' lang='lat' dir='ltr'><strong>unumquemque</strong></span> <span class='ocrx_word' id='word_1_115' title='bbox 1927 1531 2134 1586; x_wconf 88' lang='lat' dir='ltr'><strong>clariﬁ-</strong></span> 
     </span>
    </p>
   </div>
   <div class='ocr_carea' id='block_1_17' title="bbox 510 1625 2143 1698">
    <p class='ocr_par' dir='ltr' id='par_1_17' title="bbox 510 1625 2143 1698">
     <span class='ocr_line' id='line_1_17' title="bbox 510 1625 2143 1698; baseline -0.005 -11"><span class='ocrx_word' id='word_1_116' title='bbox 510 1635 616 1687; x_wconf 91' lang='lat' dir='ltr'><strong>cet.</strong></span> <span class='ocrx_word' id='word_1_117' title='bbox 633 1629 904 1695; x_wconf 77' lang='lat' dir='ltr'><strong>Quamvis</strong></span> <span class='ocrx_word' id='word_1_118' title='bbox 914 1628 1067 1683; x_wconf 89' lang='lat' dir='ltr'><strong>enim</strong></span> <span class='ocrx_word' id='word_1_119' title='bbox 1079 1628 1139 1683; x_wconf 93' lang='lat' dir='ltr'><strong>in</strong></span> <span class='ocrx_word' id='word_1_120' title='bbox 1150 1644 1250 1683; x_wconf 88' lang='lat' dir='ltr'><strong>sua</strong></span> <span class='ocrx_word' id='word_1_121' title='bbox 1265 1626 1336 1682; x_wconf 89' lang='lat' dir='ltr'><strong>sit</strong></span> <span class='ocrx_word' id='word_1_122' title='bbox 1347 1627 1660 1682; x_wconf 87' lang='lat' dir='ltr'><strong>substantia</strong></span> <span class='ocrx_word' id='word_1_123' title='bbox 1672 1625 1912 1698; x_wconf 87' lang='lat' dir='ltr'><strong>Spiritus</strong></span> <span class='ocrx_word' id='word_1_124' title='bbox 1923 1625 1973 1697; x_wconf 91' lang='lat' dir='ltr'><strong>ej</strong></span> <span class='ocrx_word' id='word_1_125' title='bbox 1980 1642 2067 1695; x_wconf 92' lang='lat' dir='ltr'><strong>us,</strong></span> <span class='ocrx_word' id='word_1_126' title='bbox 2084 1628 2143 1680; x_wconf 88' lang='lat' dir='ltr'><strong>et</strong></span> 
     </span>
    </p>
   </div>
   <div class='ocr_carea' id='block_1_18' title="bbox 508 1717 2134 1795">
    <p class='ocr_par' dir='ltr' id='par_1_18' title="bbox 508 1717 2134 1795">
     <span class='ocr_line' id='line_1_18' title="bbox 508 1717 2134 1795; baseline -0.004 -17"><span class='ocrx_word' id='word_1_127' title='bbox 508 1723 860 1795; x_wconf 87' lang='lat' dir='ltr'><strong>intelligatur</strong></span> <span class='ocrx_word' id='word_1_128' title='bbox 876 1721 937 1776; x_wconf 92' lang='lat' dir='ltr'><strong>in</strong></span> <span class='ocrx_word' id='word_1_129' title='bbox 956 1736 1199 1793; x_wconf 88' lang='lat' dir='ltr'><strong>persona</strong></span> <span class='ocrx_word' id='word_1_130' title='bbox 1213 1719 1529 1792; x_wconf 89' lang='lat' dir='ltr'><strong>proprietas</strong></span> <span class='ocrx_word' id='word_1_131' title='bbox 1539 1719 1699 1790; x_wconf 86' lang='lat' dir='ltr'><strong>juxta</strong></span> <span class='ocrx_word' id='word_1_132' title='bbox 1714 1718 1772 1774; x_wconf 92' lang='lat' dir='ltr'><strong>id</strong></span> <span class='ocrx_word' id='word_1_133' title='bbox 1792 1718 1943 1790; x_wconf 89' lang='lat' dir='ltr'><strong>quod</strong></span> <span class='ocrx_word' id='word_1_134' title='bbox 1956 1717 2134 1789; x_wconf 91' lang='lat' dir='ltr'><strong>Spiri-</strong></span> 
     </span>
    </p>
   </div>
   <div class='ocr_carea' id='block_1_19' title="bbox 2241 497 3882 572">
    <p class='ocr_par' dir='ltr' id='par_1_19' title="bbox 2241 497 3882 572">
     <span class='ocr_line' id='line_1_19' title="bbox 2241 497 3882 572; baseline -0.003 -15"><span class='ocrx_word' id='word_1_135' title='bbox 2241 501 2514 557; x_wconf 91' lang='lat' dir='ltr'><strong>matizare</strong></span> <span class='ocrx_word' id='word_1_136' title='bbox 2543 516 2772 557; x_wconf 88' lang='lat' dir='ltr'><strong>necesse</strong></span> <span class='ocrx_word' id='word_1_137' title='bbox 2801 503 2886 556; x_wconf 90' lang='lat' dir='ltr'><strong>est</strong></span> <span class='ocrx_word' id='word_1_138' title='bbox 2917 498 3052 557; x_wconf 88' lang='lat' dir='ltr'><strong>huic</strong></span> <span class='ocrx_word' id='word_1_139' title='bbox 3091 497 3338 572; x_wconf 66' lang='lat' dir='ltr'><strong>epistolae</strong></span> <span class='ocrx_word' id='word_1_140' title='bbox 3377 501 3582 553; x_wconf 72' lang='lat' dir='ltr'><strong>nostrae</strong></span> <span class='ocrx_word' id='word_1_141' title='bbox 3629 497 3882 569; x_wconf 86' lang='lat' dir='ltr'><strong>subjecta</strong></span> 
     </span>
    </p>
   </div>
   <div class='ocr_carea' id='block_1_20' title="bbox 2242 600 2395 652">
    <p class='ocr_par' dir='ltr' id='par_1_20' title="bbox 2242 600 2395 652">
     <span class='ocr_line' id='line_1_20' title="bbox 2242 600 2395 652; baseline 0 -2"><span class='ocrx_word' id='word_1_142' title='bbox 2242 600 2395 652; x_wconf 90' lang='lat' dir='ltr'><strong>sunt.</strong></span> 
     </span>
    </p>
   </div>
   <div class='ocr_carea' id='block_1_21' title="bbox 2315 684 3882 760">
    <p class='ocr_par' dir='ltr' id='par_1_21' title="bbox 2315 684 3882 760">
     <span class='ocr_line' id='line_1_21' title="bbox 2315 684 3882 760; baseline -0.003 -16"><span class='ocrx_word' id='word_1_143' title='bbox 2315 690 2454 760; x_wconf 88' lang='lat' dir='ltr'><strong>Cap.</strong></span> <span class='ocrx_word' id='word_1_144' title='bbox 2487 690 2525 743; x_wconf 90' lang='lat' dir='ltr'><strong>l.</strong></span> <span class='ocrx_word' id='word_1_145' title='bbox 2552 687 2608 746; x_wconf 93' lang='lat' dir='ltr'><strong>Si</strong></span> <span class='ocrx_word' id='word_1_146' title='bbox 2635 688 2763 760; x_wconf 90' lang='lat' dir='ltr'><strong>quis</strong></span> <span class='ocrx_word' id='word_1_147' title='bbox 2788 702 2904 742; x_wconf 93' lang='lat' dir='ltr'><strong>non</strong></span> <span class='ocrx_word' id='word_1_148' title='bbox 2930 686 3232 742; x_wconf 89' lang='lat' dir='ltr'><strong>conﬁtetur</strong></span> <span class='ocrx_word' id='word_1_149' title='bbox 3256 687 3436 741; x_wconf 90' lang='lat' dir='ltr'><strong>Deum</strong></span> <span class='ocrx_word' id='word_1_150' title='bbox 3465 700 3584 740; x_wconf 89' lang='lat' dir='ltr'><strong>esse</strong></span> <span class='ocrx_word' id='word_1_151' title='bbox 3609 684 3882 740; x_wconf 89' lang='lat' dir='ltr'><strong>veraciter</strong></span> 
     </span>
    </p>
   </div>
   <div class='ocr_carea' id='block_1_22' title="bbox 2241 778 3875 854">
    <p class='ocr_par' dir='ltr' id='par_1_22' title="bbox 2241 778 3875 854">
     <span class='ocr_line' id='line_1_22' title="bbox 2241 778 3875 854; baseline -0.004 -16"><span class='ocrx_word' id='word_1_152' title='bbox 2241 784 2596 852; x_wconf 86' lang='lat' dir='ltr'><strong>Emmanuel,</strong></span> <span class='ocrx_word' id='word_1_153' title='bbox 2626 787 2683 837; x_wconf 91' lang='lat' dir='ltr'><strong>et</strong></span> <span class='ocrx_word' id='word_1_154' title='bbox 2707 784 3008 854; x_wconf 89' lang='lat' dir='ltr'><strong>propterea</strong></span> <span class='ocrx_word' id='word_1_155' title='bbox 3058 796 3175 836; x_wconf 89' lang='lat' dir='ltr'><strong>non</strong></span> <span class='ocrx_word' id='word_1_156' title='bbox 3215 779 3316 835; x_wconf 89' lang='lat' dir='ltr'><strong>Dei</strong></span> <span class='ocrx_word' id='word_1_157' title='bbox 3360 778 3694 850; x_wconf 89' lang='lat' dir='ltr'><strong>genitricem</strong></span> <span class='ocrx_word' id='word_1_158' title='bbox 3738 795 3875 832; x_wconf 85' lang='lat' dir='ltr'><strong>san-</strong></span> 
     </span>
    </p>
   </div>
   <div class='ocr_carea' id='block_1_23' title="bbox 2237 872 3880 949">
    <p class='ocr_par' dir='ltr' id='par_1_23' title="bbox 2237 872 3880 949">
     <span class='ocr_line' id='line_1_23' title="bbox 2237 872 3880 949; baseline -0.003 -18"><span class='ocrx_word' id='word_1_159' title='bbox 2237 879 2391 931; x_wconf 91' lang='lat' dir='ltr'><strong>ctam</strong></span> <span class='ocrx_word' id='word_1_160' title='bbox 2411 875 2726 949; x_wconf 86' lang='lat' dir='ltr'><strong>Virginem;</strong></span> <span class='ocrx_word' id='word_1_161' title='bbox 2749 875 2971 947; x_wconf 89' lang='lat' dir='ltr'><strong>peperit</strong></span> <span class='ocrx_word' id='word_1_162' title='bbox 2986 874 3142 930; x_wconf 88' lang='lat' dir='ltr'><strong>enim</strong></span> <span class='ocrx_word' id='word_1_163' title='bbox 3162 872 3478 929; x_wconf 91' lang='lat' dir='ltr'><strong>secundum</strong></span> <span class='ocrx_word' id='word_1_164' title='bbox 3493 889 3741 941; x_wconf 89' lang='lat' dir='ltr'><strong>carnem,</strong></span> <span class='ocrx_word' id='word_1_165' title='bbox 3756 888 3880 927; x_wconf 91' lang='lat' dir='ltr'><strong>car-</strong></span> 
     </span>
    </p>
   </div>
   <div class='ocr_carea' id='block_1_24' title="bbox 2237 965 3878 1039">
    <p class='ocr_par' dir='ltr' id='par_1_24' title="bbox 2237 965 3878 1039">
     <span class='ocr_line' id='line_1_24' title="bbox 2237 965 3878 1039; baseline -0.002 -14"><span class='ocrx_word' id='word_1_166' title='bbox 2237 986 2375 1025; x_wconf 90' lang='lat' dir='ltr'><strong>nem</strong></span> <span class='ocrx_word' id='word_1_167' title='bbox 2399 969 2498 1025; x_wconf 91' lang='lat' dir='ltr'><strong>Dei</strong></span> <span class='ocrx_word' id='word_1_168' title='bbox 2527 970 2741 1025; x_wconf 84' lang='lat' dir='ltr'><strong>factum</strong></span> <span class='ocrx_word' id='word_1_169' title='bbox 2765 969 3033 1039; x_wconf 90' lang='lat' dir='ltr'><strong>Verbum,</strong></span> <span class='ocrx_word' id='word_1_170' title='bbox 3063 967 3381 1023; x_wconf 87' lang='lat' dir='ltr'><strong>secundum</strong></span> <span class='ocrx_word' id='word_1_171' title='bbox 3411 966 3566 1038; x_wconf 90' lang='lat' dir='ltr'><strong>quod</strong></span> <span class='ocrx_word' id='word_1_172' title='bbox 3601 965 3878 1037; x_wconf 90' lang='lat' dir='ltr'><strong>scriptum</strong></span> 
     </span>
    </p>
   </div>
   <div class='ocr_carea' id='block_1_25' title="bbox 2241 1059 3710 1132">
    <p class='ocr_par' dir='ltr' id='par_1_25' title="bbox 2241 1059 3710 1132">
     <span class='ocr_line' id='line_1_25' title="bbox 2241 1059 3710 1132; baseline -0.003 -13"><span class='ocrx_word' id='word_1_173' title='bbox 2241 1067 2362 1119; x_wconf 88' lang='lat' dir='ltr'><strong>est:</strong></span> <span class='ocrx_word' id='word_1_174' title='bbox 2395 1086 2423 1114; x_wconf 87' lang='grc'><strong>‹‹</strong></span> <span class='ocrx_word' id='word_1_175' title='bbox 2456 1065 2689 1121; x_wconf 77' lang='lat' dir='ltr'><strong>Verbum</strong></span> <span class='ocrx_word' id='word_1_176' title='bbox 2715 1078 2841 1118; x_wconf 82' lang='lat' dir='ltr'><strong>caro</strong></span> <span class='ocrx_word' id='word_1_177' title='bbox 2867 1065 3077 1132; x_wconf 78' lang='lat' dir='ltr'><strong>factum</strong></span> <span class='ocrx_word' id='word_1_178' title='bbox 3101 1065 3198 1124; x_wconf 84' lang='lat' dir='ltr'><strong>est,</strong></span> <span class='ocrx_word' id='word_1_179' title='bbox 3228 1084 3256 1112; x_wconf 87' lang='lat'>»</span> <span class='ocrx_word' id='word_1_180' title='bbox 3289 1061 3595 1116; x_wconf 87' lang='lat' dir='ltr'><strong>anathema</strong></span> <span class='ocrx_word' id='word_1_181' title='bbox 3617 1059 3710 1115; x_wconf 89' lang='lat' dir='ltr'><strong>sit.</strong></span> 
     </span>
    </p>
   </div>
   <div class='ocr_carea' id='block_1_26' title="bbox 2310 1153 3880 1228">
    <p class='ocr_par' dir='ltr' id='par_1_26' title="bbox 2310 1153 3880 1228">
     <span class='ocr_line' id='line_1_26' title="bbox 2310 1153 3880 1228; baseline -0.004 -15"><span class='ocrx_word' id='word_1_182' title='bbox 2310 1159 2373 1213; x_wconf 92' lang='grc'><strong>11.</strong></span> <span class='ocrx_word' id='word_1_183' title='bbox 2407 1157 2464 1213; x_wconf 93' lang='lat' dir='ltr'><strong>Si</strong></span> <span class='ocrx_word' id='word_1_184' title='bbox 2506 1156 2632 1228; x_wconf 88' lang='lat' dir='ltr'><strong>quis</strong></span> <span class='ocrx_word' id='word_1_185' title='bbox 2676 1173 2791 1211; x_wconf 92' lang='lat' dir='ltr'><strong>non</strong></span> <span class='ocrx_word' id='word_1_186' title='bbox 2837 1156 3141 1212; x_wconf 87' lang='lat' dir='ltr'><strong>conﬁtetur</strong></span> <span class='ocrx_word' id='word_1_187' title='bbox 3183 1154 3342 1210; x_wconf 89' lang='lat' dir='ltr'><strong>carni</strong></span> <span class='ocrx_word' id='word_1_188' title='bbox 3390 1153 3703 1209; x_wconf 90' lang='lat' dir='ltr'><strong>secundum</strong></span> <span class='ocrx_word' id='word_1_189' title='bbox 3750 1153 3880 1208; x_wconf 87' lang='lat' dir='ltr'><strong>sub-</strong></span> 
     </span>
    </p>
   </div>
   <div class='ocr_carea' id='block_1_27' title="bbox 2238 1247 3876 1319">
    <p class='ocr_par' dir='ltr' id='par_1_27' title="bbox 2238 1247 3876 1319">
     <span class='ocr_line' id='line_1_27' title="bbox 2238 1247 3876 1319; baseline -0.004 -12"><span class='ocrx_word' id='word_1_190' title='bbox 2238 1250 2511 1307; x_wconf 86' lang='lat' dir='ltr'><strong>stantiam</strong></span> <span class='ocrx_word' id='word_1_191' title='bbox 2539 1250 2769 1307; x_wconf 91' lang='lat' dir='ltr'><strong>unitum</strong></span> <span class='ocrx_word' id='word_1_192' title='bbox 2795 1250 2893 1305; x_wconf 92' lang='lat' dir='ltr'><strong>Dei</strong></span> <span class='ocrx_word' id='word_1_193' title='bbox 2916 1247 3095 1305; x_wconf 78' lang='lat' dir='ltr'><strong>Patris</strong></span> <span class='ocrx_word' id='word_1_194' title='bbox 3120 1248 3390 1314; x_wconf 87' lang='lat' dir='ltr'><strong>Verbum,</strong></span> <span class='ocrx_word' id='word_1_195' title='bbox 3420 1262 3714 1319; x_wconf 90' lang='lat' dir='ltr'><strong>unumque</strong></span> <span class='ocrx_word' id='word_1_196' title='bbox 3753 1262 3876 1302; x_wconf 89' lang='lat' dir='ltr'><strong>esse</strong></span> 
     </span>
    </p>
   </div>
   <div class='ocr_carea' id='block_1_28' title="bbox 2240 1339 3874 1415">
    <p class='ocr_par' dir='ltr' id='par_1_28' title="bbox 2240 1339 3874 1415">
     <span class='ocr_line' id='line_1_28' title="bbox 2240 1339 3874 1415; baseline -0.005 -14"><span class='ocrx_word' id='word_1_197' title='bbox 2240 1345 2529 1401; x_wconf 89' lang='lat' dir='ltr'><strong>Christum</strong></span> <span class='ocrx_word' id='word_1_198' title='bbox 2586 1361 2718 1400; x_wconf 90' lang='lat' dir='ltr'><strong>cum</strong></span> <span class='ocrx_word' id='word_1_199' title='bbox 2771 1343 3009 1415; x_wconf 90' lang='lat' dir='ltr'><strong>propria</strong></span> <span class='ocrx_word' id='word_1_200' title='bbox 3061 1358 3234 1397; x_wconf 89' lang='lat' dir='ltr'><strong>carne</strong></span> <span class='ocrx_word' id='word_1_201' title='bbox 3297 1340 3586 1407; x_wconf 92' lang='lat' dir='ltr'><strong>eumdem,</strong></span> <span class='ocrx_word' id='word_1_202' title='bbox 3641 1339 3874 1406; x_wconf 83' lang='lat' dir='ltr'><strong>scilicet,</strong></span> 
     </span>
    </p>
   </div>
   <div class='ocr_carea' id='block_1_29' title="bbox 2240 1434 3514 1505">
    <p class='ocr_par' dir='ltr' id='par_1_29' title="bbox 2240 1434 3514 1505">
     <span class='ocr_line' id='line_1_29' title="bbox 2240 1434 3514 1505; baseline -0.005 -10"><span class='ocrx_word' id='word_1_203' title='bbox 2240 1440 2424 1495; x_wconf 91' lang='lat' dir='ltr'><strong>Deum</strong></span> <span class='ocrx_word' id='word_1_204' title='bbox 2451 1438 2620 1494; x_wconf 91' lang='lat' dir='ltr'><strong>simul</strong></span> <span class='ocrx_word' id='word_1_205' title='bbox 2649 1442 2706 1494; x_wconf 91' lang='lat' dir='ltr'><strong>et</strong></span> <span class='ocrx_word' id='word_1_206' title='bbox 2736 1437 3053 1505; x_wconf 91' lang='lat' dir='ltr'><strong>hominem,</strong></span> <span class='ocrx_word' id='word_1_207' title='bbox 3085 1436 3397 1490; x_wconf 85' lang='lat' dir='ltr'><strong>anathema</strong></span> <span class='ocrx_word' id='word_1_208' title='bbox 3427 1434 3514 1488; x_wconf 90' lang='lat' dir='ltr'><strong>sit.</strong></span> 
     </span>
    </p>
   </div>
   <div class='ocr_carea' id='block_1_30' title="bbox 2311 1525 3881 1604">
    <p class='ocr_par' dir='ltr' id='par_1_30' title="bbox 2311 1525 3881 1604">
     <span class='ocr_line' id='line_1_30' title="bbox 2311 1525 3881 1604; baseline -0.004 -18"><span class='ocrx_word' id='word_1_209' title='bbox 2311 1533 2397 1587; x_wconf 88' lang='lat' dir='ltr'><strong>III.</strong></span> <span class='ocrx_word' id='word_1_210' title='bbox 2433 1531 2491 1587; x_wconf 92' lang='lat' dir='ltr'><strong>Si</strong></span> <span class='ocrx_word' id='word_1_211' title='bbox 2520 1531 2647 1604; x_wconf 88' lang='lat' dir='ltr'><strong>quis</strong></span> <span class='ocrx_word' id='word_1_212' title='bbox 2674 1530 2734 1586; x_wconf 93' lang='lat' dir='ltr'><strong>in</strong></span> <span class='ocrx_word' id='word_1_213' title='bbox 2759 1547 2877 1586; x_wconf 91' lang='lat' dir='ltr'><strong>uno</strong></span> <span class='ocrx_word' id='word_1_214' title='bbox 2901 1529 3123 1586; x_wconf 90' lang='lat' dir='ltr'><strong>Christo</strong></span> <span class='ocrx_word' id='word_1_215' title='bbox 3149 1527 3348 1585; x_wconf 88' lang='lat' dir='ltr'><strong>dividit</strong></span> <span class='ocrx_word' id='word_1_216' title='bbox 3382 1525 3720 1583; x_wconf 82' lang='lat' dir='ltr'><strong>substantias</strong></span> <span class='ocrx_word' id='word_1_217' title='bbox 3748 1528 3881 1597; x_wconf 91' lang='lat' dir='ltr'><strong>post</strong></span> 
     </span>
    </p>
   </div>
   <div class='ocr_carea' id='block_1_31' title="bbox 2238 1621 3881 1695">
    <p class='ocr_par' dir='ltr' id='par_1_31' title="bbox 2238 1621 3881 1695">
     <span class='ocr_line' id='line_1_31' title="bbox 2238 1621 3881 1695; baseline -0.004 -14"><span class='ocrx_word' id='word_1_218' title='bbox 2238 1625 2535 1695; x_wconf 87' lang='lat' dir='ltr'><strong>unitatem,</strong></span> <span class='ocrx_word' id='word_1_219' title='bbox 2565 1626 2685 1680; x_wconf 89' lang='lat' dir='ltr'><strong>sola</strong></span> <span class='ocrx_word' id='word_1_220' title='bbox 2712 1641 2810 1679; x_wconf 90' lang='lat' dir='ltr'><strong>eas</strong></span> <span class='ocrx_word' id='word_1_221' title='bbox 2851 1623 3208 1681; x_wconf 89' lang='lat' dir='ltr'><strong>connexione</strong></span> <span class='ocrx_word' id='word_1_222' title='bbox 3252 1621 3604 1692; x_wconf 86' lang='lat' dir='ltr'><strong>conjungens</strong></span> <span class='ocrx_word' id='word_1_223' title='bbox 3646 1636 3717 1675; x_wconf 90' lang='lat' dir='ltr'><strong>ea</strong></span> <span class='ocrx_word' id='word_1_224' title='bbox 3748 1636 3881 1691; x_wconf 88' lang='lat' dir='ltr'><strong>quae</strong></span> 
     </span>
    </p>
   </div>
   <div class='ocr_carea' id='block_1_32' title="bbox 2241 1712 3878 1789">
    <p class='ocr_par' dir='ltr' id='par_1_32' title="bbox 2241 1712 3878 1789">
     <span class='ocr_line' id='line_1_32' title="bbox 2241 1712 3878 1789; baseline -0.005 -14"><span class='ocrx_word' id='word_1_225' title='bbox 2241 1719 2552 1775; x_wconf 88' lang='lat' dir='ltr'><strong>secundum</strong></span> <span class='ocrx_word' id='word_1_226' title='bbox 2595 1718 2782 1774; x_wconf 88' lang='lat' dir='ltr'><strong>carnis</strong></span> <span class='ocrx_word' id='word_1_227' title='bbox 2826 1716 3167 1789; x_wconf 82' lang='lat' dir='ltr'><strong>dignitatem</strong></span> <span class='ocrx_word' id='word_1_228' title='bbox 3196 1716 3279 1784; x_wconf 90' lang='lat' dir='ltr'><strong>ﬁt,</strong></span> <span class='ocrx_word' id='word_1_229' title='bbox 3309 1716 3393 1770; x_wconf 90' lang='lat' dir='ltr'><strong>vel</strong></span> <span class='ocrx_word' id='word_1_230' title='bbox 3420 1714 3594 1769; x_wconf 89' lang='lat' dir='ltr'><strong>etiam</strong></span> <span class='ocrx_word' id='word_1_231' title='bbox 3629 1712 3878 1769; x_wconf 88' lang='lat' dir='ltr'><strong>auctori-</strong></span> 
     </span>
    </p>
   </div>
   <div class='ocr_carea' id='block_1_33' title="bbox 510 1786 3881 1884">
    <p class='ocr_par' dir='ltr' id='par_1_33' title="bbox 510 1786 3881 1884">
     <span class='ocr_line' id='line_1_33' title="bbox 510 1786 3881 1884; baseline -0.004 -12"><span class='ocrx_word' id='word_1_232' title='bbox 510 1820 601 1872; x_wconf 88' lang='lat' dir='ltr'><strong>tus</strong></span> <span class='ocrx_word' id='word_1_233' title='bbox 625 1786 726 1872; x_wconf 34' lang='lat' dir='ltr'><strong>est.</strong></span> <span class='ocrx_word' id='word_1_234' title='bbox 727 1819 785 1874; x_wconf 88' lang='lat' dir='ltr'><strong>et</strong></span> <span class='ocrx_word' id='word_1_235' title='bbox 804 1832 921 1871; x_wconf 90' lang='lat' dir='ltr'><strong>non</strong></span> <span class='ocrx_word' id='word_1_236' title='bbox 942 1786 1136 1882; x_wconf 65' lang='lat' dir='ltr'><strong>Pilius,</strong></span> <span class='ocrx_word' id='word_1_237' title='bbox 1157 1786 1409 1869; x_wconf 67' lang='lat' dir='ltr'><strong>attamen</strong></span> <span class='ocrx_word' id='word_1_238' title='bbox 1435 1786 1658 1869; x_wconf 77' lang='lat' dir='ltr'><strong>alienus</strong></span> <span class='ocrx_word' id='word_1_239' title='bbox 1682 1813 1753 1867; x_wconf 91' lang='lat' dir='ltr'><strong>ab</strong></span> <span class='ocrx_word' id='word_1_240' title='bbox 1773 1786 1872 1868; x_wconf 75' lang='lat' dir='ltr'><strong>illo</strong></span> <span class='ocrx_word' id='word_1_241' title='bbox 1894 1786 2015 1867; x_wconf 79' lang='lat' dir='ltr'><strong>non</strong></span> <span class='ocrx_word' id='word_1_242' title='bbox 2027 1815 2133 1867; x_wconf 91' lang='lat' dir='ltr'><strong>est.</strong></span> <span class='ocrx_word' id='word_1_243' title='bbox 2154 1786 2213 1859; x_wconf 83' lang='lat' dir='ltr'><strong>B</strong></span> <span class='ocrx_word' id='word_1_244' title='bbox 2236 1818 2410 1869; x_wconf 89' lang='lat' dir='ltr'><strong>tatem</strong></span> <span class='ocrx_word' id='word_1_245' title='bbox 2462 1816 2521 1868; x_wconf 90' lang='lat' dir='ltr'><strong>et</strong></span> <span class='ocrx_word' id='word_1_246' title='bbox 2558 1786 2917 1884; x_wconf 42' lang='lat' dir='ltr'><strong>potestatem&#39;</strong></span> <span class='ocrx_word' id='word_1_247' title='bbox 2952 1827 3015 1865; x_wconf 90' lang='lat' dir='ltr'><strong>ac</strong></span> <span class='ocrx_word' id='word_1_248' title='bbox 3060 1786 3176 1865; x_wconf 86' lang='lat' dir='ltr'><strong>non</strong></span> <span class='ocrx_word' id='word_1_249' title='bbox 3219 1807 3411 1880; x_wconf 90' lang='lat' dir='ltr'><strong>potius</strong></span> <span class='ocrx_word' id='word_1_250' title='bbox 3457 1810 3739 1863; x_wconf 89' lang='lat' dir='ltr'><strong>conventu</strong></span> <span class='ocrx_word' id='word_1_251' title='bbox 3775 1807 3881 1878; x_wconf 88' lang='lat' dir='ltr'><strong>qui</strong></span> 
     </span>
    </p>
   </div>
   <div class='ocr_carea' id='block_1_34' title="bbox 510 1904 2135 1980">
    <p class='ocr_par' dir='ltr' id='par_1_34' title="bbox 510 1904 2135 1980">
     <span class='ocr_line' id='line_1_34' title="bbox 510 1904 2135 1980; baseline -0.004 -14"><span class='ocrx_word' id='word_1_252' title='bbox 510 1912 655 1965; x_wconf 89' lang='lat' dir='ltr'><strong>Nam</strong></span> <span class='ocrx_word' id='word_1_253' title='bbox 675 1907 917 1980; x_wconf 84' lang='lat' dir='ltr'><strong>Spiritus</strong></span> <span class='ocrx_word' id='word_1_254' title='bbox 936 1907 1252 1980; x_wconf 90' lang='lat' dir='ltr'><strong>appellatus</strong></span> <span class='ocrx_word' id='word_1_255' title='bbox 1277 1905 1643 1974; x_wconf 87' lang='lat' dir='ltr'><strong>estveritatis,</strong></span> <span class='ocrx_word' id='word_1_256' title='bbox 1658 1905 1929 1961; x_wconf 88' lang='lat' dir='ltr'><strong>etveritas</strong></span> <span class='ocrx_word' id='word_1_257' title='bbox 1952 1904 2135 1960; x_wconf 91' lang='lat' dir='ltr'><strong>Chris-</strong></span> 
     </span>
    </p>
   </div>
   <div class='ocr_carea' id='block_1_35' title="bbox 508 1925 2137 2151">
    <p class='ocr_par' dir='ltr' id='par_1_35' title="bbox 508 1925 2137 2151">
     <span class='ocr_line' id='line_1_35' title="bbox 510 1925 2135 1980; baseline -0.004 -14"><span class='ocrx_word' id='word_1_258' title='bbox 510 1925 655 1965; x_wconf 72' lang='lat' dir='ltr'><strong>Nam</strong></span> <span class='ocrx_word' id='word_1_259' title='bbox 675 1925 713 1965; x_wconf 75' lang='grc' dir='ltr'>δ</span> <span class='ocrx_word' id='word_1_260' title='bbox 755 1925 917 1964; x_wconf 80' lang='lat' dir='ltr'><strong>intus</strong></span> <span class='ocrx_word' id='word_1_261' title='bbox 936 1925 1252 1980; x_wconf 73' lang='lat' dir='ltr'><strong>appellatus</strong></span> <span class='ocrx_word' id='word_1_262' title='bbox 1277 1925 1643 1974; x_wconf 75' lang='lat' dir='ltr'><strong>estveritaus,</strong></span> <span class='ocrx_word' id='word_1_263' title='bbox 1658 1925 1929 1961; x_wconf 75' lang='lat' dir='ltr'><strong>etvemas</strong></span> <span class='ocrx_word' id='word_1_264' title='bbox 1952 1925 2135 1960; x_wconf 67' lang='lat' dir='ltr'><strong>unus-</strong></span> 
     </span>
     <span class='ocr_line' id='line_1_36' title="bbox 508 1925 2137 2151; baseline -0.003 -93"><span class='ocrx_word' id='word_1_265' title='bbox 508 2008 597 2058; x_wconf 91' lang='lat' dir='ltr'><strong>tus</strong></span> <span class='ocrx_word' id='word_1_266' title='bbox 613 1925 884 2151; x_wconf 49' lang='lat' dir='ltr'><strong>estinde</strong></span> <span class='ocrx_word' id='word_1_267' title='bbox 899 2005 956 2057; x_wconf 90' lang='lat' dir='ltr'><strong>et</strong></span> <span class='ocrx_word' id='word_1_268' title='bbox 966 2001 1036 2056; x_wconf 89' lang='lat' dir='ltr'><strong>ab</strong></span> <span class='ocrx_word' id='word_1_269' title='bbox 1053 2000 1161 2056; x_wconf 89' lang='lat' dir='ltr'><strong>isto</strong></span> <span class='ocrx_word' id='word_1_270' title='bbox 1182 2000 1446 2056; x_wconf 89' lang='lat' dir='ltr'><strong>similiter</strong></span> <span class='ocrx_word' id='word_1_271' title='bbox 1458 1999 1600 2055; x_wconf 90' lang='lat' dir='ltr'><strong>sicut</strong></span> <span class='ocrx_word' id='word_1_272' title='bbox 1615 2015 1682 2055; x_wconf 86' lang='lat' dir='ltr'><strong>ex</strong></span> <span class='ocrx_word' id='word_1_273' title='bbox 1699 2000 1814 2055; x_wconf 90' lang='lat' dir='ltr'><strong>Deo</strong></span> <span class='ocrx_word' id='word_1_274' title='bbox 1829 2000 1995 2055; x_wconf 90' lang='lat' dir='ltr'><strong>Patre</strong></span> <span class='ocrx_word' id='word_1_275' title='bbox 2010 2015 2137 2071; x_wconf 84' lang='lat' dir='ltr'><strong>pro-</strong></span> 
     </span>
     <span class='ocr_line' id='line_1_37' title="bbox 508 2093 2136 2151; baseline -0.002 0"><span class='ocrx_word' id='word_1_276' title='bbox 508 2095 673 2151; x_wconf 85' lang='lat' dir='ltr'><strong>cedit.</strong></span> <span class='ocrx_word' id='word_1_277' title='bbox 686 2096 730 2149; x_wconf 91' lang='lat' dir='ltr'><strong>D</strong></span> <span class='ocrx_word' id='word_1_278' title='bbox 765 2095 938 2151; x_wconf 82' lang='lat' dir='ltr'><strong>niaue</strong></span> <span class='ocrx_word' id='word_1_279' title='bbox 950 2094 1041 2149; x_wconf 92' lang='lat' dir='ltr'><strong>hic</strong></span> <span class='ocrx_word' id='word_1_280' title='bbox 1054 2098 1111 2149; x_wconf 90' lang='lat' dir='ltr'><strong>et</strong></span> <span class='ocrx_word' id='word_1_281' title='bbox 1121 2093 1239 2151; x_wconf 86' lang='lat' dir='ltr'><strong>inse</strong></span> <span class='ocrx_word' id='word_1_282' title='bbox 1253 2093 1496 2151; x_wconf 81' lang='lat' dir='ltr'><strong>Spiritus</strong></span> <span class='ocrx_word' id='word_1_283' title='bbox 1507 2093 1676 2149; x_wconf 87' lang='lat' dir='ltr'><strong>etiam</strong></span> <span class='ocrx_word' id='word_1_284' title='bbox 1692 2109 1795 2151; x_wconf 81' lang='lat' dir='ltr'><strong>per</strong></span> <span class='ocrx_word' id='word_1_285' title='bbox 1810 2096 2136 2150; x_wconf 91' lang='lat' dir='ltr'><strong>sanctorum</strong></span> 
     </span>
    </p>
   </div>
   <div class='ocr_carea' id='block_1_36' title="bbox 508 2093 2136 2167">
    <p class='ocr_par' dir='ltr' id='par_1_36' title="bbox 508 2093 2136 2167">
     <span class='ocr_line' id='line_1_38' title="bbox 508 2093 2136 2167; baseline -0.002 -16"><span class='ocrx_word' id='word_1_286' title='bbox 508 2095 673 2151; x_wconf 85' lang='lat' dir='ltr'><strong>cedit.</strong></span> <span class='ocrx_word' id='word_1_287' title='bbox 686 2093 938 2167; x_wconf 75' lang='lat' dir='ltr'><strong>Denique</strong></span> <span class='ocrx_word' id='word_1_288' title='bbox 950 2094 1041 2149; x_wconf 92' lang='lat' dir='ltr'><strong>hic</strong></span> <span class='ocrx_word' id='word_1_289' title='bbox 1054 2098 1111 2149; x_wconf 90' lang='lat' dir='ltr'><strong>et</strong></span> <span class='ocrx_word' id='word_1_290' title='bbox 1121 2093 1239 2165; x_wconf 91' lang='lat' dir='ltr'><strong>ipse</strong></span> <span class='ocrx_word' id='word_1_291' title='bbox 1253 2093 1496 2165; x_wconf 90' lang='lat' dir='ltr'><strong>Spiritus</strong></span> <span class='ocrx_word' id='word_1_292' title='bbox 1507 2093 1676 2149; x_wconf 87' lang='lat' dir='ltr'><strong>etiam</strong></span> <span class='ocrx_word' id='word_1_293' title='bbox 1692 2109 1795 2164; x_wconf 91' lang='lat' dir='ltr'><strong>per</strong></span> <span class='ocrx_word' id='word_1_294' title='bbox 1810 2096 2136 2150; x_wconf 91' lang='lat' dir='ltr'><strong>sanctorum</strong></span> 
     </span>
    </p>
   </div>
   <div class='ocr_carea' id='block_1_37' title="bbox 510 2185 2139 2259">
    <p class='ocr_par' dir='ltr' id='par_1_37' title="bbox 510 2185 2139 2259">
     <span class='ocr_line' id='line_1_39' title="bbox 510 2185 2139 2259; baseline -0.002 -16"><span class='ocrx_word' id='word_1_295' title='bbox 510 2205 710 2243; x_wconf 88' lang='lat' dir='ltr'><strong>manus</strong></span> <span class='ocrx_word' id='word_1_296' title='bbox 738 2187 1124 2259; x_wconf 88' lang='lat' dir='ltr'><strong>apostolorum</strong></span> <span class='ocrx_word' id='word_1_297' title='bbox 1150 2186 1421 2242; x_wconf 88' lang='lat' dir='ltr'><strong>miracula</strong></span> <span class='ocrx_word' id='word_1_298' title='bbox 1449 2185 1698 2257; x_wconf 88' lang='lat' dir='ltr'><strong>gloriosa</strong></span> <span class='ocrx_word' id='word_1_299' title='bbox 1716 2185 2012 2257; x_wconf 87' lang='lat' dir='ltr'><strong>perﬁciens</strong></span> <span class='ocrx_word' id='word_1_300' title='bbox 2036 2187 2139 2241; x_wconf 86' lang='lat' dir='ltr'><strong>Do-</strong></span> 
     </span>
    </p>
   </div>
   <div class='ocr_carea' id='block_1_38' title="bbox 507 2279 2138 2353">
    <p class='ocr_par' dir='ltr' id='par_1_38' title="bbox 507 2279 2138 2353">
     <span class='ocr_line' id='line_1_40' title="bbox 507 2279 2138 2353; baseline -0.001 -18"><span class='ocrx_word' id='word_1_301' title='bbox 507 2282 728 2337; x_wconf 89' lang='lat' dir='ltr'><strong>minum</strong></span> <span class='ocrx_word' id='word_1_302' title='bbox 747 2280 1078 2353; x_wconf 89' lang='lat' dir='ltr'><strong>gloriﬁcavit</strong></span> <span class='ocrx_word' id='word_1_303' title='bbox 1089 2282 1115 2335; x_wconf 86' lang='lat' dir='ltr'>J</span> <span class='ocrx_word' id='word_1_304' title='bbox 1119 2296 1279 2335; x_wconf 91' lang='lat' dir='ltr'><strong>esum</strong></span> <span class='ocrx_word' id='word_1_305' title='bbox 1299 2279 1609 2347; x_wconf 89' lang='lat' dir='ltr'><strong>Christum,</strong></span> <span class='ocrx_word' id='word_1_306' title='bbox 1623 2281 1925 2351; x_wconf 87' lang='lat' dir='ltr'><strong>postquam</strong></span> <span class='ocrx_word' id='word_1_307' title='bbox 1947 2295 2138 2335; x_wconf 86' lang='lat' dir='ltr'><strong>ascen-</strong></span> 
     </span>
    </p>
   </div>
   <div class='ocr_carea' id='block_1_39' title="bbox 508 2372 2138 2431">
    <p class='ocr_par' dir='ltr' id='par_1_39' title="bbox 508 2372 2138 2431">
     <span class='ocr_line' id='line_1_41' title="bbox 508 2372 2138 2431; baseline -0.001 -1"><span class='ocrx_word' id='word_1_308' title='bbox 508 2375 591 2430; x_wconf 93' lang='lat' dir='ltr'><strong>dit</strong></span> <span class='ocrx_word' id='word_1_309' title='bbox 636 2375 696 2429; x_wconf 92' lang='lat' dir='ltr'><strong>in</strong></span> <span class='ocrx_word' id='word_1_310' title='bbox 743 2374 972 2431; x_wconf 87' lang='lat' dir='ltr'><strong>coelum.</strong></span> <span class='ocrx_word' id='word_1_311' title='bbox 1014 2375 1155 2429; x_wconf 89' lang='lat' dir='ltr'><strong>Nam</strong></span> <span class='ocrx_word' id='word_1_312' title='bbox 1210 2373 1462 2428; x_wconf 89' lang='lat' dir='ltr'><strong>creditus</strong></span> <span class='ocrx_word' id='word_1_313' title='bbox 1505 2377 1592 2428; x_wconf 90' lang='lat' dir='ltr'><strong>est</strong></span> <span class='ocrx_word' id='word_1_314' title='bbox 1632 2372 1886 2429; x_wconf 87' lang='lat' dir='ltr'><strong>Christus</strong></span> <span class='ocrx_word' id='word_1_315' title='bbox 1931 2376 2138 2429; x_wconf 88' lang='lat' dir='ltr'><strong>natura</strong></span> 
     </span>
    </p>
   </div>
   <div class='ocr_carea' id='block_1_40' title="bbox 503 2465 2133 2539">
    <p class='ocr_par' dir='ltr' id='par_1_40' title="bbox 503 2465 2133 2539">
     <span class='ocr_line' id='line_1_42' title="bbox 503 2465 2133 2539; baseline -0.001 -16"><span class='ocrx_word' id='word_1_316' title='bbox 503 2469 654 2523; x_wconf 86' lang='lat' dir='ltr'><strong>Deus</strong></span> <span class='ocrx_word' id='word_1_317' title='bbox 684 2468 926 2523; x_wconf 85' lang='lat' dir='ltr'><strong>existens</strong></span> <span class='ocrx_word' id='word_1_318' title='bbox 955 2483 1059 2539; x_wconf 90' lang='lat' dir='ltr'><strong>per</strong></span> <span class='ocrx_word' id='word_1_319' title='bbox 1083 2483 1251 2522; x_wconf 90' lang='lat' dir='ltr'><strong>suum</strong></span> <span class='ocrx_word' id='word_1_320' title='bbox 1289 2465 1564 2537; x_wconf 87' lang='lat' dir='ltr'><strong>Spiritum</strong></span> <span class='ocrx_word' id='word_1_321' title='bbox 1592 2465 1827 2521; x_wconf 89' lang='lat' dir='ltr'><strong>virtutes</strong></span> <span class='ocrx_word' id='word_1_322' title='bbox 1859 2466 2133 2535; x_wconf 85' lang='lat' dir='ltr'><strong>efﬁciens,</strong></span> 
     </span>
    </p>
   </div>
   <div class='ocr_carea' id='block_1_41' title="bbox 504 2559 2138 2634">
    <p class='ocr_par' dir='ltr' id='par_1_41' title="bbox 504 2559 2138 2634">
     <span class='ocr_line' id='line_1_43' title="bbox 504 2559 2138 2634; baseline -0.001 -19"><span class='ocrx_word' id='word_1_323' title='bbox 504 2561 751 2634; x_wconf 90' lang='lat' dir='ltr'><strong>ideoque</strong></span> <span class='ocrx_word' id='word_1_324' title='bbox 789 2560 1057 2617; x_wconf 90' lang='lat' dir='ltr'><strong>dicebat:</strong></span> <span class='ocrx_word' id='word_1_325' title='bbox 1090 2561 1170 2615; x_wconf 90' lang='lat' dir='ltr'><strong>De</strong></span> <span class='ocrx_word' id='word_1_326' title='bbox 1216 2574 1347 2615; x_wconf 90' lang='lat' dir='ltr'><strong>meo</strong></span> <span class='ocrx_word' id='word_1_327' title='bbox 1388 2559 1643 2631; x_wconf 90' lang='lat' dir='ltr'><strong>accipiet,</strong></span> <span class='ocrx_word' id='word_1_328' title='bbox 1674 2562 1733 2614; x_wconf 92' lang='lat' dir='ltr'><strong>et</strong></span> <span class='ocrx_word' id='word_1_329' title='bbox 1775 2559 2138 2615; x_wconf 90' lang='lat' dir='ltr'><strong>annuntiabit</strong></span> 
     </span>
    </p>
   </div>
   <div class='ocr_carea' id='block_1_42' title="bbox 500 2652 2135 2727">
    <p class='ocr_par' dir='ltr' id='par_1_42' title="bbox 500 2652 2135 2727">
     <span class='ocr_line' id='line_1_44' title="bbox 500 2652 2135 2727; baseline -0.001 -18"><span class='ocrx_word' id='word_1_330' title='bbox 500 2655 662 2710; x_wconf 90' lang='lat' dir='ltr'><strong>vobis</strong></span> <span class='ocrx_word' id='word_1_331' title='bbox 706 2654 913 2727; x_wconf 80' lang='lat' dir='ltr'><strong>(Ibid.).</strong></span> <span class='ocrx_word' id='word_1_332' title='bbox 940 2656 1309 2725; x_wconf 89' lang='lat' dir='ltr'><strong>Nequaquam</strong></span> <span class='ocrx_word' id='word_1_333' title='bbox 1353 2669 1487 2708; x_wconf 91' lang='lat' dir='ltr'><strong>vero</strong></span> <span class='ocrx_word' id='word_1_334' title='bbox 1526 2652 1959 2724; x_wconf 88' lang='lat' dir='ltr'><strong>participatione</strong></span> <span class='ocrx_word' id='word_1_335' title='bbox 1996 2654 2135 2708; x_wconf 88' lang='lat' dir='ltr'><strong>alte-</strong></span> 
     </span>
    </p>
   </div>
   <div class='ocr_carea' id='block_1_43' title="bbox 503 2746 2139 2818">
    <p class='ocr_par' dir='ltr' id='par_1_43' title="bbox 503 2746 2139 2818">
     <span class='ocr_line' id='line_1_45' title="bbox 503 2746 2139 2818; baseline -0.001 -15"><span class='ocrx_word' id='word_1_336' title='bbox 503 2748 620 2803; x_wconf 89' lang='lat' dir='ltr'><strong>rius</strong></span> <span class='ocrx_word' id='word_1_337' title='bbox 647 2748 799 2803; x_wconf 88' lang='lat' dir='ltr'><strong>idem</strong></span> <span class='ocrx_word' id='word_1_338' title='bbox 826 2747 1069 2818; x_wconf 88' lang='lat' dir='ltr'><strong>Spiritus</strong></span> <span class='ocrx_word' id='word_1_339' title='bbox 1096 2747 1326 2818; x_wconf 87' lang='lat' dir='ltr'><strong>sapiens</strong></span> <span class='ocrx_word' id='word_1_340' title='bbox 1368 2748 1469 2801; x_wconf 89' lang='lat' dir='ltr'><strong>aut</strong></span> <span class='ocrx_word' id='word_1_341' title='bbox 1502 2748 1705 2817; x_wconf 91' lang='lat' dir='ltr'><strong>potens</strong></span> <span class='ocrx_word' id='word_1_342' title='bbox 1747 2746 1972 2816; x_wconf 89' lang='lat' dir='ltr'><strong>dicitur,</strong></span> <span class='ocrx_word' id='word_1_343' title='bbox 2002 2746 2139 2818; x_wconf 88' lang='lat' dir='ltr'><strong>quia</strong></span> 
     </span>
    </p>
   </div>
   <div class='ocr_carea' id='block_1_44' title="bbox 506 2838 2137 2911">
    <p class='ocr_par' dir='ltr' id='par_1_44' title="bbox 506 2838 2137 2911">
     <span class='ocr_line' id='line_1_46' title="bbox 506 2838 2137 2911; baseline -0.001 -15"><span class='ocrx_word' id='word_1_344' title='bbox 506 2856 607 2911; x_wconf 88' lang='lat' dir='ltr'><strong>per</strong></span> <span class='ocrx_word' id='word_1_345' title='bbox 629 2840 823 2895; x_wconf 91' lang='lat' dir='ltr'><strong>omnia</strong></span> <span class='ocrx_word' id='word_1_346' title='bbox 846 2841 1133 2911; x_wconf 90' lang='lat' dir='ltr'><strong>perfectus</strong></span> <span class='ocrx_word' id='word_1_347' title='bbox 1160 2844 1263 2908; x_wconf 91' lang='lat' dir='ltr'><strong>est,</strong></span> <span class='ocrx_word' id='word_1_348' title='bbox 1295 2843 1352 2895; x_wconf 90' lang='lat' dir='ltr'><strong>et</strong></span> <span class='ocrx_word' id='word_1_349' title='bbox 1386 2838 1543 2894; x_wconf 90' lang='lat' dir='ltr'><strong>nullo</strong></span> <span class='ocrx_word' id='word_1_350' title='bbox 1590 2855 1823 2910; x_wconf 89' lang='lat' dir='ltr'><strong>prorsus</strong></span> <span class='ocrx_word' id='word_1_351' title='bbox 1874 2839 2137 2910; x_wconf 90' lang='lat' dir='ltr'><strong>indigens</strong></span> 
     </span>
    </p>
   </div>
   <div class='ocr_carea' id='block_1_45' title="bbox 503 2932 2138 3004">
    <p class='ocr_par' dir='ltr' id='par_1_45' title="bbox 503 2932 2138 3004">
     <span class='ocr_line' id='line_1_47' title="bbox 503 2932 2138 3004; baseline -0.001 -16"><span class='ocrx_word' id='word_1_352' title='bbox 503 2935 680 2989; x_wconf 88' lang='lat' dir='ltr'><strong>bono.</strong></span> <span class='ocrx_word' id='word_1_353' title='bbox 701 2935 842 2988; x_wconf 86' lang='lat' dir='ltr'><strong>Nam</strong></span> <span class='ocrx_word' id='word_1_354' title='bbox 862 2937 1117 3004; x_wconf 84' lang='lat' dir='ltr'><strong>paternae</strong></span> <span class='ocrx_word' id='word_1_355' title='bbox 1142 2932 1368 2988; x_wconf 89' lang='lat' dir='ltr'><strong>virtutis</strong></span> <span class='ocrx_word' id='word_1_356' title='bbox 1395 2935 1453 2986; x_wconf 91' lang='lat' dir='ltr'><strong>et</strong></span> <span class='ocrx_word' id='word_1_357' title='bbox 1470 2932 1777 3003; x_wconf 72' lang='lat' dir='ltr'><strong>sapientiae,</strong></span> <span class='ocrx_word' id='word_1_358' title='bbox 1806 2932 1866 2987; x_wconf 89' lang='lat' dir='ltr'><strong>id</strong></span> <span class='ocrx_word' id='word_1_359' title='bbox 1885 2937 1986 3002; x_wconf 89' lang='lat' dir='ltr'><strong>est,</strong></span> <span class='ocrx_word' id='word_1_360' title='bbox 2015 2933 2138 2988; x_wconf 82' lang='lat' dir='ltr'><strong>Filii</strong></span> 
     </span>
    </p>
   </div>
   <div class='ocr_carea' id='block_1_46' title="bbox 504 3025 2135 3098">
    <p class='ocr_par' dir='ltr' id='par_1_46' title="bbox 504 3025 2135 3098">
     <span class='ocr_line' id='line_1_48' title="bbox 504 3025 2135 3098; baseline -0.001 -15"><span class='ocrx_word' id='word_1_361' title='bbox 504 3027 748 3098; x_wconf 90' lang='lat' dir='ltr'><strong>Spiritus</strong></span> <span class='ocrx_word' id='word_1_362' title='bbox 765 3026 1034 3095; x_wconf 88' lang='lat' dir='ltr'><strong>creditur,</strong></span> <span class='ocrx_word' id='word_1_363' title='bbox 1047 3029 1106 3082; x_wconf 93' lang='lat' dir='ltr'><strong>et</strong></span> <span class='ocrx_word' id='word_1_364' title='bbox 1127 3026 1257 3081; x_wconf 91' lang='lat' dir='ltr'><strong>ideo</strong></span> <span class='ocrx_word' id='word_1_365' title='bbox 1274 3025 1395 3098; x_wconf 91' lang='lat' dir='ltr'><strong>ipse</strong></span> <span class='ocrx_word' id='word_1_366' title='bbox 1412 3041 1473 3082; x_wconf 86' lang='lat' dir='ltr'><strong>re</strong></span> <span class='ocrx_word' id='word_1_367' title='bbox 1491 3030 1549 3081; x_wconf 90' lang='lat' dir='ltr'><strong>et</strong></span> <span class='ocrx_word' id='word_1_368' title='bbox 1567 3025 1907 3082; x_wconf 89' lang='lat' dir='ltr'><strong>subsistente</strong></span> <span class='ocrx_word' id='word_1_369' title='bbox 1928 3026 2135 3082; x_wconf 89' lang='lat' dir='ltr'><strong>virtute</strong></span> 
     </span>
    </p>
   </div>
   <div class='ocr_carea' id='block_1_47' title="bbox 500 3118 2135 3192">
    <p class='ocr_par' dir='ltr' id='par_1_47' title="bbox 500 3118 2135 3192">
     <span class='ocr_line' id='line_1_49' title="bbox 500 3118 2135 3192; baseline 0.001 -18"><span class='ocrx_word' id='word_1_370' title='bbox 500 3122 680 3177; x_wconf 89' lang='lat' dir='ltr'><strong>virtus</strong></span> <span class='ocrx_word' id='word_1_371' title='bbox 707 3124 765 3175; x_wconf 89' lang='lat' dir='ltr'><strong>et</strong></span> <span class='ocrx_word' id='word_1_372' title='bbox 797 3118 1079 3192; x_wconf 88' lang='lat' dir='ltr'><strong>sapientia</strong></span> <span class='ocrx_word' id='word_1_373' title='bbox 1121 3119 1547 3191; x_wconf 87' lang='lat' dir='ltr'><strong>comprobatur.</strong></span> <span class='ocrx_word' id='word_1_374' title='bbox 1586 3119 1766 3192; x_wconf 88' lang='lat' dir='ltr'><strong>Igitur</strong></span> <span class='ocrx_word' id='word_1_375' title='bbox 1794 3119 1931 3192; x_wconf 87' lang='lat' dir='ltr'><strong>quia</strong></span> <span class='ocrx_word' id='word_1_376' title='bbox 1957 3122 2135 3176; x_wconf 90' lang='lat' dir='ltr'><strong>Deum</strong></span> 
     </span>
    </p>
   </div>
   <div class='ocr_carea' id='block_1_48' title="bbox 503 3212 2133 3286">
    <p class='ocr_par' dir='ltr' id='par_1_48' title="bbox 503 3212 2133 3286">
     <span class='ocr_line' id='line_1_50' title="bbox 503 3212 2133 3286; baseline -0.001 -16"><span class='ocrx_word' id='word_1_377' title='bbox 503 3230 671 3270; x_wconf 76' lang='lat' dir='ltr'><strong>carne</strong></span> <span class='ocrx_word' id='word_1_378' title='bbox 698 3213 926 3269; x_wconf 88' lang='lat' dir='ltr'><strong>unitum</strong></span> <span class='ocrx_word' id='word_1_379' title='bbox 944 3213 1110 3285; x_wconf 84' lang='lat' dir='ltr'><strong>juxta</strong></span> <span class='ocrx_word' id='word_1_380' title='bbox 1134 3212 1555 3269; x_wconf 89' lang='lat' dir='ltr'><strong>subsistentiam</strong></span> <span class='ocrx_word' id='word_1_381' title='bbox 1584 3217 1781 3269; x_wconf 89' lang='lat' dir='ltr'><strong>sancta</strong></span> <span class='ocrx_word' id='word_1_382' title='bbox 1806 3214 1979 3286; x_wconf 91' lang='lat' dir='ltr'><strong>Virgo</strong></span> <span class='ocrx_word' id='word_1_383' title='bbox 2008 3231 2133 3270; x_wconf 91' lang='lat' dir='ltr'><strong>cor-</strong></span> 
     </span>
    </p>
   </div>
   <div class='ocr_carea' id='block_1_49' title="bbox 504 3307 2136 3380">
    <p class='ocr_par' dir='ltr' id='par_1_49' title="bbox 504 3307 2136 3380">
     <span class='ocr_line' id='line_1_51' title="bbox 504 3307 2136 3380; baseline 0.001 -17"><span class='ocrx_word' id='word_1_384' title='bbox 504 3307 778 3380; x_wconf 87' lang='lat' dir='ltr'><strong>poraliter</strong></span> <span class='ocrx_word' id='word_1_385' title='bbox 803 3307 1042 3379; x_wconf 85' lang='lat' dir='ltr'><strong>peperit,</strong></span> <span class='ocrx_word' id='word_1_386' title='bbox 1074 3307 1284 3363; x_wconf 91' lang='lat' dir='ltr'><strong>idcirco</strong></span> <span class='ocrx_word' id='word_1_387' title='bbox 1331 3323 1460 3364; x_wconf 88' lang='lat' dir='ltr'><strong>eam</strong></span> <span class='ocrx_word' id='word_1_388' title='bbox 1502 3307 1603 3362; x_wconf 91' lang='lat' dir='ltr'><strong>Dei</strong></span> <span class='ocrx_word' id='word_1_389' title='bbox 1645 3307 1987 3363; x_wconf 90' lang='lat' dir='ltr'><strong>Genitricem</strong></span> <span class='ocrx_word' id='word_1_390' title='bbox 2015 3324 2136 3364; x_wconf 87' lang='lat' dir='ltr'><strong>esse</strong></span> 
     </span>
    </p>
   </div>
   <div class='ocr_carea' id='block_1_50' title="bbox 501 3399 2137 3473">
    <p class='ocr_par' dir='ltr' id='par_1_50' title="bbox 501 3399 2137 3473">
     <span class='ocr_line' id='line_1_52' title="bbox 501 3399 2137 3473; baseline 0 -18"><span class='ocrx_word' id='word_1_391' title='bbox 501 3400 860 3473; x_wconf 88' lang='lat' dir='ltr'><strong>proﬁtemur,</strong></span> <span class='ocrx_word' id='word_1_392' title='bbox 882 3416 1000 3457; x_wconf 92' lang='lat' dir='ltr'><strong>non</strong></span> <span class='ocrx_word' id='word_1_393' title='bbox 1030 3401 1188 3472; x_wconf 91' lang='lat' dir='ltr'><strong>quod</strong></span> <span class='ocrx_word' id='word_1_394' title='bbox 1206 3399 1376 3455; x_wconf 89' lang='lat' dir='ltr'><strong>Verbi</strong></span> <span class='ocrx_word' id='word_1_395' title='bbox 1395 3404 1602 3456; x_wconf 89' lang='lat' dir='ltr'><strong>natura</strong></span> <span class='ocrx_word' id='word_1_396' title='bbox 1628 3399 1902 3456; x_wconf 82' lang='lat' dir='ltr'><strong>existendi</strong></span> <span class='ocrx_word' id='word_1_397' title='bbox 1930 3400 2137 3472; x_wconf 88' lang='lat' dir='ltr'><strong>princi-</strong></span> 
     </span>
    </p>
   </div>
   <div class='ocr_carea' id='block_1_51' title="bbox 504 3493 2136 3566">
    <p class='ocr_par' dir='ltr' id='par_1_51' title="bbox 504 3493 2136 3566">
     <span class='ocr_line' id='line_1_53' title="bbox 504 3493 2136 3566; baseline 0.001 -18"><span class='ocrx_word' id='word_1_398' title='bbox 504 3495 664 3565; x_wconf 82' lang='lat' dir='ltr'><strong>pium</strong></span> <span class='ocrx_word' id='word_1_399' title='bbox 694 3510 753 3549; x_wconf 90' lang='lat' dir='ltr'><strong>se</strong></span> <span class='ocrx_word' id='word_1_400' title='bbox 781 3509 947 3550; x_wconf 87' lang='lat' dir='ltr'><strong>carne</strong></span> <span class='ocrx_word' id='word_1_401' title='bbox 988 3494 1180 3550; x_wconf 85' lang='lat' dir='ltr'><strong>sortita</strong></span> <span class='ocrx_word' id='word_1_402' title='bbox 1222 3494 1329 3550; x_wconf 89' lang='lat' dir='ltr'><strong>sit:</strong></span> <span class='ocrx_word' id='word_1_403' title='bbox 1368 3514 1395 3545; x_wconf 86' lang='grc'><strong>‹‹</strong></span> <span class='ocrx_word' id='word_1_404' title='bbox 1427 3496 1560 3550; x_wconf 87' lang='lat' dir='ltr'><strong>Erat</strong></span> <span class='ocrx_word' id='word_1_405' title='bbox 1586 3493 1743 3549; x_wconf 90' lang='lat' dir='ltr'><strong>enim</strong></span> <span class='ocrx_word' id='word_1_406' title='bbox 1769 3493 1829 3548; x_wconf 92' lang='lat' dir='ltr'><strong>in</strong></span> <span class='ocrx_word' id='word_1_407' title='bbox 1854 3493 2136 3566; x_wconf 91' lang='lat' dir='ltr'><strong>principio</strong></span> 
     </span>
    </p>
   </div>
   <div class='ocr_carea' id='block_1_52' title="bbox 500 3587 2135 3659">
    <p class='ocr_par' dir='ltr' id='par_1_52' title="bbox 500 3587 2135 3659">
     <span class='ocr_line' id='line_1_54' title="bbox 500 3587 2135 3659; baseline 0.001 -17"><span class='ocrx_word' id='word_1_408' title='bbox 500 3589 765 3659; x_wconf 87' lang='lat' dir='ltr'><strong>Verbum,</strong></span> <span class='ocrx_word' id='word_1_409' title='bbox 791 3591 849 3644; x_wconf 92' lang='lat' dir='ltr'><strong>et</strong></span> <span class='ocrx_word' id='word_1_410' title='bbox 872 3589 1020 3644; x_wconf 89' lang='lat' dir='ltr'><strong>Deus</strong></span> <span class='ocrx_word' id='word_1_411' title='bbox 1048 3590 1169 3644; x_wconf 90' lang='lat' dir='ltr'><strong>erat</strong></span> <span class='ocrx_word' id='word_1_412' title='bbox 1186 3589 1457 3657; x_wconf 90' lang='lat' dir='ltr'><strong>Verbum,</strong></span> <span class='ocrx_word' id='word_1_413' title='bbox 1481 3592 1537 3643; x_wconf 92' lang='lat' dir='ltr'><strong>et</strong></span> <span class='ocrx_word' id='word_1_414' title='bbox 1560 3587 1810 3643; x_wconf 90' lang='lat' dir='ltr'><strong>Verbum</strong></span> <span class='ocrx_word' id='word_1_415' title='bbox 1842 3592 1965 3643; x_wconf 91' lang='lat' dir='ltr'><strong>erat</strong></span> <span class='ocrx_word' id='word_1_416' title='bbox 1983 3589 2135 3659; x_wconf 91' lang='lat' dir='ltr'><strong>apud</strong></span> 
     </span>
    </p>
   </div>
   <div class='ocr_carea' id='block_1_53' title="bbox 504 3681 2137 3754">
    <p class='ocr_par' dir='ltr' id='par_1_53' title="bbox 504 3681 2137 3754">
     <span class='ocr_line' id='line_1_55' title="bbox 504 3681 2137 3754; baseline 0.001 -18"><span class='ocrx_word' id='word_1_417' title='bbox 504 3683 681 3737; x_wconf 87' lang='lat' dir='ltr'><strong>Deum</strong></span> <span class='ocrx_word' id='word_1_418' title='bbox 723 3681 900 3754; x_wconf 83' lang='lat' dir='ltr'><strong>(Joan.</strong></span> <span class='ocrx_word' id='word_1_419' title='bbox 946 3699 985 3752; x_wconf 81' lang='grc' dir='ltr'><strong>ι,</strong></span> <span class='ocrx_word' id='word_1_420' title='bbox 1031 3685 1102 3753; x_wconf 87' lang='grc'><strong>1),</strong></span> <span class='ocrx_word' id='word_1_421' title='bbox 1142 3704 1171 3732; x_wconf 85' lang='grc'>››</span> <span class='ocrx_word' id='word_1_422' title='bbox 1219 3686 1276 3737; x_wconf 92' lang='lat' dir='ltr'><strong>et</strong></span> <span class='ocrx_word' id='word_1_423' title='bbox 1319 3682 1442 3753; x_wconf 89' lang='lat' dir='ltr'><strong>ipse</strong></span> <span class='ocrx_word' id='word_1_424' title='bbox 1497 3681 1757 3737; x_wconf 85' lang='lat' dir='ltr'><strong>conditor</strong></span> <span class='ocrx_word' id='word_1_425' title='bbox 1802 3681 2137 3737; x_wconf 87' lang='lat' dir='ltr'><strong>saeculorum</strong></span> 
     </span>
    </p>
   </div>
   <div class='ocr_carea' id='block_1_54' title="bbox 504 3773 2137 3846">
    <p class='ocr_par' dir='ltr' id='par_1_54' title="bbox 504 3773 2137 3846">
     <span class='ocr_line' id='line_1_56' title="bbox 504 3773 2137 3846; baseline 0 -16"><span class='ocrx_word' id='word_1_426' title='bbox 504 3775 657 3830; x_wconf 88' lang='lat' dir='ltr'><strong>Patri</strong></span> <span class='ocrx_word' id='word_1_427' title='bbox 679 3778 998 3830; x_wconf 64' lang='lat' dir='ltr'><strong>comternus</strong></span> <span class='ocrx_word' id='word_1_428' title='bbox 1027 3777 1085 3828; x_wconf 90' lang='lat' dir='ltr'><strong>et</strong></span> <span class='ocrx_word' id='word_1_429' title='bbox 1109 3773 1495 3829; x_wconf 89' lang='lat' dir='ltr'><strong>universitatis</strong></span> <span class='ocrx_word' id='word_1_430' title='bbox 1525 3773 1806 3841; x_wconf 88' lang='lat' dir='ltr'><strong>conditor,</strong></span> <span class='ocrx_word' id='word_1_431' title='bbox 1834 3775 1951 3842; x_wconf 91' lang='lat' dir='ltr'><strong>sed,</strong></span> <span class='ocrx_word' id='word_1_432' title='bbox 1983 3776 2137 3846; x_wconf 92' lang='lat' dir='ltr'><strong>quod</strong></span> 
     </span>
    </p>
   </div>
   <div class='ocr_carea' id='block_1_55' title="bbox 503 3866 2136 3939">
    <p class='ocr_par' dir='ltr' id='par_1_55' title="bbox 503 3866 2136 3939">
     <span class='ocr_line' id='line_1_57' title="bbox 503 3866 2136 3939; baseline 0.001 -17"><span class='ocrx_word' id='word_1_433' title='bbox 503 3867 766 3939; x_wconf 87' lang='lat' dir='ltr'><strong>superius</strong></span> <span class='ocrx_word' id='word_1_434' title='bbox 790 3867 1052 3935; x_wconf 88' lang='lat' dir='ltr'><strong>diximus,</strong></span> <span class='ocrx_word' id='word_1_435' title='bbox 1063 3867 1230 3939; x_wconf 82' lang='lat' dir='ltr'><strong>juxta</strong></span> <span class='ocrx_word' id='word_1_436' title='bbox 1249 3866 1667 3922; x_wconf 89' lang='lat' dir='ltr'><strong>subsistentiam</strong></span> <span class='ocrx_word' id='word_1_437' title='bbox 1687 3866 1915 3922; x_wconf 91' lang='lat' dir='ltr'><strong>sibimet</strong></span> <span class='ocrx_word' id='word_1_438' title='bbox 1932 3866 2136 3924; x_wconf 91' lang='lat' dir='ltr'><strong>uniens</strong></span> 
     </span>
    </p>
   </div>
   <div class='ocr_carea' id='block_1_56' title="bbox 506 3959 2137 4034">
    <p class='ocr_par' dir='ltr' id='par_1_56' title="bbox 506 3959 2137 4034">
     <span class='ocr_line' id='line_1_58' title="bbox 506 3959 2137 4034; baseline 0.001 -19"><span class='ocrx_word' id='word_1_439' title='bbox 506 3962 819 4016; x_wconf 87' lang='lat' dir='ltr'><strong>humanam</strong></span> <span class='ocrx_word' id='word_1_440' title='bbox 853 3964 1121 4017; x_wconf 90' lang='lat' dir='ltr'><strong>naturam</strong></span> <span class='ocrx_word' id='word_1_441' title='bbox 1168 3959 1525 4016; x_wconf 90' lang='lat' dir='ltr'><strong>nativitatem</strong></span> <span class='ocrx_word' id='word_1_442' title='bbox 1567 3959 1872 4016; x_wconf 88' lang='lat' dir='ltr'><strong>sustineret</strong></span> <span class='ocrx_word' id='word_1_443' title='bbox 1915 3977 1980 4017; x_wconf 87' lang='lat' dir='ltr'><strong>ex</strong></span> <span class='ocrx_word' id='word_1_444' title='bbox 2017 3961 2137 4034; x_wconf 89' lang='lat' dir='ltr'><strong>ipsa</strong></span> 
     </span>
    </p>
   </div>
   <div class='ocr_carea' id='block_1_57' title="bbox 506 4054 2133 4131">
    <p class='ocr_par' dir='ltr' id='par_1_57' title="bbox 506 4054 2133 4131">
     <span class='ocr_line' id='line_1_59' title="bbox 506 4054 2133 4131; baseline 0.003 -25"><span class='ocrx_word' id='word_1_445' title='bbox 506 4054 671 4110; x_wconf 88' lang='lat' dir='ltr'><strong>vulva</strong></span> <span class='ocrx_word' id='word_1_446' title='bbox 698 4069 991 4131; x_wconf 76' lang='lat' dir='ltr'><strong>corporea.</strong></span> <span class='ocrx_word' id='word_1_447' title='bbox 1028 4056 1153 4111; x_wconf 90' lang='lat' dir='ltr'><strong>Non</strong></span> <span class='ocrx_word' id='word_1_448' title='bbox 1190 4054 1345 4127; x_wconf 90' lang='lat' dir='ltr'><strong>quod</strong></span> <span class='ocrx_word' id='word_1_449' title='bbox 1383 4055 1607 4127; x_wconf 87' lang='lat' dir='ltr'><strong>eguerit</strong></span> <span class='ocrx_word' id='word_1_450' title='bbox 1649 4054 1966 4111; x_wconf 89' lang='lat' dir='ltr'><strong>necessario</strong></span> <span class='ocrx_word' id='word_1_451' title='bbox 2003 4071 2133 4127; x_wconf 87' lang='lat' dir='ltr'><strong>pro-</strong></span> 
     </span>
    </p>
   </div>
   <div class='ocr_carea' id='block_1_58' title="bbox 506 4148 2136 4220">
    <p class='ocr_par' dir='ltr' id='par_1_58' title="bbox 506 4148 2136 4220">
     <span class='ocr_line' id='line_1_60' title="bbox 506 4148 2136 4220; baseline 0.001 -17"><span class='ocrx_word' id='word_1_452' title='bbox 506 4151 633 4218; x_wconf 85' lang='lat' dir='ltr'><strong>pter</strong></span> <span class='ocrx_word' id='word_1_453' title='bbox 658 4163 823 4204; x_wconf 89' lang='lat' dir='ltr'><strong>suam</strong></span> <span class='ocrx_word' id='word_1_454' title='bbox 854 4152 1122 4204; x_wconf 90' lang='lat' dir='ltr'><strong>naturam</strong></span> <span class='ocrx_word' id='word_1_455' title='bbox 1150 4148 1439 4205; x_wconf 87' lang='lat' dir='ltr'><strong>nativitate</strong></span> <span class='ocrx_word' id='word_1_456' title='bbox 1472 4165 1600 4220; x_wconf 87' lang='lat' dir='ltr'><strong>quae</strong></span> <span class='ocrx_word' id='word_1_457' title='bbox 1640 4153 1724 4204; x_wconf 90' lang='lat' dir='ltr'><strong>est</strong></span> <span class='ocrx_word' id='word_1_458' title='bbox 1758 4149 1822 4204; x_wconf 94' lang='lat' dir='ltr'><strong>in</strong></span> <span class='ocrx_word' id='word_1_459' title='bbox 1866 4150 2136 4205; x_wconf 84' lang='lat' dir='ltr'><strong>extremis</strong></span> 
     </span>
    </p>
   </div>
   <div class='ocr_carea' id='block_1_59' title="bbox 507 4242 2138 4315">
    <p class='ocr_par' dir='ltr' id='par_1_59' title="bbox 507 4242 2138 4315">
     <span class='ocr_line' id='line_1_61' title="bbox 507 4242 2138 4315; baseline 0.001 -17"><span class='ocrx_word' id='word_1_460' title='bbox 507 4242 699 4298; x_wconf 64' lang='lat' dir='ltr'><strong>saeculi</strong></span> <span class='ocrx_word' id='word_1_461' title='bbox 731 4242 883 4299; x_wconf 87' lang='lat' dir='ltr'><strong>facta</strong></span> <span class='ocrx_word' id='word_1_462' title='bbox 924 4243 1296 4314; x_wconf 88' lang='lat' dir='ltr'><strong>temporibus,</strong></span> <span class='ocrx_word' id='word_1_463' title='bbox 1329 4242 1442 4315; x_wconf 58' lang='lat' dir='ltr'><strong>sed,</strong></span> <span class='ocrx_word' id='word_1_464' title='bbox 1476 4246 1543 4299; x_wconf 91' lang='lat' dir='ltr'><strong>ut</strong></span> <span class='ocrx_word' id='word_1_465' title='bbox 1586 4243 1732 4315; x_wconf 90' lang='lat' dir='ltr'><strong>ipsas</strong></span> <span class='ocrx_word' id='word_1_466' title='bbox 1770 4243 2138 4299; x_wconf 91' lang='lat' dir='ltr'><strong>benediceret</strong></span> 
     </span>
    </p>
   </div>
   <div class='ocr_carea' id='block_1_60' title="bbox 506 4335 2136 4408">
    <p class='ocr_par' dir='ltr' id='par_1_60' title="bbox 506 4335 2136 4408">
     <span class='ocr_line' id='line_1_62' title="bbox 506 4335 2136 4408; baseline 0.002 -18"><span class='ocrx_word' id='word_1_467' title='bbox 506 4335 834 4391; x_wconf 63' lang='lat' dir='ltr'><strong>substantiae</strong></span> <span class='ocrx_word' id='word_1_468' title='bbox 863 4339 1068 4391; x_wconf 71' lang='lat' dir='ltr'><strong>nostrae</strong></span> <span class='ocrx_word' id='word_1_469' title='bbox 1104 4336 1407 4408; x_wconf 88' lang='lat' dir='ltr'><strong>primitias.</strong></span> <span class='ocrx_word' id='word_1_470' title='bbox 1438 4335 1525 4408; x_wconf 72' lang='grc' dir='ltr'><strong>ιΕι</strong></span> <span class='ocrx_word' id='word_1_471' title='bbox 1566 4337 1705 4392; x_wconf 92' lang='lat' dir='ltr'><strong>dum</strong></span> <span class='ocrx_word' id='word_1_472' title='bbox 1743 4338 1920 4392; x_wconf 90' lang='lat' dir='ltr'><strong>Deum</strong></span> <span class='ocrx_word' id='word_1_473' title='bbox 1964 4353 2136 4393; x_wconf 88' lang='lat' dir='ltr'><strong>carne</strong></span> 
     </span>
    </p>
   </div>
   <div class='ocr_carea' id='block_1_61' title="bbox 507 4429 2138 4503">
    <p class='ocr_par' dir='ltr' id='par_1_61' title="bbox 507 4429 2138 4503">
     <span class='ocr_line' id='line_1_63' title="bbox 507 4429 2138 4503; baseline 0.001 -19"><span class='ocrx_word' id='word_1_474' title='bbox 507 4430 734 4485; x_wconf 89' lang='lat' dir='ltr'><strong>unitum</strong></span> <span class='ocrx_word' id='word_1_475' title='bbox 749 4430 990 4485; x_wconf 75' lang='lat' dir='ltr'><strong>muliere</strong></span> <span class='ocrx_word' id='word_1_476' title='bbox 1008 4430 1297 4498; x_wconf 88' lang='lat' dir='ltr'><strong>edidisset,</strong></span> <span class='ocrx_word' id='word_1_477' title='bbox 1316 4429 1412 4486; x_wconf 90' lang='lat' dir='ltr'><strong>illa</strong></span> <span class='ocrx_word' id='word_1_478' title='bbox 1427 4429 1551 4503; x_wconf 50' lang='lat' dir='ltr'><strong>qua).</strong></span> <span class='ocrx_word' id='word_1_479' title='bbox 1566 4431 1832 4486; x_wconf 88' lang='lat' dir='ltr'><strong>adversus</strong></span> <span class='ocrx_word' id='word_1_480' title='bbox 1852 4447 2020 4486; x_wconf 90' lang='lat' dir='ltr'><strong>omne</strong></span> <span class='ocrx_word' id='word_1_481' title='bbox 2042 4448 2138 4503; x_wconf 85' lang='lat' dir='ltr'><strong>ge-</strong></span> 
     </span>
    </p>
   </div>
   <div class='ocr_carea' id='block_1_62' title="bbox 2234 1900 3880 2076">
    <p class='ocr_par' dir='ltr' id='par_1_62' title="bbox 2234 1900 3880 2076">
     <span class='ocr_line' id='line_1_64' title="bbox 2234 1900 3880 2076; baseline -0.004 -113"><span class='ocrx_word' id='word_1_482' title='bbox 2234 1924 2371 2076; x_wconf 67' lang='lat' dir='ltr'><strong>per/</strong></span> <span class='ocrx_word' id='word_1_483' title='bbox 2411 1906 2695 1963; x_wconf 87' lang='lat' dir='ltr'><strong>unitatem</strong></span> <span class='ocrx_word' id='word_1_484' title='bbox 2770 1905 2951 1963; x_wconf 84' lang='lat' dir='ltr'><strong>factus</strong></span> <span class='ocrx_word' id='word_1_485' title='bbox 3025 1908 3110 1961; x_wconf 90' lang='lat' dir='ltr'><strong>est</strong></span> <span class='ocrx_word' id='word_1_486' title='bbox 3169 1902 3503 1970; x_wconf 87' lang='lat' dir='ltr'><strong>naturalem,</strong></span> <span class='ocrx_word' id='word_1_487' title='bbox 3567 1900 3880 1960; x_wconf 86' lang='lat' dir='ltr'><strong>anathema</strong></span> 
     </span>
     <span class='ocr_line' id='line_1_65' title="bbox 2237 2001 2332 2058; baseline 0 -2"><span class='ocrx_word' id='word_1_488' title='bbox 2237 2001 2332 2058; x_wconf 89' lang='lat' dir='ltr'><strong>sit.</strong></span> 
     </span>
    </p>
   </div>
   <div class='ocr_carea' id='block_1_63' title="bbox 2237 2001 2332 2058">
    <p class='ocr_par' dir='ltr' id='par_1_63' title="bbox 2237 2001 2332 2058">
     <span class='ocr_line' id='line_1_66' title="bbox 2237 2001 2332 2058; baseline 0 -2"><span class='ocrx_word' id='word_1_489' title='bbox 2237 2001 2332 2058; x_wconf 89' lang='lat' dir='ltr'><strong>sit.</strong></span> 
     </span>
    </p>
   </div>
   <div class='ocr_carea' id='block_1_64' title="bbox 2309 2092 3879 2167">
    <p class='ocr_par' dir='ltr' id='par_1_64' title="bbox 2309 2092 3879 2167">
     <span class='ocr_line' id='line_1_67' title="bbox 2309 2092 3879 2167; baseline -0.001 -18"><span class='ocrx_word' id='word_1_490' title='bbox 2309 2098 2394 2151; x_wconf 92' lang='lat' dir='ltr'><strong>1V.</strong></span> <span class='ocrx_word' id='word_1_491' title='bbox 2428 2095 2486 2150; x_wconf 90' lang='lat' dir='ltr'><strong>Si</strong></span> <span class='ocrx_word' id='word_1_492' title='bbox 2538 2095 2664 2167; x_wconf 89' lang='lat' dir='ltr'><strong>quis</strong></span> <span class='ocrx_word' id='word_1_493' title='bbox 2692 2094 2955 2166; x_wconf 89' lang='lat' dir='ltr'><strong>personis</strong></span> <span class='ocrx_word' id='word_1_494' title='bbox 2984 2092 3204 2149; x_wconf 89' lang='lat' dir='ltr'><strong>duabus</strong></span> <span class='ocrx_word' id='word_1_495' title='bbox 3231 2092 3321 2148; x_wconf 87' lang='lat' dir='ltr'><strong>vel</strong></span> <span class='ocrx_word' id='word_1_496' title='bbox 3362 2092 3740 2148; x_wconf 88' lang='lat' dir='ltr'><strong>subsistentiis</strong></span> <span class='ocrx_word' id='word_1_497' title='bbox 3778 2109 3879 2148; x_wconf 87' lang='lat' dir='ltr'><strong>eas</strong></span> 
     </span>
    </p>
   </div>
   <div class='ocr_carea' id='block_1_65' title="bbox 2235 2186 3881 2260">
    <p class='ocr_par' dir='ltr' id='par_1_65' title="bbox 2235 2186 3881 2260">
     <span class='ocr_line' id='line_1_68' title="bbox 2235 2186 3881 2260; baseline -0.002 -16"><span class='ocrx_word' id='word_1_498' title='bbox 2235 2205 2421 2257; x_wconf 88' lang='lat' dir='ltr'><strong>voces,</strong></span> <span class='ocrx_word' id='word_1_499' title='bbox 2438 2205 2567 2260; x_wconf 64' lang='lat' dir='ltr'><strong>quae</strong></span> <span class='ocrx_word' id='word_1_500' title='bbox 2588 2189 2648 2243; x_wconf 95' lang='lat' dir='ltr'><strong>in</strong></span> <span class='ocrx_word' id='word_1_501' title='bbox 2670 2188 2992 2260; x_wconf 90' lang='lat' dir='ltr'><strong>apostolicis</strong></span> <span class='ocrx_word' id='word_1_502' title='bbox 3012 2186 3234 2259; x_wconf 88' lang='lat' dir='ltr'><strong>scriptis</strong></span> <span class='ocrx_word' id='word_1_503' title='bbox 3253 2187 3621 2242; x_wconf 89' lang='lat' dir='ltr'><strong>continentur</strong></span> <span class='ocrx_word' id='word_1_504' title='bbox 3640 2191 3697 2241; x_wconf 90' lang='lat' dir='ltr'><strong>et</strong></span> <span class='ocrx_word' id='word_1_505' title='bbox 3712 2203 3881 2241; x_wconf 85' lang='lat' dir='ltr'><strong>evan-</strong></span> 
     </span>
    </p>
   </div>
   <div class='ocr_carea' id='block_1_66' title="bbox 2240 2279 3879 2354">
    <p class='ocr_par' dir='ltr' id='par_1_66' title="bbox 2240 2279 3879 2354">
     <span class='ocr_line' id='line_1_69' title="bbox 2240 2279 3879 2354; baseline -0.002 -17"><span class='ocrx_word' id='word_1_506' title='bbox 2240 2282 2433 2354; x_wconf 90' lang='lat' dir='ltr'><strong>gelicis</strong></span> <span class='ocrx_word' id='word_1_507' title='bbox 2459 2282 2678 2350; x_wconf 87' lang='lat' dir='ltr'><strong>dividit,</strong></span> <span class='ocrx_word' id='word_1_508' title='bbox 2708 2282 2795 2337; x_wconf 90' lang='lat' dir='ltr'><strong>vel</strong></span> <span class='ocrx_word' id='word_1_509' title='bbox 2823 2298 2953 2352; x_wconf 67' lang='lat' dir='ltr'><strong>quae</strong></span> <span class='ocrx_word' id='word_1_510' title='bbox 2982 2281 3052 2335; x_wconf 91' lang='lat' dir='ltr'><strong>de</strong></span> <span class='ocrx_word' id='word_1_511' title='bbox 3079 2281 3300 2335; x_wconf 88' lang='lat' dir='ltr'><strong>Christo</strong></span> <span class='ocrx_word' id='word_1_512' title='bbox 3325 2280 3591 2335; x_wconf 90' lang='lat' dir='ltr'><strong>dicuntur</strong></span> <span class='ocrx_word' id='word_1_513' title='bbox 3613 2296 3648 2333; x_wconf 90' lang='lat' dir='ltr'><strong>a</strong></span> <span class='ocrx_word' id='word_1_514' title='bbox 3666 2279 3879 2335; x_wconf 90' lang='lat' dir='ltr'><strong>sanctis</strong></span> 
     </span>
    </p>
   </div>
   <div class='ocr_carea' id='block_1_67' title="bbox 2236 2373 3873 2447">
    <p class='ocr_par' dir='ltr' id='par_1_67' title="bbox 2236 2373 3873 2447">
     <span class='ocr_line' id='line_1_70' title="bbox 2236 2373 3873 2447; baseline -0.001 -17"><span class='ocrx_word' id='word_1_515' title='bbox 2236 2376 2324 2431; x_wconf 90' lang='lat' dir='ltr'><strong>vel</strong></span> <span class='ocrx_word' id='word_1_516' title='bbox 2365 2375 2436 2430; x_wconf 90' lang='lat' dir='ltr'><strong>ab</strong></span> <span class='ocrx_word' id='word_1_517' title='bbox 2479 2375 2621 2447; x_wconf 91' lang='lat' dir='ltr'><strong>ipso,</strong></span> <span class='ocrx_word' id='word_1_518' title='bbox 2651 2377 2707 2430; x_wconf 92' lang='lat' dir='ltr'><strong>et</strong></span> <span class='ocrx_word' id='word_1_519' title='bbox 2751 2374 2972 2446; x_wconf 88' lang='lat' dir='ltr'><strong>aliquas</strong></span> <span class='ocrx_word' id='word_1_520' title='bbox 3021 2373 3259 2446; x_wconf 90' lang='lat' dir='ltr'><strong>quidem</strong></span> <span class='ocrx_word' id='word_1_521' title='bbox 3303 2390 3373 2428; x_wconf 89' lang='lat' dir='ltr'><strong>ex</strong></span> <span class='ocrx_word' id='word_1_522' title='bbox 3425 2373 3514 2428; x_wconf 91' lang='lat' dir='ltr'><strong>his</strong></span> <span class='ocrx_word' id='word_1_523' title='bbox 3559 2374 3714 2428; x_wconf 91' lang='lat' dir='ltr'><strong>velut</strong></span> <span class='ocrx_word' id='word_1_524' title='bbox 3761 2373 3873 2428; x_wconf 91' lang='lat' dir='ltr'><strong>ho-</strong></span> 
     </span>
    </p>
   </div>
   <div class='ocr_carea' id='block_1_68' title="bbox 2236 2466 3880 2541">
    <p class='ocr_par' dir='ltr' id='par_1_68' title="bbox 2236 2466 3880 2541">
     <span class='ocr_line' id='line_1_71' title="bbox 2236 2466 3880 2541; baseline -0.001 -18"><span class='ocrx_word' id='word_1_525' title='bbox 2236 2469 2379 2524; x_wconf 91' lang='lat' dir='ltr'><strong>mini</strong></span> <span class='ocrx_word' id='word_1_526' title='bbox 2416 2470 2513 2541; x_wconf 93' lang='lat' dir='ltr'><strong>qui</strong></span> <span class='ocrx_word' id='word_1_527' title='bbox 2557 2473 2769 2541; x_wconf 69' lang='lat' dir='ltr'><strong>praater</strong></span> <span class='ocrx_word' id='word_1_528' title='bbox 2800 2468 2895 2522; x_wconf 92' lang='lat' dir='ltr'><strong>Dei</strong></span> <span class='ocrx_word' id='word_1_529' title='bbox 2922 2467 3174 2523; x_wconf 86' lang='lat' dir='ltr'><strong>Verbum</strong></span> <span class='ocrx_word' id='word_1_530' title='bbox 3231 2466 3553 2538; x_wconf 90' lang='lat' dir='ltr'><strong>specialiter</strong></span> <span class='ocrx_word' id='word_1_531' title='bbox 3590 2466 3880 2537; x_wconf 83' lang='lat' dir='ltr'><strong>intelliga-</strong></span> 
     </span>
    </p>
   </div>
   <div class='ocr_carea' id='block_1_69' title="bbox 2236 2559 3874 2634">
    <p class='ocr_par' dir='ltr' id='par_1_69' title="bbox 2236 2559 3874 2634">
     <span class='ocr_line' id='line_1_72' title="bbox 2236 2559 3874 2634; baseline -0.002 -17"><span class='ocrx_word' id='word_1_532' title='bbox 2236 2566 2331 2617; x_wconf 89' lang='lat' dir='ltr'><strong>tur</strong></span> <span class='ocrx_word' id='word_1_533' title='bbox 2360 2562 2655 2634; x_wconf 89' lang='lat' dir='ltr'><strong>aptaverit,</strong></span> <span class='ocrx_word' id='word_1_534' title='bbox 2684 2561 2809 2616; x_wconf 89' lang='lat' dir='ltr'><strong>illas</strong></span> <span class='ocrx_word' id='word_1_535' title='bbox 2837 2565 3031 2617; x_wconf 88' lang='lat' dir='ltr'><strong>autem</strong></span> <span class='ocrx_word' id='word_1_536' title='bbox 3068 2565 3343 2631; x_wconf 87' lang='lat' dir='ltr'><strong>tanquam</strong></span> <span class='ocrx_word' id='word_1_537' title='bbox 3367 2559 3569 2631; x_wconf 88' lang='lat' dir='ltr'><strong>dignas</strong></span> <span class='ocrx_word' id='word_1_538' title='bbox 3596 2561 3713 2615; x_wconf 92' lang='lat' dir='ltr'><strong>Deo</strong></span> <span class='ocrx_word' id='word_1_539' title='bbox 3744 2560 3874 2628; x_wconf 89' lang='lat' dir='ltr'><strong>soli,</strong></span> 
     </span>
    </p>
   </div>
   <div class='ocr_carea' id='block_1_70' title="bbox 2236 2653 3640 2726">
    <p class='ocr_par' dir='ltr' id='par_1_70' title="bbox 2236 2653 3640 2726">
     <span class='ocr_line' id='line_1_73' title="bbox 2236 2653 3640 2726; baseline -0.001 -16"><span class='ocrx_word' id='word_1_540' title='bbox 2236 2656 2334 2711; x_wconf 90' lang='lat' dir='ltr'><strong>Dei</strong></span> <span class='ocrx_word' id='word_1_541' title='bbox 2365 2656 2542 2710; x_wconf 88' lang='lat' dir='ltr'><strong>Patris</strong></span> <span class='ocrx_word' id='word_1_542' title='bbox 2569 2655 2774 2724; x_wconf 87' lang='lat' dir='ltr'><strong>Verbo,</strong></span> <span class='ocrx_word' id='word_1_543' title='bbox 2809 2653 3185 2726; x_wconf 90' lang='lat' dir='ltr'><strong>deputaverit,</strong></span> <span class='ocrx_word' id='word_1_544' title='bbox 3217 2654 3523 2708; x_wconf 89' lang='lat' dir='ltr'><strong>anathema</strong></span> <span class='ocrx_word' id='word_1_545' title='bbox 3550 2653 3640 2709; x_wconf 89' lang='lat' dir='ltr'><strong>sit.</strong></span> 
     </span>
    </p>
   </div>
   <div class='ocr_carea' id='block_1_71' title="bbox 2311 2746 3875 2821">
    <p class='ocr_par' dir='ltr' id='par_1_71' title="bbox 2311 2746 3875 2821">
     <span class='ocr_line' id='line_1_74' title="bbox 2311 2746 3875 2821; baseline -0.002 -16"><span class='ocrx_word' id='word_1_546' title='bbox 2311 2748 2425 2821; x_wconf 78' lang='grc'><strong>71</strong></span> <span class='ocrx_word' id='word_1_547' title='bbox 2466 2751 2528 2805; x_wconf 91' lang='lat' dir='ltr'><strong>V.</strong></span> <span class='ocrx_word' id='word_1_548' title='bbox 2558 2749 2615 2805; x_wconf 95' lang='lat' dir='ltr'><strong>Si</strong></span> <span class='ocrx_word' id='word_1_549' title='bbox 2640 2749 2767 2821; x_wconf 89' lang='lat' dir='ltr'><strong>quis</strong></span> <span class='ocrx_word' id='word_1_550' title='bbox 2795 2748 3003 2803; x_wconf 88' lang='lat' dir='ltr'><strong>audeat</strong></span> <span class='ocrx_word' id='word_1_551' title='bbox 3032 2747 3219 2803; x_wconf 86' lang='lat' dir='ltr'><strong>dicere</strong></span> <span class='ocrx_word' id='word_1_552' title='bbox 3251 2747 3549 2803; x_wconf 90' lang='lat' dir='ltr'><strong>hominem</strong></span> <span class='ocrx_word' id='word_1_553' title='bbox 3584 2746 3875 2802; x_wconf 91' lang='lat' dir='ltr'><strong>Christum</strong></span> 
     </span>
    </p>
   </div>
   <div class='ocr_carea' id='block_1_72' title="bbox 2236 2840 3877 2915">
    <p class='ocr_par' dir='ltr' id='par_1_72' title="bbox 2236 2840 3877 2915">
     <span class='ocr_line' id='line_1_75' title="bbox 2236 2840 3877 2915; baseline -0.001 -17"><span class='ocrx_word' id='word_1_554' title='bbox 2236 2843 2621 2915; x_wconf 88' lang='lat' dir='ltr'><strong>theophoron,</strong></span> <span class='ocrx_word' id='word_1_555' title='bbox 2646 2843 2703 2898; x_wconf 92' lang='lat' dir='ltr'><strong>id</strong></span> <span class='ocrx_word' id='word_1_556' title='bbox 2733 2848 2819 2898; x_wconf 89' lang='lat' dir='ltr'><strong>est</strong></span> <span class='ocrx_word' id='word_1_557' title='bbox 2860 2841 3163 2909; x_wconf 90' lang='lat' dir='ltr'><strong>deiferum,</strong></span> <span class='ocrx_word' id='word_1_558' title='bbox 3190 2858 3255 2896; x_wconf 91' lang='lat' dir='ltr'><strong>ac</strong></span> <span class='ocrx_word' id='word_1_559' title='bbox 3297 2857 3416 2896; x_wconf 94' lang='lat' dir='ltr'><strong>non</strong></span> <span class='ocrx_word' id='word_1_560' title='bbox 3458 2840 3648 2913; x_wconf 89' lang='lat' dir='ltr'><strong>potius</strong></span> <span class='ocrx_word' id='word_1_561' title='bbox 3692 2842 3877 2897; x_wconf 90' lang='lat' dir='ltr'><strong>Deum</strong></span> 
     </span>
    </p>
   </div>
   <div class='ocr_carea' id='block_1_73' title="bbox 2238 2934 3879 3007">
    <p class='ocr_par' dir='ltr' id='par_1_73' title="bbox 2238 2934 3879 3007">
     <span class='ocr_line' id='line_1_76' title="bbox 2238 2934 3879 3007; baseline -0.001 -16"><span class='ocrx_word' id='word_1_562' title='bbox 2238 2952 2359 2991; x_wconf 90' lang='lat' dir='ltr'><strong>esse</strong></span> <span class='ocrx_word' id='word_1_563' title='bbox 2384 2937 2661 2992; x_wconf 90' lang='lat' dir='ltr'><strong>veraciter</strong></span> <span class='ocrx_word' id='word_1_564' title='bbox 2687 2935 2912 3003; x_wconf 85' lang='lat' dir='ltr'><strong>dixerit,</strong></span> <span class='ocrx_word' id='word_1_565' title='bbox 2942 2938 3222 3007; x_wconf 89' lang='lat' dir='ltr'><strong>tanquam</strong></span> <span class='ocrx_word' id='word_1_566' title='bbox 3254 2934 3454 2990; x_wconf 89' lang='lat' dir='ltr'><strong>Filium</strong></span> <span class='ocrx_word' id='word_1_567' title='bbox 3480 2952 3584 3006; x_wconf 89' lang='lat' dir='ltr'><strong>per</strong></span> <span class='ocrx_word' id='word_1_568' title='bbox 3608 2939 3879 2990; x_wconf 90' lang='lat' dir='ltr'><strong>naturam</strong></span> 
     </span>
    </p>
   </div>
   <div class='ocr_carea' id='block_1_74' title="bbox 2237 3029 3874 3102">
    <p class='ocr_par' dir='ltr' id='par_1_74' title="bbox 2237 3029 3874 3102">
     <span class='ocr_line' id='line_1_77' title="bbox 2237 3029 3874 3102; baseline 0 -19"><span class='ocrx_word' id='word_1_569' title='bbox 2237 3029 2551 3085; x_wconf 90' lang='lat' dir='ltr'><strong>secundum</strong></span> <span class='ocrx_word' id='word_1_570' title='bbox 2589 3030 2745 3102; x_wconf 91' lang='lat' dir='ltr'><strong>quod</strong></span> <span class='ocrx_word' id='word_1_571' title='bbox 2786 3030 3021 3087; x_wconf 81' lang='lat' dir='ltr'><strong>Verbum</strong></span> <span class='ocrx_word' id='word_1_572' title='bbox 3065 3031 3279 3097; x_wconf 84' lang='lat' dir='ltr'><strong>factum</strong></span> <span class='ocrx_word' id='word_1_573' title='bbox 3323 3032 3402 3084; x_wconf 83' lang='lat' dir='ltr'><strong>est</strong></span> <span class='ocrx_word' id='word_1_574' title='bbox 3438 3044 3584 3092; x_wconf 84' lang='lat' dir='ltr'><strong>caro,</strong></span> <span class='ocrx_word' id='word_1_575' title='bbox 3617 3031 3676 3083; x_wconf 91' lang='lat' dir='ltr'><strong>et</strong></span> <span class='ocrx_word' id='word_1_576' title='bbox 3716 3045 3874 3083; x_wconf 90' lang='lat' dir='ltr'><strong>com-</strong></span> 
     </span>
    </p>
   </div>
   <div class='ocr_carea' id='block_1_75' title="bbox 2238 3121 3876 3193">
    <p class='ocr_par' dir='ltr' id='par_1_75' title="bbox 2238 3121 3876 3193">
     <span class='ocr_line' id='line_1_78' title="bbox 2238 3121 3876 3193; baseline 0 -16"><span class='ocrx_word' id='word_1_577' title='bbox 2238 3122 2550 3178; x_wconf 89' lang='lat' dir='ltr'><strong>municavit</strong></span> <span class='ocrx_word' id='word_1_578' title='bbox 2597 3123 2859 3179; x_wconf 91' lang='lat' dir='ltr'><strong>similiter</strong></span> <span class='ocrx_word' id='word_1_579' title='bbox 2891 3127 2953 3177; x_wconf 90' lang='lat' dir='ltr'><strong>ut</strong></span> <span class='ocrx_word' id='word_1_580' title='bbox 2983 3138 3089 3178; x_wconf 87' lang='lat' dir='ltr'><strong>nos</strong></span> <span class='ocrx_word' id='word_1_581' title='bbox 3134 3122 3292 3178; x_wconf 90' lang='lat' dir='ltr'><strong>carni</strong></span> <span class='ocrx_word' id='word_1_582' title='bbox 3335 3125 3393 3178; x_wconf 87' lang='lat' dir='ltr'><strong>et</strong></span> <span class='ocrx_word' id='word_1_583' title='bbox 3420 3121 3705 3193; x_wconf 87' lang='lat' dir='ltr'><strong>sanguini,</strong></span> <span class='ocrx_word' id='word_1_584' title='bbox 3737 3138 3876 3178; x_wconf 88' lang='lat' dir='ltr'><strong>ana-</strong></span> 
     </span>
    </p>
   </div>
   <div class='ocr_carea' id='block_1_76' title="bbox 2235 3206 2927 3273">
    <p class='ocr_par' dir='ltr' id='par_1_76' title="bbox 2235 3206 2927 3273">
     <span class='ocr_line' id='line_1_79' title="bbox 2235 3206 2927 3273; baseline -0.004 -1"><span class='ocrx_word' id='word_1_585' title='bbox 2235 3216 2430 3272; x_wconf 89' lang='lat' dir='ltr'><strong>thema</strong></span> <span class='ocrx_word' id='word_1_586' title='bbox 2458 3216 2550 3273; x_wconf 90' lang='lat' dir='ltr'><strong>sit.</strong></span> <span class='ocrx_word' id='word_1_587' title='bbox 2918 3206 2927 3215; x_wconf 65' lang='grc'><em>’</em></span> 
     </span>
    </p>
   </div>
   <div class='ocr_carea' id='block_1_77' title="bbox 2306 3308 3876 3382">
    <p class='ocr_par' dir='ltr' id='par_1_77' title="bbox 2306 3308 3876 3382">
     <span class='ocr_line' id='line_1_80' title="bbox 2306 3308 3876 3382; baseline 0.002 -19"><span class='ocrx_word' id='word_1_588' title='bbox 2306 3312 2391 3366; x_wconf 93' lang='lat' dir='ltr'><strong>VI.</strong></span> <span class='ocrx_word' id='word_1_589' title='bbox 2422 3311 2477 3366; x_wconf 93' lang='lat' dir='ltr'><strong>Si</strong></span> <span class='ocrx_word' id='word_1_590' title='bbox 2500 3309 2626 3382; x_wconf 91' lang='lat' dir='ltr'><strong>quis</strong></span> <span class='ocrx_word' id='word_1_591' title='bbox 2654 3308 2787 3365; x_wconf 90' lang='lat' dir='ltr'><strong>dicit</strong></span> <span class='ocrx_word' id='word_1_592' title='bbox 2813 3310 2994 3365; x_wconf 90' lang='lat' dir='ltr'><strong>Deum</strong></span> <span class='ocrx_word' id='word_1_593' title='bbox 3037 3325 3156 3365; x_wconf 90' lang='lat' dir='ltr'><strong>esse</strong></span> <span class='ocrx_word' id='word_1_594' title='bbox 3184 3310 3269 3366; x_wconf 92' lang='lat' dir='ltr'><strong>vel</strong></span> <span class='ocrx_word' id='word_1_595' title='bbox 3317 3309 3625 3365; x_wconf 81' lang='lat' dir='ltr'><strong>Dominum</strong></span> <span class='ocrx_word' id='word_1_596' title='bbox 3662 3310 3876 3366; x_wconf 88' lang='lat' dir='ltr'><strong>Christi</strong></span> 
     </span>
    </p>
   </div>
   <div class='ocr_carea' id='block_1_78' title="bbox 2236 3403 3875 3474">
    <p class='ocr_par' dir='ltr' id='par_1_78' title="bbox 2236 3403 3875 3474">
     <span class='ocr_line' id='line_1_81' title="bbox 2236 3403 3875 3474; baseline 0 -15"><span class='ocrx_word' id='word_1_597' title='bbox 2236 3404 2339 3459; x_wconf 90' lang='lat' dir='ltr'><strong>Dei</strong></span> <span class='ocrx_word' id='word_1_598' title='bbox 2376 3404 2555 3458; x_wconf 87' lang='lat' dir='ltr'><strong>Patris</strong></span> <span class='ocrx_word' id='word_1_599' title='bbox 2584 3404 2851 3471; x_wconf 90' lang='lat' dir='ltr'><strong>Verbum,</strong></span> <span class='ocrx_word' id='word_1_600' title='bbox 2882 3407 2940 3459; x_wconf 93' lang='lat' dir='ltr'><strong>et</strong></span> <span class='ocrx_word' id='word_1_601' title='bbox 2978 3420 3096 3458; x_wconf 90' lang='lat' dir='ltr'><strong>non</strong></span> <span class='ocrx_word' id='word_1_602' title='bbox 3139 3404 3325 3474; x_wconf 86' lang='lat' dir='ltr'><strong>magis</strong></span> <span class='ocrx_word' id='word_1_603' title='bbox 3368 3404 3639 3459; x_wconf 91' lang='lat' dir='ltr'><strong>eumdem</strong></span> <span class='ocrx_word' id='word_1_604' title='bbox 3683 3403 3875 3474; x_wconf 89' lang='lat' dir='ltr'><strong>ipsum</strong></span> 
     </span>
    </p>
   </div>
   <div class='ocr_carea' id='block_1_79' title="bbox 2237 3497 3875 3569">
    <p class='ocr_par' dir='ltr' id='par_1_79' title="bbox 2237 3497 3875 3569">
     <span class='ocr_line' id='line_1_82' title="bbox 2237 3497 3875 3569; baseline -0.001 -16"><span class='ocrx_word' id='word_1_605' title='bbox 2237 3499 2539 3553; x_wconf 85' lang='lat' dir='ltr'><strong>conﬁtetur</strong></span> <span class='ocrx_word' id='word_1_606' title='bbox 2566 3498 2746 3552; x_wconf 90' lang='lat' dir='ltr'><strong>Deum</strong></span> <span class='ocrx_word' id='word_1_607' title='bbox 2769 3497 2937 3552; x_wconf 90' lang='lat' dir='ltr'><strong>simul</strong></span> <span class='ocrx_word' id='word_1_608' title='bbox 2971 3500 3028 3552; x_wconf 90' lang='lat' dir='ltr'><strong>et</strong></span> <span class='ocrx_word' id='word_1_609' title='bbox 3051 3497 3344 3553; x_wconf 88' lang='lat' dir='ltr'><strong>hominem</strong></span> <span class='ocrx_word' id='word_1_610' title='bbox 3396 3501 3697 3568; x_wconf 87' lang='lat' dir='ltr'><strong>propterea</strong></span> <span class='ocrx_word' id='word_1_611' title='bbox 3720 3498 3875 3569; x_wconf 88' lang='lat' dir='ltr'><strong>quod</strong></span> 
     </span>
    </p>
   </div>
   <div class='ocr_carea' id='block_1_80' title="bbox 2241 3591 3875 3663">
    <p class='ocr_par' dir='ltr' id='par_1_80' title="bbox 2241 3591 3875 3663">
     <span class='ocr_line' id='line_1_83' title="bbox 2241 3591 3875 3663; baseline -0.002 -14"><span class='ocrx_word' id='word_1_612' title='bbox 2241 3593 2475 3649; x_wconf 74' lang='lat' dir='ltr'><strong>Verbum</strong></span> <span class='ocrx_word' id='word_1_613' title='bbox 2508 3607 2631 3647; x_wconf 85' lang='lat' dir='ltr'><strong>caro</strong></span> <span class='ocrx_word' id='word_1_614' title='bbox 2662 3592 2873 3659; x_wconf 83' lang='lat' dir='ltr'><strong>factum</strong></span> <span class='ocrx_word' id='word_1_615' title='bbox 2907 3595 2984 3647; x_wconf 86' lang='lat' dir='ltr'><strong>est</strong></span> <span class='ocrx_word' id='word_1_616' title='bbox 3014 3591 3327 3646; x_wconf 90' lang='lat' dir='ltr'><strong>secundum</strong></span> <span class='ocrx_word' id='word_1_617' title='bbox 3364 3591 3703 3663; x_wconf 89' lang='lat' dir='ltr'><strong>Scripturas,</strong></span> <span class='ocrx_word' id='word_1_618' title='bbox 3740 3607 3875 3646; x_wconf 83' lang='lat' dir='ltr'><strong>ana-</strong></span> 
     </span>
    </p>
   </div>
   <div class='ocr_carea' id='block_1_81' title="bbox 2236 3685 2561 3740">
    <p class='ocr_par' dir='ltr' id='par_1_81' title="bbox 2236 3685 2561 3740">
     <span class='ocr_line' id='line_1_84' title="bbox 2236 3685 2561 3740; baseline -0.003 0"><span class='ocrx_word' id='word_1_619' title='bbox 2236 3685 2430 3740; x_wconf 86' lang='lat' dir='ltr'><strong>thema</strong></span> <span class='ocrx_word' id='word_1_620' title='bbox 2466 3685 2561 3740; x_wconf 89' lang='lat' dir='ltr'><strong>sit.</strong></span> 
     </span>
    </p>
   </div>
   <div class='ocr_carea' id='block_1_82' title="bbox 2306 3776 3872 3850">
    <p class='ocr_par' dir='ltr' id='par_1_82' title="bbox 2306 3776 3872 3850">
     <span class='ocr_line' id='line_1_85' title="bbox 2306 3776 3872 3850; baseline 0.001 -18"><span class='ocrx_word' id='word_1_621' title='bbox 2306 3780 2414 3833; x_wconf 90' lang='lat' dir='ltr'><strong>VII.</strong></span> <span class='ocrx_word' id='word_1_622' title='bbox 2444 3779 2498 3834; x_wconf 92' lang='lat' dir='ltr'><strong>Si</strong></span> <span class='ocrx_word' id='word_1_623' title='bbox 2524 3777 2648 3850; x_wconf 90' lang='lat' dir='ltr'><strong>quis</strong></span> <span class='ocrx_word' id='word_1_624' title='bbox 2686 3778 2839 3833; x_wconf 91' lang='lat' dir='ltr'><strong>velut</strong></span> <span class='ocrx_word' id='word_1_625' title='bbox 2872 3776 3167 3833; x_wconf 90' lang='lat' dir='ltr'><strong>hominem</strong></span> <span class='ocrx_word' id='word_1_626' title='bbox 3202 3780 3414 3846; x_wconf 85' lang='lat' dir='ltr'><strong>Jesum,</strong></span> <span class='ocrx_word' id='word_1_627' title='bbox 3445 3781 3719 3849; x_wconf 88' lang='lat' dir='ltr'><strong>operante</strong></span> <span class='ocrx_word' id='word_1_628' title='bbox 3754 3780 3872 3835; x_wconf 89' lang='lat' dir='ltr'><strong>Deo</strong></span> 
     </span>
    </p>
   </div>
   <div class='ocr_carea' id='block_1_83' title="bbox 2238 3870 3872 3944">
    <p class='ocr_par' dir='ltr' id='par_1_83' title="bbox 2238 3870 3872 3944">
     <span class='ocr_line' id='line_1_86' title="bbox 2238 3870 3872 3944; baseline 0.001 -19"><span class='ocrx_word' id='word_1_629' title='bbox 2238 3872 2437 3939; x_wconf 90' lang='lat' dir='ltr'><strong>Verbo,</strong></span> <span class='ocrx_word' id='word_1_630' title='bbox 2467 3870 2603 3926; x_wconf 92' lang='lat' dir='ltr'><strong>dicit</strong></span> <span class='ocrx_word' id='word_1_631' title='bbox 2628 3871 2891 3941; x_wconf 90' lang='lat' dir='ltr'><strong>adjutum</strong></span> <span class='ocrx_word' id='word_1_632' title='bbox 2929 3876 2987 3927; x_wconf 90' lang='lat' dir='ltr'><strong>et</strong></span> <span class='ocrx_word' id='word_1_633' title='bbox 3008 3871 3293 3942; x_wconf 89' lang='lat' dir='ltr'><strong>unigeniti</strong></span> <span class='ocrx_word' id='word_1_634' title='bbox 3331 3871 3571 3941; x_wconf 83' lang='lat' dir='ltr'><strong>gloriam</strong></span> <span class='ocrx_word' id='word_1_635' title='bbox 3596 3875 3872 3944; x_wconf 87' lang='lat' dir='ltr'><strong>tanquam</strong></span> 
     </span>
    </p>
   </div>
   <div class='ocr_carea' id='block_1_84' title="bbox 2235 3964 3674 4037">
    <p class='ocr_par' dir='ltr' id='par_1_84' title="bbox 2235 3964 3674 4037">
     <span class='ocr_line' id='line_1_87' title="bbox 2235 3964 3674 4037; baseline 0 -17"><span class='ocrx_word' id='word_1_636' title='bbox 2235 3969 2470 4037; x_wconf 90' lang='lat' dir='ltr'><strong>propter</strong></span> <span class='ocrx_word' id='word_1_637' title='bbox 2497 3965 2686 4036; x_wconf 89' lang='lat' dir='ltr'><strong>ipsum</strong></span> <span class='ocrx_word' id='word_1_638' title='bbox 2713 3964 2982 4021; x_wconf 86' lang='lat' dir='ltr'><strong>existenti</strong></span> <span class='ocrx_word' id='word_1_639' title='bbox 3008 3964 3224 4031; x_wconf 88' lang='lat' dir='ltr'><strong>tribuit,</strong></span> <span class='ocrx_word' id='word_1_640' title='bbox 3252 3966 3554 4020; x_wconf 89' lang='lat' dir='ltr'><strong>anathema</strong></span> <span class='ocrx_word' id='word_1_641' title='bbox 3583 3965 3674 4020; x_wconf 89' lang='lat' dir='ltr'><strong>sit.</strong></span> 
     </span>
    </p>
   </div>
   <div class='ocr_carea' id='block_1_85' title="bbox 2204 4058 3872 4135">
    <p class='ocr_par' dir='ltr' id='par_1_85' title="bbox 2204 4058 3872 4135">
     <span class='ocr_line' id='line_1_88' title="bbox 2204 4058 3872 4135; baseline 0.002 -23"><span class='ocrx_word' id='word_1_642' title='bbox 2204 4134 2211 4135; x_wconf 13' lang='grc' dir='ltr'>ί</span> <span class='ocrx_word' id='word_1_643' title='bbox 2307 4059 2437 4113; x_wconf 89' lang='lat' dir='ltr'><strong>VIII.</strong></span> <span class='ocrx_word' id='word_1_644' title='bbox 2470 4058 2529 4113; x_wconf 90' lang='lat' dir='ltr'><strong>Si</strong></span> <span class='ocrx_word' id='word_1_645' title='bbox 2570 4058 2699 4129; x_wconf 90' lang='lat' dir='ltr'><strong>quis</strong></span> <span class='ocrx_word' id='word_1_646' title='bbox 2744 4059 2914 4114; x_wconf 90' lang='lat' dir='ltr'><strong>audet</strong></span> <span class='ocrx_word' id='word_1_647' title='bbox 2960 4058 3147 4114; x_wconf 91' lang='lat' dir='ltr'><strong>dicere</strong></span> <span class='ocrx_word' id='word_1_648' title='bbox 3174 4063 3528 4130; x_wconf 86' lang='lat' dir='ltr'><strong>assumptum</strong></span> <span class='ocrx_word' id='word_1_649' title='bbox 3573 4058 3872 4115; x_wconf 90' lang='lat' dir='ltr'><strong>hominem</strong></span> 
     </span>
    </p>
   </div>
   <div class='ocr_carea' id='block_1_86' title="bbox 2236 4152 3874 4223">
    <p class='ocr_par' dir='ltr' id='par_1_86' title="bbox 2236 4152 3874 4223">
     <span class='ocr_line' id='line_1_89' title="bbox 2236 4152 3874 4223; baseline 0 -16"><span class='ocrx_word' id='word_1_650' title='bbox 2236 4152 2659 4207; x_wconf 90' lang='lat' dir='ltr'><strong>coadorandum</strong></span> <span class='ocrx_word' id='word_1_651' title='bbox 2704 4153 2817 4207; x_wconf 93' lang='lat' dir='ltr'><strong>Deo</strong></span> <span class='ocrx_word' id='word_1_652' title='bbox 2862 4153 3044 4208; x_wconf 87' lang='lat' dir='ltr'><strong>Verbo</strong></span> <span class='ocrx_word' id='word_1_653' title='bbox 3099 4156 3158 4207; x_wconf 88' lang='lat' dir='ltr'><strong>et</strong></span> <span class='ocrx_word' id='word_1_654' title='bbox 3208 4152 3758 4223; x_wconf 85' lang='lat' dir='ltr'><strong>congloriﬁcandum</strong></span> <span class='ocrx_word' id='word_1_655' title='bbox 3814 4157 3874 4207; x_wconf 88' lang='lat' dir='ltr'><strong>et</strong></span> 
     </span>
    </p>
   </div>
   <div class='ocr_carea' id='block_1_87' title="bbox 2236 4245 3871 4317">
    <p class='ocr_par' dir='ltr' id='par_1_87' title="bbox 2236 4245 3871 4317">
     <span class='ocr_line' id='line_1_90' title="bbox 2236 4245 3871 4317; baseline 0 -16"><span class='ocrx_word' id='word_1_656' title='bbox 2236 4245 2795 4316; x_wconf 89' lang='lat' dir='ltr'><strong>connuncupandum</strong></span> <span class='ocrx_word' id='word_1_657' title='bbox 2856 4247 3035 4302; x_wconf 91' lang='lat' dir='ltr'><strong>Deum</strong></span> <span class='ocrx_word' id='word_1_658' title='bbox 3098 4250 3367 4317; x_wconf 88' lang='lat' dir='ltr'><strong>tanquam</strong></span> <span class='ocrx_word' id='word_1_659' title='bbox 3430 4248 3672 4301; x_wconf 89' lang='lat' dir='ltr'><strong>alterum</strong></span> <span class='ocrx_word' id='word_1_660' title='bbox 3734 4264 3871 4302; x_wconf 91' lang='lat' dir='ltr'><strong>cum</strong></span> 
     </span>
    </p>
   </div>
   <div class='ocr_carea' id='block_1_88' title="bbox 2237 4340 3868 4411">
    <p class='ocr_par' dir='ltr' id='par_1_88' title="bbox 2237 4340 3868 4411">
     <span class='ocr_line' id='line_1_91' title="bbox 2237 4340 3868 4411; baseline 0 -16"><span class='ocrx_word' id='word_1_661' title='bbox 2237 4341 2432 4409; x_wconf 89' lang='lat' dir='ltr'><strong>altero,</strong></span> <span class='ocrx_word' id='word_1_662' title='bbox 2460 4355 2597 4393; x_wconf 90' lang='lat' dir='ltr'><strong>nam</strong></span> <span class='ocrx_word' id='word_1_663' title='bbox 2626 4355 2721 4395; x_wconf 85' lang='lat' dir='ltr'><strong>con</strong></span> <span class='ocrx_word' id='word_1_664' title='bbox 2747 4340 2962 4411; x_wconf 86' lang='lat' dir='ltr'><strong>syllaba</strong></span> <span class='ocrx_word' id='word_1_665' title='bbox 2988 4340 3380 4411; x_wconf 87' lang='lat' dir='ltr'><strong>superadjecta</strong></span> <span class='ocrx_word' id='word_1_666' title='bbox 3410 4340 3534 4395; x_wconf 71' lang='lat' dir='ltr'><strong>haec</strong></span> <span class='ocrx_word' id='word_1_667' title='bbox 3572 4340 3726 4411; x_wconf 83' lang='lat' dir='ltr'><strong>cogit</strong></span> <span class='ocrx_word' id='word_1_668' title='bbox 3776 4340 3868 4396; x_wconf 92' lang='lat' dir='ltr'><strong>in-</strong></span> 
     </span>
    </p>
   </div>
   <div class='ocr_carea' id='block_1_89' title="bbox 2236 4433 3872 4504">
    <p class='ocr_par' dir='ltr' id='par_1_89' title="bbox 2236 4433 3872 4504">
     <span class='ocr_line' id='line_1_92' title="bbox 2236 4433 3872 4504; baseline 0.001 -16"><span class='ocrx_word' id='word_1_669' title='bbox 2236 4433 2438 4504; x_wconf 86' lang='lat' dir='ltr'><strong>telligi,</strong></span> <span class='ocrx_word' id='word_1_670' title='bbox 2467 4448 2530 4486; x_wconf 88' lang='lat' dir='ltr'><strong>ac</strong></span> <span class='ocrx_word' id='word_1_671' title='bbox 2572 4449 2687 4487; x_wconf 91' lang='lat' dir='ltr'><strong>non</strong></span> <span class='ocrx_word' id='word_1_672' title='bbox 2719 4433 2911 4503; x_wconf 90' lang='lat' dir='ltr'><strong>potius</strong></span> <span class='ocrx_word' id='word_1_673' title='bbox 2956 4450 3068 4487; x_wconf 88' lang='lat' dir='ltr'><strong>una</strong></span> <span class='ocrx_word' id='word_1_674' title='bbox 3111 4433 3522 4504; x_wconf 82' lang='lat' dir='ltr'><strong>supplicatione</strong></span> <span class='ocrx_word' id='word_1_675' title='bbox 3566 4439 3872 4490; x_wconf 82' lang='lat' dir='ltr'><strong>veneratur</strong></span> 
     </span>
    </p>
   </div>
   <div class='ocr_carea' id='block_1_90' title="bbox 504 4524 3872 4600">
    <p class='ocr_par' dir='ltr' id='par_1_90' title="bbox 504 4524 3872 4600">
     <span class='ocr_line' id='line_1_93' title="bbox 504 4524 3872 4600; baseline 0.001 -21"><span class='ocrx_word' id='word_1_676' title='bbox 504 4540 612 4580; x_wconf 90' lang='lat' dir='ltr'><strong>nus</strong></span> <span class='ocrx_word' id='word_1_677' title='bbox 640 4525 958 4580; x_wconf 89' lang='lat' dir='ltr'><strong>humanum</strong></span> <span class='ocrx_word' id='word_1_678' title='bbox 987 4524 1308 4580; x_wconf 89' lang='lat' dir='ltr'><strong>maledictio</strong></span> <span class='ocrx_word' id='word_1_679' title='bbox 1342 4525 1531 4581; x_wconf 88' lang='lat' dir='ltr'><strong>fuerat</strong></span> <span class='ocrx_word' id='word_1_680' title='bbox 1570 4526 1796 4596; x_wconf 89' lang='lat' dir='ltr'><strong>prolata</strong></span> <span class='ocrx_word' id='word_1_681' title='bbox 1828 4524 2132 4596; x_wconf 90' lang='lat' dir='ltr'><strong>desineret,</strong></span> <span class='ocrx_word' id='word_1_682' title='bbox 2155 4527 2214 4600; x_wconf 87' lang='lat' dir='ltr'><strong>D</strong></span> <span class='ocrx_word' id='word_1_683' title='bbox 2238 4528 2571 4582; x_wconf 86' lang='lat' dir='ltr'><strong>Emmanuel</strong></span> <span class='ocrx_word' id='word_1_684' title='bbox 2627 4542 2912 4598; x_wconf 88' lang='lat' dir='ltr'><strong>unamque</strong></span> <span class='ocrx_word' id='word_1_685' title='bbox 2968 4527 3017 4581; x_wconf 92' lang='lat' dir='ltr'><strong>ei</strong></span> <span class='ocrx_word' id='word_1_686' title='bbox 3075 4528 3546 4597; x_wconf 84' lang='lat' dir='ltr'><strong>gloriﬁcationem</strong></span> <span class='ocrx_word' id='word_1_687' title='bbox 3595 4528 3872 4599; x_wconf 89' lang='lat' dir='ltr'><strong>dependit</strong></span> 
     </span>
    </p>
   </div>
   <div class='ocr_carea' id='block_1_91' title="bbox 503 4618 2133 4691">
    <p class='ocr_par' dir='ltr' id='par_1_91' title="bbox 503 4618 2133 4691">
     <span class='ocr_line' id='line_1_94' title="bbox 503 4618 2133 4691; baseline -0.001 -16"><span class='ocrx_word' id='word_1_688' title='bbox 503 4635 609 4675; x_wconf 88' lang='lat' dir='ltr'><strong>nec</strong></span> <span class='ocrx_word' id='word_1_689' title='bbox 633 4619 758 4690; x_wconf 91' lang='lat' dir='ltr'><strong>jam</strong></span> <span class='ocrx_word' id='word_1_690' title='bbox 786 4619 957 4675; x_wconf 90' lang='lat' dir='ltr'><strong>morti</strong></span> <span class='ocrx_word' id='word_1_691' title='bbox 982 4620 1177 4674; x_wconf 90' lang='lat' dir='ltr'><strong>nostra</strong></span> <span class='ocrx_word' id='word_1_692' title='bbox 1202 4635 1441 4690; x_wconf 88' lang='lat' dir='ltr'><strong>corpora</strong></span> <span class='ocrx_word' id='word_1_693' title='bbox 1467 4618 1796 4673; x_wconf 87' lang='lat' dir='ltr'><strong>destinaret.</strong></span> <span class='ocrx_word' id='word_1_694' title='bbox 1825 4618 1966 4675; x_wconf 90' lang='lat' dir='ltr'><strong>Illud</strong></span> <span class='ocrx_word' id='word_1_695' title='bbox 1993 4636 2133 4691; x_wconf 85' lang='lat' dir='ltr'><strong>quo-</strong></span> 
     </span>
    </p>
   </div>
   <div class='ocr_carea' id='block_1_92' title="bbox 505 4712 2132 4785">
    <p class='ocr_par' dir='ltr' id='par_1_92' title="bbox 505 4712 2132 4785">
     <span class='ocr_line' id='line_1_95' title="bbox 505 4712 2132 4785; baseline -0.001 -16"><span class='ocrx_word' id='word_1_696' title='bbox 505 4729 618 4783; x_wconf 89' lang='lat' dir='ltr'><strong>que</strong></span> <span class='ocrx_word' id='word_1_697' title='bbox 648 4714 802 4785; x_wconf 87' lang='lat' dir='ltr'><strong>quod</strong></span> <span class='ocrx_word' id='word_1_698' title='bbox 823 4713 1037 4767; x_wconf 90' lang='lat' dir='ltr'><strong>dictum</strong></span> <span class='ocrx_word' id='word_1_699' title='bbox 1059 4715 1144 4767; x_wconf 88' lang='lat' dir='ltr'><strong>est</strong></span> <span class='ocrx_word' id='word_1_700' title='bbox 1167 4729 1180 4767; x_wconf 90' lang='lat'><strong>:</strong></span> <span class='ocrx_word' id='word_1_701' title='bbox 1209 4734 1237 4762; x_wconf 92' lang='grc'><strong>‹‹</strong></span> <span class='ocrx_word' id='word_1_702' title='bbox 1259 4715 1321 4769; x_wconf 91' lang='lat' dir='ltr'><strong>In</strong></span> <span class='ocrx_word' id='word_1_703' title='bbox 1352 4713 1582 4768; x_wconf 89' lang='lat' dir='ltr'><strong>tristitia</strong></span> <span class='ocrx_word' id='word_1_704' title='bbox 1606 4712 1793 4785; x_wconf 89' lang='lat' dir='ltr'><strong>paries</strong></span> <span class='ocrx_word' id='word_1_705' title='bbox 1811 4712 1958 4767; x_wconf 89' lang='lat' dir='ltr'><strong>ﬁlios</strong></span> <span class='ocrx_word' id='word_1_706' title='bbox 1980 4712 2132 4783; x_wconf 88' lang='lat' dir='ltr'><strong>(Gen.</strong></span> 
     </span>
    </p>
   </div>
   <div class='ocr_carea' id='block_1_93' title="bbox 504 4806 2138 4877">
    <p class='ocr_par' dir='ltr' id='par_1_93' title="bbox 504 4806 2138 4877">
     <span class='ocr_line' id='line_1_96' title="bbox 504 4806 2138 4877; baseline -0.001 -15"><span class='ocrx_word' id='word_1_707' title='bbox 504 4823 583 4876; x_wconf 85' lang='lat' dir='ltr'><strong>In,</strong></span> <span class='ocrx_word' id='word_1_708' title='bbox 629 4806 712 4876; x_wconf 86' lang='grc'><strong>16)</strong></span> <span class='ocrx_word' id='word_1_709' title='bbox 754 4828 781 4856; x_wconf 83' lang='grc'><strong>››</strong></span> <span class='ocrx_word' id='word_1_710' title='bbox 832 4806 952 4877; x_wconf 88' lang='lat' dir='ltr'><strong>ipse</strong></span> <span class='ocrx_word' id='word_1_711' title='bbox 1000 4806 1323 4873; x_wconf 89' lang='lat' dir='ltr'><strong>dissolvens,</strong></span> <span class='ocrx_word' id='word_1_712' title='bbox 1373 4823 1573 4861; x_wconf 87' lang='lat' dir='ltr'><strong>verum</strong></span> <span class='ocrx_word' id='word_1_713' title='bbox 1628 4823 1747 4861; x_wconf 89' lang='lat' dir='ltr'><strong>esse</strong></span> <span class='ocrx_word' id='word_1_714' title='bbox 1799 4808 2138 4861; x_wconf 89' lang='lat' dir='ltr'><strong>monstraret</strong></span> 
     </span>
    </p>
   </div>
   <div class='ocr_carea' id='block_1_94' title="bbox 505 4899 2137 4971">
    <p class='ocr_par' dir='ltr' id='par_1_94' title="bbox 505 4899 2137 4971">
     <span class='ocr_line' id='line_1_97' title="bbox 505 4899 2137 4971; baseline 0.001 -18"><span class='ocrx_word' id='word_1_715' title='bbox 505 4900 659 4970; x_wconf 91' lang='lat' dir='ltr'><strong>quod</strong></span> <span class='ocrx_word' id='word_1_716' title='bbox 678 4899 974 4970; x_wconf 78' lang='lat' dir='ltr'><strong>prophetae</strong></span> <span class='ocrx_word' id='word_1_717' title='bbox 990 4915 1124 4954; x_wconf 90' lang='lat' dir='ltr'><strong>voce</strong></span> <span class='ocrx_word' id='word_1_718' title='bbox 1144 4899 1514 4970; x_wconf 66' lang='lat' dir='ltr'><strong>praedixerat:</strong></span> <span class='ocrx_word' id='word_1_719' title='bbox 1539 4920 1565 4951; x_wconf 89' lang='lat'>«</span> <span class='ocrx_word' id='word_1_720' title='bbox 1586 4900 1860 4971; x_wconf 87' lang='lat' dir='ltr'><strong>Absorpta</strong></span> <span class='ocrx_word' id='word_1_721' title='bbox 1883 4904 1966 4955; x_wconf 88' lang='lat' dir='ltr'><strong>est</strong></span> <span class='ocrx_word' id='word_1_722' title='bbox 1984 4916 2137 4955; x_wconf 90' lang='lat' dir='ltr'><strong>mors</strong></span> 
     </span>
    </p>
   </div>
   <div class='ocr_carea' id='block_1_95' title="bbox 502 4991 2137 5065">
    <p class='ocr_par' dir='ltr' id='par_1_95' title="bbox 502 4991 2137 5065">
     <span class='ocr_line' id='line_1_98' title="bbox 502 4991 2137 5065; baseline 0.001 -19"><span class='ocrx_word' id='word_1_723' title='bbox 502 4992 564 5059; x_wconf 79' lang='lat' dir='ltr'><strong>in</strong></span> <span class='ocrx_word' id='word_1_724' title='bbox 587 4991 821 5048; x_wconf 88' lang='lat' dir='ltr'><strong>victoria</strong></span> <span class='ocrx_word' id='word_1_725' title='bbox 840 4992 888 5063; x_wconf 93' lang='grc' dir='ltr'><strong>(Ι</strong></span> <span class='ocrx_word' id='word_1_726' title='bbox 907 4995 1025 5051; x_wconf 84' lang='lat' dir='ltr'><strong>Cor.</strong></span> <span class='ocrx_word' id='word_1_727' title='bbox 1046 5010 1139 5063; x_wconf 88' lang='lat' dir='ltr'><strong>xv,</strong></span> <span class='ocrx_word' id='word_1_728' title='bbox 1155 4994 1266 5065; x_wconf 79' lang='grc'><strong>34).</strong></span> <span class='ocrx_word' id='word_1_729' title='bbox 1286 5015 1312 5043; x_wconf 83' lang='grc'><strong>››</strong></span> <span class='ocrx_word' id='word_1_730' title='bbox 1333 4995 1403 5048; x_wconf 91' lang='lat' dir='ltr'><strong>Et</strong></span> <span class='ocrx_word' id='word_1_731' title='bbox 1422 4994 1663 5049; x_wconf 88' lang='lat' dir='ltr'><strong>iterum:</strong></span> <span class='ocrx_word' id='word_1_732' title='bbox 1684 5016 1711 5045; x_wconf 89' lang='grc'><strong>‹‹</strong></span> <span class='ocrx_word' id='word_1_733' title='bbox 1726 4994 1971 5049; x_wconf 79' lang='lat' dir='ltr'><strong>Abstulit</strong></span> <span class='ocrx_word' id='word_1_734' title='bbox 1991 4995 2137 5048; x_wconf 91' lang='lat' dir='ltr'><strong>Deus</strong></span> 
     </span>
    </p>
   </div>
   <div class='ocr_carea' id='block_1_96' title="bbox 504 5086 2131 5159">
    <p class='ocr_par' dir='ltr' id='par_1_96' title="bbox 504 5086 2131 5159">
     <span class='ocr_line' id='line_1_99' title="bbox 504 5086 2131 5159; baseline -0.002 -18"><span class='ocrx_word' id='word_1_735' title='bbox 504 5101 735 5141; x_wconf 90' lang='lat' dir='ltr'><strong>omnem</strong></span> <span class='ocrx_word' id='word_1_736' title='bbox 778 5086 1092 5158; x_wconf 83' lang='lat' dir='ltr'><strong>lacrymam</strong></span> <span class='ocrx_word' id='word_1_737' title='bbox 1123 5088 1195 5142; x_wconf 91' lang='lat' dir='ltr'><strong>ab</strong></span> <span class='ocrx_word' id='word_1_738' title='bbox 1239 5087 1400 5143; x_wconf 91' lang='lat' dir='ltr'><strong>omni</strong></span> <span class='ocrx_word' id='word_1_739' title='bbox 1443 5087 1583 5144; x_wconf 90' lang='lat' dir='ltr'><strong>facie</strong></span> <span class='ocrx_word' id='word_1_740' title='bbox 1623 5088 1810 5159; x_wconf 81' lang='lat' dir='ltr'><strong>(Apoc.</strong></span> <span class='ocrx_word' id='word_1_741' title='bbox 1838 5102 1932 5155; x_wconf 82' lang='lat' dir='ltr'><strong>v11,</strong></span> <span class='ocrx_word' id='word_1_742' title='bbox 1967 5088 2067 5159; x_wconf 82' lang='grc'><strong>17).</strong></span> <span class='ocrx_word' id='word_1_743' title='bbox 2104 5109 2131 5137; x_wconf 86' lang='grc'><strong>››</strong></span> 
     </span>
    </p>
   </div>
   <div class='ocr_carea' id='block_1_97' title="bbox 503 5179 2137 5252">
    <p class='ocr_par' dir='ltr' id='par_1_97' title="bbox 503 5179 2137 5252">
     <span class='ocr_line' id='line_1_100' title="bbox 503 5179 2137 5252; baseline 0.001 -19"><span class='ocrx_word' id='word_1_744' title='bbox 503 5180 742 5251; x_wconf 85' lang='lat' dir='ltr'><strong>PrOpter</strong></span> <span class='ocrx_word' id='word_1_745' title='bbox 761 5179 910 5235; x_wconf 90' lang='lat' dir='ltr'><strong>hanc</strong></span> <span class='ocrx_word' id='word_1_746' title='bbox 936 5179 1088 5235; x_wconf 90' lang='lat' dir='ltr'><strong>enim</strong></span> <span class='ocrx_word' id='word_1_747' title='bbox 1111 5196 1337 5236; x_wconf 91' lang='lat' dir='ltr'><strong>causam</strong></span> <span class='ocrx_word' id='word_1_748' title='bbox 1365 5181 1609 5237; x_wconf 90' lang='lat' dir='ltr'><strong>dicimus</strong></span> <span class='ocrx_word' id='word_1_749' title='bbox 1635 5198 1766 5238; x_wconf 90' lang='lat' dir='ltr'><strong>eum</strong></span> <span class='ocrx_word' id='word_1_750' title='bbox 1795 5181 2137 5252; x_wconf 84' lang='lat' dir='ltr'><strong>dispensato-</strong></span> 
     </span>
    </p>
   </div>
   <div class='ocr_carea' id='block_1_98' title="bbox 504 5271 2136 5348">
    <p class='ocr_par' dir='ltr' id='par_1_98' title="bbox 504 5271 2136 5348">
     <span class='ocr_line' id='line_1_101' title="bbox 504 5271 2136 5348; baseline 0.001 -21"><span class='ocrx_word' id='word_1_751' title='bbox 504 5271 609 5341; x_wconf 90' lang='lat' dir='ltr'><strong>rie,</strong></span> <span class='ocrx_word' id='word_1_752' title='bbox 641 5276 697 5328; x_wconf 92' lang='lat' dir='ltr'><strong>et</strong></span> <span class='ocrx_word' id='word_1_753' title='bbox 724 5272 861 5344; x_wconf 91' lang='lat' dir='ltr'><strong>ipsis</strong></span> <span class='ocrx_word' id='word_1_754' title='bbox 885 5277 1021 5329; x_wconf 87' lang='lat' dir='ltr'><strong>tunc</strong></span> <span class='ocrx_word' id='word_1_755' title='bbox 1052 5275 1408 5332; x_wconf 86' lang='lat' dir='ltr'><strong>benedixisse</strong></span> <span class='ocrx_word' id='word_1_756' title='bbox 1453 5276 1668 5348; x_wconf 86' lang='lat' dir='ltr'><strong>nuptiis</strong></span> <span class='ocrx_word' id='word_1_757' title='bbox 1715 5291 1845 5330; x_wconf 89' lang='lat' dir='ltr'><strong>cum</strong></span> <span class='ocrx_word' id='word_1_758' title='bbox 1875 5274 1936 5329; x_wconf 91' lang='lat' dir='ltr'><strong>in</strong></span> <span class='ocrx_word' id='word_1_759' title='bbox 1983 5275 2136 5329; x_wconf 88' lang='lat' dir='ltr'><strong>Cana</strong></span> 
     </span>
    </p>
   </div>
   <div class='ocr_carea' id='block_1_99' title="bbox 502 5365 2132 5442">
    <p class='ocr_par' dir='ltr' id='par_1_99' title="bbox 502 5365 2132 5442">
     <span class='ocr_line' id='line_1_102' title="bbox 502 5365 2132 5442; baseline 0.002 -22"><span class='ocrx_word' id='word_1_760' title='bbox 502 5365 748 5421; x_wconf 72' lang='lat' dir='ltr'><strong>Galileeae</strong></span> <span class='ocrx_word' id='word_1_761' title='bbox 790 5384 920 5423; x_wconf 91' lang='lat' dir='ltr'><strong>cum</strong></span> <span class='ocrx_word' id='word_1_762' title='bbox 948 5368 1152 5424; x_wconf 89' lang='lat' dir='ltr'><strong>sanctis</strong></span> <span class='ocrx_word' id='word_1_763' title='bbox 1176 5375 1403 5426; x_wconf 87' lang='lat' dir='ltr'><strong>vocatus</strong></span> <span class='ocrx_word' id='word_1_764' title='bbox 1435 5370 1544 5426; x_wconf 88' lang='lat' dir='ltr'><strong>fuit</strong></span> <span class='ocrx_word' id='word_1_765' title='bbox 1576 5367 1839 5442; x_wconf 90' lang='lat' dir='ltr'><strong>apostolis</strong></span> <span class='ocrx_word' id='word_1_766' title='bbox 1867 5368 2041 5436; x_wconf 83' lang='lat' dir='ltr'><strong>(Joan.</strong></span> <span class='ocrx_word' id='word_1_767' title='bbox 2072 5385 2132 5435; x_wconf 81' lang='grc' dir='ltr'><strong>ιι,</strong></span> 
     </span>
    </p>
   </div>
   <div class='ocr_carea' id='block_1_100' title="bbox 508 5461 2135 5534">
    <p class='ocr_par' dir='ltr' id='par_1_100' title="bbox 508 5461 2135 5534">
     <span class='ocr_line' id='line_1_103' title="bbox 508 5461 2135 5534; baseline 0.002 -20"><span class='ocrx_word' id='word_1_768' title='bbox 508 5461 576 5529; x_wconf 89' lang='grc'><strong>1).</strong></span> <span class='ocrx_word' id='word_1_769' title='bbox 606 5461 735 5516; x_wconf 59' lang='lat' dir='ltr'><strong>Haec</strong></span> <span class='ocrx_word' id='word_1_770' title='bbox 761 5477 956 5534; x_wconf 90' lang='lat' dir='ltr'><strong>sapere</strong></span> <span class='ocrx_word' id='word_1_771' title='bbox 984 5463 1166 5519; x_wconf 88' lang='lat' dir='ltr'><strong>edocti</strong></span> <span class='ocrx_word' id='word_1_772' title='bbox 1203 5481 1401 5519; x_wconf 91' lang='lat' dir='ltr'><strong>sumus</strong></span> <span class='ocrx_word' id='word_1_773' title='bbox 1426 5469 1544 5519; x_wconf 91' lang='lat' dir='ltr'><strong>tam</strong></span> <span class='ocrx_word' id='word_1_774' title='bbox 1573 5481 1607 5519; x_wconf 90' lang='lat' dir='ltr'><strong>a</strong></span> <span class='ocrx_word' id='word_1_775' title='bbox 1634 5462 1841 5519; x_wconf 90' lang='lat' dir='ltr'><strong>sanctis</strong></span> <span class='ocrx_word' id='word_1_776' title='bbox 1868 5462 2135 5533; x_wconf 89' lang='lat' dir='ltr'><strong>apostolis</strong></span> 
     </span>
    </p>
   </div>
   <div class='ocr_carea' id='block_1_101' title="bbox 500 5558 2135 5631">
    <p class='ocr_par' dir='ltr' id='par_1_101' title="bbox 500 5558 2135 5631">
     <span class='ocr_line' id='line_1_104' title="bbox 500 5558 2135 5631; baseline 0.001 -19"><span class='ocrx_word' id='word_1_777' title='bbox 500 5573 672 5627; x_wconf 91' lang='lat' dir='ltr'><strong>quam</strong></span> <span class='ocrx_word' id='word_1_778' title='bbox 696 5559 1076 5631; x_wconf 87' lang='lat' dir='ltr'><strong>evangelistis,</strong></span> <span class='ocrx_word' id='word_1_779' title='bbox 1097 5564 1154 5617; x_wconf 89' lang='lat' dir='ltr'><strong>et</strong></span> <span class='ocrx_word' id='word_1_780' title='bbox 1172 5559 1243 5615; x_wconf 89' lang='lat' dir='ltr'><strong>ab</strong></span> <span class='ocrx_word' id='word_1_781' title='bbox 1265 5558 1419 5615; x_wconf 91' lang='lat' dir='ltr'><strong>omni</strong></span> <span class='ocrx_word' id='word_1_782' title='bbox 1449 5559 1739 5631; x_wconf 87' lang='lat' dir='ltr'><strong>Scriptura</strong></span> <span class='ocrx_word' id='word_1_783' title='bbox 1765 5558 2033 5613; x_wconf 89' lang='lat' dir='ltr'><strong>divinitus</strong></span> <span class='ocrx_word' id='word_1_784' title='bbox 2052 5558 2135 5613; x_wconf 82' lang='lat' dir='ltr'><strong>in-</strong></span> 
     </span>
    </p>
   </div>
   <div class='ocr_carea' id='block_1_102' title="bbox 501 5651 2132 5725">
    <p class='ocr_par' dir='ltr' id='par_1_102' title="bbox 501 5651 2132 5725">
     <span class='ocr_line' id='line_1_105' title="bbox 501 5651 2132 5725; baseline 0.001 -20"><span class='ocrx_word' id='word_1_785' title='bbox 501 5651 730 5725; x_wconf 85' lang='lat' dir='ltr'><strong>spirata,</strong></span> <span class='ocrx_word' id='word_1_786' title='bbox 756 5669 865 5708; x_wconf 91' lang='lat' dir='ltr'><strong>nec</strong></span> <span class='ocrx_word' id='word_1_787' title='bbox 893 5670 1012 5709; x_wconf 90' lang='lat' dir='ltr'><strong>non</strong></span> <span class='ocrx_word' id='word_1_788' title='bbox 1039 5657 1096 5708; x_wconf 89' lang='lat' dir='ltr'><strong>et</strong></span> <span class='ocrx_word' id='word_1_789' title='bbox 1121 5669 1154 5707; x_wconf 87' lang='lat' dir='ltr'><strong>a</strong></span> <span class='ocrx_word' id='word_1_790' title='bbox 1195 5651 1380 5708; x_wconf 90' lang='lat' dir='ltr'><strong>beatis</strong></span> <span class='ocrx_word' id='word_1_791' title='bbox 1422 5655 1650 5709; x_wconf 89' lang='lat' dir='ltr'><strong>Patrum</strong></span> <span class='ocrx_word' id='word_1_792' title='bbox 1689 5652 2132 5709; x_wconf 83' lang='lat' dir='ltr'><strong>confessionibus</strong></span> 
     </span>
    </p>
   </div>
   <div class='ocr_carea' id='block_1_103' title="bbox 498 5743 2130 5818">
    <p class='ocr_par' dir='ltr' id='par_1_103' title="bbox 498 5743 2130 5818">
     <span class='ocr_line' id='line_1_106' title="bbox 498 5743 2130 5818; baseline 0.002 -22"><span class='ocrx_word' id='word_1_793' title='bbox 498 5743 734 5799; x_wconf 86' lang='lat' dir='ltr'><strong>veritate</strong></span> <span class='ocrx_word' id='word_1_794' title='bbox 781 5744 1057 5799; x_wconf 89' lang='lat' dir='ltr'><strong>subnixis.</strong></span> <span class='ocrx_word' id='word_1_795' title='bbox 1107 5745 1199 5799; x_wconf 85' lang='lat' dir='ltr'><strong>His</strong></span> <span class='ocrx_word' id='word_1_796' title='bbox 1245 5743 1511 5799; x_wconf 90' lang='lat' dir='ltr'><strong>omnibus</strong></span> <span class='ocrx_word' id='word_1_797' title='bbox 1560 5746 1734 5802; x_wconf 87' lang='lat' dir='ltr'><strong>etiam</strong></span> <span class='ocrx_word' id='word_1_798' title='bbox 1788 5746 2130 5818; x_wconf 90' lang='lat' dir='ltr'><strong>religionem</strong></span> 
     </span>
    </p>
   </div>
   <div class='ocr_carea' id='block_1_104' title="bbox 496 5836 2129 5909">
    <p class='ocr_par' dir='ltr' id='par_1_104' title="bbox 496 5836 2129 5909">
     <span class='ocr_line' id='line_1_107' title="bbox 496 5836 2129 5909; baseline 0.006 -24"><span class='ocrx_word' id='word_1_799' title='bbox 496 5836 656 5889; x_wconf 87' lang='lat' dir='ltr'><strong>tuam</strong></span> <span class='ocrx_word' id='word_1_800' title='bbox 687 5836 1138 5903; x_wconf 87' lang='lat' dir='ltr'><strong>concordare,&#39;et</strong></span> <span class='ocrx_word' id='word_1_801' title='bbox 1166 5840 1375 5909; x_wconf 62' lang='lat' dir='ltr'><strong>printer</strong></span> <span class='ocrx_word' id='word_1_802' title='bbox 1397 5836 1642 5908; x_wconf 88' lang='lat' dir='ltr'><strong>aliquem</strong></span> <span class='ocrx_word' id='word_1_803' title='bbox 1671 5839 1860 5894; x_wconf 90' lang='lat' dir='ltr'><strong>dolum</strong></span> <span class='ocrx_word' id='word_1_804' title='bbox 1891 5855 2129 5896; x_wconf 86' lang='lat' dir='ltr'><strong>consen-</strong></span> 
     </span>
    </p>
   </div>
   <div class='ocr_carea' id='block_1_105' title="bbox 2230 4620 3795 4692">
    <p class='ocr_par' dir='ltr' id='par_1_105' title="bbox 2230 4620 3795 4692">
     <span class='ocr_line' id='line_1_108' title="bbox 2230 4620 3795 4692; baseline 0.002 -18"><span class='ocrx_word' id='word_1_805' title='bbox 2230 4620 2395 4692; x_wconf 89' lang='lat' dir='ltr'><strong>juxta</strong></span> <span class='ocrx_word' id='word_1_806' title='bbox 2419 4620 2573 4691; x_wconf 91' lang='lat' dir='ltr'><strong>quod</strong></span> <span class='ocrx_word' id='word_1_807' title='bbox 2608 4621 2838 4677; x_wconf 82' lang='lat' dir='ltr'><strong>Verbum</strong></span> <span class='ocrx_word' id='word_1_808' title='bbox 2866 4636 2990 4674; x_wconf 78' lang='lat' dir='ltr'><strong>caro</strong></span> <span class='ocrx_word' id='word_1_809' title='bbox 3012 4623 3221 4687; x_wconf 82' lang='lat' dir='ltr'><strong>factum</strong></span> <span class='ocrx_word' id='word_1_810' title='bbox 3248 4625 3347 4683; x_wconf 84' lang='lat' dir='ltr'><strong>est,</strong></span> <span class='ocrx_word' id='word_1_811' title='bbox 3374 4622 3676 4679; x_wconf 87' lang='lat' dir='ltr'><strong>anathema</strong></span> <span class='ocrx_word' id='word_1_812' title='bbox 3704 4622 3795 4677; x_wconf 90' lang='lat' dir='ltr'><strong>sit.</strong></span> 
     </span>
    </p>
   </div>
   <div class='ocr_carea' id='block_1_106' title="bbox 2310 4713 3865 4787">
    <p class='ocr_par' dir='ltr' id='par_1_106' title="bbox 2310 4713 3865 4787">
     <span class='ocr_line' id='line_1_109' title="bbox 2310 4713 3865 4787; baseline 0.001 -18"><span class='ocrx_word' id='word_1_813' title='bbox 2310 4716 2394 4769; x_wconf 89' lang='lat' dir='ltr'><strong>IX.</strong></span> <span class='ocrx_word' id='word_1_814' title='bbox 2418 4713 2472 4769; x_wconf 93' lang='lat' dir='ltr'><strong>Si</strong></span> <span class='ocrx_word' id='word_1_815' title='bbox 2501 4714 2628 4785; x_wconf 91' lang='lat' dir='ltr'><strong>quis</strong></span> <span class='ocrx_word' id='word_1_816' title='bbox 2655 4730 2832 4768; x_wconf 90' lang='lat' dir='ltr'><strong>unum</strong></span> <span class='ocrx_word' id='word_1_817' title='bbox 2878 4713 3180 4768; x_wconf 87' lang='lat' dir='ltr'><strong>Dominum</strong></span> <span class='ocrx_word' id='word_1_818' title='bbox 3208 4716 3397 4769; x_wconf 89' lang='lat' dir='ltr'><strong>Jesum</strong></span> <span class='ocrx_word' id='word_1_819' title='bbox 3431 4715 3717 4770; x_wconf 89' lang='lat' dir='ltr'><strong>Christum</strong></span> <span class='ocrx_word' id='word_1_820' title='bbox 3745 4717 3865 4787; x_wconf 87' lang='lat' dir='ltr'><strong>glo-</strong></span> 
     </span>
    </p>
   </div>
   <div class='ocr_carea' id='block_1_107' title="bbox 2238 4806 3870 4880">
    <p class='ocr_par' dir='ltr' id='par_1_107' title="bbox 2238 4806 3870 4880">
     <span class='ocr_line' id='line_1_110' title="bbox 2238 4806 3870 4880; baseline 0.002 -19"><span class='ocrx_word' id='word_1_821' title='bbox 2238 4808 2520 4863; x_wconf 89' lang='lat' dir='ltr'><strong>riﬁcatum</strong></span> <span class='ocrx_word' id='word_1_822' title='bbox 2545 4806 2682 4862; x_wconf 91' lang='lat' dir='ltr'><strong>dicit</strong></span> <span class='ocrx_word' id='word_1_823' title='bbox 2704 4824 2738 4861; x_wconf 91' lang='lat' dir='ltr'><strong>a</strong></span> <span class='ocrx_word' id='word_1_824' title='bbox 2769 4807 2981 4878; x_wconf 89' lang='lat' dir='ltr'><strong>Spiritu</strong></span> <span class='ocrx_word' id='word_1_825' title='bbox 3012 4810 3202 4862; x_wconf 89' lang='lat' dir='ltr'><strong>sancto</strong></span> <span class='ocrx_word' id='word_1_826' title='bbox 3227 4813 3501 4880; x_wconf 88' lang='lat' dir='ltr'><strong>tanquam</strong></span> <span class='ocrx_word' id='word_1_827' title='bbox 3537 4809 3635 4880; x_wconf 89' lang='lat' dir='ltr'><strong>qui</strong></span> <span class='ocrx_word' id='word_1_828' title='bbox 3679 4810 3870 4866; x_wconf 89' lang='lat' dir='ltr'><strong>aliena</strong></span> 
     </span>
    </p>
   </div>
   <div class='ocr_carea' id='block_1_108' title="bbox 2236 4901 3868 4974">
    <p class='ocr_par' dir='ltr' id='par_1_108' title="bbox 2236 4901 3868 4974">
     <span class='ocr_line' id='line_1_111' title="bbox 2236 4901 3868 4974; baseline 0.002 -19"><span class='ocrx_word' id='word_1_829' title='bbox 2236 4901 2442 4958; x_wconf 89' lang='lat' dir='ltr'><strong>virtute</strong></span> <span class='ocrx_word' id='word_1_830' title='bbox 2467 4918 2571 4974; x_wconf 91' lang='lat' dir='ltr'><strong>per</strong></span> <span class='ocrx_word' id='word_1_831' title='bbox 2595 4916 2729 4957; x_wconf 90' lang='lat' dir='ltr'><strong>eum</strong></span> <span class='ocrx_word' id='word_1_832' title='bbox 2753 4917 2889 4956; x_wconf 90' lang='lat' dir='ltr'><strong>usus</strong></span> <span class='ocrx_word' id='word_1_833' title='bbox 2919 4901 3111 4971; x_wconf 90' lang='lat' dir='ltr'><strong>fuerit,</strong></span> <span class='ocrx_word' id='word_1_834' title='bbox 3143 4905 3201 4956; x_wconf 92' lang='lat' dir='ltr'><strong>et</strong></span> <span class='ocrx_word' id='word_1_835' title='bbox 3226 4902 3297 4957; x_wconf 90' lang='lat' dir='ltr'><strong>ab</strong></span> <span class='ocrx_word' id='word_1_836' title='bbox 3328 4918 3395 4958; x_wconf 89' lang='lat' dir='ltr'><strong>eo</strong></span> <span class='ocrx_word' id='word_1_837' title='bbox 3439 4903 3719 4973; x_wconf 89' lang='lat' dir='ltr'><strong>acceperit</strong></span> <span class='ocrx_word' id='word_1_838' title='bbox 3741 4904 3868 4958; x_wconf 85' lang='lat' dir='ltr'><strong>efﬁ-</strong></span> 
     </span>
    </p>
   </div>
   <div class='ocr_carea' id='block_1_109' title="bbox 2236 4995 3870 5068">
    <p class='ocr_par' dir='ltr' id='par_1_109' title="bbox 2236 4995 3870 5068">
     <span class='ocr_line' id='line_1_112' title="bbox 2236 4995 3870 5068; baseline 0.001 -18"><span class='ocrx_word' id='word_1_839' title='bbox 2236 4995 2452 5050; x_wconf 91' lang='lat' dir='ltr'><strong>caciam</strong></span> <span class='ocrx_word' id='word_1_840' title='bbox 2486 4999 2688 5050; x_wconf 88' lang='lat' dir='ltr'><strong>contra</strong></span> <span class='ocrx_word' id='word_1_841' title='bbox 2736 4995 3068 5050; x_wconf 89' lang='lat' dir='ltr'><strong>immundos</strong></span> <span class='ocrx_word' id='word_1_842' title='bbox 3119 4995 3368 5066; x_wconf 89' lang='lat' dir='ltr'><strong>spiritus,</strong></span> <span class='ocrx_word' id='word_1_843' title='bbox 3398 5013 3559 5068; x_wconf 90' lang='lat' dir='ltr'><strong>posse</strong></span> <span class='ocrx_word' id='word_1_844' title='bbox 3589 5000 3645 5051; x_wconf 88' lang='lat' dir='ltr'><strong>et</strong></span> <span class='ocrx_word' id='word_1_845' title='bbox 3674 5014 3870 5052; x_wconf 90' lang='lat' dir='ltr'><strong>coram</strong></span> 
     </span>
    </p>
   </div>
   <div class='ocr_carea' id='block_1_110' title="bbox 2236 5088 3872 5163">
    <p class='ocr_par' dir='ltr' id='par_1_110' title="bbox 2236 5088 3872 5163">
     <span class='ocr_line' id='line_1_113' title="bbox 2236 5088 3872 5163; baseline 0.002 -20"><span class='ocrx_word' id='word_1_846' title='bbox 2236 5089 2560 5144; x_wconf 88' lang='lat' dir='ltr'><strong>hominibus</strong></span> <span class='ocrx_word' id='word_1_847' title='bbox 2587 5088 2778 5144; x_wconf 88' lang='lat' dir='ltr'><strong>divina</strong></span> <span class='ocrx_word' id='word_1_848' title='bbox 2803 5088 2967 5160; x_wconf 90' lang='lat' dir='ltr'><strong>signa</strong></span> <span class='ocrx_word' id='word_1_849' title='bbox 2991 5090 3288 5160; x_wconf 88' lang='lat' dir='ltr'><strong>perﬁcere,</strong></span> <span class='ocrx_word' id='word_1_850' title='bbox 3310 5106 3374 5145; x_wconf 92' lang='lat' dir='ltr'><strong>ac</strong></span> <span class='ocrx_word' id='word_1_851' title='bbox 3392 5106 3506 5146; x_wconf 91' lang='lat' dir='ltr'><strong>non</strong></span> <span class='ocrx_word' id='word_1_852' title='bbox 3531 5090 3724 5162; x_wconf 88' lang='lat' dir='ltr'><strong>potius</strong></span> <span class='ocrx_word' id='word_1_853' title='bbox 3743 5108 3872 5163; x_wconf 83' lang='lat' dir='ltr'><strong>pro-</strong></span> 
     </span>
    </p>
   </div>
   <div class='ocr_carea' id='block_1_111' title="bbox 2234 5182 3872 5257">
    <p class='ocr_par' dir='ltr' id='par_1_111' title="bbox 2234 5182 3872 5257">
     <span class='ocr_line' id='line_1_114' title="bbox 2234 5182 3872 5257; baseline 0.002 -20"><span class='ocrx_word' id='word_1_854' title='bbox 2234 5182 2428 5254; x_wconf 89' lang='lat' dir='ltr'><strong>prium</strong></span> <span class='ocrx_word' id='word_1_855' title='bbox 2457 5183 2668 5238; x_wconf 89' lang='lat' dir='ltr'><strong>fatetur</strong></span> <span class='ocrx_word' id='word_1_856' title='bbox 2695 5183 2817 5254; x_wconf 89' lang='lat' dir='ltr'><strong>ejus</strong></span> <span class='ocrx_word' id='word_1_857' title='bbox 2843 5182 3107 5254; x_wconf 89' lang='lat' dir='ltr'><strong>spiritum</strong></span> <span class='ocrx_word' id='word_1_858' title='bbox 3149 5200 3254 5255; x_wconf 90' lang='lat' dir='ltr'><strong>per</strong></span> <span class='ocrx_word' id='word_1_859' title='bbox 3282 5200 3457 5256; x_wconf 90' lang='lat' dir='ltr'><strong>quem</strong></span> <span class='ocrx_word' id='word_1_860' title='bbox 3489 5183 3678 5240; x_wconf 88' lang='lat' dir='ltr'><strong>divina</strong></span> <span class='ocrx_word' id='word_1_861' title='bbox 3708 5185 3872 5257; x_wconf 86' lang='lat' dir='ltr'><strong>signa</strong></span> 
     </span>
    </p>
   </div>
   <div class='ocr_carea' id='block_1_112' title="bbox 2237 5276 2973 5348">
    <p class='ocr_par' dir='ltr' id='par_1_112' title="bbox 2237 5276 2973 5348">
     <span class='ocr_line' id='line_1_115' title="bbox 2237 5276 2973 5348; baseline 0.001 -18"><span class='ocrx_word' id='word_1_862' title='bbox 2237 5276 2506 5348; x_wconf 88' lang='lat' dir='ltr'><strong>explevit,</strong></span> <span class='ocrx_word' id='word_1_863' title='bbox 2537 5276 2845 5332; x_wconf 89' lang='lat' dir='ltr'><strong>anathema</strong></span> <span class='ocrx_word' id='word_1_864' title='bbox 2884 5276 2973 5332; x_wconf 89' lang='lat' dir='ltr'><strong>sit.</strong></span> 
     </span>
    </p>
   </div>
   <div class='ocr_carea' id='block_1_113' title="bbox 2306 5370 3869 5442">
    <p class='ocr_par' dir='ltr' id='par_1_113' title="bbox 2306 5370 3869 5442">
     <span class='ocr_line' id='line_1_116' title="bbox 2306 5370 3869 5442; baseline 0.002 -16"><span class='ocrx_word' id='word_1_865' title='bbox 2306 5372 2367 5426; x_wconf 87' lang='grc' dir='ltr'><strong>Χ.</strong></span> <span class='ocrx_word' id='word_1_866' title='bbox 2397 5370 2728 5426; x_wconf 89' lang='lat' dir='ltr'><strong>Pontiﬁcem</strong></span> <span class='ocrx_word' id='word_1_867' title='bbox 2759 5374 2815 5425; x_wconf 89' lang='lat' dir='ltr'><strong>et</strong></span> <span class='ocrx_word' id='word_1_868' title='bbox 2855 5370 3189 5442; x_wconf 84' lang='lat' dir='ltr'><strong>Apostolum</strong></span> <span class='ocrx_word' id='word_1_869' title='bbox 3243 5372 3610 5429; x_wconf 90' lang='lat' dir='ltr'><strong>confessionis</strong></span> <span class='ocrx_word' id='word_1_870' title='bbox 3654 5378 3869 5429; x_wconf 73' lang='lat' dir='ltr'><strong>nostrae</strong></span> 
     </span>
    </p>
   </div>
   <div class='ocr_carea' id='block_1_114' title="bbox 2236 5464 3866 5537">
    <p class='ocr_par' dir='ltr' id='par_1_114' title="bbox 2236 5464 3866 5537">
     <span class='ocr_line' id='line_1_117' title="bbox 2236 5464 3866 5537; baseline 0.003 -18"><span class='ocrx_word' id='word_1_871' title='bbox 2236 5464 2448 5520; x_wconf 89' lang='lat' dir='ltr'><strong>factum</strong></span> <span class='ocrx_word' id='word_1_872' title='bbox 2464 5480 2582 5519; x_wconf 91' lang='lat' dir='ltr'><strong>esse</strong></span> <span class='ocrx_word' id='word_1_873' title='bbox 2605 5464 2892 5521; x_wconf 89' lang='lat' dir='ltr'><strong>Christum</strong></span> <span class='ocrx_word' id='word_1_874' title='bbox 2905 5465 3095 5521; x_wconf 90' lang='lat' dir='ltr'><strong>divina</strong></span> <span class='ocrx_word' id='word_1_875' title='bbox 3114 5465 3407 5537; x_wconf 91' lang='lat' dir='ltr'><strong>Scriptura</strong></span> <span class='ocrx_word' id='word_1_876' title='bbox 3433 5475 3866 5525; x_wconf 88' lang='lat' dir='ltr'><strong>commemorat.</strong></span> 
     </span>
    </p>
   </div>
   <div class='ocr_carea' id='block_1_115' title="bbox 2233 5556 3869 5630">
    <p class='ocr_par' dir='ltr' id='par_1_115' title="bbox 2233 5556 3869 5630">
     <span class='ocr_line' id='line_1_118' title="bbox 2233 5556 3869 5630; baseline 0.003 -18"><span class='ocrx_word' id='word_1_877' title='bbox 2233 5556 2445 5613; x_wconf 89' lang='lat' dir='ltr'><strong>Obtulit</strong></span> <span class='ocrx_word' id='word_1_878' title='bbox 2468 5556 2624 5612; x_wconf 89' lang='lat' dir='ltr'><strong>enim</strong></span> <span class='ocrx_word' id='word_1_879' title='bbox 2651 5558 3018 5629; x_wconf 88' lang='lat' dir='ltr'><strong>semetipsum</strong></span> <span class='ocrx_word' id='word_1_880' title='bbox 3040 5575 3144 5630; x_wconf 92' lang='lat' dir='ltr'><strong>pro</strong></span> <span class='ocrx_word' id='word_1_881' title='bbox 3159 5558 3325 5614; x_wconf 90' lang='lat' dir='ltr'><strong>nobis</strong></span> <span class='ocrx_word' id='word_1_882' title='bbox 3347 5578 3375 5612; x_wconf 85' lang='lat'><strong><em>«</em></strong></span> <span class='ocrx_word' id='word_1_883' title='bbox 3398 5559 3457 5615; x_wconf 89' lang='lat' dir='ltr'><strong>in</strong></span> <span class='ocrx_word' id='word_1_884' title='bbox 3485 5560 3725 5616; x_wconf 89' lang='lat' dir='ltr'><strong>odorem</strong></span> <span class='ocrx_word' id='word_1_885' title='bbox 3747 5579 3869 5617; x_wconf 87' lang='lat' dir='ltr'><strong>sua-</strong></span> 
     </span>
    </p>
   </div>
   <div class='ocr_carea' id='block_1_116' title="bbox 2232 5649 3865 5725">
    <p class='ocr_par' dir='ltr' id='par_1_116' title="bbox 2232 5649 3865 5725">
     <span class='ocr_line' id='line_1_119' title="bbox 2232 5649 3865 5725; baseline 0.005 -22"><span class='ocrx_word' id='word_1_886' title='bbox 2232 5649 2415 5706; x_wconf 86' lang='lat' dir='ltr'><strong>vitatis</strong></span> <span class='ocrx_word' id='word_1_887' title='bbox 2467 5672 2495 5700; x_wconf 82' lang='lat'><strong>»</strong></span> <span class='ocrx_word' id='word_1_888' title='bbox 2552 5651 2668 5706; x_wconf 91' lang='lat' dir='ltr'><strong>Deo</strong></span> <span class='ocrx_word' id='word_1_889' title='bbox 2722 5654 2780 5706; x_wconf 87' lang='lat' dir='ltr'><strong>et</strong></span> <span class='ocrx_word' id='word_1_890' title='bbox 2828 5652 3002 5707; x_wconf 90' lang='lat' dir='ltr'><strong>Patri.</strong></span> <span class='ocrx_word' id='word_1_891' title='bbox 3056 5652 3112 5708; x_wconf 90' lang='lat' dir='ltr'><strong>Si</strong></span> <span class='ocrx_word' id='word_1_892' title='bbox 3165 5653 3293 5725; x_wconf 90' lang='lat' dir='ltr'><strong>quis</strong></span> <span class='ocrx_word' id='word_1_893' title='bbox 3347 5670 3484 5725; x_wconf 90' lang='lat' dir='ltr'><strong>ergo</strong></span> <span class='ocrx_word' id='word_1_894' title='bbox 3531 5655 3865 5711; x_wconf 82' lang='lat' dir='ltr'><strong>Pontiﬁcem</strong></span> 
     </span>
    </p>
   </div>
   <div class='ocr_carea' id='block_1_117' title="bbox 2228 5746 3863 5821">
    <p class='ocr_par' dir='ltr' id='par_1_117' title="bbox 2228 5746 3863 5821">
     <span class='ocr_line' id='line_1_120' title="bbox 2228 5746 3863 5821; baseline 0.004 -22"><span class='ocrx_word' id='word_1_895' title='bbox 2228 5749 2289 5800; x_wconf 87' lang='lat' dir='ltr'><strong>et</strong></span> <span class='ocrx_word' id='word_1_896' title='bbox 2349 5746 2678 5817; x_wconf 90' lang='lat' dir='ltr'><strong>Apostolum</strong></span> <span class='ocrx_word' id='word_1_897' title='bbox 2735 5748 3001 5801; x_wconf 89' lang='lat' dir='ltr'><strong>nostrum</strong></span> <span class='ocrx_word' id='word_1_898' title='bbox 3051 5746 3190 5802; x_wconf 90' lang='lat' dir='ltr'><strong>dicit</strong></span> <span class='ocrx_word' id='word_1_899' title='bbox 3238 5748 3454 5803; x_wconf 82' lang='lat' dir='ltr'><strong>factum</strong></span> <span class='ocrx_word' id='word_1_900' title='bbox 3501 5764 3620 5804; x_wconf 90' lang='lat' dir='ltr'><strong>non</strong></span> <span class='ocrx_word' id='word_1_901' title='bbox 3674 5749 3863 5821; x_wconf 89' lang='lat' dir='ltr'><strong>ipsum</strong></span> 
     </span>
    </p>
   </div>
   <div class='ocr_carea' id='block_1_118' title="bbox 2231 5838 3860 5925">
    <p class='ocr_par' dir='ltr' id='par_1_118' title="bbox 2231 5838 3860 5925">
     <span class='ocr_line' id='line_1_121' title="bbox 2231 5838 3860 5925; baseline 0.005 -30"><span class='ocrx_word' id='word_1_902' title='bbox 2231 5838 2327 5896; x_wconf 91' lang='lat' dir='ltr'><strong>Dei</strong></span> <span class='ocrx_word' id='word_1_903' title='bbox 2378 5839 2644 5911; x_wconf 88' lang='lat' dir='ltr'><strong>Verbum,</strong></span> <span class='ocrx_word' id='word_1_904' title='bbox 2695 5840 2921 5912; x_wconf 86' lang='lat' dir='ltr'><strong>quando</strong></span> <span class='ocrx_word' id='word_1_905' title='bbox 2972 5857 3097 5925; x_wconf 65' lang='lat' dir='ltr'><strong>caro</strong></span> <span class='ocrx_word' id='word_1_906' title='bbox 3155 5846 3363 5910; x_wconf 82' lang='lat' dir='ltr'><strong>factum</strong></span> <span class='ocrx_word' id='word_1_907' title='bbox 3419 5846 3498 5899; x_wconf 72' lang='lat' dir='ltr'><strong>est</strong></span> <span class='ocrx_word' id='word_1_908' title='bbox 3552 5845 3610 5898; x_wconf 90' lang='lat' dir='ltr'><strong>et</strong></span> <span class='ocrx_word' id='word_1_909' title='bbox 3664 5842 3860 5904; x_wconf 88' lang='lat' dir='ltr'><strong>homo.</strong></span> 
     </span>
    </p>
   </div>
  </div>
