4058 6308
233 345 327 397 301

1497 349 1973 415 DECRETALIUM
2011 350 2393 405 COLLECTIO.

3510 349 3610 407 302

224 449 392 518 juxta
424 465 529 503 nos
557 450 841 518 homines,
877 452 973 506 sed
998 452 1153 507 velut
1178 453 1423 509 alterum
1453 460 1662 527 praeter
1683 457 1872 528 ipsum
1894 469 1952 542 Α
1971 457 2233 526 ﬁxioues,
2270 461 2370 511 aut
2404 456 2513 510 alia
2544 457 2780 509 vulnera
2817 454 3148 525 susceperit,
3190 456 3337 509 Deus
3363 471 3609 527 namque

230 541 555 613 specialiter
577 543 877 598 hominem
903 561 971 599 ex
993 547 1232 602 muliere
1253 565 1270 618 ;
1300 553 1395 604 aut
1423 549 1521 620 qui
1553 549 1697 604 dixit
1720 551 1871 622 quod

232 651 334 706 pro
374 651 435 690 se
473 635 769 691 obtulisset
810 640 1180 710 semetipsum
1234 642 1580 697 oblationem
1641 648 1697 698 et
1752 660 1870 698 non

230 727 425 800 potius
464 745 568 801 pro
614 729 782 784 nobis
825 731 976 802 solis,
1027 749 1144 788 non
1184 734 1339 789 enim
1376 736 1535 806 eguit
1584 736 1870 793 oblatione

230 821 329 892 qui
350 824 716 892 peccatorum
747 824 1262 895 omnino.nescivit,
1293 829 1603 885 anathema
1633 829 1722 885 sit.

299 914 384 969 XI.
428 915 485 970 Si
533 915 659 987 quis
699 932 814 972 non
843 919 1149 974 confitetur
1187 936 1419 977 carnem
1461 923 1686 977 Domini
1729 922 1869 978 vivi-

228 1008 540 1064 ficatricem
569 1025 712 1078 esse,
744 1013 801 1065 et
828 1012 1119 1083 propriam
1144 1012 1321 1085 ipsius
1338 1014 1509 1070 Verbi
1542 1016 1638 1070 Dei
1666 1016 1868 1087 Patris,

229 1102 332 1157 sed
358 1103 513 1158 velut
536 1102 769 1159 alterius
795 1110 1003 1175 praeter
1016 1106 1207 1177 ipsum
1240 1108 1527 1179 conjuncti
1553 1109 1743 1163 eidem
1768 1127 1873 1181 per

226 1194 575 1267 dignitatem
603 1200 701 1251 aut
727 1197 891 1269 quasi
910 1198 1159 1255 divinam
1177 1200 1443 1256 habentis
1463 1202 1871 1258 habitationem

226 1304 292 1343 ac
317 1306 438 1345 non
465 1289 653 1362 potius
676 1289 1101 1348 viviﬁcatricem
1132 1310 1251 1349 esse
1278 1295 1413 1366 quia
1436 1295 1591 1351 facta
1636 1300 1719 1352 est
1738 1313 1867 1368 pro-

224 1381 352 1453 pria
375 1383 545 1438 Verbi
566 1383 849 1440 viviﬁcare
868 1385 1131 1456 valentis,
1175 1388 1483 1443 anathema
1514 1388 1603 1443 sit.

296 1477 408 1532 ΧΠ.
451 1476 510 1531 Si
537 1477 664 1549 quis
696 1495 815 1533 non
858 1478 1157 1535 conﬁtetur
1206 1480 1306 1535 Dei
1340 1482 1591 1536 Verbum
1642 1499 1869 1554 passum

228 1586 419 1638 carne,
458 1576 515 1625 et
553 1571 888 1627 crucifixum
928 1589 1128 1644 carne,
1166 1578 1223 1629 et
1264 1579 1511 1630 mortem
1549 1593 1721 1631 carne
1761 1594 1869 1648 gu-

229 1667 423 1729 stasse,
465 1664 683 1719 factum
709 1665 1163 1737 primogenitum
1184 1684 1254 1723 ex
1285 1669 1525 1724 mortuis
1556 1671 1870 1726 secundum

227 1757 377 1828 quod
402 1756 519 1811 vita
544 1762 649 1827 est,
697 1762 755 1813 et
786 1758 1095 1815 viviﬁcator
1125 1765 1187 1817 ut
1218 1762 1387 1830 Deus,
1437 1764 1746 1818 anathema
1776 1764 1866 1820 sit.

1970 550 2347 621 incorporalis
2374 552 2429 605 et
2457 552 2617 603 extra
2638 548 2964 619 passionem
2994 550 3098 617 est,
3123 547 3221 603 sed
3251 548 3383 618 quia
3408 564 3611 619 corpus

1968 643 2110 697 illud
2152 642 2306 715 quod
2360 642 2536 713 ipsius
2580 641 2879 712 proprium
2931 642 3143 695 factum
3181 645 3265 696 est
3302 641 3408 695 hoc
3443 643 3608 696 susti-

1972 736 2290 796 uuit.-ldeo
2328 736 2450 790 haec
2489 735 2681 790 omnia
2716 751 2821 806 pro
2858 734 3024 789 nobis
3052 733 3187 807 ipsis
3225 733 3431 789 dicitur
3476 751 3606 807 pas-

1971 846 2085 898 sus,
2138 829 2326 885 inerat
2372 829 2526 884 enim
2564 829 2626 883 in
2693 844 2760 883 eo
2817 843 3056 900 corpore
3100 827 3236 899 quid
3286 827 3610 899 patiebatur

1970 925 2137 990 Deus,
2168 923 2266 994 qui
2305 922 2420 993 pati
2460 938 2577 977 nou
2602 925 2840 993 poterat.
2869 920 3049 976 Simili
3074 921 3255 990 jmodo
3281 925 3336 976 et
3361 926 3618 982 mortem.

1970 1016 2147 1088 ipsius
2165 1016 2560 1086 intelligimus,
2588 1014 2911 1070 immortale
2927 1014 3081 1070 enim
3102 1018 3160 1069 et
3177 1014 3608 1086 incorruptibile

1972 1125 2091 1164 esse
2124 1108 2462 1164 naturaliter
2486 1112 2543 1163 et
2577 1107 2689 1162 vita
2726 1111 2783 1163 et
2816 1107 3105 1162 viviﬁcans
3135 1108 3280 1162 Deus
3324 1107 3605 1177 Verbum;

1972 1203 2071 1258 sed
2104 1202 2240 1275 quia
2279 1218 2485 1274 corpus
2524 1200 2703 1272 ipsius
2739 1200 3035 1272 proprium
3078 1199 3261 1271 gratia
3300 1199 3395 1256 Dei
3440 1199 3609 1269 juxta

1969 1296 2132 1353 Pauli
2184 1311 2384 1351 vocem
2466 1316 2494 1345 ‹‹
2560 1311 2664 1366 pro
2730 1292 2996 1349 omnibus
3057 1297 3302 1348 mortem
3365 1292 3609 1365 gustavit

1972 1390 2123 1459 (Heb.
2160 1407 2218 1457 II,
2253 1392 2324 1459 9),
2352 1407 2381 1441 »
2412 1388 2624 1443 idcirco
2650 1388 2770 1459 ipse
2791 1387 2998 1442 dicitur
3019 1389 3269 1441 mortem
3289 1403 3485 1458 passus
3504 1402 3608 1458 pro

1968 1483 2154 1538 nobis.
2187 1484 2309 1537 Non
2340 1481 2491 1553 quod
2510 1481 2629 1552 ipse
2660 1484 2904 1536 mortem
2938 1482 3086 1534 esset
3121 1484 3403 1551 expertus,
3436 1494 3610 1551 quau-

1970 1581 2094 1631 tum
2139 1577 2210 1631 ad
2243 1576 2416 1647 ipsius
2460 1580 2732 1630 naturam
2770 1573 3021 1645 pertinet
3060 1573 3297 1642 (insania
3335 1572 3489 1627 enim
3525 1578 3612 1628 est

1971 1670 2080 1724 hoc
2102 1670 2189 1724 vel
2220 1669 2451 1739 sentire,
2502 1669 2589 1723 vel
2634 1667 2864 1737 dicere),
2897 1667 2994 1721 sed
3018 1666 3196 1738 quod,
3238 1671 3304 1721 ut
3345 1665 3608 1733 diximus,

1969 1780 2107 1818 vera
2136 1780 2265 1818 caro
2318 1763 2498 1835 ipsius
2544 1765 2797 1816 mortem
2845 1759 3128 1831 gustavit,
3179 1759 3261 1814 ita
3308 1764 3367 1814 et
3416 1773 3607 1813 resur-

295 1850 424 1906 XIII.
464 1850 560 1906 Ait
594 1851 772 1923 igitur
807 1869 1021 1925 magna
1058 1855 1114 1908 et
1149 1860 1342 1910 sancta
1387 1857 1634 1927 synodus
1681 1841 1945 1929 ipsumB
1970 1861 2140 1929 gente
2172 1874 2340 1912 carne
2384 1856 2562 1928 ipsius
2599 1871 2793 1910 rursus
2842 1853 3317 1909 resurrectionem
3344 1852 3605 1923 dicimus,

228 1943 325 2015 qui
355 1946 441 1998 est
467 1960 536 1998 ex
566 1945 685 1998 Deo
731 1946 894 2000 Patre
920 1946 1254 2003 naturaliter
1286 1952 1453 2003 natus
1491 1950 1695 2005 Filium
1741 1951 1868 2005 uni-

228 2036 490 2107 genitum
552 2038 735 2092 Deum
773 2039 841 2094 de
897 2040 1010 2095 Deo
1057 2056 1218 2108 vero,
1267 2041 1464 2097 lumen
1509 2043 1578 2098 de
1629 2043 1865 2115 lumine,

231 2147 326 2201 per
370 2147 546 2202 quem
590 2136 807 2187 etcum
850 2150 965 2204 quo
1008 2134 1200 2189 omnia
1251 2136 1451 2191 fecerit
1486 2138 1669 2204 Pater,
1716 2138 1869 2193 hunc

229 2223 607 2292 descendisse,
644 2224 1008 2281 incarnatum
1050 2244 1187 2297 esse,
1220 2232 1278 2284 et
1306 2229 1602 2285 hominem
1629 2231 1864 2300 factum,

227 2333 453 2387 passum
481 2333 633 2386 esse,
682 2323 737 2374 et
778 2320 1150 2402 resurrexisse
1190 2323 1360 2378 tertia
1410 2323 1521 2390 die,
1549 2324 1866 2379 ascendisse

226 2427 417 2465 rursus
448 2411 510 2465 in
538 2413 727 2468 caelos.
760 2414 888 2467 Haec
909 2430 1013 2469 nos
1052 2415 1214 2486 sequi
1244 2416 1418 2472 verba
1455 2417 1749 2488 debemus,
1781 2419 1867 2473 his

226 2521 328 2559 nos
347 2506 613 2560 convenit
628 2506 1025 2578 obtemperare
1046 2509 1428 2580 dogmatibus,
1446 2510 1866 2567 considerantes

225 2598 357 2669 quid
406 2598 478 2652 sit
516 2598 879 2656 incarnatum
908 2617 1027 2656 esse
1068 2605 1125 2657 et
1161 2603 1455 2659 hominem
1503 2605 1713 2660 factum
1764 2605 1867 2660 Dei

224 2691 493 2746 Verbum.

293 2786 417 2840 Non
474 2786 627 2840 enim
683 2787 921 2842 dicimus
979 2789 1133 2860 quod
1180 2789 1279 2844 Dei
1328 2794 1537 2846 natura
1596 2808 1869 2848 conversa

226 2879 306 2932 vel
329 2879 633 2934 immutata
674 2879 764 2948 sit,
812 2882 913 2936 sed
952 2882 1134 2953 magis
1181 2884 1332 2955 quod
1372 2901 1601 2940 carnem
1644 2886 1863 2941 anima-

226 2975 338 3027 tam
374 2958 574 3028 anima
623 2975 881 3029 rationali
916 2975 1024 3029 sibi
1068 2978 1439 3048 copulaverit,
1500 2979 1865 3053 Verbumque

222 3066 687 3138 substantialiter,
730 3068 1092 3126 iueti‘abiliter
1129 3075 1186 3125 et
1211 3070 1867 3144 iucomprehensibiliter

221 3160 403 3215 factus
433 3161 507 3215 sit
534 3162 724 3230 homo,
758 3166 812 3217 et
854 3166 1209 3235 nuncupatus
1237 3166 1310 3220 sit
1349 3148 1523 3221 etiam
1561 3166 1711 3221 filius
1756 3168 1863 3223 ho-

221 3212 259 3214 --
290 3212 397 3215 --η
433 3212 504 3215 __-
536 3212 724 3230 ___-,
763 3212 811 3217 _-
856 3212 1209 3235 -__---_,._-_-
1237 3212 1309 3220 η--
1353 3212 1523 3221 ηπ...
1562 3212 1710 3221 ----..-
1756 3212 1830 3223 ..υ

220 3253 392 3308 minis
422 3271 540 3309 non
574 3256 725 3310 nuda
744 3258 1144 3312 tantummodo
1177 3260 1488 3327 voluntate,
1520 3260 1615 3315 sed
1646 3278 1749 3317 uec
1780 3279 1864 3317 as-
1886 3212 1940 3287 C

223 3348 551 3418 sumptione
587 3351 704 3404 sola
738 3366 1018 3421 personas,
1044 3353 1141 3406 sed
1176 3354 1333 3424 quod
1367 3353 1602 3409 diversze
1632 3356 1862 3426 quidem

220 3445 436 3496 naturae
468 3442 528 3495 in
555 3459 736 3498 unum
768 3449 1178 3514 convenerunt,
1222 3464 1367 3500 unus
1404 3450 1597 3502 tamen
1639 3466 1709 3504 ex
1735 3466 1858 3504 am-

221 3535 406 3590 bobus
452 3536 707 3592 Christus
741 3541 798 3592 et
837 3539 1008 3593 Filius
1051 3557 1169 3595 non
1212 3545 1483 3595 evacuata
1516 3542 1602 3597 vel
1639 3542 1861 3599 sublata

224 3628 547 3686 diversitate
596 3635 925 3687 naturarum
976 3650 1078 3704 per
1107 3635 1552 3706 coujuuctioues,
1594 3636 1693 3691 sed
1729 3638 1861 3709 quia

222 3722 390 3778 simul
446 3724 610 3779 nobis
660 3724 990 3796 effecerunt,
1031 3732 1097 3781 ut
1131 3744 1314 3783 unum
1365 3730 1548 3784 Deum
1595 3734 1653 3785 et
1696 3731 1855 3787 Chri-

222 3821 371 3872 stum
412 3821 469 3872 et
508 3818 731 3888 Filium,
761 3819 822 3874 id
869 3823 951 3875 est
988 3820 1251 3876 divinitas
1295 3828 1349 3879 et
1387 3824 1709 3879 humanitas
1757 3842 1860 3897 per

219 3932 483 3971 arcanam
540 3917 699 3972 illam
772 3918 1237 3991 ineffabilemque
1295 3921 1715 3992 cepulationem
1786 3924 1857 3980 ad

219 4009 662 4066 humanitatem.
702 4013 893 4084 Itaque
937 4013 984 4067 is
1004 4013 1101 4085 qui
1144 4018 1275 4068 ante
1320 4017 1525 4070 saecula
1550 4018 1746 4072 omnia
1774 4023 1859 4073 est

219 4110 385 4159 natus
416 4121 483 4159 ex
512 4105 692 4175 Patre,
716 4107 889 4161 etiam
908 4125 978 4162 ex
1006 4108 1243 4164 muliere
1278 4110 1579 4165 carnaliter
1608 4116 1692 4166 est
1728 4128 1857 4183 pro-

221 4202 460 4252 creatus.
511 4199 635 4253 Non
680 4200 809 4270 quia
856 4199 1045 4255 divina
1096 4201 1273 4273 ipsius
1320 4206 1528 4258 natura
1569 4205 1638 4259 de
1694 4222 1855 4259 sacra

219 4291 448 4362 Virgine
470 4291 713 4363 sumpsit
732 4293 1049 4365 exordium,
1070 4311 1175 4349 nec
1192 4300 1429 4367 prepter
1453 4297 1701 4369 seipsum
1714 4314 1856 4369 opus

220 4384 418 4438 habuit
445 4385 698 4439 secundo
744 4387 898 4441 nasci
934 4393 1064 4458 post
1108 4389 1264 4443 illam
1301 4391 1656 4446 nativitatem
1685 4408 1855 4463 quam

219 4476 461 4533 habebat
486 4494 550 4532 ex
576 4479 756 4534 Patre.
788 4482 879 4535 Est
910 4481 1061 4536 enim
1090 4482 1347 4553 ineptum
1386 4490 1443 4539 et
1483 4486 1722 4539 stultum
1748 4486 1854 4540 hoc

1970 1968 2088 2006 non
2130 1950 2263 2024 quia
2301 1950 2361 2005 in
2406 1949 2842 2021 corruptionem
2887 1948 3187 2017 ceciderat,
3233 1946 3389 2019 quod
3439 1946 3609 2014 absit,

1970 2046 2069 2101 sed
2134 2044 2268 2117 quia
2328 2044 2449 2115 ejus
2517 2041 2830 2098 resurrexit
2873 2058 3114 2113 corpus;
3179 2040 3261 2095 ita
3318 2040 3610 2096 Christum

1969 2156 2151 2195 unum
2177 2142 2234 2193 et
2271 2139 2578 2193 Dominum
2608 2137 2963 2204 confitemur,
2994 2141 3274 2207 tauquam
3314 2134 3610 2190 hominem

1969 2250 2100 2288 cum
2157 2232 2338 2287 Verbo
2417 2231 2785 2287 coadorantes
2848 2233 2910 2285 ut
2993 2227 3283 2284 divisionis
3345 2228 3609 2300 quaedam

1968 2325 2180 2398 species
2223 2326 2546 2393 inducatur,
2591 2324 2692 2379 sed
2730 2340 2909 2378 unum
2938 2323 3060 2394 jam
3101 2327 3158 2378 et
3199 2322 3469 2377 eumdem
3513 2322 3607 2377 ad-

1967 2423 2210 2487 orantes,
2237 2419 2369 2491 quia
2397 2435 2513 2473 uou
2542 2423 2627 2473 est
2657 2418 2907 2473 alienum
2937 2434 2971 2471 a
2994 2418 3177 2471 Verbo
3208 2431 3414 2487 corpus
3439 2431 3607 2471 suum

1968 2530 2098 2568 cum
2152 2529 2265 2584 quo
2314 2511 2436 2583 ipse
2479 2511 2653 2566 etiam
2710 2510 2923 2564 assidet
2978 2509 3148 2576 Patri,
3217 2524 3321 2563 nec
3370 2509 3476 2564 hoc
3524 2508 3606 2564 ita

1968 2607 2205 2661 dicimus
2243 2605 2402 2677 quasi
2454 2604 2677 2660 duobus
2726 2602 2856 2658 ﬁliis
2898 2602 3296 2669 assidentibus,
3343 2601 3441 2656 sed
3493 2617 3606 2657 una

1966 2717 2097 2755 cum
2125 2716 2291 2755 carne
2319 2716 2424 2771 per
2441 2698 2739 2766 unitatem,
2759 2696 2889 2770 quia
2913 2696 2961 2751 si
2987 2696 3162 2751 talem
3185 2693 3605 2766 copulatiouem

1965 2795 2177 2849 factam
2213 2810 2314 2865 per
2348 2791 2745 2859 substantiam,
2794 2793 2894 2845 aut
2919 2790 3080 2862 quasi
3117 2804 3221 2861 per
3255 2788 3601 2860 passibilem,

1966 2893 2064 2944 aut
2092 2888 2256 2960 quasi
2298 2903 2499 2959 parum
2539 2886 2802 2941 decoram
2840 2884 3189 2939 voluerimus
3232 2882 3507 2955 accipere,
3537 2882 3605 2938 in

1966 2982 2026 3037 id
2062 2982 2396 3050 incidemus,
2427 2985 2492 3036 ut
2525 2981 2669 3036 duos
2704 2980 2849 3035 ﬁlios
2881 2995 3000 3035 esse
3039 2977 3312 3033 dicamus.
3364 2977 3603 3033 Necesse

1968 3078 2054 3131 est
2099 3076 2255 3131 enim
2294 3076 2633 3144 discernere,
2671 3077 2727 3130 et
2756 3074 2943 3130 dicere
2970 3072 3263 3128 hominem
3301 3070 3604 3143 separatim

1964 3170 2157 3241 fuisse,
2187 3171 2302 3224 sola
2353 3169 2478 3224 Filii
2508 3168 2888 3240 appellatione
2936 3167 3299 3235 honoratum,
3321 3169 3378 3220 et
3405 3181 3601 3220 rursus

1965 3264 2211 3319 Verbum
2262 3262 2417 3335 quod
2455 3267 2541 3318 est
2590 3279 2656 3316 ex
2698 3263 2813 3317 Deo
2848 3260 2908 3315 in
2958 3260 3212 3327 homine,
3270 3260 3329 3314 in
3362 3259 3599 3314 veritate

1963 3357 2165 3412 Filium
2204 3356 2321 3411 Dei.
2368 3356 2473 3411 Sed
2512 3355 2833 3410 discernere
2877 3354 2938 3408 iu
2982 3353 3121 3408 duos
3163 3352 3307 3425 ﬁlios
3333 3369 3451 3408 non
3504 3352 3601 3407 de-

1959 3452 2161 3505 bemus
2177 3466 2355 3505 uuum
2375 3449 2683 3505 Dominum
2698 3450 2725 3503 J
2729 3464 2892 3502 esum
2906 3447 3213 3503 Christum.
3225 3445 3427 3518 Neque
3444 3445 3597 3501 enim

1962 3545 2195 3616 adjuvat
2212 3549 2421 3599 rectam
2451 3541 2585 3597 ﬁdei
2602 3542 2904 3611 rationem,
2928 3541 3062 3596 licet
3083 3539 3344 3595 nonnulli
3369 3539 3597 3611 copula-

1960 3638 2193 3707 tiouem,
2228 3636 2416 3692 nescio
2438 3652 2629 3708 quam,
2669 3634 3007 3707 perhibeant
3041 3648 3441 3705 personarum.
3472 3633 3596 3687 Non

1959 3731 2115 3787 enim
2134 3730 2269 3786 dicit
2301 3730 2593 3802 Scriptura
2619 3729 2865 3784 Verbum
2890 3726 2991 3783 Dei
3020 3742 3327 3799 personam
3350 3726 3457 3781 sibi
3486 3726 3589 3781 ho-

1959 3824 2128 3880 minis
2165 3823 2555 3897 assumpsisse,
2588 3822 2688 3878 sed
2712 3838 2943 3877 carnem
2967 3822 3186 3877 factum
3217 3836 3359 3890 esse,
3399 3820 3458 3875 id
3487 3835 3589 3876 au-

1956 3923 2073 3975 tem
2100 3923 2185 3974 est
2202 3917 2497 3974 ostendere
2529 3916 2632 3972 Dei
2655 3916 2902 3972 Verbum
2927 3912 3191 3970 similiter
3211 3931 3275 3970 ac
3303 3930 3405 3969 nos
3433 3913 3589 3986 priu-

1958 4013 2174 4086 cipium
2201 4012 2467 4068 habuisse
2509 4011 2694 4067 carnis
2726 4015 2782 4065 et
2815 4010 3130 4082 sanguinis,
3158 4012 3215 4066 et
3254 4025 3461 4081 corpus
3487 4024 3590 4064 uo-

1955 4112 2135 4162 strum
2163 4105 2393 4179 proprie
2422 4122 2589 4161 suum
2611 4104 2825 4173 fecisse,
2859 4110 2916 4159 et
2940 4104 3237 4159 hominem
3263 4120 3328 4159 ex
3353 4103 3594 4159 muliere

1956 4202 2295 4273 processisse
2331 4218 2446 4256 non
2479 4200 2696 4271 abjecta
2720 4199 2808 4254 vel
2851 4198 3109 4271 deposita
3146 4198 3373 4267 deitate,
3399 4200 3465 4252 ut
3492 4211 3590 4268 ge-

1955 4295 2318 4350 nerationem
2363 4294 2521 4348 illam
2548 4293 2855 4363 amitteret,
2889 4308 3060 4363 quam
3099 4290 3349 4346 habebat
3386 4306 3456 4345 ex
3488 4290 3592 4344 Pa-

1957 4393 2063 4457 tre,
2091 4388 2188 4445 sed
2216 4387 2487 4443 mansisse
2503 4387 2677 4443 etiam
2702 4386 2763 4441 iu
2792 4386 3177 4458 assumptione
3204 4384 3387 4440 carnis
3414 4386 3591 4440 Deum

1957 4482 2111 4553 quod
2180 4486 2316 4535 erat.
2363 4482 2478 4536 Hoc
2527 4479 2719 4551 itaque
2778 4482 2947 4534 recta:
2995 4478 3127 4534 ﬁdei
3188 4479 3334 4533 ratio
3397 4482 3590 4548 prote-

221 4570 420 4639 dicere,
445 4573 599 4642 quod
622 4573 668 4626 is
690 4573 786 4644 qui
816 4579 946 4630 ante
972 4576 1163 4630 omnia
1188 4578 1396 4632 saecula
1423 4583 1506 4633 est
1531 4580 1850 4651 consempi-
1872 4584 1931 4656 D
1956 4578 2154 4630 statur.
2206 4576 2267 4628 lu
2293 4574 2395 4629 tali
2447 4590 2615 4629 sensu
2659 4578 2884 4627 sanctos
2916 4574 3107 4627 Patres
3148 4570 3320 4626 fuisse
3363 4587 3590 4641 compe-

220 4668 411 4720 ternus
442 4667 616 4737 Patri,
654 4668 918 4723 secunda:
963 4671 1344 4741 generationis
1387 4673 1610 4742 eguerit
1643 4679 1704 4729 ut
1734 4690 1853 4729 esse

220 4757 511 4831 inciperet,
540 4760 639 4815 sed
671 4762 805 4832 quia
846 4766 1082 4834 pi‘Opter
1126 4767 1380 4819 nostram
1420 4766 1659 4820 salutem
1689 4771 1854 4822 natu-

222 4868 339 4907 ram
360 4854 470 4908 sibi
484 4855 768 4925 copulavit
791 4856 1126 4927 humanam,
1145 4863 1200 4912 et
1216 4859 1569 4929 processitex
1588 4860 1849 4928 muliere,

222 4944 428 5002 idcirco
478 4947 685 5003 dicitur
737 4966 857 5005 esse
899 4956 1065 5006 natus
1113 4953 1432 5007 carnaliter.
1474 4953 1667 5024 Neque
1698 4953 1853 5010 enim

220 5041 469 5111 primum
505 5044 676 5097 natus
712 5046 797 5099 est
835 5045 1008 5099 homo
1045 5048 1362 5102 communis
1393 5048 1463 5101 de
1504 5051 1698 5102 sancta
1728 5048 1852 5102 Vir-

222 5133 350 5203 gine
379 5138 437 5188 et
462 5137 598 5189 tunc
623 5136 856 5192 demum
900 5137 1232 5195 iuhabitavit
1266 5140 1325 5195 in
1351 5158 1417 5195 eo
1454 5140 1725 5211 Verbum,
1756 5142 1854 5196 sed

221 5225 277 5280 iu
332 5229 452 5299 ipsa
504 5230 672 5284 vulva
731 5234 1012 5303 uteroque
1062 5233 1322 5304 virginali
1371 5251 1563 5289 secum
1620 5251 1854 5290 carnem

221 5322 517 5391 conjunxit
542 5328 598 5377 et
612 5324 881 5381 sustinuit
905 5327 1340 5397 generationem
1357 5329 1644 5383 carnalem
1670 5329 1855 5383 carnis

224 5429 334 5469 suae
367 5415 724 5473 nativitatem
762 5418 993 5475 faciens.
1030 5420 1117 5475 Sic
1143 5421 1307 5476 illum
1349 5422 1588 5477 diximus
1625 5439 1856 5494 passum

227 5523 343 5563 esse
391 5513 449 5564 et
503 5513 902 5583 resurrexisse,
954 5530 1070 5569 non
1125 5516 1254 5587 quia
1304 5516 1449 5571 Deus
1494 5516 1742 5571 Verbum
1796 5516 1854 5570 iu

226 5616 323 5656 sua
337 5604 544 5661 natura
570 5621 768 5677 passus
787 5607 859 5663 sit
882 5612 980 5665 aut
1004 5608 1221 5681 plagas,
1244 5613 1341 5665 aut
1366 5609 1574 5681 clavos,
1598 5613 1654 5665 et
1672 5613 1855 5665 trans-

1950 4670 2152 4739 rimus,
2192 4668 2437 4739 ideoque
2479 4666 2562 4720 illi
2597 4682 2713 4721 non
2742 4665 3150 4719 dubitaverunt
3179 4667 3435 4719 sanctam
3472 4664 3598 4719 Vir-

1953 4764 2147 4834 ginem
2174 4762 2360 4817 dicere
2401 4761 2726 4824 thcotochon,
2752 4775 2870 4814 non
2900 4758 3035 4831 quia
3061 4758 3226 4813 Verbi
3251 4762 3458 4813 natura
3477 4757 3592 4814 dei-

1950 4863 2148 4929 tasque
2174 4856 2234 4910 in
2260 4858 2509 4911 sanctam
2531 4854 2827 4926 Virginem
2856 4854 3096 4925 sumpsit
3131 4853 3449 4921 exordium,
3492 4853 3590 4908 sed

1953 4952 2104 5024 quod
2136 4967 2204 5006 ex
2230 4968 2297 5006 ea
2325 4953 2523 5005 natum
2544 4950 2617 5004 sit
2641 4964 2865 5004 sacrum
2886 4947 3024 5002 illud
3045 4964 3249 5021 corpus
3275 4947 3592 5004 animatum

1953 5046 2145 5101 anima
2183 5044 2450 5101 rationali
2494 5044 2583 5099 cui
2637 5042 3081 5108 substantialiter
3130 5043 3444 5098 adunatum
3494 5042 3592 5099 Dei

1953 5140 2201 5195 Verbum
2242 5139 2544 5195 carnaliter
2584 5141 2787 5193 natum
2829 5154 2948 5193 esse
2977 5137 3202 5193 dicitur.
3242 5138 3370 5192 Haac
3416 5136 3595 5210 igitur

1953 5251 2058 5306 pro
2091 5234 2365 5289 charitate
2402 5232 2459 5287 iu
2499 5232 2719 5287 Christo
2765 5232 2947 5287 scribo
2985 5232 3110 5298 tibi,
3161 5248 3427 5305 quaareus
3463 5238 3591 5288 tau-

1954 5344 2128 5399 quam
2157 5328 2392 5382 fratrem
2420 5331 2476 5381 et
2502 5328 2822 5381 contestans
2842 5342 3031 5381 coram
3055 5326 3169 5381 Deo
3185 5329 3241 5382 et
3260 5326 3456 5383 electis
3475 5327 3595 5398 ejus

1956 5421 2197 5492 angelis,
2218 5425 2301 5476 'ut
2338 5420 2459 5475 haec
2493 5418 2791 5475 nobiscum
2824 5420 3034 5475 sentias
3075 5420 3244 5475 simul
3284 5425 3341 5476 et
3367 5420 3590 5489 doceas,

1954 5520 2019 5570 ut
2050 5514 2425 5570 Ecclesiarum
2452 5530 2557 5586 pax
2594 5513 2860 5582 salvetur,
2908 5518 2965 5570 et
3005 5514 3322 5571 concordiae
3348 5513 3593 5569 charita-

1955 5608 2142 5681 tisque
2173 5606 2463 5665 vinculum
2499 5607 2893 5666 indissolubile
2924 5612 3156 5666 maneat
3189 5605 3587 5664 sacerdotibus.

1253 5796 2575 5840 “w—
