4058 6316
473 322 575 378 303

1358 316 1642 371 APPEND.
1685 315 1774 371 AD
1813 313 1978 370 δὶα.
2019 314 2108 371 ΙΧ.
2136 342 2205 357 -ι
2234 313 2475 372 ISIDORI
2513 312 2967 395 MERCATORIS“

3741 322 3847 375 304

1433 597 1961 671 CONCILIUM
2043 598 2873 673 CHALCEDONENSE

473 752 946 818 Sexcentorum
974 749 1247 835 triginta
1277 748 1749 835 episcoporum,
1795 748 2249 815 Valentiniano
2292 749 2378 816 ν]
2412 757 2475 814 et
2509 750 2726 815 ΑΙιίηο
2770 750 3161 830 consulibus,
3198 767 3336 815 aera
3365 750 3843 831 anx1x(.4nno

1254 847 1528 918 Domini
1550 847 1714 933 452),
1749 848 2063 917 adversus
2099 848 2526 932 Eutychetem
2557 858 2621 915 et
2644 850 3055 917 Dioscorum.

1941 1031 2387 1051 Μ

537 1175 836 1235 Consulata
859 1173 1071 1248 piisimi
1097 1177 1155 1230 et
1189 1174 1459 1231 amatoris
1500 1173 1727 1244 Christi,
1767 1173 1937 1229 Flavii
1959 1175 2103 1230 Mar-
2126 1183 2186 1259 Α
2204 1175 2434 1245 veritas,
2463 1178 2561 1231 aut
2588 1172 2845 1231 doctrina
2878 1174 3109 1229 Patrum
3138 1170 3402 1244 exquirit,
3447 1171 3611 1229 multi
3643 1172 3715 1227 ad
3746 1186 3839 1227 er-

460 1270 604 1328 tiani
637 1269 901 1343 perpetui
940 1268 1201 1341 Augusti,
1255 1268 1347 1324 die
1390 1268 1521 1325 Idus
1553 1267 1827 1337 Octobris,
1855 1269 2104 1340 synodus

460 1365 686 1422 factain
704 1361 1152 1421 Chalcedonensi
1175 1362 1423 1432 civitate,
1454 1362 1758 1434 metropoli
1800 1363 2103 1433 provincia:

461 1458 763 1532 Bithyniae,
807 1474 879 1512 ex
905 1455 1132 1511 decreto
1168 1456 1516 1528 synodorum
1546 1460 1602 1511 et
1641 1455 2103 1512 ﬁdelissimorum

460 1553 769 1608 verborum
819 1550 1231 1622 imperatorum
1284 1548 1663 1605 Valentiniani
1717 1553 1772 1604 et
1821 1550 2099 1621 Martiani,

435 1644 929 1703 ‘convenientibus
954 1643 1016 1698 in
1041 1642 1277 1699 ecclesia
1317 1645 1529 1697 sanctae
1567 1659 1631 1697 ac
1651 1643 2101 1716 triumphatricis

462 1737 733 1812 martyris
776 1736 1128 1810 Euphemiae,
1174 1736 1593 1809 gloriosissimis
1630 1736 2002 1809 principibus,
2041 1738 2101 1792 id

462 1837 566 1902 est,
585 1830 1153 1904 magniﬁcentissimo
1173 1833 1231 1886 et
1257 1829 1664 1902 gloriosissimo
1691 1831 1970 1902 magistro
1997 1831 2101 1886 mi-

459 1927 629 1985 litum
673 1926 1017 1998 expraefecto
1060 1928 1118 1980 et
1152 1924 1469 1995 exconsule,
1522 1924 1756 1996 patricio
1802 1924 2100 1979 Anatholio

463 2026 519 2079 et
537 2017 1100 2092 magniﬁcentissimo
1128 2020 1187 2073 et
1218 2016 1623 2089 gloriosissimo
1659 2017 1924 2090 praefecto
1954 2017 2099 2073 sacri

460 2113 716 2189 pratorii
752 2113 1109 2184 prefecturae
1135 2110 1408 2179 Palladio,
1441 2114 1499 2167 et
1536 2110 2100 2183 magniﬁcentissimo

459 2208 729 2281 praefecto
756 2205 911 2261 urbis
934 2205 1190 2273 Tatiano,
1220 2208 1279 2259 et
1302 2204 1870 2276 magniﬁcentissimo
1902 2207 1959 2259 et
1984 2206 2101 2277 glo-

458 2300 773 2357 riosissimo
791 2299 1067 2371 magistro
1094 2298 1270 2354 divini
1294 2297 1466 2353 ofﬁcii
1496 2298 1843 2365 Vincemalo,
1893 2301 1951 2352 et
1974 2316 2097 2354 ma-

459 2393 928 2468 gniﬁcentissimo
968 2395 1025 2448 et
1078 2390 1479 2463 gloriosissimo
1521 2392 1795 2463 magistro
1839 2392 2093 2461 Martiali,

456 2492 515 2545 et
541 2486 945 2560 gloriosissimo
972 2490 1030 2541 et
1072 2484 1634 2557 magniﬁcentissimo
1660 2485 1863 2541 comite
1898 2486 2094 2542 dome-

2202 1287 2395 1329 rorem
2424 1269 2637 1325 seducti
2666 1273 2817 1335 sunt,
2846 1268 2999 1323 unde
3014 1270 3268 1322 sanctam
3300 1267 3597 1339 synodum,
3627 1266 3845 1322 scilicet

2205 1366 2276 1421 ad
2296 1365 2459 1420 istam
2487 1363 2612 1419 ﬁeri
2640 1361 3048 1435 perfectionem
3073 1377 3471 1433 properamus,
3500 1365 3557 1415 et
3584 1360 3843 1414 laborem

2202 1459 2360 1513 vobis
2392 1456 2648 1513 arbitrati
2676 1473 2871 1512 sumus
2902 1455 3215 1527 imponere,
3250 1457 3313 1509 ut
3341 1454 3499 1510 omni
3531 1470 3724 1509 errore
3753 1470 3842 1508 ca-

2200 1551 2391 1623 liginis
2423 1552 2644 1607 deterso
2674 1549 2989 1605 secundum
3017 1549 3173 1621 quod
3202 1548 3324 1620 ipsa
3365 1547 3625 1602 divinitas
3656 1546 3841 1601 homi-

2202 1645 2369 1701 nibus
2394 1662 2450 1700 se
2482 1645 2605 1701 ﬁeri
2631 1643 2996 1699 manifestam
3024 1659 3144 1698 esse
3163 1642 3360 1709 voluit,
3390 1645 3448 1697 et
3471 1643 3704 1697 Patrum
3732 1641 3837 1695 de-

2202 1739 2537 1795 monstravit
2579 1738 2855 1805 doctrina,
2893 1737 2970 1791 sic
3003 1736 3142 1791 ﬁdes
3184 1740 3396 1805 nostra,
3436 1752 3566 1806 qua:
3607 1751 3753 1806 pura
3781 1738 3841 1789 et

2201 1835 2391 1888 sancta
2411 1832 2683 1899 consistit,
2714 1832 2772 1887 in
2801 1831 3065 1886 omnium
3089 1829 3420 1901 ingrediens
3460 1829 3679 1884 animas
3703 1844 3837 1900 pro-

2200 1927 2339 1999 priae
2358 1926 2613 1981 veritatis
2643 1925 3089 1996 effulgeat‘iuce.
3119 1924 3199 1979 De
3215 1927 3421 1978 cietero
3445 1923 3647 1978 audeat
3663 1938 3840 1977 nemo

2201 2021 2271 2075 de
2296 2020 2586 2075 nativitate
2614 2018 2841 2073 Domini
2869 2022 2925 2074 et
2944 2018 3242 2074 Salvatoris
3267 2016 3448 2072 nostri
3471 2018 3601 2072 Jesu
3627 2016 3842 2072 Christi

2197 2114 2352 2169 aliud
2401 2113 2709 2185 disputare,
2763 2114 2975 2184 praeter
3040 2111 3192 2183 quod
3251 2110 3621 2182 apostolicum
3686 2126 3838 2181 pra:-

2199 2207 2383 2262 mium
2426 2210 2529 2262 318
2569 2210 2894 2261 sanctorum
2937 2207 3169 2259 Patrum
3209 2220 3528 2259 consonans
3565 2202 3698 2258 huic
3726 2203 3836 2259 do-

2199 2301 2392 2356 ctrinas
2435 2300 2730 2355 tradidisse
2760 2300 3029 2369 noscitur,
3076 2298 3219 2353 sicut
3279 2296 3614 2353 sanctissimi
3668 2313 3838 2369 papae

2198 2394 2419 2464 Leonis,
2449 2394 2583 2465 quia
2609 2393 2983 2465 apostolicum
3012 2392 3299 2463 gubernat
3318 2391 3591 2446 thronum
3614 2390 3686 2445 ad
3700 2407 3835 2444 san-

2197 2493 2299 2543 ctas
2325 2486 2616 2543 memoriae
2661 2486 2987 2542 Flavianum
3027 2484 3204 2557 regia:
3245 2484 3401 2539 urbis
3436 2482 3836 2540 Constantino-

454 2555 727 2638 stic'ornm
753 2579 1013 2653 Sporatio
1047 2583 1104 2634 et
1143 2555 1357 2651 magno
1387 2579 1592 2633 comite
1638 2596 1831 2634 rerum
1857 2578 2097 2651 privata-
2195 2582 2464 2654 politanae
2494 2580 2783 2652 quondam
2810 2555 3141 2651 episcopum
3165 2582 3450 2635 testantur
3465 2578 3700 2648 litterae;
3726 2594 3838 2633 nos

454 2693 586 2732 rum
612 2672 971 2741 Genetholio,
1003 2672 1278 2744 appositis
1303 2672 1474 2727 etiam
1507 2689 1573 2726 ex
1603 2672 1850 2743 glorioso
1870 2645 2140 2753 senatu,/
2198 2675 2352 2731 enim
2366 2676 2435 2730 ad
2452 2674 2914 2729 conﬁrmandam
2928 2673 3120 2741 fidem,
3136 2690 3253 2727 non
3268 2672 3342 2726 ad
3355 2672 3711 2727 condendam
3727 2671 3838 2726 vir-

454 2770 513 2825 id
540 2764 1219 2838 est,magniﬁcentissimo
1239 2767 1299 2820 et
1326 2764 1728 2836 gloriosissimo
1755 2767 2093 2838 exprazfecto

454 2860 706 2935 prastorii
733 2859 915 2915 sexies
945 2858 1241 2913 exconsule
1274 2858 1578 2927 ordinario,
1622 2862 1677 2912 et
1706 2860 1942 2930 patricio
1965 2860 2093 2914 Flo-

455 2954 642 3012 rentio
669 2956 726 3009 et
762 2950 1327 3023 magniﬁcentissimo
1368 2954 1423 3006 et
1454 2951 1858 3021 gloriosissimo
1892 2969 2097 3008 excona

456 3049 576 3104 sule
605 3045 893 3103 ordinario
920 3048 977 3100 et
1004 3043 1246 3116 patricio
1272 3056 1554 3112 senatore,
1579 3048 1637 3099 et
1656 3045 2097 3117 magniﬁcentis-

454 3142 598 3197 simo
637 3142 696 3195 et
724 3137 1130 3212 gloriosissimo
1157 3137 1433 3209 magistro
1471 3140 1770 3195 exconsule
1803 3140 2093 3195 ordinario

450 3235 692 3308 patricio
716 3236 920 3299 Nomo,
944 3235 1001 3287 et
1020 3231 1587 3304 magniﬁcentissimo
1600 3236 1657 3287 et
1677 3233 2092 3304 gloriosissimo

451 3329 788 3401 expret'ecto
819 3330 877 3381 et
919 3325 1218 3381 exconsule
1255 3325 1544 3380 ordinario
1576 3328 1634 3379 et
1674 3326 1910 3397 patricio
1953 3329 2089 3382 Pro-

449 3421 699 3494 togenio,
730 3424 787 3475 et
814 3419 1388 3493 magniﬁcentissimo
1429 3422 1487 3473 et
1522 3419 1926 3491 gloriosissimo
1963 3438 2088 3477 ma-

452 3516 627 3589 gistro
666 3515 1002 3587 exprmfecto
1039 3513 1216 3581 Zoilo,
1266 3516 1324 3568 et
1351 3530 1565 3585 magno
1602 3516 1659 3569 et
1703 3514 1955 3585 glorioso
1989 3532 2087 3572 ex-

446 3610 714 3683 prefecto
747 3607 907 3664 urbis
947 3606 1265 3679 Apollonio,
1298 3610 1355 3662 et
1398 3606 1964 3678 magniﬁcentissimo
2002 3625 2090 3664 ex-

447 3702 755 3776 praeposito
782 3700 940 3756 urbis
967 3703 1287 3768 Artaxerse,
1323 3700 1558 3755 concilio
1586 3704 1779 3755 autem
1803 3703 1974 3757 totius
2003 3719 2090 3757 or-

450 3798 535 3852 bis
556 3795 868 3851 secundum
885 3792 1143 3848 divinum
1174 3795 1527 3864 praeceptum
1553 3793 1613 3847 in
1643 3794 1996 3850 Chalcedona
2016 3797 2091 3851 ci-

450 3889 617 3944 vitate
656 3888 1030 3959 congregato,
1073 3884 1135 3940 id
1174 3888 1279 3954 est,
1328 3885 1667 3941 Paschasino
1714 3891 1771 3942 et
1816 3889 2086 3946 Lucentio
2109 3928 2165 4002 C

450 3981 747 4054 episcopis,
787 3983 846 4033 et
885 3978 1169 4033 Bonifacio
1217 3978 1571 4050 presbytero,
1626 3981 2090 4040 convenientibus

450 4074 651 4147 legatis
697 4071 1037 4129 venerabilis
1064 4075 1123 4126 et
1166 4072 1347 4127 sancti
1392 4072 1800 4147 archiepiscopi
1840 4076 2089 4149 antiquae

449 4172 646 4225 Roma:
677 4165 901 4236 Leonis,
932 4165 1303 4221 conveniente
1351 4169 1407 4222 et
1446 4171 1636 4223 sancto
1676 4170 1976 4225 Anatholie
2004 4188 2091 4226 ar-

448 4260 807 4334 chiepiscopo
844 4259 1408 4331 magniﬁcentissimo
1468 4265 1521 4317 et
1570 4263 2087 4337 Constantinopoli-

447 4360 587 4412 tano
610 4370 770 4412 novas
796 4355 1010 4421 Romae,
1056 4358 1114 4410 et
1150 4354 1379 4426 reliquis
1415 4355 1797 4427 sanctissimis,
1845 4363 1901 4413 et
1926 4375 2085 4415 reve-

448 4447 794 4506 rendissimis
825 4446 1106 4503 sexcentis
1129 4447 1369 4519 triginta
1395 4448 1689 4521 episcopis.

515 4546 656 4600 Ecce
683 4540 1119 4598 advenientibus
1157 4541 1425 4597 omnibus
1453 4546 1584 4600 ante
1613 4546 1892 4601 cancellos
1908 4548 2088 4603 sancti

444 4637 635 4693 altaris
687 4653 820 4692 cum
872 4634 1436 4707 magniﬁcentissimo
1490 4641 1548 4693 et
1602 4638 1806 4695 eximio
1861 4643 2083 4710 senatu,

442 4731 780 4787 adveniente
820 4729 993 4785 etiam
1030 4729 1287 4800 piissimo
1324 4730 1670 4802 imperatore
1711 4733 1978 4788 Martiano
2024 4733 2086 4790 in

444 4824 767 4896 supradicta
792 4822 1148 4878 sanctissima
1166 4823 1417 4879 basilica.
1446 4826 1732 4880 Praesente
1758 4826 1933 4882 etiam
1964 4829 2082 4884 zelo

441 4917 633 4973 divino
664 4918 847 4971 calore
875 4916 1014 4971 ﬁdei
1040 4933 1279 4971 accensa
1302 4917 1552 4989 piissima
1582 4922 1639 4973 et
1657 4920 1982 4978 ﬁdelissima
1997 4939 2084 4977 re-

441 5010 596 5081 gina,
626 5011 879 5081 Augusta
901 5009 1310 5081 pulcherrima,
1349 5015 1603 5068 sanctam
1630 5014 1914 5086 synodum
1939 5016 2079 5072 allo-

441 5108 572 5160 cuta
609 5106 695 5158 est
721 5103 844 5158 haec
880 5118 893 5157 :
928 5104 1068 5159 Cum
1096 5104 1347 5175 primum
1380 5122 1488 5179 per
1514 5107 1850 5164 electionem
1880 5109 1941 5164 in
1989 5126 2077 5165 re-

442 5213 625 5269 gnum
650 5192 720 5252 de
757 5200 969 5252 secreto
1016 5197 1115 5253 Dei
1162 5200 1415 5270 provecti
1450 5218 1645 5257 sumus
1695 5202 1846 5258 inter
1891 5207 2079 5259 tantas

2195 2772 2378 2825 tutam
2419 2769 2684 2841 exemplo
2712 2766 3078 2840 imperatoris
3114 2765 3466 2822 Constantini
3513 2766 3708 2821 adesse
3748 2782 3839 2837 sy-

2193 2863 2343 2919 nodo
2367 2861 2823 2934 excogitavimus,
2866 2877 2939 2916 ne
2969 2860 3030 2915 in
3056 2863 3351 2932 posterum
3378 2859 3687 2914 multitudo
3725 2874 3834 2930 po-

2193 2956 2314 3029 puli
2341 2955 2794 3011 institutionibus
2810 2954 2996 3025 pravis
3018 2956 3257 3009 attracta
3278 2952 3602 3008 inveniatur
3617 2952 3837 3007 dissen-

2194 3050 2360 3119 tiens,
2388 3049 2553 3104 facile
2570 3048 2725 3103 enim
2743 3048 3075 3120 simplicitas
3093 3047 3474 3119 quorumdam
3495 3046 3837 3101 commentis

2192 3160 2293 3201 seu
2320 3143 2489 3198 locuti
2525 3160 2719 3198 sumus
2746 3158 2925 3215 usque
2973 3158 3126 3197 nunc
3173 3142 3369 3196 delusa
3407 3144 3510 3209 est,
3554 3138 3837 3213 quoniam

2192 3237 2495 3294 manifeste
2538 3238 2892 3293 diversorum
2921 3235 3109 3308 pravis
3145 3234 3417 3291 doctrinis
3449 3234 3743 3290 discordia:
3775 3238 3836 3290 et

2190 3331 2436 3388 haereses
2463 3333 2701 3386 ostensa;
2730 3334 2881 3385 sunt.

2262 3424 2390 3497 72
2427 3424 2599 3479 Nobis
2626 3426 2818 3479 autem
2835 3440 3004 3479 omne
3029 3422 3279 3479 studium
3299 3420 3692 3477 adhibendum
3721 3423 3831 3489 est,

2188 3524 2254 3574 ut
2292 3518 2571 3591 populum
2602 3520 2837 3589 propter
2874 3534 3065 3573 veram
3092 3520 3459 3588 sanctamque
3505 3514 3831 3571 doctrinam

2190 3612 2437 3684 idipsum
2469 3613 2807 3667 sentientem
2826 3611 2926 3667 uni
2955 3614 3123 3667 rectm
3153 3610 3437 3683 applicare
3460 3608 3739 3678 Ecclesiae,
3773 3612 3835 3664 et

2187 3705 2317 3761 ideo
2340 3722 2536 3761 veram
2554 3705 2730 3760 ﬁdem
2751 3705 3201 3776 catholicamque
3226 3704 3398 3759 etiam
3426 3719 3716 3775 exponere
3738 3718 3828 3757 se-

2188 3800 2439 3854 cundum
2469 3801 2699 3855 Patrum
2730 3792 3047 3855 doctrinam
3074 3840 3087 3864 ,
3124 3798 3591 3853 concordantibus
3619 3796 3831 3851 animis

2187 3893 2407 3961 vestris,
2446 3897 2635 3948 vestra
2671 3896 2941 3965 properet
2979 3891 3314 3959 reverentia,
3371 3894 3437 3946 ut
3477 3889 3718 3963 qualiter
3768 3889 3833 3946 in

2188 3987 2417 4042 Nicaena
2447 3987 2659 4057 synodo
2686 4003 2866 4058 usque
2907 3986 2963 4041 in
2989 3987 3096 4041 hoc
3130 3990 3409 4056 tempore,
3454 3984 3696 4039 abscisso
3730 4001 3827 4038 er-

2188 4098 2339 4151 rore,
2365 4097 2497 4136 vera
2527 4081 2665 4135 ﬁdes
2691 4085 2777 4135 est
2819 4080 3147 4135 hominibus
3182 4078 3426 4151 cognita,
3461 4078 3538 4133 sic
3578 4081 3635 4132 et
3668 4094 3829 4133 nunc

2187 4190 2291 4246 per
2311 4175 2456 4229 hanc
2481 4177 2727 4229 sanctam
2756 4174 3035 4246 synodum
3072 4173 3326 4245 deposita
3362 4172 3568 4228 nebula
3608 4188 3736 4243 quae
3764 4171 3829 4226 in

2189 4269 2268 4323 eis
2298 4267 2491 4341 paucis
2520 4267 2702 4335 annis,
2748 4273 2813 4323 ut
2856 4268 3115 4339 superius
3156 4268 3418 4335 diximus,
3449 4284 3518 4321 ex
3544 4266 3829 4337 pravitate

2188 4365 2245 4416 ct
2273 4362 2507 4417 avaritia
2530 4362 2913 4433 quorumdam
2954 4362 3071 4417 visa
3096 4366 3180 4417 est
3202 4361 3428 4429 exoriri,
3458 4376 3684 4431 semper
3711 4376 3829 4415 ser-

2186 4458 2390 4510 ventur
2415 4472 2543 4527 quas
2569 4458 2778 4511 statuta
2804 4460 2953 4511 sunt.
2983 4456 3102 4510 Erit
3126 4455 3362 4527 quidem
3401 4454 3607 4509 divinae
3635 4453 3826 4525 provi-

2187 4548 2397 4604 dentiae
2422 4550 2576 4621 quod
2597 4550 2687 4621 pie
2714 4550 2838 4604 ﬁeri
2858 4550 3121 4605 volumus
3148 4550 3209 4604 in
3238 4549 3444 4604 saecula
3467 4548 3576 4604 hoc
3604 4564 3828 4603 conser-

2186 4659 2314 4698 vare
2345 4642 2685 4698 ﬁrmissime.
2730 4645 2799 4697 Et
2838 4646 2967 4715 post
3014 4642 3169 4714 regis
3222 4644 3343 4697 haec
3388 4642 3576 4711 verba,
3622 4659 3825 4699 omnes

2186 4737 2435 4809 episcopi
2466 4739 2870 4793 clamaverunt.
2910 4738 3177 4792 Martiano
3211 4754 3361 4792 novo
3406 4736 3777 4792 Constantino
3806 4754 3820 4792 :

2182 4831 2340 4886 Multi
2363 4831 2500 4886 anni
2529 4831 2672 4902 regi,
2702 4831 2854 4886 Multi
2876 4831 3011 4885 anni
3038 4831 3276 4901 reginae.
3300 4831 3638 4886 Orthodoxis
3657 4831 3825 4886 multi

2183 4925 2338 4981 anni.
2384 4925 2641 4981 Martiani
2673 4925 2941 4980 amatoris
2984 4925 3191 4980 Christi
3231 4942 3476 4996 regnum
3510 4925 3569 4979 in
3620 4925 3822 4980 saecula

2181 5023 2535 5091 permaneat,
2567 5019 2728 5090 digni
2759 5019 3088 5075 orthodoxae
3117 5019 3250 5074 ﬁdei
3286 5018 3561 5075 amatoris
3586 5020 3818 5076 Christi.

2183 5113 2267 5167 Sit
2291 5129 2323 5167 a
2346 5113 2511 5168 nobis
2540 5114 2736 5185 procul
2768 5113 2998 5169 invidia.
3027 5115 3095 5168 Et
3114 5117 3243 5185 post
3276 5114 3397 5167 haec
3424 5113 3599 5180 Etius,
3629 5114 3816 5168 archi-

2180 5205 2450 5262 diaconus
2476 5208 3116 5279 Constantinopolitanae
3141 5224 3302 5262 novae
3320 5208 3511 5262 Romae
3539 5210 3595 5262 et
3621 5207 3822 5279 primi-

436 5290 694 5385 publicas
719 5288 1011 5385 utilitates,
1047 5291 1268 5348 nullum
1294 5295 1481 5367 magis
1508 5312 1611 5351 nos
1642 5297 2078 5353 constrinximus
2096 5304 2156 5379 D
2179 5301 2361 5356 cerius
2388 5302 2745 5357 notariorum
2767 5302 2907 5357 dixit
2934 5280 3125 5385 :gvutu
3158 5318 3418 5375 superna:
3451 5301 3670 5373 gratiae,
3695 5303 3815 5357 zelo

434 5384 509 5441 ad
535 5383 831 5457 negotium
852 5400 1025 5456 quam
1055 5389 1269 5444 rectam
1294 5391 1352 5445 et
1374 5405 1569 5446 veram
1610 5391 1782 5445 ﬁdem
1810 5392 2077 5448 Christia-

433 5494 661 5549 norum,
697 5495 826 5551 quae
866 5483 1058 5535 sancta
1088 5486 1145 5537 et
1182 5484 1506 5539 veneranda
1539 5484 1813 5553 consistit,
1853 5486 2076 5541 indubi-

2175 5395 2363 5451 divino
2378 5396 2699 5451 serenitatis
2719 5401 2933 5467 vestras,
2955 5396 3218 5469 piissimi,
3243 5396 3448 5468 quibus
3464 5413 3497 5450 a
3511 5396 3626 5450 Deo
3644 5412 3815 5450 omne

2172 5506 2421 5561 regnum
2460 5507 2788 5547 concessum
2824 5495 2924 5561 est,
2961 5491 3355 5563 imperatores,
3387 5490 3534 5544 circa
3575 5489 3818 5545 sanctio-

434 5575 612 5628 tatam
636 5572 905 5629 omnibus
925 5572 1231 5630 declarare.
1255 5576 1612 5632 Manifestum
1632 5583 1717 5634 est
1743 5579 1898 5634 enim
1920 5581 2072 5651 quod
2172 5599 2309 5638 nem
2350 5588 2632 5651 vestram,
2685 5589 3035 5657 congregata
3073 5585 3195 5639 haec
3248 5587 3443 5639 sancta
3501 5588 3558 5638 et
3600 5600 3815 5655 magna

434 5680 503 5720 ex
543 5667 780 5722 avaritia
825 5667 916 5721 vel
964 5682 1109 5722 vano
1150 5668 1334 5724 studio
1377 5669 1436 5724 hi
1481 5671 1578 5741 qui
1620 5674 2071 5743 praecedentibus
2169 5676 2343 5731 totius
2369 5678 2569 5732 mundi
2598 5679 2865 5750 synodus,
2893 5678 3037 5734 sicut
3061 5696 3191 5734 cum
3219 5678 3468 5752 plurima
3492 5678 3812 5732 multorum

427 5759 782 5828 temporibus
806 5760 1031 5816 diversa
1059 5764 1387 5830 sapuerunt,
1423 5765 1482 5815 et
1510 5763 1830 5820 docuerunt
1858 5770 2067 5838 populo
2168 5770 2392 5825 dierum
2420 5770 2729 5842 vocatione,
2766 5775 2824 5827 et
2856 5772 3048 5827 divina
3094 5773 3388 5845 diligentia
3415 5787 3644 5828 omnem
3676 5772 3806 5844 qui-

422 5853 593 5917 prout
632 5850 711 5905 eis
739 5852 973 5922 placuit,
1020 5867 1136 5907 non
1174 5855 1345 5922 prout
1376 5856 1656 5924 convenit,
1702 5874 1888 5930 neque
1915 5861 2067 5931 quod
2167 5863 2299 5919 dem
2327 5863 2387 5918 in
2414 5865 2702 5935 praeterito
2728 5866 3017 5938 quomodo
3045 5871 3237 5922 exorta
3255 5869 3339 5921 est
3370 5867 3559 5921 contra
3588 5867 3805 5921 rectam
