4058 6304
205 312 301 364 305

1435 307 1907 366 DECRETALIUM
1946 311 2334 371 COLLECTIO.

3460 321 3560 381 306

205 421 257 472 et
283 413 674 471 inviolabilem
698 413 1032 471 catholicam
1056 415 1313 470 nostram
1339 413 1516 471 ﬁdem
1535 417 1708 472 verbo
1734 434 1830 473 ve-
1854 423 2286 506 Asubstantiaa,
2338 440 2445 497 per
2493 440 2669 497 quem
2716 424 2908 482 omnia
2953 427 3099 483 facta
3143 432 3277 485 sunt
3323 447 3451 503 quae
3487 425 3588 489 'in'

203 510 387 566 ritatis
414 510 750 566 discordiam
777 509 1069 582 effugavit,
1095 524 1329 564 omnem
1353 508 1638 582 abigendo
1665 510 1830 566 inno-

201 603 511 671 rationem,
542 603 686 659 sicut
725 604 785 658 in
826 603 1046 674 scriptis
1085 619 1189 674 per
1233 603 1439 657 saecula
1478 619 1606 674 quae
1638 605 1831 660 subse-

203 702 457 770 quuntur
481 700 604 753 acta
636 698 1049 752 demonstrant.
1082 696 1413 753 Terminum
1449 714 1582 753 vero
1624 698 1837 770 simpli-

203 807 324 846 cem
356 790 551 845 statuit
589 790 910 845 divinarum
955 789 1379 862 Scripturarum
1402 791 1610 846 virtute
1641 791 1832 846 muni-

203 886 348 952 tum,
373 888 430 940 et
453 887 782 940 sanctorum
809 901 874 940 ac
899 885 1360 941 beatissimorum
1381 885 1441 940 in
1464 885 1586 956 ipso
1605 901 1832 940 conser-

202 981 292 1031 vat
347 977 714 1048 sententiam,
736 978 810 1033 ad
829 994 1022 1033 veram
1041 978 1278 1050 quidem
1299 978 1599 1033 scientiam
1620 977 1836 1034 sincere

201 1071 538 1143 legentium,
562 1075 619 1127 et
640 1071 714 1126 ad
738 1073 1060 1142 longaevam
1085 1088 1354 1127 coronam
1382 1071 1553 1127 vestri
1585 1071 1833 1142 imperii.

202 1165 269 1219 Et
301 1164 490 1219 habeo
535 1166 726 1236 ipsum
753 1181 872 1236 prae
901 1165 1186 1234 manibus,
1229 1169 1287 1219 et
1335 1165 1382 1218 si
1417 1164 1644 1219 videtur
1671 1164 1838 1218 nutui

200 1261 401 1311 vestrae
431 1257 752 1312 serenitatis
795 1257 1106 1329 perlegam.
1143 1256 1429 1311 Piissimus
1473 1259 1529 1311 et
1575 1255 1834 1311 ﬁdelissi-

202 1366 329 1405 mus
368 1351 686 1422 imperator
718 1351 898 1406 dixit:
931 1351 1182 1421 Perlege.
1215 1350 1372 1405 Etius
1406 1349 1838 1404 archidiaconus

200 1443 486 1516 perlegit:
523 1445 728 1500 Sancta
767 1449 824 1499 et
856 1460 1067 1516 magna
1102 1446 1161 1499 et
1193 1442 1530 1498 venerabilis
1567 1443 1834 1514 synodus,

205 1559 333 1614 quas
357 1543 672 1598 secundum
701 1542 949 1614 gratiam
969 1542 1070 1597 Dei
1096 1558 1161 1597 ex
1193 1542 1422 1596 decreto
1451 1540 1837 1613 piissimorum

202 1636 615 1708 imperatorum
649 1635 1028 1690 Valentiniani
1076 1639 1132 1690 et
1174 1635 1431 1690 Martiani
1465 1637 1838 1706 augustorum

205 1735 554 1801 congregata
584 1731 669 1783 est
697 1728 757 1783 in
787 1729 1233 1784 Chalcedonensi
1272 1729 1493 1783 civitate
1529 1727 1839 1798 metropoli

1933 518 2070 572 coelo
2110 521 2167 573 et
2197 535 2323 590 quae
2362 518 2422 573 in
2467 521 2642 589 terra,
2678 521 2778 592 qui
2826 524 3064 594 propter
3098 539 3199 578 nos
3238 527 3295 580 et
3327 529 3564 598 propter

1932 615 2192 666 nostram
2221 613 2466 668 salutem
2495 613 2805 683 descendit,
2828 619 2885 670 et
2906 615 3232 672 incarnatus
3257 624 3359 675 est.
3381 621 3563 676 Homo

1935 702 2116 757 factus
2141 718 2336 772 passus
2363 705 2466 770 est,
2492 706 2550 758 et
2576 705 2884 759 resurrexit
2911 705 3078 760 tertia
3097 706 3205 775 die,
3234 710 3292 763 et
3313 710 3567 766 ascendit

1933 795 1990 849 in
2025 795 2211 862 coelos,
2237 794 2373 850 inde
2410 799 2680 851 venturus
2721 801 2808 852 est
2841 797 3102 868 judicare
3139 799 3294 855 vivos
3335 807 3391 858 et
3417 819 3566 858 mor-

1935 891 2083 943 tuos.
2106 889 2174 943 Et
2190 887 2252 943 in
2268 888 2542 960 Spiritum
2565 894 2849 947 sanctum.
2868 893 2976 946 Eos
2995 896 3187 948 autem
3210 896 3310 966 qui
3326 896 3524 953 dicunt
3545 912 3560 952 :

1935 983 2071 1037 Erat
2098 982 2328 1054 quando
2356 998 2474 1037 non
2499 987 2636 1051 erat,
2669 988 2726 1039 et
2749 988 3061 1056 antequam
3084 991 3419 1046 nasceretur
3445 1007 3564 1046 non

1936 1077 2078 1142 erat,
2119 1078 2177 1130 et
2213 1075 2348 1146 quia
2387 1091 2453 1130 ex
2495 1076 2664 1131 nullis
2701 1076 3066 1135 existentibus
3113 1082 3295 1138 factus
3335 1088 3437 1151 est,
3464 1088 3564 1140 aut

1938 1185 2004 1222 ex
2052 1168 2162 1222 alia
2207 1168 2568 1224 subsistentia
2606 1169 2697 1224 vel
2747 1170 3056 1228 substantia
3080 1173 3275 1230 dicunt
3298 1192 3436 1244 esse,
3465 1180 3565 1232 aut

1937 1262 2365 1316 convertibilem
2384 1262 2588 1317 Filium
2614 1262 2732 1330 Dei,
2753 1265 3186 1322 anathematizat
3207 1270 3484 1325 catholica
3506 1274 3564 1325 et

1936 1353 2244 1426 apostolica
2269 1355 2530 1423 Ecclesia,
2554 1358 2610 1410 et
2628 1356 2877 1427 idipsum
2893 1361 3124 1413 centum
3149 1361 3565 1434 quinquaginta

1936 1449 2171 1503 Patrum
2211 1449 2551 1520 symbolum.
2597 1450 2895 1506 Credimus
2936 1451 2997 1507 in
3045 1469 3225 1508 unum
3249 1455 3428 1510 Deum
3455 1458 3559 1511 Pa-

1935 1546 2107 1609 trem,
2136 1541 2606 1613 omnipotentem,
2643 1544 2916 1601 factorem
2946 1546 3069 1602 coeli
3111 1549 3168 1601 et
3212 1552 3397 1616 terrae,
3427 1548 3561 1603 visi-

1936 1635 2136 1690 bilium
2164 1638 2222 1691 et
2246 1635 2616 1692 invisibilium
2659 1639 3034 1696 conditorem.
3063 1642 3131 1696 Et
3159 1640 3220 1695 in
3248 1658 3430 1696 unum
3456 1643 3560 1697 Do-

1939 1728 2160 1784 minum
2182 1731 2375 1785 Jesum
2405 1730 2694 1786 Christum
2725 1733 2930 1787 Filium
2953 1734 3477 1806 Dei,unigenitum,
3495 1753 3566 1792 ex

204 1823 512 1896 provinciae
540 1822 815 1894 Bithyniae
841 1822 900 1876 in
931 1811 1162 1877 basilica
1196 1824 1388 1876 saneta
1420 1838 1483 1876 ac
1509 1803 1913 1892 triumpha-B
1937 1825 2097 1878 Patre
2149 1826 2353 1878 natum
2394 1829 2526 1880 ante
2573 1826 2768 1880 omnia
2815 1828 3036 1896 smcula,
3085 1829 3270 1884 Deum
3313 1829 3382 1884 de
3425 1831 3563 1899 Deo,

203 1917 356 1971 tricis
395 1915 660 1987 martyris
689 1915 1021 1987 Euphemize
1060 1915 1255 1971 statuit
1293 1931 1420 1986 quae
1449 1914 1644 1969 subter
1672 1929 1835 1969 com-

204 2011 483 2082 prehensa
509 2011 660 2064 sunt.

273 2103 546 2158 Dominus
591 2105 648 2158 et
691 2102 938 2156 salvator
977 2103 1170 2156 noster
1206 2104 1366 2157 Jesus
1397 2100 1670 2169 Christus,
1706 2099 1838 2155 ﬁdei

207 2197 496 2268 agnitione
525 2196 786 2268 proprios
815 2195 1155 2250 conﬁrmans
1182 2194 1505 2265 discipulos,
1526 2195 1606 2248 ait
1635 2211 1648 2248 :
1684 2215 1710 2243 «
1733 2196 1836 2249 Pa-

206 2308 330 2346 cem
371 2306 562 2345 meam
596 2290 666 2344 do
695 2289 872 2356 vobis,
907 2305 1105 2360 pacem
1153 2305 1340 2343 meam
1382 2288 1643 2359 relinquo
1681 2286 1839 2342 vobis

209 2388 375 2450 (Joan.
406 2399 516 2450 x1v,
546 2382 657 2453 27),
688 2401 717 2433 »
761 2386 826 2436 ut
863 2382 1023 2435 nulla
1060 2381 1200 2436 ﬁdei
1234 2380 1502 2436 dissensio
1542 2381 1602 2434 in
1644 2379 1836 2450 proxi-

204 2494 328 2532 mos
355 2477 592 2544 oriatur,
625 2476 723 2531 sed
751 2491 818 2529 ex
838 2491 1003 2546 aequo
1024 2474 1278 2529 veritatis
1301 2473 1634 2545 praedicatio
1655 2476 1839 2528 osten-

207 2572 386 2626 datur.
413 2570 526 2625 Sed
547 2569 678 2640 quia
692 2585 806 2623 non
829 2568 1038 2622 desinit
1058 2568 1345 2639 malignus
1371 2567 1430 2621 in
1456 2567 1591 2637 ipsis
1611 2566 1838 2637 pietatis

207 2664 516 2720 seminibus
543 2662 756 2718 zizania
796 2678 898 2716 sua
940 2662 1211 2729 inserere,
1241 2665 1298 2716 et
1327 2661 1459 2715 novi
1493 2660 1708 2731 aliquid
1735 2659 1835 2714 ad-

207 2775 398 2813 versus
414 2758 708 2812 veritatem
731 2772 961 2827 semper
975 2755 1316 2826 excogitare,
1333 2754 1544 2809 idcirco
1561 2754 1838 2809 Dominus

208 2855 399 2906 noster
427 2853 682 2907 humano
708 2850 909 2921 generi
927 2849 1088 2904 solito
1113 2849 1350 2919 cupiens
1369 2847 1687 2920 providere,
1707 2847 1840 2918 piis-

207 2947 415 3001 simum
446 2946 600 2999 hunc
627 2949 683 2998 et
710 2943 1102 2998 ﬁdelissimum
1129 2942 1534 3013 imperatorem
1562 2941 1742 2997 erexit
1769 2942 1839 2996 ad

209 3042 409 3107 zelum,
455 3039 555 3111 qui
593 3037 847 3109 undique
899 3037 1258 3092 sacerdotum
1312 3034 1614 3106 pontiﬁces
1657 3035 1730 3089 ad
1783 3051 1839 3089 se

208 3132 534 3189 convocavit
580 3137 663 3199 ut,
719 3131 896 3202 gratia
940 3129 1168 3186 Domini
1213 3129 1398 3184 nostri
1449 3130 1580 3183 Jesu
1632 3127 1838 3182 Christi
1859 3171 1914 3245 Ο

425 3243 437 3245 ,
498 3229 544 3245 ι-
605 3241 817 3245 ---..-..-
843 3222 1521 3245 ____J_-12_-_1!1-_.L£-_.
1556 3222 1617 3245 -‘L
1647 3222 1836 3245 -..2L---

208 3229 571 3300 cooperante,
596 3241 825 3279 omnem
843 3223 1126 3280 mendacii
1149 3222 1528 3294 pestilentiam
1553 3222 1622 3276 ab
1642 3222 1839 3276 ovibus

207 3321 409 3377 Christi
439 3322 749 3387 removeat,
792 3335 1002 3390 easque
1032 3316 1285 3372 veritatis
1321 3315 1676 3387 germinibus
1704 3315 1836 3368 reﬁ-

207 3415 331 3468 ciat.
360 3413 528 3478 Quod
567 3429 637 3467 ex
675 3411 967 3467 communi
1005 3412 1232 3466 decreto
1276 3409 1608 3480 peregrinas
1636 3408 1840 3463 erroris

207 3508 440 3581 quidem
479 3510 656 3562 sectas
687 3505 1038 3576 abjicientes,
1067 3508 1124 3559 et
1150 3506 1384 3559 Patrum
1415 3507 1625 3557 rectam
1665 3502 1841 3556 ﬁdem

206 3605 544 3657 renovantes
584 3603 969 3654 trecentorum
1002 3599 1200 3653 decem
1246 3601 1303 3650 et
1351 3601 1476 3651 octo
1518 3594 1840 3667 symbolum

209 3696 474 3751 omnibus
518 3694 911 3766 praedicantes.
944 3694 1012 3747 Et
1054 3693 1207 3746 velut
1249 3691 1458 3746 horum
1501 3689 1839 3744 domesticos

206 3793 439 3844 centum
458 3787 875 3859 quinquaginta
886 3785 1157 3857 praesules
1175 3784 1275 3855 qui
1288 3783 1841 3853 Constantinopolim

207 3886 600 3938 convenerunt
631 3880 762 3935 huic
805 3879 1055 3951 piissimo
1096 3878 1263 3933 titulo
1312 3877 1664 3946 ascribimus,
1699 3893 1837 3947 quo-

209 3978 360 4032 niam
389 3979 448 4031 et
473 3975 583 4046 ipsi
605 3975 863 4029 eamdem
900 3973 1075 4028 fidem
1101 3971 1601 4043 subsignaverunt.
1631 3970 1837 4025 Statui-

207 4089 332 4127 mus
358 4070 542 4142 igitur
573 4068 850 4136 ordinem,
883 4072 939 4122 et
966 4083 1165 4121 omnes
1195 4065 1329 4120 ﬁdei
1353 4066 1626 4119 formulas
1652 4067 1826 4119 custo-

209 4166 428 4220 dientes
455 4163 628 4220 etiam
656 4167 913 4216 sanctam
936 4161 1221 4232 synodum
1248 4158 1451 4230 Ephesi
1481 4159 1706 4228 factam,
1742 4174 1836 4211 cu-

201 4261 293 4329 jus
305 4261 574 4313 auctores
589 4257 823 4310 fuerunt
837 4253 1173 4308 venerabilis
1194 4269 1346 4306 mem
1355 4252 1488 4306 oriae
1509 4251 1840 4308 Coelestinus

209 4355 484 4409 Romanae
536 4350 697 4404 urbis
741 4352 798 4403 et
840 4347 1080 4419 Cyrillus
1132 4346 1525 4400 Alexandrinae
1580 4345 1840 4399 Ecclesiae

207 4447 546 4512 sacerdotes,
564 4447 626 4497 ut
644 4443 984 4514 praefulgeat
1002 4440 1235 4512 quidem
1256 4444 1423 4494 rectae
1451 4443 1509 4494 et
1528 4439 1841 4509 inculpabi-

1934 1918 2131 1972 lumen
2163 1918 2232 1973 de
2261 1919 2497 1986 lumine,
2545 1920 2725 1974 Deum
2765 1937 2963 1975 verum
3004 1922 3076 1976 de
3127 1924 3238 1977 Deo
3280 1940 3428 1992 vero,
3469 1941 3568 1980 na-

1935 2009 2060 2060 tum
2096 2023 2215 2062 non
2256 2007 2493 2077 factum,
2524 2009 2827 2064 omousion
2854 2011 3028 2079 Patri,
3071 2010 3132 2065 id
3169 2015 3273 2082 est,
3305 2012 3564 2083 ejusdem

1938 2116 2072 2154 cum
2097 2102 2261 2156 Patre
2286 2102 2630 2172 substantiae,
2661 2120 2767 2174 per
2799 2120 2974 2175 quem
3004 2105 3198 2160 omnia
3233 2106 3380 2160 facta
3409 2108 3562 2176 sunt,

1939 2194 2036 2264 qui
2077 2198 2312 2266 propter
2358 2212 2459 2249 nos
2504 2199 2562 2250 et
2605 2199 2840 2268 propter
2883 2202 3132 2254 nostram
3182 2199 3422 2254 salutem
3464 2199 3566 2255 de-

1939 2288 2191 2354 scendit;
2250 2293 2308 2344 et
2361 2289 2691 2344 incarnatus
2746 2295 2830 2346 est
2881 2291 2952 2345 de
2996 2291 3212 2362 Spiritu
3259 2297 3452 2348 sancto
3499 2309 3569 2349 ex

1935 2382 2106 2436 Maria
2133 2381 2376 2452 Virgine,
2407 2388 2464 2437 et
2490 2384 2662 2438 homo
2689 2385 2868 2439 factus
2896 2401 3094 2455 passus
3123 2388 3208 2440 est
3236 2386 3339 2440 sub
3366 2387 3567 2442 Pontio

1937 2475 2144 2541 Pilato;
2176 2476 2430 2545 sepultus
2459 2480 2564 2544 est,
2600 2478 2770 2532 tertia
2794 2478 2882 2532 die
2913 2479 3221 2533 resurrexit
3246 2497 3280 2533 a
3305 2480 3563 2549 mortuis,

1939 2567 2195 2623 ascendit
2239 2568 2298 2622 in
2343 2569 2526 2636 caelos,
2575 2570 2733 2625 sedet
2774 2571 2846 2624 ad
2893 2571 3188 2625 dexteram
3227 2572 3330 2626 Dei
3364 2573 3563 2641 Patris,

1938 2662 2148 2716 iterum
2192 2666 2462 2716 venturus
2499 2663 2759 2733 judicare
2807 2663 2960 2718 vivos
3003 2667 3059 2718 et
3092 2669 3368 2734 mortuos,
3401 2665 3564 2736 cujus

1938 2755 2098 2826 regni
2126 2772 2244 2810 non
2275 2756 2384 2809 erit
2401 2755 2550 2811 ﬁnis.
2582 2758 2648 2811 Et
2676 2758 2735 2812 in
2762 2757 3039 2829 Spiritum
3064 2762 3345 2829 sanctum,
3375 2759 3566 2815 Domi-

1937 2865 2079 2903 num
2122 2853 2178 2904 et
2218 2849 2619 2917 viviﬁcantem,
2653 2867 2721 2905 ex
2761 2853 2928 2907 Patre
2977 2852 3404 2922 procedentem,
3437 2869 3568 2908 cum

1937 2944 2102 2997 Patre
2134 2944 2190 2997 et
2213 2942 2355 2999 Filio
2382 2943 2736 2999 adorandum
2763 2947 2821 2998 et
2847 2945 3310 3016 gloriﬁcandum,
3356 2945 3454 3016 qui
3483 2947 3566 3001 lo-

1938 3038 2103 3090 cutus
2125 3040 2208 3091 est
2228 3054 2334 3107 per
2359 3038 2686 3110 prophetas.
2706 3040 2891 3093 Unam
2919 3039 3252 3094 catholicam
3274 3043 3332 3094 et
3351 3043 3570 3111 aposto-

1938 3129 2108 3184 licam
2133 3130 2457 3185 Ecclesiam.
2489 3131 2837 3187 Conﬁtemur
2868 3150 3048 3188 unum
3081 3133 3380 3204 baptisma,
3398 3133 3459 3188 in
3486 3149 3571 3189 re-

1941 3223 2273 3278 missionem
2312 3224 2571 3280 omnium
2611 3229 2993 3296 peccatorum.
3039 3228 3440 3298 Exspectamus
3477 3243 3567 3281 rc-

1941 3317 2348 3372 surrectionem
2392 3321 2773 3386 mortuorum,
2819 3323 2876 3374 et
2916 3319 3089 3373 vitam
3130 3320 3309 3375 futuri
3355 3319 3566 3375 saeculi.

1940 3403 2208 3557 Amenil/

2010 3504 2084 3557 Su
2133 3519 2208 3557 Ice

1938 3567 1952 3582 _
2010 3502 2305 3558 Sufficeret
2346 3502 2576 3574 quidem
2607 3504 2677 3558 ad
2705 3503 3091 3575 plenissimam
3132 3505 3359 3576 pietatis
3399 3506 3566 3577 agni-

1938 3597 2178 3664 tionem,
2202 3599 2259 3650 et
2287 3596 2796 3666 conﬁrmationem,
2827 3599 3218 3653 cautissimum
3237 3602 3296 3653 et
3319 3600 3564 3654 salutare

1941 3693 2145 3749 divinae
2173 3694 2372 3765 gratiae
2404 3695 2758 3766 symbolum;
2779 3696 2849 3750 de
2876 3697 3039 3752 Patre
3063 3697 3218 3753 enim
3248 3701 3305 3753 et
3328 3697 3489 3769 Filio,
3509 3702 3568 3753 et

1940 3788 2157 3860 Spiritu
2187 3792 2383 3842 sancto
2424 3789 2738 3843 doctrinam
2782 3790 3097 3861 perfectam
3135 3791 3352 3859 edocet,
3382 3795 3442 3846 et
3476 3792 3564 3846 in-

1940 3883 2328 3938 carnationem
2347 3882 2701 3936 Dominicam
2719 3884 2961 3938 ﬁdeliter
2985 3884 3423 3957 suscipientibus
3447 3902 3569 3941 ma-

1940 3976 2191 4030 nifestat.
2227 3976 2340 4031 Sed
2365 3976 2636 4048 quoniam
2661 3977 2740 4046 hi,
2765 3978 2863 4048 qui
2889 3978 3353 4048 praedicationem
3370 3979 3571 4034 verita-

1940 4069 2010 4123 tis
2046 4070 2339 4124 destruere
2385 4073 2680 4136 conantur,
2711 4071 2990 4141 quasdam
3015 4073 3264 4144 propriae
3291 4073 3570 4128 haereseos

1940 4163 2218 4218 novitates
2245 4162 2594 4233 parturiunt,
2629 4163 2859 4234 quidam
2905 4164 3058 4219 enim
3102 4166 3438 4236 mysterium
3468 4182 3570 4238 pro

1940 4257 2104 4310 nobis
2135 4260 2326 4310 actum
2360 4256 2565 4310 divinae
2597 4256 3034 4328 dispensationis
3067 4259 3284 4314 audent
3310 4275 3567 4315 corrum-

1940 4367 2095 4421 pere,
2123 4353 2179 4404 et
2207 4366 2401 4404 vocem
2427 4350 2587 4404 illam
2617 4350 2790 4405 divini
2819 4351 2998 4405 Patris
3026 4352 3236 4408 factam
3276 4354 3349 4408 ad
3384 4353 3570 4424 Virgi-

1939 4459 2073 4497 nem
2091 4443 2400 4513 denegant.
2416 4443 2521 4497 Alii
2533 4446 3050 4514 temperamentum
3067 4445 3571 4517 confusionemque

206 4541 270 4595 lis
301 4540 442 4594 ﬁdei
487 4537 764 4610 expositio
806 4538 1194 4592 trecentorum
1225 4534 1425 4587 decem
1465 4537 1522 4588 et
1547 4537 1672 4587 octo
1708 4550 1837 4586 san-
1858 4542 1918 4614 D
1943 4537 2292 4602 inducentes,
2321 4538 2377 4591 et
2401 4553 2580 4590 unam
2609 4553 2729 4590 esse
2761 4542 3023 4592 naturam
3049 4539 3230 4593 carnis
3260 4542 3316 4591 et
3346 4538 3572 4593 deitatis

206 4639 429 4689 ctorum
455 4635 691 4687 Patrum
735 4631 833 4702 qui
873 4630 934 4684 in
978 4628 1180 4694 Nicaea,
1214 4627 1315 4681 sub
1341 4626 1707 4681 Constantino
1732 4627 1840 4698 piae

208 4726 510 4782 memoria:
539 4725 907 4796 imperatore,
941 4725 1350 4787 convenerunt,
1383 4719 1743 4774 contineatur
1786 4722 1843 4773 et

209 4826 440 4876 centum
486 4818 903 4891 quinquaginta
951 4820 1282 4870 sanctorum
1325 4815 1558 4869 Patrum
1596 4813 1656 4866 in
1699 4812 1842 4868 urbe

210 4912 837 4984 Constantinopolitana
850 4911 1144 4966 decretum
1161 4909 1232 4964 ad
1246 4906 1707 4980 peremptionem
1723 4906 1843 4977 qui—

210 5010 339 5065 dem
387 5012 671 5063 sectarum
707 5011 844 5061 tunc
883 5003 1309 5076 pullulantium,
1343 5001 1842 5057 confirmationem

209 5119 339 5158 vero
366 5101 543 5174 ipsius
571 5099 860 5156 catholicae
887 5101 1056 5169 atque
1094 5095 1416 5168 apostolicae
1445 5097 1657 5152 nostrae
1687 5093 1839 5150 ﬁdei.

617 5249 926 5320 Symbolum
955 5249 1166 5306 Nicwm'
1191 5245 1425 5301 concilii.

276 5384 569 5441 Credimus
593 5384 654 5439 in
681 5399 861 5437 unum
881 5384 1082 5451 Deum,
1101 5383 1328 5435 Patrem
1357 5378 1838 5450 omnipotentem,

213 5480 469 5534 omnium
491 5478 796 5533 visibilium
823 5481 880 5531 et
904 5474 1273 5530 invisibilium
1298 5473 1674 5528 conditorem.
1701 5473 1767 5526 Et
1784 5471 1842 5525 in

215 5591 387 5629 unum
433 5571 744 5628 Dominum
790 5573 981 5626 Jesum
1019 5567 1305 5625 Christum
1351 5567 1556 5622 Filium
1599 5566 1719 5633 Dei,
1774 5567 1843 5621 de

215 5668 372 5722 Patre
415 5671 638 5735 natum,
680 5665 1064 5736 unigenitum,
1106 5662 1216 5716 hoc
1266 5665 1350 5716 est
1403 5661 1472 5716 de
1529 5659 1845 5715 substantia

214 5761 410 5832 Patris,
443 5761 627 5816 Deum
665 5776 865 5815 verum
907 5759 976 5814 de
1016 5759 1128 5811 Deo
1166 5772 1320 5823 vero,
1365 5757 1562 5809 natum
1601 5770 1715 5809 non
1757 5754 1842 5808 fa-

219 5857 388 5926 ctum,
418 5853 720 5911 omousion
765 5853 936 5922 Patri,
963 5852 1073 5908 hoc
1115 5854 1199 5906 est
1240 5848 1495 5921 ejusdem
1523 5865 1652 5904 cum
1681 5850 1841 5903 Patre

1941 4631 2227 4685 insensate
2270 4632 2700 4701 componentes,
2740 4629 3062 4700 passibilem
3106 4629 3396 4702 Unigeniti
3426 4631 3571 4685 divi-

1941 4741 2076 4778 nam
2102 4727 2366 4778 naturam
2407 4722 2504 4776 tali
2547 4723 2874 4777 confusione
2901 4723 3224 4794 prodigiose
3255 4723 3568 4794 divulgant.

1943 4817 2152 4872 Idcirco
2184 4808 2419 4872 omnem
2447 4815 2714 4871 adversus
2739 4815 3036 4871 veritatem
3069 4817 3469 4888 opponendam
3499 4819 3571 4873 ab

1942 4911 2078 4982 ipsis
2124 4911 2605 4966 machinationem
2651 4910 2847 4965 volens
2896 4910 3229 4978 excludere,
3274 4914 3466 4966 sancta
3516 4915 3574 4966 et

1944 5022 2158 5077 magna
2181 5005 2512 5060 universalis
2537 5005 2784 5076 synodus
2810 5003 2955 5058 hanc
2982 5003 3444 5075 praedicationem
3471 5005 3575 5060 im-

1942 5098 2210 5153 mobilem
2244 5099 2454 5154 docens
2492 5097 2708 5166 statuit,
2746 5097 3036 5168 praecipue
3066 5100 3454 5153 trecentorum
3481 5099 3577 5154 de-

1945 5209 2067 5247 cem
2097 5197 2153 5247 et
2190 5196 2315 5247 octo
2353 5197 2678 5246 sanctorum
2704 5192 2938 5245 Patrum
2967 5191 3140 5246 ﬁdem
3163 5191 3574 5248 incontamina-

1945 5287 2062 5340 tam
2089 5302 2345 5342 manere.
2392 5288 2458 5340 Et
2498 5289 2733 5355 propter
2758 5300 2854 5339 eos
2881 5284 2978 5356 qui
3004 5284 3239 5356 Spiritui
3265 5289 3456 5342 sancto
3482 5287 3576 5342 ad-

1943 5385 2259 5449 versantur,
2292 5373 2522 5434 centum
2551 5377 2966 5450 quinquaginta
2988 5381 3223 5434 Patrum
3260 5382 3429 5451 paulo
3471 5396 3570 5451 po-

1944 5473 2174 5528 steriore
2201 5475 2464 5544 tempore
2507 5471 2566 5526 in
2612 5472 2752 5527 urbe
2785 5472 3414 5545 Constantinopolitana
3443 5489 3576 5526 eon-

1943 5565 2299 5621 venientium
2347 5567 2416 5621 de
2465 5566 2774 5621 substantia
2815 5566 3058 5637 Spiritus
3087 5567 3263 5622 sancti
3304 5564 3572 5620 traditam

1945 5659 2262 5715 doctrinam
2313 5660 2678 5727 corroborat,
2730 5676 2902 5731 quam
2954 5658 3130 5714 etiam
3183 5659 3263 5712 illi
3308 5656 3573 5712 omnibus

1945 5753 2404 5823 insinuaverunt,
2435 5771 2550 5809 non
2574 5753 2729 5826 quod
2774 5753 2833 5808 in
2877 5750 3331 5825 praecedentibus
3356 5747 3571 5819 aliquid

1947 5848 2167 5904 deesset
2207 5848 2560 5921 adjicientes,
2605 5848 2706 5904 sed
2750 5847 2820 5903 de
2867 5845 3076 5917 Spiritu
3123 5841 3457 5898 eorumdem
3487 5841 3570 5897 in-
