4058 6318
483 321 586 377 307

1380 278 1660 373 mm.
1702 318 1789 371 AD
1826 316 1988 372 sae.
2033 316 2118 370 1x.
2141 343 2210 355 --
2247 315 2494 372 lSlDORI
2532 316 2954 373 MERCATORIS

3741 324 3849 376 308

481 428 800 495 tellectum,
834 423 1102 482 adversus
1127 440 1219 481 eos
1249 426 1347 496 qui
1373 424 1601 479 deitatis
1620 425 1743 495 ejus
1771 423 2115 480 dominatio-
2138 434 2199 508 Α
2218 423 2464 495 demque
2504 424 2683 479 ﬁlium
2715 424 2970 480 conﬁteri
3010 425 3313 481 Dominum
3357 430 3617 481 nostrum
3651 429 3848 483 Jesum

486 538 623 577 nem
653 521 917 576 nituntur
948 521 1285 590 demergere
1319 519 1743 590 Scripturarum
1778 517 2114 574 testimoniis

482 615 709 687 plenius
732 614 1174 669 manifestantes.

555 711 794 780 Propter
835 724 934 763 eos
977 723 1110 762 sane
1160 706 1261 777 qui
1304 705 1743 777 dispensationis
1777 706 2115 777 mysterium

484 805 707 857 tentant
740 817 1130 872 corrumpere,
1164 803 1221 855 et
1263 815 1476 871 purum
1518 799 1816 854 hominem
1844 815 1984 869 esse,
2017 801 2116 871 qui

484 913 552 951 ex
594 899 788 951 sancta
839 894 1009 951 Maria
1056 893 1287 965 Virgine
1342 896 1508 948 natus
1567 898 1672 963 est,
1725 893 2118 965 imprudenter

487 990 797 1060 divulgant,
823 987 1136 1043 beatissimi
1173 987 1461 1059 quondam
1500 987 1694 1058 Cyrilli
1722 987 2117 1043 Alexandrinas

485 1083 743 1139 Ecclesiae
781 1082 1089 1137 sacerdotis
1131 1080 1433 1153 synodicas
1476 1082 1741 1152 epistolas
1766 1085 1883 1136 tam
1908 1082 1981 1137 ad
2008 1083 2115 1137 Ne—

484 1178 722 1231 storium
751 1192 926 1247 quam
952 1177 1024 1230 ad
1051 1179 1291 1229 caeteros
1312 1191 1415 1245 per
1441 1175 1733 1230 Orientem
1757 1192 2041 1247 congruas
2063 1180 2120 1230 et

482 1269 591 1325 sibi
604 1269 1020 1325 consentientes
1036 1268 1283 1339 suscepit
1309 1268 1383 1322 ad
1410 1269 1862 1323 confutationem
1882 1269 2116 1340 quidem

484 1363 831 1437 Nestoriapae
860 1362 1149 1429 amentiae,
1180 1366 1237 1416 et
1257 1361 1330 1415 ad
1356 1361 1893 1433 interpretationem
1923 1378 2119 1417 eorum

484 1457 585 1528 qui
622 1454 890 1528 religioso
935 1456 1052 1509 zelo
1097 1454 1359 1510 salutaris
1405 1454 1645 1526 symboli
1685 1455 1925 1527 cupiunt
1962 1455 2123 1511 intel-

484 1548 972 1620 lectum.|Quibus
1015 1551 1073 1603 et
1123 1548 1422 1620 epistolam
1463 1548 1641 1603 sancti
1694 1566 1758 1604 ac
1810 1549 2123 1604 beatissimi

487 1644 688 1714 primae
713 1643 862 1698 sedis
897 1641 1306 1713 archiepiscopi
1346 1642 1545 1697 Leonis
1591 1641 1858 1713 scriptam
1895 1643 1969 1696 ad
1996 1642 2119 1697 Fla-

488 1737 719 1791 vianum
746 1740 957 1791 sanctae
981 1735 1387 1791 recordationis
1408 1736 1924 1807 archiepiscopum,
1941 1737 2011 1791 ad
2028 1753 2123 1808 pe-

2216 519 2504 575 Christum
2530 534 2780 573 consona
2806 535 2941 573 voce
2967 520 3271 574 edocemus
3293 520 3509 591 pariter
3528 521 3849 592 perfectum

2215 613 2484 669 eumdem
2510 613 2571 666 in
2599 612 2810 667 deitate
2836 614 3033 679 Deum,
3065 619 3122 668 et
3139 613 3438 668 hominem
3463 631 3660 669 verum
3690 632 3851 670 eum-

2214 707 2348 762 dem
2370 723 2440 761 ex
2459 706 2650 761 anima
2668 706 2931 763 rationali
2952 711 3008 761 et
3027 724 3289 779 corpore,
3314 708 3625 764 secundum
3650 709 3852 765 divini-

2213 805 2392 855 tatem
2424 800 2591 855 unius
2617 817 2747 855 cum
2776 803 2941 855 Patre
2968 805 3208 871 naturae,
3241 802 3555 857 secundum
3583 803 3851 858 humani-

2213 897 2392 957 tatem
2415 894 2682 949 eumdem
2709 894 2877 949 unius
2905 899 3130 950 naturae
3171 895 3490 965 nobiscum,
3517 913 3621 967 per
3654 897 3851 952 omnia

2219 988 2463 1043 similem
2492 987 2657 1043 nobis
2686 988 2898 1060 absque
2927 991 3191 1059 peccato;
3223 995 3354 1045 ante
3376 990 3583 1044 saecula
3609 990 3848 1062 quidem

2219 1098 2286 1136 ex
2316 1084 2481 1138 Patre
2523 1086 2727 1137 natum
2774 1082 3090 1137 secundum
3117 1082 3492 1153 divinitatem,
3516 1083 3576 1138 in
3606 1083 3848 1139 novissi-

2218 1175 2328 1230 mis
2371 1191 2504 1231 vero
2546 1176 2743 1230 diebus
2786 1176 3053 1231 eumdem
3101 1180 3336 1247 propter
3380 1193 3486 1231 nos
3514 1182 3571 1232 et
3611 1182 3851 1249 propter

2220 1272 2471 1323 nostram
2487 1268 2725 1323 salutem
2740 1268 3033 1323 hominem
3049 1270 3295 1339 factum;
3315 1270 3466 1324 hunc
3482 1286 3664 1324 unum
3683 1287 3845 1325 eum-

2221 1361 2469 1434 demque
2494 1361 2778 1417 Christum
2805 1361 3010 1417 Filium
3038 1362 3349 1417 Dominum
3374 1363 3760 1435 unigenitum,
3787 1364 3851 1419 in

2221 1456 2362 1511 duas
2387 1456 2638 1524 naturas,
2667 1456 2986 1523 inconfuse,
3009 1457 3467 1526 immutabiliter,
3494 1457 3750 1525 indivise,
3766 1457 3853 1513 in-

2222 1549 2629 1620 separabiliter,
2676 1549 3162 1619 cognoscendum,
3204 1550 3265 1604 in
3304 1551 3460 1605 nullo
3511 1555 3851 1606 naturarum

2224 1642 2575 1699 differentias
2592 1646 2829 1715 propter
2846 1643 3128 1699 unitatem
3145 1644 3530 1716 perimendas,
3551 1644 3739 1716 magis
3757 1662 3855 1699 au-

2224 1742 2342 1792 tem
2366 1738 2517 1791 salva
2546 1737 2839 1809 utriusque
2884 1740 3105 1793 natura:
3150 1738 3501 1809 proprietate
3540 1742 3599 1792 et
3641 1738 3701 1792 in
3740 1754 3858 1792 una

488 1834 811 1890 rimendam
839 1833 1159 1904 Eutychetis
1180 1833 1622 1904 malignitatem,
1654 1850 1898 1904 qumque
1926 1834 2125 1904 magni
2143 1800 2201 1873 B
2225 1835 2466 1885 coeunte
2493 1847 2758 1901 persona,
2787 1847 3024 1901 unoque
3055 1834 3203 1886 statu
3231 1835 3631 1896 concurrente;
3654 1848 3775 1885 non
3794 1832 3857 1886 in

490 1927 638 1983 Petri
668 1926 1016 1983 confessioni
1044 1927 1489 1981 concordantem
1519 1943 1884 1982 communem
1919 1945 2121 1999 quam-

490 2022 621 2077 dam
645 2037 898 2092 pugnam
923 2020 1322 2075 consistentem
1357 2024 1553 2075 contra
1577 2037 1672 2075 eos
1703 2021 1800 2092 qui
1833 2038 1949 2075 non
1976 2026 2126 2077 recte

493 2114 812 2187 glorificant
834 2114 906 2168 ad
937 2114 1433 2168 conﬁrmationem
1479 2115 1772 2169 catholicae
1812 2115 2122 2185 religionis,

495 2208 787 2263 evidenter
811 2207 1117 2277 subjunxit.
1155 2208 1295 2261 Nam
1324 2223 1417 2262 eos
1447 2207 1546 2277 qui
1575 2207 1634 2260 in
1661 2207 1805 2261 duos
1832 2208 1978 2262 ﬁlios
2009 2208 2122 2262 dis-

495 2301 847 2373 pensationis
872 2300 1179 2355 Dominicee
1218 2299 1557 2372 mysterium
1592 2300 1845 2355 scindere
1874 2301 2124 2355 moliun-

494 2400 590 2450 tur
621 2394 908 2463 exsecrati,
942 2399 1000 2448 et
1026 2410 1121 2448 eos
1146 2393 1245 2464 qui
1273 2393 1593 2463 passibilem
1619 2393 1969 2449 divinitatem
1992 2394 2125 2449 uni-

497 2488 678 2559 geniti
708 2487 828 2542 Filii
859 2487 1074 2542 audent
1112 2503 1364 2541 asserere
1394 2488 1464 2541 de
1500 2486 1740 2541 concilio
1767 2488 2128 2542 sacerdotum

492 2581 736 2652 repellit,
790 2585 847 2635 et
894 2580 975 2635 eis
1024 2581 1120 2651 qui
1164 2581 1223 2634 in
1269 2579 1486 2635 duabus
1528 2581 1744 2635 naturis
1769 2581 1974 2636 Christi
2004 2598 2129 2652 per-

492 2675 838 2742 mistionem,
863 2675 951 2729 vel
980 2674 1370 2728 confusionem
1398 2677 1897 2745 argumentantur,
1931 2676 2124 2730 adver-

494 2772 668 2824 satur.
718 2770 785 2823 Et
828 2768 925 2837 qui
971 2768 1256 2822 caelestem
1297 2772 1395 2821 aut
1439 2767 1668 2821 alterius
1698 2769 1973 2839 cujusque
2004 2769 2130 2823 sub-

494 2861 762 2915 stantiam
793 2861 1031 2915 existere
1059 2862 1304 2915 formam
1347 2860 1491 2914 servi
1521 2876 1697 2930 quam
1741 2877 1810 2915 ex
1853 2861 2013 2916 nobis
2040 2878 2126 2915 as-

494 2953 756 3024 sumpsit,
785 2953 1120 3008 insaniendo
1155 2958 1435 3020 asserunt,
1472 2955 1667 3023 procul
1697 2954 1909 3024 abjicit.
1941 2958 2006 3011 Et
2035 2972 2129 3010 eos

499 3047 600 3117 qui
618 3047 758 3102 duas
777 3050 909 3100 ante
933 3046 1337 3101 adunationem
1355 3050 1591 3101 naturas
1612 3047 1839 3102 Domini
1859 3048 2126 3118 delirant,

497 3156 677 3195 unam
701 3156 836 3195 vero
860 3145 987 3211 post
1007 3140 1418 3195 adunationem
1439 3142 1789 3211 conﬁngunt,
1809 3143 2131 3196 anathema-

498 3214 679 3289 tizatJ
704 3234 1129 3289 Consentientes
1175 3234 1382 3289 sanctis
1431 3234 1687 3289 Patribus
1736 3251 1919 3290 unum
1971 3252 2128 3289 eum-

2227 1924 2444 1978 duabus
2475 1924 2734 1994 personis
2776 1924 3164 1994 partiendum,
3195 1925 3283 1979 vel
3328 1924 3717 1993 dividendum,
3757 1925 3855 1979 sed

2226 2034 2406 2072 unum
2429 2017 2809 2088 eumdemque
2827 2017 3009 2070 filium
3027 2017 3388 2088 unigenitum
3410 2018 3591 2071 Deum
3607 2018 3857 2072 Verbum

2226 2111 2534 2166 Dominum
2560 2114 2753 2166 Jesum
2783 2111 3095 2179 Christum,
3133 2111 3277 2165 sicut
3320 2110 3389 2164 ab
3433 2110 3669 2165 exordio
3719 2128 3856 2182 pro-

2224 2203 2416 2273 phetae
2447 2202 2516 2256 de
2547 2215 2635 2273 eo,
2665 2204 2722 2255 et
2751 2201 2871 2271 ipse
2898 2216 3001 2255 nos
3028 2200 3291 2270 erudivit,
3337 2206 3393 2255 et
3436 2201 3597 2256 nobis
3622 2202 3863 2257 tradidit

2227 2295 2569 2366 symbolum.
2592 2294 2702 2366 |His
2722 2295 2914 2364 itaque
2931 2310 3061 2347 cum
3081 2294 3238 2348 omni
3269 2294 3518 2365 undique
3545 2294 3859 2350 subtilitate

2228 2394 2284 2443 et
2332 2368 2626 2458 diligentia
2683 2404 2717 2441 a
2770 2388 2932 2441 nobis
2982 2386 3279 2454 ordinatis,
3328 2387 3524 2442 statuit
3566 2393 3760 2443 sancta
3804 2368 3864 2443 et

2228 2481 2558 2537 universalis
2601 2482 2848 2552 synodus
2887 2481 3057 2535 aliam
3099 2481 3272 2535 ﬁdem
3318 2481 3459 2535 nulli
3508 2480 3677 2536 licere
3725 2498 3859 2553 pro-

2227 2575 2397 2645 ﬁteri,
2434 2579 2535 2629 aut
2577 2575 2842 2642 scribere,
2895 2578 2993 2629 aut
3040 2575 3263 2640 docere,
3309 2577 3409 2628 aut
3452 2573 3640 2629 dicere
3671 2575 3861 2631 aliter.

2230 2669 2337 2733 Qui
2375 2673 2566 2723 autem
2591 2669 2803 2722 audent
2828 2684 3111 2738 exponere
3154 2667 3327 2721 aliam
3363 2667 3557 2736 ﬁdem,
3586 2673 3685 2723 aut
3721 2686 3860 2739 pro-

2227 2764 2395 2829 ferre,
2430 2766 2529 2816 aut
2565 2762 2765 2816 docere
2799 2761 2951 2816 aliud
2994 2761 3333 2832 symbolum,
3378 2761 3692 2816 volentibus
3730 2778 3868 2816 con-

2228 2857 2369 2910 verti
2394 2856 2467 2909 ad
2498 2855 2793 2909 scientiam
2812 2855 3088 2921 veritatis,
3108 2871 3172 2909 ex
3196 2855 3521 2925 gentilibus,
3541 2871 3611 2909 ex
3630 2856 3860 2921 Judaeis,

2228 2951 2317 3003 vel
2344 2949 2628 3003 haereticis
2648 2949 3099 3021 quibuscunque,
3137 2948 3183 3002 si
3222 2947 3453 3019 quidem
3486 2948 3739 3020 episcopi
3762 2954 3865 3003 aut

2229 3043 2415 3097 clerici
2446 3043 2678 3111 fuerint,
2700 3042 2917 3097 alienos
2944 3058 3064 3097 esse
3093 3041 3386 3114 episcopos
3408 3042 3476 3097 ab
3505 3042 3861 3113 episcopatu,

2231 3141 2287 3191 et
2311 3137 2492 3191 cleros
2517 3152 2551 3189 a
2577 3135 2748 3190 clero.
2792 3135 2849 3191 Si
2884 3152 3017 3191 vero
3048 3135 3316 3190 monachi
3344 3136 3431 3191 vel
3461 3134 3591 3190 laici
3619 3136 3863 3205 fuerint,

2230 3232 2542 3286 anathema
2560 3228 2703 3283 fieri.

1218 3540 1611 3606 CAPITULA
1655 3540 2006 3606 EJUSDEM
2049 3535 2742 3605 CHALCEDONENSIS
2788 3534 3141 3601 CONCILlI.

569 3726 617 3776 1.
658 3723 734 3776 De
785 3720 1093 3776 canonibus
1140 3719 1590 3791 uniuscujusque
1631 3719 1851 3774 concilii
1893 3736 2124 3775 conser-
2148 3730 2202 3803 ρ
2303 3722 2385 3773 12.
2417 3717 2579 3783 Quod
2611 3730 2973 3788 nequaquam
3001 3712 3222 3769 duobus
3248 3710 3698 3784 metropolitanis
3726 3730 3862 3785 pro-

496 3813 714 3867 vandis.

568 3909 620 3959 2.
661 3904 823 3968 Quod
844 3921 957 3958 non
980 3908 1204 3975 oportet
1220 3905 1451 3959 clericos
1472 3908 1571 3960 aut
1587 3906 1903 3960 monachos
1916 3905 2128 3978 praedia

498 3996 789 4052 saecularia
818 3998 907 4051 vel
939 4014 1134 4052 causas
1162 3998 1465 4069 suscipere.

570 4094 624 4146 3.
665 4091 826 4154 Quod
852 4107 965 4145 non
999 4094 1255 4163 oporteat
1295 4092 1584 4164 episcopos
1624 4096 1725 4148 aut
1754 4092 2037 4164 quoslibet
2061 4109 2129 4148 ex

501 4185 651 4240 clero
673 4200 776 4255 per
803 4185 1069 4255 pecunias
1091 4186 1379 4240 ordinare.
1662 4254 1666 4259 ι

570 4273 623 4327 4.
664 4274 744 4326 De
771 4273 990 4328 honore
1026 4275 1322 4330 monachis
1351 4281 1734 4348 competente,
1766 4282 1822 4333 et
1850 4282 1915 4332 ut
1941 4278 2130 4332 nullus

499 4382 699 4422 eorum
729 4369 905 4421 tentet
936 4368 1313 4425 ecclesiastica
1355 4372 1454 4424 aut
1490 4370 1780 4425 saecularia
1808 4370 2129 4442 inquietare

500 4461 746 4531 negotia,
783 4478 886 4515 nec
925 4462 1174 4516 alienum
1206 4479 1428 4518 servum
1480 4468 1690 4534 praeter
1718 4464 2127 4519 conscientiam

500 4554 727 4608 Domini
750 4554 870 4625 ejus
892 4555 1197 4626 suscipere.

570 4654 621 4704 5.
663 4648 827 4713 Quod
851 4665 968 4704 non
1009 4649 1178 4704 liceat
1204 4651 1471 4723 episcopo
1502 4654 1601 4706 aut
1625 4650 1855 4706 cuilibet
1883 4668 1947 4705 ex
1977 4650 2127 4706 clero

498 4741 567 4795 de
600 4741 709 4797 alia
735 4743 805 4797 ad
832 4743 1001 4797 aliam
1028 4743 1271 4798 transire
1299 4744 1605 4800 civitatem.

569 4838 621 4888 6.
662 4836 821 4899 Quod
854 4853 970 4891 non
1000 4841 1225 4907 oportet
1263 4838 1517 4892 absolute
1545 4838 1826 4908 quoslibet
1854 4837 2126 4893 ordinari.

571 4932 621 4980 7.
665 4929 740 4981 De
784 4929 1002 4983 clericis
1039 4933 1096 4984 et
1137 4930 1435 4984 monachis
1463 4930 1523 4986 in
1554 4947 1656 4987 suo
1688 4932 1980 5004 proposito
2010 4948 2129 4986 non

498 5020 881 5075 manentibus.

2230 3812 2413 3866 vincia
2440 3811 2740 3865 dividatur.

2302 3904 2428 3977 73
2458 3908 2542 3959 13.
2573 3903 2739 3967 Quod
2762 3918 2875 3956 non
2895 3903 3156 3972 oporteat
3171 3904 3468 3955 extraneos
3484 3900 3721 3955 clericos
3737 3900 3864 3956 sine

2230 3996 2705 4053 commendatitiis
2730 3995 2932 4049 litteris
2959 3993 3302 4048 ministrare.

2306 4094 2388 4148 14.
2418 4091 2580 4156 Quod
2611 4107 2726 4144 non
2752 4088 2917 4142 liceat
2947 4086 3152 4141 clerico
3170 4102 3409 4142 uxorem
3432 4088 3599 4141 secta
3627 4086 3866 4142 alterius

2230 4185 2507 4256 accipere,
2550 4182 2659 4236 nisi
2704 4181 2849 4236 forte
2889 4180 3164 4252 spondeat
3205 4196 3263 4233 se
3319 4179 3390 4234 ad
3442 4195 3637 4233 veram
3685 4180 3864 4235 ﬁdem

2228 4279 2440 4334 venire.

2303 4379 2387 4429 15.
2423 4374 2497 4426 De
2524 4369 2851 4426 dia-conissis
2875 4368 3233 4436 mulieribus,
3255 4368 3407 4440 quod
3428 4383 3541 4422 non
3558 4366 3728 4423 liceat
3748 4368 3861 4424 nisi

2229 4466 2714 4539 quadragenarias
2744 4464 3015 4519 ordinari.

2305 4564 2387 4614 16.
2420 4562 2497 4614 De
2528 4557 2823 4613 monachis
2848 4558 2934 4612 vel
2961 4555 3164 4627 puellis
3186 4556 3300 4610 Deo
3322 4554 3514 4611 dicatis
3533 4598 3547 4625 ,
3576 4555 3730 4627 quod
3748 4574 3864 4613 non

2230 4655 2399 4709 liceat
2427 4652 2505 4709 eis
2532 4652 2746 4723 nuptiis
2763 4650 2954 4736 jungi.

2306 4754 2390 4802 17.
2424 4749 2499 4801 De
2526 4746 2776 4801 ecclesiis
2804 4746 2864 4799 in
2892 4743 3173 4815 parochiis
3198 4759 3304 4814 per
3328 4742 3565 4814 triginta
3585 4759 3769 4799 annos
3791 4745 3863 4799 ab

2230 4841 2490 4913 episcopo
2520 4840 2727 4895 habitis
2755 4838 2845 4893 vel
2875 4837 3157 4893 renovatis
3174 4836 3429 4891 urbibus.

2305 4940 2387 4990 18.
2424 4936 2501 4989 De
2531 4932 2942 5005 conspiratione
2969 4930 3331 5000 clericorum,
3367 4929 3518 5001 quod
3542 4929 3721 4986 Graeci
3736 4934 3858 4999 fra-

2232 5033 2367 5086 trias
2396 5029 2610 5083 dicunt.

573 5116 624 5167 8.
669 5114 745 5167 De
776 5113 990 5168 clericis
1029 5114 1128 5186 qui
1164 5121 1298 5171 sunt
1324 5117 1382 5171 in
1411 5118 1714 5189 parochiis,
1747 5115 2124 5187 monasteriis,
2147 5100 2207 5174 Ι)
2306 5126 2389 5178 19.
2419 5121 2579 5186 Quod
2607 5123 2872 5192 oporteat
2890 5137 2996 5192 per
3020 5117 3339 5191 provincias
3359 5118 3447 5173 bis
3469 5117 3529 5173 in
3551 5134 3705 5174 anno
3733 5136 3865 5175 con-

500 5209 669 5276 atque
733 5206 1017 5277 martyriis
1070 5224 1197 5278 quae
1249 5210 1351 5265 sub
1400 5213 1685 5282 potestate
1737 5210 2129 5281 episcoporum

500 5299 938 5370 uniuscujusque
965 5300 1205 5357 civitatis
1235 5304 1504 5361 existunt.

572 5395 624 5446 9.
664 5393 827 5457 Quod
871 5410 985 5449 non
1030 5400 1287 5468 oporteat
1330 5399 1549 5453 clericis
1592 5396 1977 5470 praetermisso
2017 5395 2129 5467 epi-

498 5501 668 5556 scopo
695 5486 766 5541 ad
785 5488 1075 5544 saecularia
1095 5490 1314 5560 judicia
1340 5508 1684 5546 commeare.

572 5583 657 5634 10.
702 5580 865 5645 Quod
891 5598 1009 5638 non
1039 5584 1205 5639 liceat
1228 5584 1465 5639 clericos
1508 5585 1569 5639 in
1615 5585 1834 5640 duabus
1888 5584 2130 5641 ecclesiis

498 5671 844 5730 ministrare.

574 5769 628 5820 11
646 5807 659 5820 .
698 5768 862 5831 Quod
880 5784 995 5824 non
1014 5772 1271 5839 Oporteat
1291 5769 1486 5839 egenis
1502 5771 1803 5841 epistolam
1822 5771 2014 5841 tribui,
2031 5773 2130 5827 ho-

502 5857 780 5915 nestiores
826 5864 1019 5916 autem
1056 5860 1538 5917 commendatitiis
1568 5863 1767 5920 litteris
1793 5865 2126 5937 approbare.

2229 5215 2361 5270 cilia
2385 5215 2532 5270 ﬁeri.

2300 5312 2389 5363 20.
2413 5308 2573 5373 Quod
2599 5307 2839 5363 minime
2869 5307 3085 5362 clericis
3101 5307 3160 5362 in
3177 5307 3345 5361 aliam
3365 5307 3653 5362 civitatem
3675 5310 3863 5362 trans-

2229 5402 2476 5473 migrare
2513 5402 2696 5469 liceat,
2732 5401 2837 5455 nisi
2885 5401 2965 5455 eis
3004 5400 3102 5472 qui
3144 5417 3246 5472 pro
3290 5399 3689 5473 persecutione
3727 5418 3861 5473 pro-

2228 5496 2380 5567 prias
2409 5495 2709 5550 amiserint
2740 5495 3011 5550 civitates.

2299 5589 2387 5639 21.
2419 5587 2491 5639 De
2515 5585 2914 5656 episcoporum
2942 5586 3041 5638 aut
3067 5583 3403 5639 clericorum
3424 5585 3864 5655 accusatoribus,

2231 5678 2423 5750 quales
2452 5678 2695 5733 debeant
2722 5677 2928 5749 suscipi
2959 5677 3019 5732 in
3046 5677 3482 5733 accusationem.

2301 5774 2390 5827 22.
2421 5772 2579 5836 Quod
2606 5788 2721 5826 non
2749 5770 2919 5826 liceat
2944 5770 3159 5826 clericis
3186 5776 3316 5844 post
3350 5775 3594 5829 mortem
3624 5771 3712 5828 sui
3738 5773 3865 5846 epi-

2232 5865 2388 5937 scopi
2421 5881 2513 5921 res
2535 5865 2606 5921 ad
2633 5880 2763 5919 eum
2788 5864 3140 5936 pertinentes
3161 5864 3428 5938 diripere.
