4058 6306
220 309 321 359 309

1481 303 1954 361 DECRETALIUM
1993 308 2376 362 COLLECTIO.

3483 325 3585 375 310

289 416 378 469 23.
409 414 489 468 De
538 410 756 468 clericis
814 414 873 466 et
923 410 1216 468 monachis
1277 413 1850 485 excommunicandis,
1877 429 1935 502 Α
2023 421 2114 473 25.
2149 418 2309 482 Quod
2337 434 2452 473 non
2484 424 2747 490 oporteat
2768 423 2900 494 post
2925 423 3142 479 obitum
3169 424 3418 497 episcopi
3440 429 3586 484 ordi-

223 507 319 578 qui
342 509 554 578 praeter
571 506 919 574 voluntatem
940 505 1026 560 sui
1052 505 1299 578 episcopi
1315 506 1386 561 ad
1404 507 1610 562 urbem
1632 509 1854 580 regiam

222 601 482 655 veniunt.

292 695 380 749 24.
413 694 572 759 Quod
613 710 730 749 non
775 693 940 749 liceat
981 693 1328 751 monasteria
1374 709 1502 766 quae
1531 700 1854 752 consecrata

221 791 356 844 sunt
380 787 696 844 diversoria
723 786 1014 843 saecularia
1043 786 1190 842 fieri.

1953 512 2251 567 nationem
2278 512 2508 567 alterius
2534 513 2763 569 differre
2795 517 3059 588 episcopi.

2022 610 2113 660 26.
2144 607 2224 660 De
2272 607 2595 675 oeconomia,
2629 609 2688 663 id
2715 614 2800 665 est
2829 611 3322 683 dispensatoribus
3351 615 3587 688 singulis

1953 699 2214 754 Ecclesiis
2238 699 2535 756 habendis.

2024 795 2114 847 27.
2143 793 2221 846 De
2252 792 2340 847 his
2368 793 2466 865 qui
2493 794 2598 849 sibi
2623 796 2854 868 rapiunt
2878 815 3103 856 uxores.

686 1099 1180 1208 INCIPIUNT
1253 1130 1694 1211 DECRETA
1769 1132 2179 1212 CONCILII
2253 1133 3112 1219 CHALCEDONENSIS.

1390 1313 1603 1392 (Anno
1632 1315 1906 1378 Domini
1929 1321 2072 1392 454,
2112 1318 2180 1380 in
2212 1318 2421 1395 Asia.)

293 1636 542 1706 Regulas
565 1636 775 1691 sanctis
801 1635 1056 1692 Patribus
1080 1636 1140 1691 in
1165 1652 1509 1710 unaquaque
1532 1640 1746 1710 synodo
1769 1657 1858 1695 us-
1876 1653 1932 1726 B
1958 1646 2113 1710 sunt,
2129 1643 2416 1714 subjectos
2434 1659 2552 1700 esse
2575 1645 2783 1700 debere
2805 1644 3070 1717 episcopo
3089 1650 3146 1701 et
3162 1645 3338 1717 quieti
3355 1662 3585 1717 operam

223 1746 332 1802 que
356 1746 509 1786 nunc
537 1730 803 1804 prolatas,
836 1729 1136 1804 proprium
1165 1731 1340 1788 robur
1365 1733 1621 1790 obtinere
1650 1734 1852 1790 statui-

224 1841 368 1880 mus.

294 1921 360 1975 II.
391 1918 448 1974 Si
479 1919 605 1990 quis
646 1917 1047 1991 episcoporum
1076 1925 1303 1993 accepta
1344 1922 1589 1992 pecunia
1621 1923 1852 1978 ordina-

227 2013 435 2068 tionem
461 2013 680 2079 fecerit,
709 2016 765 2067 et
795 2014 898 2067 sub
919 2014 1164 2084 pretium
1195 2015 1495 2070 deduxerit
1514 2015 1857 2088 impretiahi-

225 2107 336 2162 lem
361 2107 614 2180 gratiam
644 2110 815 2178 atque
847 2108 1194 2163 ordinaverit
1221 2126 1328 2180 per
1350 2108 1619 2180 pecunias
1645 2109 1856 2180 episco-

221 2218 381 2272 pum,
398 2201 513 2256 sive
531 2200 951 2272 coepiscopum,
967 2202 1079 2257 sive
1099 2202 1516 2274 presbyterum,
1532 2203 1645 2258 sive
1666 2203 1851 2258 diaco-

221 2311 378 2360 num,
428 2298 529 2349 aut
578 2310 981 2366 quemcunque
1039 2295 1213 2349 alium
1260 2296 1357 2366 qui
1413 2280 1856 2352 connumeratur

206 2387 366 2442 'inter
397 2388 655 2456 clericos,
687 2392 786 2442 aut
809 2393 1035 2458 accepta
1065 2389 1306 2460 pecunia
1333 2391 1678 2445 ordinaverit
1702 2408 1850 2446 ceco-

223 2499 478 2548 nomum,
533 2482 592 2536 id
637 2487 726 2536 est
781 2482 1140 2537 defensorem
1198 2483 1313 2538 sive
1359 2486 1850 2554 paramonarium,

223 2577 549 2647 quicunque
571 2591 711 2645 ergo
739 2576 859 2630 haec
878 2576 1184 2630 meditatus
1211 2577 1402 2643 fuerit,
1426 2577 1537 2651 sive
1567 2578 1854 2633 convictus

223 2670 410 2735 fuerit,
440 2669 562 2739 ipse
609 2668 841 2739 quidem
886 2670 1091 2723 subeat
1120 2670 1331 2740 gradus
1374 2671 1461 2724 sui
1506 2671 1766 2741 periculi,
1799 2676 1856 2724 et

225 2763 318 2833 qui
346 2763 427 2816 sic
451 2762 748 2816 ordinatus
777 2762 964 2829 fuerit,
997 2763 1217 2817 nullum
1257 2763 1468 2818 habeat
1507 2765 1754 2819 fructum
1787 2782 1853 2818 ex

226 2857 317 2928 huj
327 2856 550 2910 usmodi
575 2855 953 2910 mercimonio
975 2859 1033 2910 et
1051 2857 1336 2911 creatione
1357 2857 1651 2928 probrosa,
1672 2859 1765 2912 sed
1785 2859 1855 2914 sit

225 2950 441 3003 alienus
468 2953 524 3003 et
549 2948 841 3016 dignitatis
883 2953 940 3003 et
969 2949 1376 3003 sollicitudinis
1407 2951 1529 3021 ejus
1553 2967 1723 3022 quam
1751 2969 1856 3022 per

1957 1737 2111 1803 dare,
2144 1740 2314 1808 atque
2341 1738 2635 1794 observare
2671 1739 2891 1810 jejunia
2935 1742 2991 1794 et
3029 1738 3308 1794 orationes
3354 1741 3413 1793 in
3455 1739 3588 1794 locis

1958 1829 2013 1884 in
2039 1830 2242 1902 quibus
2271 1832 2445 1888 semel
2474 1835 2588 1887 Deo
2619 1850 2677 1888 se
2705 1833 3051 1889 devoverunt
3075 1836 3498 1905 permanentes,
3530 1835 3588 1886 et

1949 1933 2141 1996 neque
2171 1926 2601 1980 communicare
2629 1927 3037 1982 ecclesiasticas
3072 1944 3256 1998 neque
3287 1927 3586 1981 sazculares

1957 2019 2176 2089 aliquas
2204 2023 2507 2074 attrectare
2531 2020 2776 2075 actiones
2805 2020 3191 2092 relinquentes
3218 2021 3449 2091 propria
3469 2037 3588 2075 mo-

1954 2113 2220 2182 nasteria,
2252 2113 2363 2168 nisi
2395 2115 2544 2169 forte
2569 2115 2889 2185 jubeantur
2915 2118 3151 2184 propter
3177 2117 3450 2184 urgentes
3482 2130 3581 2167 ne-

1955 2206 2241 2260 cessitates
2271 2207 2342 2261 ab
2372 2207 2548 2278 ipsius
2593 2208 2830 2262 civitatis
2879 2208 3177 2278 episcopo;
3207 2211 3264 2262 et
3291 2207 3583 2262 neminem

1956 2317 2250 2354 servorum
2282 2302 2490 2372 suscipi
2519 2302 2578 2355 in
2599 2302 3017 2356 monasterium
3036 2305 3100 2354 ut
3118 2301 3190 2355 sit
3215 2319 3344 2355 cum
3367 2301 3448 2355 eis
3467 2318 3592 2355 mo-r

1953 2395 2187 2462 nachus,
2220 2395 2329 2448 nisi
2364 2412 2493 2448 cum
2526 2396 2751 2450 Domini
2783 2396 3000 2466 proprii
3036 2395 3400 2464 conscientia,
3432 2411 3580 2465 prae-

1954 2490 2271 2542 tereuntem
2283 2504 2416 2542 vero
2435 2489 2555 2542 haec
2572 2489 2924 2542 decrevimus
2942 2492 3104 2542 extra
3120 2488 3585 2543 communionem

1955 2597 2097 2647 esse,
2146 2598 2216 2635 ne
2268 2597 2483 2635 nomen
2538 2582 2764 2635 Domini
2820 2582 3258 2651 blasphemetur.
3310 2581 3588 2637 Convenit

1957 2690 2094 2744 ergo
2113 2673 2352 2728 civitatis
2378 2674 2641 2745 episcopo
2673 2691 2871 2728 curam
2901 2674 3450 2746 sollicitudinemque
3479 2691 3581 2729 ne-

1956 2767 2255 2822 cessariam
2285 2767 2648 2821 monasteriis
2684 2769 2975 2823 exhibere.

2025 2863 2086 2915 V.
2115 2862 2354 2932 Propter
2382 2877 2474 2915 eos
2505 2861 2797 2932 episcopos
2850 2861 2963 2916 sive
3007 2860 3238 2934 clericos
3281 2861 3380 2932 qui
3409 2862 3476 2916 de
3508 2863 3582 2916 ci-

1953 2955 2122 3009 vitate
2164 2955 2234 3010 ad
2276 2955 2560 3010 civitatem
2603 2958 2920 3022 transeunt,
2967 2956 3177 3026 placuit
3225 2956 3586 3010 deﬁnitiones

224 3043 496 3112 pecunias
527 3041 776 3108 intravit,
805 3043 899 3096 sed
931 3047 986 3096 et
1011 3042 1106 3097 ille
1133 3043 1231 3114 qui
1253 3047 1374 3097 tam
1413 3045 1674 3115 turpibus
1702 3050 1759 3099 et
1786 3046 1854 3099 il-
1877 3023 1932 3097 Ο
1962 3049 2117 3103 datas
2142 3066 2174 3103 a
2216 3033 2419 3104 sanctis
2447 3048 2706 3104 Patribus
2750 3023 2985 3104 habere—
3005 3049 3300 3120 propriam
3348 3049 3583 3104 firmita-

225 3136 389 3191 licitis
416 3135 762 3190 intercessor
787 3135 1068 3206 apparuit,
1098 3136 1378 3208 siquidem
1408 3138 1643 3193 clericus
1665 3139 1855 3210 fuerit,

226 3231 291 3285 de
321 3229 556 3302 proprio
588 3229 844 3283 discedat
889 3230 1090 3300 gradu.
1120 3229 1177 3285 Si
1203 3248 1337 3286 vero
1363 3231 1538 3287 laicus
1584 3232 1697 3287 sive
1728 3249 1854 3287 mo-

227 3325 436 3378 nachus
463 3323 655 3390 fuerit,
691 3323 994 3377 anathema
1020 3325 1107 3378 sit.

290 3419 378 3472 III.
409 3416 674 3472 Pervenit
703 3416 764 3470 in
793 3420 1046 3472 sanctam
1079 3419 1363 3489 synodum
1396 3419 1527 3489 quia
1549 3419 1618 3474 de
1646 3419 1735 3473 his
1758 3418 1855 3490 qui

227 3512 281 3565 in
312 3513 464 3566 clero
494 3518 1004 3578 connumerantur,
1033 3512 1266 3583 quidam
1295 3515 1530 3584 propter
1559 3513 1740 3583 turpis
1766 3514 1853 3566 lu-

227 3605 303 3659 cri
336 3605 586 3676 gratiam
616 3605 898 3676 majorum
927 3605 1344 3676 possessionum
1371 3605 1770 3660 conductiones
1802 3610 1858 3661 et

227 3716 421 3753 causas
467 3700 762 3752 saeculares
810 3699 1140 3770 suscipiunt,
1187 3705 1243 3754 et
1290 3700 1498 3770 seipsos
1544 3701 1780 3770 quidem
1825 3717 1858 3754 a

225 3792 558 3847 ministeriis
583 3792 789 3846 sanctis
818 3809 923 3863 per
943 3793 1221 3848 desidiam
1253 3797 1536 3864 separant,
1562 3794 1632 3848 ad
1663 3794 1858 3848 domos

228 3891 424 3940 autem
450 3885 809 3940 saecularium
838 3890 1186 3941 concurrunt
1215 3890 1271 3942 et
1295 3887 1742 3941 substantiarum
1772 3904 1858 3942 eo-

226 3997 350 4034 rum
381 3979 824 4051 gubernationes
852 3979 1101 4034 avaritiae
1147 3997 1318 4035 causa
1367 3981 1701 4051 suscipiunt.
1745 3982 1855 4035 De-

226 4075 402 4129 crevit
418 4090 558 4144 ergo
576 4077 766 4129 sancta
783 4076 840 4128 et
861 4090 1078 4144 magna
1103 4073 1373 4145 synodus,
1392 4075 1680 4129 neminem
1703 4076 1859 4129 dein-

227 4191 355 4245 ceps
387 4189 608 4239 eorum,
637 4173 744 4225 hoc
771 4175 874 4238 est,
903 4188 1019 4226 non
1041 4172 1388 4243 episcopum,
1419 4173 1534 4227 sive
1564 4173 1854 4238 clericum,

225 4271 322 4321 aut
349 4267 700 4321 monachum
727 4266 1037 4321 conducere
1070 4267 1472 4336 possessiones,
1510 4270 1608 4321 aut
1635 4266 1858 4320 misceri

229 4361 591 4416 smcularibus
611 4359 1119 4430 procurationibus,
1138 4359 1242 4414 nisi
1265 4361 1527 4431 forte'qui
1550 4360 1768 4430 legibus
1787 4361 1858 4413 ad
1878 4394 1937 4464 D

227 4457 516 4510 minorum
545 4455 746 4508 tutelas
787 4457 1041 4520 aetatum,
1073 4453 1186 4507 sive
1216 4455 1535 4508 curationes
1561 4453 1856 4509 inexcusa-

228 4549 364 4604 biles
390 4549 778 4614 attrahuntur,
813 4551 910 4602 aut
941 4547 1030 4602 cui
1065 4547 1242 4618 ipsius
1280 4547 1515 4601 civitatis
1562 4548 1859 4618 episcopus

231 4642 737 4698 ecclesiasticarum
754 4648 946 4695 rerum
969 4641 1320 4695 commiserit
1342 4640 1751 4710 gubernacula,
1775 4641 1861 4695 vel

231 4737 636 4807 orphanorum,
660 4737 757 4788 aut
772 4734 1076 4789 viduarum
1102 4750 1229 4805 quae
1256 4733 1570 4791 indefensae
1597 4738 1745 4801 sunt,
1767 4737 1863 4788 aut

234 4847 425 4884 earum
456 4845 834 4900 personarum
863 4845 989 4900 qua:
1029 4829 1280 4883 maxime
1309 4827 1684 4882 ecclesiastico
1709 4827 1860 4881 indi-

237 4928 368 4995 gent
394 4921 766 4990 adminiculo,
795 4926 1032 4994 propter
1058 4923 1324 4978 timorem
1345 4922 1460 4975 Dei.
1491 4920 1544 4976 Si
1576 4921 1702 4991 quis
1729 4939 1862 4976 vero

233 5022 620 5088 transgressus
647 5016 822 5071 fuerit
847 5019 1076 5084 statuta,
1107 5015 1445 5089 correptioni
1478 5015 1863 5070 ecclesiasticae

234 5112 537 5183 subjaceat.

303 5207 385 5260 IV.
419 5205 528 5270 Qui
555 5221 688 5260 vere
723 5208 779 5258 et
809 5221 948 5275 pure
979 5203 1290 5260 solitariam
1318 5203 1539 5275 eligunt
1565 5203 1762 5271 vitam,
1788 5203 1866 5257 di-

241 5298 330 5368 gni
357 5303 492 5353 sunt
527 5297 888 5353 convenienti
933 5299 1166 5353 honore.
1219 5298 1361 5362 Quia
1403 5301 1593 5352 tamen
1635 5297 1866 5368 quidam

239 5393 500 5448 monachi
544 5392 746 5447 habitu
777 5396 1004 5447 utentes
1034 5392 1426 5447 indifferenter
1461 5409 1564 5462 per
1593 5391 1862 5457 civitates,

243 5502 460 5541 necnon
487 5491 543 5540 et
561 5485 912 5541 monasteria
940 5486 1151 5557 seipsos
1175 5486 1406 5558 propria
1424 5483 1868 5556 praesumptione

240 5579 656 5646 commendant,
688 5580 901 5651 placuit
948 5580 1264 5648 neminem,
1301 5583 1400 5634 aut
1443 5578 1740 5649 azdiﬁcare,
1771 5579 1870 5632 aut

241 5674 579 5729 constituere
626 5675 995 5745 monasteria,
1041 5678 1141 5730 aut
1177 5673 1406 5729 oratorii
1460 5674 1698 5729 domum
1742 5672 1867 5727 sine

241 5767 576 5823 conscientia
595 5768 769 5840 ipsius
794 5768 1033 5824 civitatis
1055 5768 1326 5841 episcopi.
1357 5769 1464 5823 Eos
1490 5785 1625 5823 vero
1647 5765 1744 5839 qui
1765 5782 1870 5838 per

243 5858 482 5931 singulas
532 5862 784 5918 civitates
827 5880 923 5917 seu
972 5863 1352 5935 possessiones
1406 5861 1464 5916 in
1511 5860 1869 5917 monasteriis

1960 3143 2074 3191 tem
2089 3180 2100 3192 .

2027 3233 2113 3286 VI.
2148 3231 2448 3286 Neminem
2483 3231 2738 3285 absolute
2785 3232 3034 3287 ordinari
3066 3233 3463 3303 presbyterum
3502 3233 3588 3286 vel

1960 3325 2281 3393 diaconum,
2322 3341 2428 3378 nec
2476 3325 2787 3395 quemlibet
2827 3326 2886 3378 in
2931 3326 3307 3380 ecclesiastica
3357 3326 3588 3379 ordina-

1957 3419 2113 3473 tione
2142 3417 2531 3485 constitutum,
2563 3417 2673 3472 nisi
2715 3419 3012 3473 manifeste
3055 3419 3116 3473 in
3162 3418 3405 3473 Ecclesia
3451 3419 3586 3472 civi-

1960 3511 2104 3578 tatis,
2134 3511 2250 3565 sive
2278 3511 2666 3582 possessionis,
2695 3515 2792 3566 aut
2828 3512 2887 3565 in
2933 3512 3224 3581 martyrio,
3253 3515 3349 3565 aut
3373 3511 3431 3564 in
3463 3528 3586 3565 mo-

1959 3605 2202 3659 nasterio
2227 3605 2318 3658 hic
2345 3605 2444 3675 qui
2468 3606 2764 3660 ordinatur
2783 3610 3068 3659 mereatur
3098 3603 3464 3659 ordinationis
3483 3621 3589 3675 pu-

1956 3698 2163 3752 blicare
2187 3700 2539 3753 vocabulum.
2568 3702 2780 3754 Eorum
2813 3699 2912 3769 qui
2938 3697 3194 3753 absolute
3227 3697 3583 3767 ordinantur,

1960 3792 2211 3846 decrevit
2235 3798 2427 3847 sancta
2463 3794 2708 3864 synodus
2732 3809 2975 3847 vacuam
3006 3792 3215 3845 habere
3242 3807 3450 3845 manus
3476 3790 3585 3845 im-

1959 3886 2316 3956 positionem,
2347 3891 2402 3940 et
2449 3887 2670 3940 nullum
2718 3887 2827 3940 tale
2870 3887 3086 3940 factum
3123 3886 3307 3939 valere
3336 3885 3405 3940 ad
3437 3884 3586 3956 inju-

1959 3979 2101 4034 riam
2126 3981 2245 4050 ejus
2265 3981 2363 4051 qui
2391 3997 2525 4035 eum
2551 3979 2850 4034 ordinavit.

2031 4074 2138 4127 VII.
2171 4075 2278 4128 Eos
2305 4075 2401 4146 qui
2431 4075 2605 4128 semel
2635 4074 2692 4127 in
2735 4074 2884 4127 clero
2913 4072 3089 4127 taxati
3119 4073 3368 4140 fuerunt,
3392 4072 3506 4126 sive
3530 4072 3590 4126 in

1961 4167 2316 4221 monasteriis
2360 4167 2638 4238 deputati,
2687 4166 3060 4234 decrevimus,
3090 4182 3278 4236 neque
3321 4165 3395 4219 ad
3437 4165 3586 4219 mili-

1960 4259 2122 4329 tiam,
2145 4277 2327 4330 neque
2357 4261 2428 4315 ad
2449 4261 2692 4314 honores
2714 4261 3012 4314 saeculares
3038 4258 3247 4313 venire.
3272 4260 3377 4312 Eos
3398 4260 3589 4312 autem

1960 4354 2058 4424 qui
2083 4355 2191 4408 hoc
2219 4354 2339 4406 ausi
2368 4353 2601 4408 fuerunt
2626 4353 2808 4408 facere
2841 4357 2898 4407 et
2926 4369 3041 4407 non
3065 4356 3255 4406 actum
3288 4352 3370 4405 rei
3405 4351 3588 4422 poeni-

1960 4452 2081 4501 tere
2108 4447 2429 4513 maluerint,
2457 4452 2522 4500 ut
2557 4447 2628 4500 ad
2678 4447 2782 4501 hoc
2832 4447 2983 4501 idem
3028 4448 3403 4510 revertantur,
3439 4445 3590 4513 quod

1960 4546 2091 4596 ante
2119 4541 2414 4596 obtentum
2454 4540 2555 4594 Dei
2587 4543 3014 4611 proposuerunt
3054 4539 3161 4594 sibi
3207 4536 3587 4592 anathemati-

1963 4634 2096 4688 zari.

2034 4729 2162 4782 VIII.
2182 4726 2379 4782 Clerici
2403 4727 2459 4781 in
2482 4726 2782 4797 parochiis,
2803 4725 3162 4780 monasteriis
3188 4727 3286 4778 aut
3305 4721 3594 4794 martyriis

1963 4821 2274 4887 constituti,
2295 4821 2398 4875 sub
2422 4824 2700 4892 potestate
2724 4820 2836 4874 sint
2853 4819 2975 4889 ejus
2992 4818 3090 4890 qui
3108 4817 3168 4871 in
3188 4834 3251 4872 ea
3267 4820 3352 4870 est
3371 4815 3594 4870 civitate

1965 4916 2257 4987 cpiscopus
2279 4915 2595 4970 secundum
2616 4913 2976 4969 traditionem
2996 4916 3316 4966 sanctorum
3338 4912 3591 4977 Patrum,

1967 5028 2071 5065 nec
2086 5028 2192 5082 per
2206 5009 2717 5081 prmsumptionem
2734 5008 3000 5063 recedant
3016 5023 3046 5060 a
3065 5022 3166 5060 suo
3180 5005 3465 5076 episcopo.
3486 5005 3594 5058 Eos

1965 5122 2099 5158 vero
2133 5105 2228 5174 qui
2261 5104 2384 5159 ausi
2413 5104 2642 5158 fuerunt
2668 5101 2988 5155 rescindere
3017 5098 3344 5171 hujusmodi
3367 5097 3595 5152 institu-

1969 5199 2185 5253 tionem
2218 5213 2558 5268 quocunque
2584 5195 2775 5262 modo,
2796 5196 2885 5250 vel
2913 5194 2956 5248 si
2984 5193 3277 5249 noluerint
3303 5192 3595 5263 subjacere

1967 5292 2199 5364 proprio
2232 5292 2519 5362 episc0po,
2549 5290 2594 5344 si
2615 5289 2850 5361 quidem
2875 5287 3085 5343 fuerint
3111 5287 3318 5356 clerici,
3337 5302 3443 5358 pro
3473 5302 3596 5357 per-

1969 5403 2233 5441 sonarum
2269 5384 2630 5440 ordinatione
2674 5383 2997 5455 subjaceant
3025 5379 3596 5437 condemnationibus

1968 5496 2276 5535 canonum.
2299 5479 2353 5534 Si
2369 5495 2498 5532 vero
2522 5476 2787 5533 monachi
2815 5493 2916 5532 seu
2941 5476 3066 5532 laici
3092 5475 3323 5544 fuerint,
3343 5487 3597 5529 commu-

1967 5573 2135 5628 nione
2161 5568 2503 5722 priventur!

2043 5669 2124 5722 IX.
2159 5667 2213 5722 Si
2251 5667 2458 5722 clericu

2043 5669 2124 5722 IX.
2159 5667 2213 5723 Si
2251 5661 2490 5722 clericus
2533 5666 2800 5721 adversus
2844 5665 3115 5721 clericum
3163 5661 3368 5718 habeat
3415 5672 3596 5727 nego-

1970 5762 2131 5833 tium,
2146 5778 2262 5816 non
2289 5760 2576 5834 relinquat
2602 5777 2769 5815 suum
2794 5760 3120 5832 episcopum
3144 5757 3201 5808 et
3217 5753 3290 5807 ad
3309 5748 3595 5806 saecularia

1963 5857 2175 5928 judicia
2204 5859 2518 5924 concurrat,
2545 5855 2643 5912 sed
2665 5854 2820 5926 prius
2847 5849 3138 5922 negotium
3169 5844 3419 5916 agitetur
3443 5842 3596 5915 apud
