  <div class='ocr_page' id='page_1' title='image "/cluster/home/n/w/nwhite01/storage/ocr_20150623/130/umn.319510024774230/203.png"; bbox 0 0 4058 6300; ppageno 0'>
   <div class='ocr_carea' id='block_1_1' title="bbox 487 315 578 367">
    <p class='ocr_par' dir='ltr' id='par_1_1' title="bbox 487 315 578 367">
     <span class='ocr_line' id='line_1_1' title="bbox 487 315 578 367; baseline -0.022 0"><span class='ocrx_word' id='word_1_1' title='bbox 487 315 578 367; x_wconf 85' lang='lat' dir='ltr'>3H</span> 
     </span>
    </p>
   </div>
   <div class='ocr_carea' id='block_1_2' title="bbox 1385 303 2956 363">
    <p class='ocr_par' dir='ltr' id='par_1_2' title="bbox 1385 303 2956 363">
     <span class='ocr_line' id='line_1_2' title="bbox 1385 303 2956 363; baseline -0.003 -1"><span class='ocrx_word' id='word_1_2' title='bbox 1385 307 1664 362; x_wconf 77' lang='lat' dir='ltr'>APPEND.</span> <span class='ocrx_word' id='word_1_3' title='bbox 1706 308 1791 361; x_wconf 83' lang='grc' dir='ltr'><strong>ΑΙ)</strong></span> <span class='ocrx_word' id='word_1_4' title='bbox 1829 309 1988 363; x_wconf 71' lang='lat' dir='ltr'>S:EC.</span> <span class='ocrx_word' id='word_1_5' title='bbox 2034 307 2118 361; x_wconf 82' lang='lat' dir='ltr'>IX.</span> <span class='ocrx_word' id='word_1_6' title='bbox 2150 335 2216 346; x_wconf 90' lang='lat'>—-</span> <span class='ocrx_word' id='word_1_7' title='bbox 2256 305 2498 361; x_wconf 80' lang='lat' dir='ltr'>ISIDORI</span> <span class='ocrx_word' id='word_1_8' title='bbox 2536 303 2956 360; x_wconf 77' lang='lat' dir='ltr'>MERCATORL“</span> 
     </span>
    </p>
   </div>
   <div class='ocr_carea' id='block_1_3' title="bbox 485 412 2856 500">
    <p class='ocr_par' dir='ltr' id='par_1_3' title="bbox 485 412 2856 500">
     <span class='ocr_line' id='line_1_3' title="bbox 485 412 2856 500; baseline -0.003 -27"><span class='ocrx_word' id='word_1_9' title='bbox 485 416 782 490; x_wconf 89' lang='lat' dir='ltr'>proprium</span> <span class='ocrx_word' id='word_1_10' title='bbox 830 414 1182 489; x_wconf 87' lang='lat' dir='ltr'>episcopum,</span> <span class='ocrx_word' id='word_1_11' title='bbox 1210 417 1299 470; x_wconf 91' lang='lat' dir='ltr'>vel</span> <span class='ocrx_word' id='word_1_12' title='bbox 1334 419 1484 470; x_wconf 91' lang='lat' dir='ltr'>certe</span> <span class='ocrx_word' id='word_1_13' title='bbox 1532 415 1577 469; x_wconf 89' lang='lat' dir='ltr'>si</span> <span class='ocrx_word' id='word_1_14' title='bbox 1620 414 1796 469; x_wconf 90' lang='lat' dir='ltr'>fuerit</span> <span class='ocrx_word' id='word_1_15' title='bbox 1833 414 2113 486; x_wconf 88' lang='lat' dir='ltr'>judicium</span> <span class='ocrx_word' id='word_1_16' title='bbox 2136 414 2362 500; x_wconf 81' lang='lat' dir='ltr'>Ahanc</span> <span class='ocrx_word' id='word_1_17' title='bbox 2379 412 2856 470; x_wconf 69' lang='lat' dir='ltr'>difﬁnitionemse</span> 
     </span>
    </p>
   </div>
   <div class='ocr_carea' id='block_1_4' title="bbox 488 510 2114 584">
    <p class='ocr_par' dir='ltr' id='par_1_4' title="bbox 488 510 2114 584">
     <span class='ocr_line' id='line_1_4' title="bbox 488 510 2114 584; baseline -0.001 -18"><span class='ocrx_word' id='word_1_18' title='bbox 488 512 664 584; x_wconf 86' lang='lat' dir='ltr'>ipsius</span> <span class='ocrx_word' id='word_1_19' title='bbox 693 510 964 584; x_wconf 87' lang='lat' dir='ltr'>episcopi,</span> <span class='ocrx_word' id='word_1_20' title='bbox 994 510 1147 583; x_wconf 90' lang='lat' dir='ltr'>apud</span> <span class='ocrx_word' id='word_1_21' title='bbox 1174 510 1418 565; x_wconf 87' lang='lat' dir='ltr'>arbitros</span> <span class='ocrx_word' id='word_1_22' title='bbox 1445 525 1514 565; x_wconf 91' lang='lat' dir='ltr'>ex</span> <span class='ocrx_word' id='word_1_23' title='bbox 1545 513 1788 581; x_wconf 89' lang='lat' dir='ltr'>utraque</span> <span class='ocrx_word' id='word_1_24' title='bbox 1813 513 1973 580; x_wconf 91' lang='lat' dir='ltr'>parte</span> <span class='ocrx_word' id='word_1_25' title='bbox 1998 511 2114 566; x_wconf 87' lang='lat' dir='ltr'>ele-</span> 
     </span>
    </p>
   </div>
   <div class='ocr_carea' id='block_1_5' title="bbox 487 603 2119 676">
    <p class='ocr_par' dir='ltr' id='par_1_5' title="bbox 487 603 2119 676">
     <span class='ocr_line' id='line_1_5' title="bbox 487 603 2119 676; baseline -0.001 -15"><span class='ocrx_word' id='word_1_26' title='bbox 487 612 608 662; x_wconf 90' lang='lat' dir='ltr'>ctos</span> <span class='ocrx_word' id='word_1_27' title='bbox 635 605 899 661; x_wconf 83' lang='lat' dir='ltr'>audiatur</span> <span class='ocrx_word' id='word_1_28' title='bbox 929 605 1247 676; x_wconf 82' lang='lat' dir='ltr'>negotium.</span> <span class='ocrx_word' id='word_1_29' title='bbox 1276 603 1333 659; x_wconf 89' lang='lat' dir='ltr'>Si</span> <span class='ocrx_word' id='word_1_30' title='bbox 1355 603 1482 675; x_wconf 89' lang='lat' dir='ltr'>quis</span> <span class='ocrx_word' id='word_1_31' title='bbox 1504 619 1638 658; x_wconf 87' lang='lat' dir='ltr'>vero</span> <span class='ocrx_word' id='word_1_32' title='bbox 1671 607 1871 658; x_wconf 91' lang='lat' dir='ltr'>contra</span> <span class='ocrx_word' id='word_1_33' title='bbox 1895 604 2021 658; x_wconf 92' lang='lat' dir='ltr'>hac</span> <span class='ocrx_word' id='word_1_34' title='bbox 2041 604 2119 659; x_wconf 87' lang='lat' dir='ltr'>fe-</span> 
     </span>
    </p>
   </div>
   <div class='ocr_carea' id='block_1_6' title="bbox 488 696 2119 769">
    <p class='ocr_par' dir='ltr' id='par_1_6' title="bbox 488 696 2119 769">
     <span class='ocr_line' id='line_1_6' title="bbox 488 696 2119 769; baseline -0.002 -15"><span class='ocrx_word' id='word_1_35' title='bbox 488 699 646 766; x_wconf 90' lang='lat' dir='ltr'>cerit,</span> <span class='ocrx_word' id='word_1_36' title='bbox 674 715 962 753; x_wconf 91' lang='lat' dir='ltr'>canonum</span> <span class='ocrx_word' id='word_1_37' title='bbox 992 698 1279 769; x_wconf 89' lang='lat' dir='ltr'>subjaceat</span> <span class='ocrx_word' id='word_1_38' title='bbox 1303 696 1773 768; x_wconf 89' lang='lat' dir='ltr'>correptionibus.</span> <span class='ocrx_word' id='word_1_39' title='bbox 1792 699 1860 753; x_wconf 89' lang='lat' dir='ltr'>Et</span> <span class='ocrx_word' id='word_1_40' title='bbox 1885 697 1932 752; x_wconf 92' lang='lat' dir='ltr'>si</span> <span class='ocrx_word' id='word_1_41' title='bbox 1958 697 2119 752; x_wconf 91' lang='lat' dir='ltr'>cleri-</span> 
     </span>
    </p>
   </div>
   <div class='ocr_carea' id='block_1_7' title="bbox 489 790 2120 862">
    <p class='ocr_par' dir='ltr' id='par_1_7' title="bbox 489 790 2120 862">
     <span class='ocr_line' id='line_1_7' title="bbox 489 790 2120 862; baseline -0.001 -14"><span class='ocrx_word' id='word_1_42' title='bbox 489 810 587 848; x_wconf 89' lang='lat' dir='ltr'>cus</span> <span class='ocrx_word' id='word_1_43' title='bbox 638 793 904 848; x_wconf 89' lang='lat' dir='ltr'>adversus</span> <span class='ocrx_word' id='word_1_44' title='bbox 945 808 1112 846; x_wconf 93' lang='lat' dir='ltr'>suum</span> <span class='ocrx_word' id='word_1_45' title='bbox 1164 792 1249 844; x_wconf 85' lang='lat' dir='ltr'>vel</span> <span class='ocrx_word' id='word_1_46' title='bbox 1301 790 1478 846; x_wconf 89' lang='lat' dir='ltr'>alium</span> <span class='ocrx_word' id='word_1_47' title='bbox 1533 791 1862 862; x_wconf 84' lang='lat' dir='ltr'>episcOpum</span> <span class='ocrx_word' id='word_1_48' title='bbox 1913 791 2120 848; x_wconf 88' lang='lat' dir='ltr'>habeat</span> 
     </span>
    </p>
   </div>
   <div class='ocr_carea' id='block_1_8' title="bbox 489 872 2119 957">
    <p class='ocr_par' dir='ltr' id='par_1_8' title="bbox 489 872 2119 957">
     <span class='ocr_line' id='line_1_8' title="bbox 489 872 2119 957; baseline -0.001 -15"><span class='ocrx_word' id='word_1_49' title='bbox 489 903 737 956; x_wconf 83' lang='lat' dir='ltr'>causam,</span> <span class='ocrx_word' id='word_1_50' title='bbox 759 887 910 957; x_wconf 90' lang='lat' dir='ltr'>apud</span> <span class='ocrx_word' id='word_1_51' title='bbox 939 884 1293 940; x_wconf 84' lang='lat' dir='ltr'>audientiam</span> <span class='ocrx_word' id='word_1_52' title='bbox 1313 872 1511 956; x_wconf 86' lang='lat' dir='ltr'>synodi</span> <span class='ocrx_word' id='word_1_53' title='bbox 1539 884 1843 956; x_wconf 91' lang='lat' dir='ltr'>provincia</span> <span class='ocrx_word' id='word_1_54' title='bbox 1873 902 2119 957; x_wconf 88' lang='lat' dir='ltr'>conque-</span> 
     </span>
    </p>
   </div>
   <div class='ocr_carea' id='block_1_9' title="bbox 488 977 2116 1050">
    <p class='ocr_par' dir='ltr' id='par_1_9' title="bbox 488 977 2116 1050">
     <span class='ocr_line' id='line_1_9' title="bbox 488 977 2116 1050; baseline 0 -16"><span class='ocrx_word' id='word_1_55' title='bbox 488 977 758 1050; x_wconf 79' lang='lat' dir='ltr'>ratur.\Si</span> <span class='ocrx_word' id='word_1_56' title='bbox 786 995 914 1034; x_wconf 89' lang='lat' dir='ltr'>vero</span> <span class='ocrx_word' id='word_1_57' title='bbox 944 982 1145 1034; x_wconf 88' lang='lat' dir='ltr'>contra</span> <span class='ocrx_word' id='word_1_58' title='bbox 1172 978 1348 1050; x_wconf 90' lang='lat' dir='ltr'>ipsius</span> <span class='ocrx_word' id='word_1_59' title='bbox 1374 978 1676 1050; x_wconf 90' lang='lat' dir='ltr'>provincia</span> <span class='ocrx_word' id='word_1_60' title='bbox 1721 977 2116 1050; x_wconf 87' lang='lat' dir='ltr'>metropolita-</span> 
     </span>
    </p>
   </div>
   <div class='ocr_carea' id='block_1_10' title="bbox 489 1071 2116 1144">
    <p class='ocr_par' dir='ltr' id='par_1_10' title="bbox 489 1071 2116 1144">
     <span class='ocr_line' id='line_1_10' title="bbox 489 1071 2116 1144; baseline 0 -16"><span class='ocrx_word' id='word_1_61' title='bbox 489 1090 628 1128; x_wconf 89' lang='lat' dir='ltr'>num</span> <span class='ocrx_word' id='word_1_62' title='bbox 653 1071 978 1144; x_wconf 76' lang='lat' dir='ltr'>episcopum</span> <span class='ocrx_word' id='word_1_63' title='bbox 1007 1071 1306 1144; x_wconf 90' lang='lat' dir='ltr'>episcopus</span> <span class='ocrx_word' id='word_1_64' title='bbox 1339 1071 1452 1126; x_wconf 86' lang='lat' dir='ltr'>sive</span> <span class='ocrx_word' id='word_1_65' title='bbox 1481 1071 1718 1128; x_wconf 88' lang='lat' dir='ltr'>clericus</span> <span class='ocrx_word' id='word_1_66' title='bbox 1743 1072 1953 1128; x_wconf 91' lang='lat' dir='ltr'>habeat</span> <span class='ocrx_word' id='word_1_67' title='bbox 1977 1089 2116 1128; x_wconf 87' lang='lat' dir='ltr'>con-</span> 
     </span>
    </p>
   </div>
   <div class='ocr_carea' id='block_1_11' title="bbox 486 1165 2119 1238">
    <p class='ocr_par' dir='ltr' id='par_1_11' title="bbox 486 1165 2119 1238">
     <span class='ocr_line' id='line_1_11' title="bbox 486 1165 2119 1238; baseline -0.001 -16"><span class='ocrx_word' id='word_1_68' title='bbox 486 1167 838 1235; x_wconf 89' lang='lat' dir='ltr'>troversiam,</span> <span class='ocrx_word' id='word_1_69' title='bbox 860 1169 1069 1238; x_wconf 81' lang='lat' dir='ltr'>pergat</span> <span class='ocrx_word' id='word_1_70' title='bbox 1093 1166 1166 1220; x_wconf 89' lang='lat' dir='ltr'>ad</span> <span class='ocrx_word' id='word_1_71' title='bbox 1190 1165 1370 1238; x_wconf 90' lang='lat' dir='ltr'>ipsius</span> <span class='ocrx_word' id='word_1_72' title='bbox 1398 1165 1654 1221; x_wconf 88' lang='lat' dir='ltr'>dioecesis</span> <span class='ocrx_word' id='word_1_73' title='bbox 1673 1166 2003 1237; x_wconf 87' lang='lat' dir='ltr'>primatem,</span> <span class='ocrx_word' id='word_1_74' title='bbox 2021 1171 2119 1221; x_wconf 89' lang='lat' dir='ltr'>aut</span> 
     </span>
    </p>
   </div>
   <div class='ocr_carea' id='block_1_12' title="bbox 485 1259 2115 1333">
    <p class='ocr_par' dir='ltr' id='par_1_12' title="bbox 485 1259 2115 1333">
     <span class='ocr_line' id='line_1_12' title="bbox 485 1259 2115 1333; baseline 0.001 -18"><span class='ocrx_word' id='word_1_75' title='bbox 485 1265 634 1317; x_wconf 89' lang='lat' dir='ltr'>certe</span> <span class='ocrx_word' id='word_1_76' title='bbox 663 1261 735 1316; x_wconf 88' lang='lat' dir='ltr'>ad</span> <span class='ocrx_word' id='word_1_77' title='bbox 766 1259 1407 1330; x_wconf 86' lang='lat' dir='ltr'>Constantinopolitana</span> <span class='ocrx_word' id='word_1_78' title='bbox 1437 1259 1611 1330; x_wconf 87' lang='lat' dir='ltr'>regia</span> <span class='ocrx_word' id='word_1_79' title='bbox 1637 1259 1877 1315; x_wconf 85' lang='lat' dir='ltr'>civitatis</span> <span class='ocrx_word' id='word_1_80' title='bbox 1903 1260 2115 1333; x_wconf 91' lang='lat' dir='ltr'>sedem,</span> 
     </span>
    </p>
   </div>
   <div class='ocr_carea' id='block_1_13' title="bbox 483 1353 1914 1426">
    <p class='ocr_par' dir='ltr' id='par_1_13' title="bbox 483 1353 1914 1426">
     <span class='ocr_line' id='line_1_13' title="bbox 483 1353 1914 1426; baseline -0.001 -17"><span class='ocrx_word' id='word_1_81' title='bbox 483 1358 550 1411; x_wconf 91' lang='lat' dir='ltr'>ut</span> <span class='ocrx_word' id='word_1_82' title='bbox 578 1370 777 1410; x_wconf 90' lang='lat' dir='ltr'>eorum</span> <span class='ocrx_word' id='word_1_83' title='bbox 806 1354 883 1408; x_wconf 90' lang='lat' dir='ltr'>ibi</span> <span class='ocrx_word' id='word_1_84' title='bbox 909 1353 1210 1425; x_wconf 90' lang='lat' dir='ltr'>pr0prium</span> <span class='ocrx_word' id='word_1_85' title='bbox 1240 1353 1536 1425; x_wconf 80' lang='lat' dir='ltr'>negotium</span> <span class='ocrx_word' id='word_1_86' title='bbox 1563 1353 1914 1426; x_wconf 84' lang='lat' dir='ltr'>exquiratur.</span> 
     </span>
    </p>
   </div>
   <div class='ocr_carea' id='block_1_14' title="bbox 558 1447 2118 1504">
    <p class='ocr_par' dir='ltr' id='par_1_14' title="bbox 558 1447 2118 1504">
     <span class='ocr_line' id='line_1_14' title="bbox 558 1447 2118 1504; baseline 0 -1"><span class='ocrx_word' id='word_1_87' title='bbox 558 1451 616 1504; x_wconf 85' lang='lat' dir='ltr'>X.</span> <span class='ocrx_word' id='word_1_88' title='bbox 645 1449 768 1503; x_wconf 87' lang='lat' dir='ltr'>Non</span> <span class='ocrx_word' id='word_1_89' title='bbox 798 1447 969 1502; x_wconf 89' lang='lat' dir='ltr'>licere</span> <span class='ocrx_word' id='word_1_90' title='bbox 1000 1447 1267 1502; x_wconf 79' lang='lat' dir='ltr'>clericum</span> <span class='ocrx_word' id='word_1_91' title='bbox 1311 1447 1370 1502; x_wconf 93' lang='lat' dir='ltr'>in</span> <span class='ocrx_word' id='word_1_92' title='bbox 1415 1448 1663 1504; x_wconf 89' lang='lat' dir='ltr'>ecclesiis</span> <span class='ocrx_word' id='word_1_93' title='bbox 1711 1448 1952 1503; x_wconf 89' lang='lat' dir='ltr'>duarum</span> <span class='ocrx_word' id='word_1_94' title='bbox 1981 1447 2118 1503; x_wconf 87' lang='lat' dir='ltr'>civi-</span> 
     </span>
    </p>
   </div>
   <div class='ocr_carea' id='block_1_15' title="bbox 484 1540 2120 1613">
    <p class='ocr_par' dir='ltr' id='par_1_15' title="bbox 484 1540 2120 1613">
     <span class='ocr_line' id='line_1_15' title="bbox 484 1540 2120 1613; baseline -0.001 -14"><span class='ocrx_word' id='word_1_95' title='bbox 484 1548 670 1599; x_wconf 88' lang='lat' dir='ltr'>tatum</span> <span class='ocrx_word' id='word_1_96' title='bbox 697 1540 973 1611; x_wconf 91' lang='lat' dir='ltr'>ordinari,</span> <span class='ocrx_word' id='word_1_97' title='bbox 1005 1541 1105 1597; x_wconf 91' lang='lat' dir='ltr'>sed</span> <span class='ocrx_word' id='word_1_98' title='bbox 1133 1540 1194 1596; x_wconf 93' lang='lat' dir='ltr'>in</span> <span class='ocrx_word' id='word_1_99' title='bbox 1219 1557 1284 1596; x_wconf 90' lang='lat' dir='ltr'>ea</span> <span class='ocrx_word' id='word_1_100' title='bbox 1309 1541 1369 1596; x_wconf 94' lang='lat' dir='ltr'>in</span> <span class='ocrx_word' id='word_1_101' title='bbox 1398 1558 1509 1613; x_wconf 91' lang='lat' dir='ltr'>qua</span> <span class='ocrx_word' id='word_1_102' title='bbox 1539 1541 1610 1596; x_wconf 90' lang='lat' dir='ltr'>ab</span> <span class='ocrx_word' id='word_1_103' title='bbox 1636 1541 1797 1596; x_wconf 90' lang='lat' dir='ltr'>initio</span> <span class='ocrx_word' id='word_1_104' title='bbox 1829 1542 2120 1597; x_wconf 90' lang='lat' dir='ltr'>ordinatus</span> 
     </span>
    </p>
   </div>
   <div class='ocr_carea' id='block_1_16' title="bbox 487 1634 2120 1707">
    <p class='ocr_par' dir='ltr' id='par_1_16' title="bbox 487 1634 2120 1707">
     <span class='ocr_line' id='line_1_16' title="bbox 487 1634 2120 1707; baseline -0.001 -15"><span class='ocrx_word' id='word_1_105' title='bbox 487 1640 592 1705; x_wconf 89' lang='lat' dir='ltr'>est,</span> <span class='ocrx_word' id='word_1_106' title='bbox 622 1639 680 1691; x_wconf 90' lang='lat' dir='ltr'>et</span> <span class='ocrx_word' id='word_1_107' title='bbox 708 1635 868 1706; x_wconf 85' lang='lat' dir='ltr'>cujus</span> <span class='ocrx_word' id='word_1_108' title='bbox 908 1634 1177 1706; x_wconf 90' lang='lat' dir='ltr'>expetitio</span> <span class='ocrx_word' id='word_1_109' title='bbox 1223 1638 1345 1690; x_wconf 89' lang='lat' dir='ltr'>erat</span> <span class='ocrx_word' id='word_1_110' title='bbox 1389 1639 1519 1690; x_wconf 90' lang='lat' dir='ltr'>ante</span> <span class='ocrx_word' id='word_1_111' title='bbox 1561 1635 1916 1707; x_wconf 89' lang='lat' dir='ltr'>profugium.</span> <span class='ocrx_word' id='word_1_112' title='bbox 1959 1638 2028 1691; x_wconf 89' lang='lat' dir='ltr'>Et</span> <span class='ocrx_word' id='word_1_113' title='bbox 2073 1635 2120 1691; x_wconf 93' lang='lat' dir='ltr'>si</span> 
     </span>
    </p>
   </div>
   <div class='ocr_carea' id='block_1_17' title="bbox 489 1728 2121 1802">
    <p class='ocr_par' dir='ltr' id='par_1_17' title="bbox 489 1728 2121 1802">
     <span class='ocr_line' id='line_1_17' title="bbox 489 1728 2121 1802; baseline 0 -18"><span class='ocrx_word' id='word_1_114' title='bbox 489 1731 723 1801; x_wconf 88' lang='lat' dir='ltr'>propter</span> <span class='ocrx_word' id='word_1_115' title='bbox 749 1745 909 1783; x_wconf 89' lang='lat' dir='ltr'>vana</span> <span class='ocrx_word' id='word_1_116' title='bbox 935 1728 1132 1800; x_wconf 90' lang='lat' dir='ltr'>gloria</span> <span class='ocrx_word' id='word_1_117' title='bbox 1160 1728 1508 1784; x_wconf 89' lang='lat' dir='ltr'>desiderium</span> <span class='ocrx_word' id='word_1_118' title='bbox 1547 1729 1869 1802; x_wconf 89' lang='lat' dir='ltr'>contigerit,</span> <span class='ocrx_word' id='word_1_119' title='bbox 1899 1731 1967 1784; x_wconf 92' lang='lat' dir='ltr'>ut</span> <span class='ocrx_word' id='word_1_120' title='bbox 1993 1733 2121 1801; x_wconf 89' lang='lat' dir='ltr'>post</span> 
     </span>
    </p>
   </div>
   <div class='ocr_carea' id='block_1_18' title="bbox 487 1796 2418 1894">
    <p class='ocr_par' dir='ltr' id='par_1_18' title="bbox 487 1796 2418 1894">
     <span class='ocr_line' id='line_1_18' title="bbox 487 1796 2418 1894; baseline -0.001 -19"><span class='ocrx_word' id='word_1_121' title='bbox 487 1823 556 1876; x_wconf 91' lang='lat' dir='ltr'>ad</span> <span class='ocrx_word' id='word_1_122' title='bbox 585 1822 858 1893; x_wconf 83' lang='lat' dir='ltr'>majorem</span> <span class='ocrx_word' id='word_1_123' title='bbox 885 1821 1185 1876; x_wconf 90' lang='lat' dir='ltr'>ecclesiam</span> <span class='ocrx_word' id='word_1_124' title='bbox 1213 1823 1554 1894; x_wconf 88' lang='lat' dir='ltr'>confugerit,</span> <span class='ocrx_word' id='word_1_125' title='bbox 1575 1839 1708 1877; x_wconf 89' lang='lat' dir='ltr'>eum</span> <span class='ocrx_word' id='word_1_126' title='bbox 1731 1820 2121 1879; x_wconf 86' lang='lat' dir='ltr'>indubitanter</span> <span class='ocrx_word' id='word_1_127' title='bbox 2139 1796 2196 1867; x_wconf 83' lang='lat' dir='ltr'><strong>B</strong></span> <span class='ocrx_word' id='word_1_128' title='bbox 2222 1838 2314 1876; x_wconf 90' lang='lat' dir='ltr'>eas</span> <span class='ocrx_word' id='word_1_129' title='bbox 2339 1837 2418 1876; x_wconf 90' lang='lat' dir='ltr'>re.</span> 
     </span>
    </p>
   </div>
   <div class='ocr_carea' id='block_1_19' title="bbox 489 1915 2120 1986">
    <p class='ocr_par' dir='ltr' id='par_1_19' title="bbox 489 1915 2120 1986">
     <span class='ocr_line' id='line_1_19' title="bbox 489 1915 2120 1986; baseline 0.002 -17"><span class='ocrx_word' id='word_1_130' title='bbox 489 1915 741 1970; x_wconf 89' lang='lat' dir='ltr'>revocari</span> <span class='ocrx_word' id='word_1_131' title='bbox 762 1915 964 1971; x_wconf 91' lang='lat' dir='ltr'>debere</span> <span class='ocrx_word' id='word_1_132' title='bbox 992 1916 1064 1970; x_wconf 91' lang='lat' dir='ltr'>ad</span> <span class='ocrx_word' id='word_1_133' title='bbox 1095 1932 1222 1970; x_wconf 90' lang='lat' dir='ltr'>eam</span> <span class='ocrx_word' id='word_1_134' title='bbox 1241 1916 1302 1970; x_wconf 91' lang='lat' dir='ltr'>in</span> <span class='ocrx_word' id='word_1_135' title='bbox 1332 1933 1444 1986; x_wconf 92' lang='lat' dir='ltr'>qua</span> <span class='ocrx_word' id='word_1_136' title='bbox 1470 1916 1540 1971; x_wconf 89' lang='lat' dir='ltr'>ab</span> <span class='ocrx_word' id='word_1_137' title='bbox 1562 1916 1791 1972; x_wconf 91' lang='lat' dir='ltr'>exordio</span> <span class='ocrx_word' id='word_1_138' title='bbox 1822 1917 2120 1972; x_wconf 89' lang='lat' dir='ltr'>ordinatus</span> 
     </span>
    </p>
   </div>
   <div class='ocr_carea' id='block_1_20' title="bbox 491 2009 2120 2082">
    <p class='ocr_par' dir='ltr' id='par_1_20' title="bbox 491 2009 2120 2082">
     <span class='ocr_line' id='line_1_20' title="bbox 491 2009 2120 2082; baseline 0.001 -18"><span class='ocrx_word' id='word_1_139' title='bbox 491 2014 594 2079; x_wconf 91' lang='lat' dir='ltr'>est,</span> <span class='ocrx_word' id='word_1_140' title='bbox 625 2011 681 2064; x_wconf 91' lang='lat' dir='ltr'>et</span> <span class='ocrx_word' id='word_1_141' title='bbox 710 2009 788 2064; x_wconf 91' lang='lat' dir='ltr'>ibi</span> <span class='ocrx_word' id='word_1_142' title='bbox 813 2010 1210 2064; x_wconf 87' lang='lat' dir='ltr'>tantummodo</span> <span class='ocrx_word' id='word_1_143' title='bbox 1241 2009 1580 2065; x_wconf 91' lang='lat' dir='ltr'>ministrare.</span> <span class='ocrx_word' id='word_1_144' title='bbox 1601 2011 1659 2066; x_wconf 91' lang='lat' dir='ltr'>Si</span> <span class='ocrx_word' id='word_1_145' title='bbox 1690 2011 1816 2082; x_wconf 88' lang='lat' dir='ltr'>quis</span> <span class='ocrx_word' id='word_1_146' title='bbox 1844 2027 1976 2066; x_wconf 91' lang='lat' dir='ltr'>vero</span> <span class='ocrx_word' id='word_1_147' title='bbox 1994 2012 2120 2082; x_wconf 90' lang='lat' dir='ltr'>jam</span> 
     </span>
    </p>
   </div>
   <div class='ocr_carea' id='block_1_21' title="bbox 487 2103 2122 2172">
    <p class='ocr_par' dir='ltr' id='par_1_21' title="bbox 487 2103 2122 2172">
     <span class='ocr_line' id='line_1_21' title="bbox 487 2103 2122 2172; baseline 0.001 -14"><span class='ocrx_word' id='word_1_148' title='bbox 487 2103 794 2158; x_wconf 90' lang='lat' dir='ltr'>translatus</span> <span class='ocrx_word' id='word_1_149' title='bbox 814 2107 899 2159; x_wconf 91' lang='lat' dir='ltr'>est</span> <span class='ocrx_word' id='word_1_150' title='bbox 913 2104 983 2158; x_wconf 90' lang='lat' dir='ltr'>ab</span> <span class='ocrx_word' id='word_1_151' title='bbox 1000 2103 1113 2159; x_wconf 92' lang='lat' dir='ltr'>alia</span> <span class='ocrx_word' id='word_1_152' title='bbox 1133 2103 1192 2158; x_wconf 91' lang='lat' dir='ltr'>in</span> <span class='ocrx_word' id='word_1_153' title='bbox 1214 2104 1388 2158; x_wconf 90' lang='lat' dir='ltr'>aliam</span> <span class='ocrx_word' id='word_1_154' title='bbox 1411 2104 1731 2172; x_wconf 86' lang='lat' dir='ltr'>ecclesiam,</span> <span class='ocrx_word' id='word_1_155' title='bbox 1753 2105 1897 2160; x_wconf 90' lang='lat' dir='ltr'>nihil</span> <span class='ocrx_word' id='word_1_156' title='bbox 1915 2104 2122 2160; x_wconf 90' lang='lat' dir='ltr'>habeat</span> 
     </span>
    </p>
   </div>
   <div class='ocr_carea' id='block_1_22' title="bbox 490 2197 2118 2270">
    <p class='ocr_par' dir='ltr' id='par_1_22' title="bbox 490 2197 2118 2270">
     <span class='ocr_line' id='line_1_22' title="bbox 490 2197 2118 2270; baseline 0.001 -18"><span class='ocrx_word' id='word_1_157' title='bbox 490 2212 796 2252; x_wconf 89' lang='lat' dir='ltr'>commune</span> <span class='ocrx_word' id='word_1_158' title='bbox 822 2214 953 2251; x_wconf 92' lang='lat' dir='ltr'>cum</span> <span class='ocrx_word' id='word_1_159' title='bbox 973 2197 1168 2270; x_wconf 91' lang='lat' dir='ltr'>priore</span> <span class='ocrx_word' id='word_1_160' title='bbox 1190 2197 1447 2266; x_wconf 87' lang='lat' dir='ltr'>ecclesia,</span> <span class='ocrx_word' id='word_1_161' title='bbox 1472 2197 1587 2254; x_wconf 88' lang='lat' dir='ltr'>sive</span> <span class='ocrx_word' id='word_1_162' title='bbox 1606 2198 1709 2252; x_wconf 89' lang='lat' dir='ltr'>sub</span> <span class='ocrx_word' id='word_1_163' title='bbox 1731 2199 1963 2254; x_wconf 90' lang='lat' dir='ltr'>ecclesia</span> <span class='ocrx_word' id='word_1_164' title='bbox 1983 2215 2118 2253; x_wconf 85' lang='lat' dir='ltr'>con-</span> 
     </span>
    </p>
   </div>
   <div class='ocr_carea' id='block_1_23' title="bbox 487 2289 2116 2364">
    <p class='ocr_par' dir='ltr' id='par_1_23' title="bbox 487 2289 2116 2364">
     <span class='ocr_line' id='line_1_23' title="bbox 487 2289 2116 2364; baseline 0.002 -20"><span class='ocrx_word' id='word_1_165' title='bbox 487 2289 696 2344; x_wconf 90' lang='lat' dir='ltr'>stitutis</span> <span class='ocrx_word' id='word_1_166' title='bbox 727 2290 1037 2361; x_wconf 84' lang='lat' dir='ltr'>martyriis,</span> <span class='ocrx_word' id='word_1_167' title='bbox 1069 2291 1183 2345; x_wconf 89' lang='lat' dir='ltr'>sive</span> <span class='ocrx_word' id='word_1_168' title='bbox 1211 2290 1270 2345; x_wconf 90' lang='lat' dir='ltr'>in</span> <span class='ocrx_word' id='word_1_169' title='bbox 1296 2291 1583 2362; x_wconf 91' lang='lat' dir='ltr'>parochiis</span> <span class='ocrx_word' id='word_1_170' title='bbox 1613 2292 1700 2346; x_wconf 88' lang='lat' dir='ltr'>vel</span> <span class='ocrx_word' id='word_1_171' title='bbox 1727 2292 2116 2364; x_wconf 85' lang='lat' dir='ltr'>xenodochiis,</span> 
     </span>
    </p>
   </div>
   <div class='ocr_carea' id='block_1_24' title="bbox 485 2384 2122 2457">
    <p class='ocr_par' dir='ltr' id='par_1_24' title="bbox 485 2384 2122 2457">
     <span class='ocr_line' id='line_1_24' title="bbox 485 2384 2122 2457; baseline 0.002 -20"><span class='ocrx_word' id='word_1_172' title='bbox 485 2386 585 2438; x_wconf 88' lang='lat' dir='ltr'>aut</span> <span class='ocrx_word' id='word_1_173' title='bbox 614 2399 815 2438; x_wconf 91' lang='lat' dir='ltr'>eorum</span> <span class='ocrx_word' id='word_1_174' title='bbox 858 2384 1114 2455; x_wconf 90' lang='lat' dir='ltr'>negotiis.</span> <span class='ocrx_word' id='word_1_175' title='bbox 1144 2386 1253 2439; x_wconf 90' lang='lat' dir='ltr'>Eos</span> <span class='ocrx_word' id='word_1_176' title='bbox 1281 2401 1413 2439; x_wconf 91' lang='lat' dir='ltr'>vero</span> <span class='ocrx_word' id='word_1_177' title='bbox 1456 2384 1552 2456; x_wconf 90' lang='lat' dir='ltr'>qui</span> <span class='ocrx_word' id='word_1_178' title='bbox 1585 2384 1708 2440; x_wconf 90' lang='lat' dir='ltr'>ausi</span> <span class='ocrx_word' id='word_1_179' title='bbox 1739 2385 1953 2440; x_wconf 84' lang='lat' dir='ltr'>fuerint</span> <span class='ocrx_word' id='word_1_180' title='bbox 1992 2388 2122 2457; x_wconf 89' lang='lat' dir='ltr'>post</span> 
     </span>
    </p>
   </div>
   <div class='ocr_carea' id='block_1_25' title="bbox 490 2477 2122 2551">
    <p class='ocr_par' dir='ltr' id='par_1_25' title="bbox 490 2477 2122 2551">
     <span class='ocr_line' id='line_1_25' title="bbox 490 2477 2122 2551; baseline 0.002 -20"><span class='ocrx_word' id='word_1_181' title='bbox 490 2477 914 2532; x_wconf 88' lang='lat' dir='ltr'>ordinationem</span> <span class='ocrx_word' id='word_1_182' title='bbox 967 2477 1138 2547; x_wconf 89' lang='lat' dir='ltr'>hujus</span> <span class='ocrx_word' id='word_1_183' title='bbox 1182 2494 1408 2549; x_wconf 82' lang='lat' dir='ltr'>magnae</span> <span class='ocrx_word' id='word_1_184' title='bbox 1454 2483 1510 2532; x_wconf 91' lang='lat' dir='ltr'>et</span> <span class='ocrx_word' id='word_1_185' title='bbox 1556 2479 1879 2533; x_wconf 76' lang='lat' dir='ltr'>universalis</span> <span class='ocrx_word' id='word_1_186' title='bbox 1919 2481 2122 2551; x_wconf 85' lang='lat' dir='ltr'>synodi</span> 
     </span>
    </p>
   </div>
   <div class='ocr_carea' id='block_1_26' title="bbox 487 2571 2121 2644">
    <p class='ocr_par' dir='ltr' id='par_1_26' title="bbox 487 2571 2121 2644">
     <span class='ocr_line' id='line_1_26' title="bbox 487 2571 2121 2644; baseline 0.002 -20"><span class='ocrx_word' id='word_1_187' title='bbox 487 2586 658 2641; x_wconf 90' lang='lat' dir='ltr'>agere</span> <span class='ocrx_word' id='word_1_188' title='bbox 703 2587 833 2640; x_wconf 88' lang='lat' dir='ltr'>qua</span> <span class='ocrx_word' id='word_1_189' title='bbox 872 2571 1160 2640; x_wconf 87' lang='lat' dir='ltr'>prohibita</span> <span class='ocrx_word' id='word_1_190' title='bbox 1209 2575 1361 2640; x_wconf 90' lang='lat' dir='ltr'>sunt,</span> <span class='ocrx_word' id='word_1_191' title='bbox 1395 2571 1593 2627; x_wconf 88' lang='lat' dir='ltr'>statuit</span> <span class='ocrx_word' id='word_1_192' title='bbox 1639 2577 1830 2628; x_wconf 88' lang='lat' dir='ltr'>sancta</span> <span class='ocrx_word' id='word_1_193' title='bbox 1871 2574 2121 2644; x_wconf 87' lang='lat' dir='ltr'>synodus</span> 
     </span>
    </p>
   </div>
   <div class='ocr_carea' id='block_1_27' title="bbox 489 2663 1267 2735">
    <p class='ocr_par' dir='ltr' id='par_1_27' title="bbox 489 2663 1267 2735">
     <span class='ocr_line' id='line_1_27' title="bbox 489 2663 1267 2735; baseline 0.003 -17"><span class='ocrx_word' id='word_1_194' title='bbox 489 2664 693 2718; x_wconf 89' lang='lat' dir='ltr'>cadere</span> <span class='ocrx_word' id='word_1_195' title='bbox 723 2663 792 2718; x_wconf 91' lang='lat' dir='ltr'>de</span> <span class='ocrx_word' id='word_1_196' title='bbox 812 2665 1042 2734; x_wconf 91' lang='lat' dir='ltr'>proprio</span> <span class='ocrx_word' id='word_1_197' title='bbox 1070 2665 1267 2735; x_wconf 89' lang='lat' dir='ltr'>gradu.</span> 
     </span>
    </p>
   </div>
   <div class='ocr_carea' id='block_1_28' title="bbox 560 2757 2122 2828">
    <p class='ocr_par' dir='ltr' id='par_1_28' title="bbox 560 2757 2122 2828">
     <span class='ocr_line' id='line_1_28' title="bbox 560 2757 2122 2828; baseline 0.003 -18"><span class='ocrx_word' id='word_1_198' title='bbox 560 2758 644 2810; x_wconf 82' lang='lat' dir='ltr'>XI.</span> <span class='ocrx_word' id='word_1_199' title='bbox 682 2757 890 2811; x_wconf 89' lang='lat' dir='ltr'>Omnes</span> <span class='ocrx_word' id='word_1_200' title='bbox 939 2775 1216 2828; x_wconf 88' lang='lat' dir='ltr'>pauperes</span> <span class='ocrx_word' id='word_1_201' title='bbox 1267 2762 1324 2812; x_wconf 89' lang='lat' dir='ltr'>et</span> <span class='ocrx_word' id='word_1_202' title='bbox 1367 2758 1689 2828; x_wconf 81' lang='lat' dir='ltr'>indigentes</span> <span class='ocrx_word' id='word_1_203' title='bbox 1735 2759 2122 2816; x_wconf 90' lang='lat' dir='ltr'>ecclesiasticis</span> 
     </span>
    </p>
   </div>
   <div class='ocr_carea' id='block_1_29' title="bbox 489 2849 2119 2926">
    <p class='ocr_par' dir='ltr' id='par_1_29' title="bbox 489 2849 2119 2926">
     <span class='ocr_line' id='line_1_29' title="bbox 489 2849 2119 2926; baseline 0.004 -22"><span class='ocrx_word' id='word_1_204' title='bbox 489 2849 712 2904; x_wconf 84' lang='lat' dir='ltr'>auxiliis</span> <span class='ocrx_word' id='word_1_205' title='bbox 741 2867 870 2905; x_wconf 92' lang='lat' dir='ltr'>cum</span> <span class='ocrx_word' id='word_1_206' title='bbox 897 2851 1329 2922; x_wconf 83' lang='lat' dir='ltr'>proficiscuntur</span> <span class='ocrx_word' id='word_1_207' title='bbox 1355 2852 1458 2906; x_wconf 89' lang='lat' dir='ltr'>sub</span> <span class='ocrx_word' id='word_1_208' title='bbox 1485 2852 1826 2923; x_wconf 90' lang='lat' dir='ltr'>probatione</span> <span class='ocrx_word' id='word_1_209' title='bbox 1855 2855 2119 2926; x_wconf 87' lang='lat' dir='ltr'>epistolii,</span> 
     </span>
    </p>
   </div>
   <div class='ocr_carea' id='block_1_30' title="bbox 491 2943 2121 3014">
    <p class='ocr_par' dir='ltr' id='par_1_30' title="bbox 491 2943 2121 3014">
     <span class='ocr_line' id='line_1_30' title="bbox 491 2943 2121 3014; baseline 0.003 -16"><span class='ocrx_word' id='word_1_210' title='bbox 491 2943 605 2998; x_wconf 87' lang='lat' dir='ltr'>sive</span> <span class='ocrx_word' id='word_1_211' title='bbox 632 2943 804 3014; x_wconf 89' lang='lat' dir='ltr'>pacis,</span> <span class='ocrx_word' id='word_1_212' title='bbox 835 2960 962 3014; x_wconf 87' lang='lat' dir='ltr'>qua</span> <span class='ocrx_word' id='word_1_213' title='bbox 993 2945 1260 3000; x_wconf 90' lang='lat' dir='ltr'>dicuntur</span> <span class='ocrx_word' id='word_1_214' title='bbox 1285 2945 1692 3014; x_wconf 87' lang='lat' dir='ltr'>ecclesiastica,</span> <span class='ocrx_word' id='word_1_215' title='bbox 1721 2950 2121 3003; x_wconf 89' lang='lat' dir='ltr'>tantummodo</span> 
     </span>
    </p>
   </div>
   <div class='ocr_carea' id='block_1_31' title="bbox 492 3037 2119 3114">
    <p class='ocr_par' dir='ltr' id='par_1_31' title="bbox 492 3037 2119 3114">
     <span class='ocr_line' id='line_1_31' title="bbox 492 3037 2119 3114; baseline 0.004 -23"><span class='ocrx_word' id='word_1_216' title='bbox 492 3037 884 3093; x_wconf 91' lang='lat' dir='ltr'>commendari</span> <span class='ocrx_word' id='word_1_217' title='bbox 911 3038 1227 3105; x_wconf 90' lang='lat' dir='ltr'>statuimus,</span> <span class='ocrx_word' id='word_1_218' title='bbox 1261 3041 1317 3094; x_wconf 92' lang='lat' dir='ltr'>et</span> <span class='ocrx_word' id='word_1_219' title='bbox 1343 3056 1460 3094; x_wconf 91' lang='lat' dir='ltr'>non</span> <span class='ocrx_word' id='word_1_220' title='bbox 1497 3041 1975 3096; x_wconf 85' lang='lat' dir='ltr'>commendatitiis</span> <span class='ocrx_word' id='word_1_221' title='bbox 2003 3043 2119 3114; x_wconf 89' lang='lat' dir='ltr'>epi-</span> 
     </span>
    </p>
   </div>
   <div class='ocr_carea' id='block_1_32' title="bbox 493 3130 2118 3206">
    <p class='ocr_par' dir='ltr' id='par_1_32' title="bbox 493 3130 2118 3206">
     <span class='ocr_line' id='line_1_32' title="bbox 493 3130 2118 3206; baseline 0.004 -22"><span class='ocrx_word' id='word_1_222' title='bbox 493 3130 668 3199; x_wconf 83' lang='lat' dir='ltr'>stolis,</span> <span class='ocrx_word' id='word_1_223' title='bbox 697 3131 831 3202; x_wconf 90' lang='lat' dir='ltr'>quia</span> <span class='ocrx_word' id='word_1_224' title='bbox 866 3132 1358 3187; x_wconf 89' lang='lat' dir='ltr'>commendatitias</span> <span class='ocrx_word' id='word_1_225' title='bbox 1399 3132 1662 3204; x_wconf 89' lang='lat' dir='ltr'>epistolas</span> <span class='ocrx_word' id='word_1_226' title='bbox 1691 3152 1827 3206; x_wconf 92' lang='lat' dir='ltr'>quas</span> <span class='ocrx_word' id='word_1_227' title='bbox 1855 3135 2118 3206; x_wconf 91' lang='lat' dir='ltr'>dicimus,</span> 
     </span>
    </p>
   </div>
   <div class='ocr_carea' id='block_1_33' title="bbox 495 3224 2124 3301">
    <p class='ocr_par' dir='ltr' id='par_1_33' title="bbox 495 3224 2124 3301">
     <span class='ocr_line' id='line_1_33' title="bbox 495 3224 2124 3301; baseline 0.005 -24"><span class='ocrx_word' id='word_1_228' title='bbox 495 3241 591 3278; x_wconf 91' lang='lat' dir='ltr'>eos</span> <span class='ocrx_word' id='word_1_229' title='bbox 621 3227 845 3279; x_wconf 89' lang='lat' dir='ltr'>tantum</span> <span class='ocrx_word' id='word_1_230' title='bbox 873 3224 1126 3296; x_wconf 88' lang='lat' dir='ltr'>accipere</span> <span class='ocrx_word' id='word_1_231' title='bbox 1153 3226 1416 3281; x_wconf 86' lang='lat' dir='ltr'>convenit</span> <span class='ocrx_word' id='word_1_232' title='bbox 1447 3227 1542 3298; x_wconf 91' lang='lat' dir='ltr'>qui</span> <span class='ocrx_word' id='word_1_233' title='bbox 1572 3227 1632 3282; x_wconf 90' lang='lat' dir='ltr'>in</span> <span class='ocrx_word' id='word_1_234' title='bbox 1659 3245 1833 3301; x_wconf 92' lang='lat' dir='ltr'>opere</span> <span class='ocrx_word' id='word_1_235' title='bbox 1863 3233 1996 3284; x_wconf 91' lang='lat' dir='ltr'>sunt</span> <span class='ocrx_word' id='word_1_236' title='bbox 2020 3231 2124 3286; x_wconf 90' lang='lat' dir='ltr'>cla-</span> 
     </span>
    </p>
   </div>
   <div class='ocr_carea' id='block_1_34' title="bbox 495 3316 1725 3391">
    <p class='ocr_par' dir='ltr' id='par_1_34' title="bbox 495 3316 1725 3391">
     <span class='ocr_line' id='line_1_34' title="bbox 495 3316 1725 3391; baseline 0.006 -22"><span class='ocrx_word' id='word_1_237' title='bbox 495 3316 688 3384; x_wconf 91' lang='lat' dir='ltr'>riores,</span> <span class='ocrx_word' id='word_1_238' title='bbox 716 3321 779 3372; x_wconf 93' lang='lat' dir='ltr'>ut</span> <span class='ocrx_word' id='word_1_239' title='bbox 807 3317 888 3372; x_wconf 92' lang='lat' dir='ltr'>eis</span> <span class='ocrx_word' id='word_1_240' title='bbox 913 3319 1314 3373; x_wconf 90' lang='lat' dir='ltr'>tantummodo</span> <span class='ocrx_word' id='word_1_241' title='bbox 1343 3319 1725 3391; x_wconf 88' lang='lat' dir='ltr'>prabeantur.</span> 
     </span>
    </p>
   </div>
   <div class='ocr_carea' id='block_1_35' title="bbox 560 3411 2119 3486">
    <p class='ocr_par' dir='ltr' id='par_1_35' title="bbox 560 3411 2119 3486">
     <span class='ocr_line' id='line_1_35' title="bbox 560 3411 2119 3486; baseline 0.004 -22"><span class='ocrx_word' id='word_1_242' title='bbox 560 3411 664 3465; x_wconf 88' lang='lat' dir='ltr'>XII.</span> <span class='ocrx_word' id='word_1_243' title='bbox 693 3412 956 3467; x_wconf 89' lang='lat' dir='ltr'>Pervenit</span> <span class='ocrx_word' id='word_1_244' title='bbox 1001 3413 1075 3466; x_wconf 93' lang='lat' dir='ltr'>ad</span> <span class='ocrx_word' id='word_1_245' title='bbox 1098 3429 1201 3467; x_wconf 92' lang='lat' dir='ltr'>nos</span> <span class='ocrx_word' id='word_1_246' title='bbox 1232 3429 1298 3468; x_wconf 94' lang='lat' dir='ltr'>eo</span> <span class='ocrx_word' id='word_1_247' title='bbox 1327 3414 1480 3484; x_wconf 91' lang='lat' dir='ltr'>quod</span> <span class='ocrx_word' id='word_1_248' title='bbox 1524 3414 1757 3485; x_wconf 90' lang='lat' dir='ltr'>quidam</span> <span class='ocrx_word' id='word_1_249' title='bbox 1790 3420 2002 3486; x_wconf 90' lang='lat' dir='ltr'>prater</span> <span class='ocrx_word' id='word_1_250' title='bbox 2031 3433 2119 3472; x_wconf 89' lang='lat' dir='ltr'>ec-</span> 
     </span>
    </p>
   </div>
   <div class='ocr_carea' id='block_1_36' title="bbox 490 3503 2122 3581">
    <p class='ocr_par' dir='ltr' id='par_1_36' title="bbox 490 3503 2122 3581">
     <span class='ocr_line' id='line_1_36' title="bbox 490 3503 2122 3581; baseline 0.004 -24"><span class='ocrx_word' id='word_1_251' title='bbox 490 3503 830 3558; x_wconf 88' lang='lat' dir='ltr'>clesiasticos</span> <span class='ocrx_word' id='word_1_252' title='bbox 874 3505 1102 3560; x_wconf 90' lang='lat' dir='ltr'>ordines</span> <span class='ocrx_word' id='word_1_253' title='bbox 1147 3505 1476 3562; x_wconf 84' lang='lat' dir='ltr'>affectantes</span> <span class='ocrx_word' id='word_1_254' title='bbox 1516 3509 1830 3579; x_wconf 89' lang='lat' dir='ltr'>potentiam</span> <span class='ocrx_word' id='word_1_255' title='bbox 1867 3525 1971 3580; x_wconf 91' lang='lat' dir='ltr'>per</span> <span class='ocrx_word' id='word_1_256' title='bbox 1995 3527 2122 3581; x_wconf 89' lang='lat' dir='ltr'>pra-</span> 
     </span>
    </p>
   </div>
   <div class='ocr_carea' id='block_1_37' title="bbox 490 3597 2120 3671">
    <p class='ocr_par' dir='ltr' id='par_1_37' title="bbox 490 3597 2120 3671">
     <span class='ocr_line' id='line_1_37' title="bbox 490 3597 2120 3671; baseline 0.004 -20"><span class='ocrx_word' id='word_1_257' title='bbox 490 3597 797 3668; x_wconf 91' lang='lat' dir='ltr'>gmaticam</span> <span class='ocrx_word' id='word_1_258' title='bbox 842 3599 1089 3653; x_wconf 88' lang='lat' dir='ltr'>formam</span> <span class='ocrx_word' id='word_1_259' title='bbox 1121 3616 1299 3655; x_wconf 89' lang='lat' dir='ltr'>unam</span> <span class='ocrx_word' id='word_1_260' title='bbox 1346 3600 1694 3671; x_wconf 87' lang='lat' dir='ltr'>provinciam</span> <span class='ocrx_word' id='word_1_261' title='bbox 1726 3601 1782 3656; x_wconf 93' lang='lat' dir='ltr'>in</span> <span class='ocrx_word' id='word_1_262' title='bbox 1813 3603 1953 3657; x_wconf 89' lang='lat' dir='ltr'>duas</span> <span class='ocrx_word' id='word_1_263' title='bbox 1985 3604 2120 3658; x_wconf 88' lang='lat' dir='ltr'>divi-</span> 
     </span>
    </p>
   </div>
   <div class='ocr_carea' id='block_1_38' title="bbox 489 3690 2120 3767">
    <p class='ocr_par' dir='ltr' id='par_1_38' title="bbox 489 3690 2120 3767">
     <span class='ocr_line' id='line_1_38' title="bbox 489 3690 2120 3767; baseline 0.004 -23"><span class='ocrx_word' id='word_1_264' title='bbox 489 3690 642 3758; x_wconf 87' lang='lat' dir='ltr'>dant,</span> <span class='ocrx_word' id='word_1_265' title='bbox 672 3691 751 3745; x_wconf 91' lang='lat' dir='ltr'>ita</span> <span class='ocrx_word' id='word_1_266' title='bbox 776 3695 840 3746; x_wconf 91' lang='lat' dir='ltr'>ut</span> <span class='ocrx_word' id='word_1_267' title='bbox 883 3709 952 3747; x_wconf 92' lang='lat' dir='ltr'>ex</span> <span class='ocrx_word' id='word_1_268' title='bbox 982 3693 1092 3748; x_wconf 91' lang='lat' dir='ltr'>hoc</span> <span class='ocrx_word' id='word_1_269' title='bbox 1127 3693 1493 3749; x_wconf 88' lang='lat' dir='ltr'>inveniantur</span> <span class='ocrx_word' id='word_1_270' title='bbox 1539 3696 1652 3750; x_wconf 94' lang='lat' dir='ltr'>duo</span> <span class='ocrx_word' id='word_1_271' title='bbox 1700 3696 2120 3767; x_wconf 88' lang='lat' dir='ltr'>metropolitani</span> 
     </span>
    </p>
   </div>
   <div class='ocr_carea' id='block_1_39' title="bbox 487 3783 2121 3862">
    <p class='ocr_par' dir='ltr' id='par_1_39' title="bbox 487 3783 2121 3862">
     <span class='ocr_line' id='line_1_39' title="bbox 487 3783 2121 3862; baseline 0.006 -26"><span class='ocrx_word' id='word_1_272' title='bbox 487 3783 738 3854; x_wconf 88' lang='lat' dir='ltr'>episcopi</span> <span class='ocrx_word' id='word_1_273' title='bbox 767 3783 825 3838; x_wconf 92' lang='lat' dir='ltr'>in</span> <span class='ocrx_word' id='word_1_274' title='bbox 854 3785 1061 3839; x_wconf 90' lang='lat' dir='ltr'>eadem</span> <span class='ocrx_word' id='word_1_275' title='bbox 1101 3802 1218 3840; x_wconf 90' lang='lat' dir='ltr'>una</span> <span class='ocrx_word' id='word_1_276' title='bbox 1256 3803 1378 3840; x_wconf 91' lang='lat' dir='ltr'>esse</span> <span class='ocrx_word' id='word_1_277' title='bbox 1406 3788 1715 3856; x_wconf 88' lang='lat' dir='ltr'>provincia.</span> <span class='ocrx_word' id='word_1_278' title='bbox 1750 3789 1956 3843; x_wconf 89' lang='lat' dir='ltr'>Statuit</span> <span class='ocrx_word' id='word_1_279' title='bbox 1984 3807 2121 3862; x_wconf 90' lang='lat' dir='ltr'>ergo</span> 
     </span>
    </p>
   </div>
   <div class='ocr_carea' id='block_1_40' title="bbox 486 3878 2122 3948">
    <p class='ocr_par' dir='ltr' id='par_1_40' title="bbox 486 3878 2122 3948">
     <span class='ocr_line' id='line_1_40' title="bbox 486 3878 2122 3948; baseline 0.005 -19"><span class='ocrx_word' id='word_1_280' title='bbox 486 3880 679 3930; x_wconf 87' lang='lat' dir='ltr'>sancta</span> <span class='ocrx_word' id='word_1_281' title='bbox 738 3878 983 3947; x_wconf 90' lang='lat' dir='ltr'>synodus</span> <span class='ocrx_word' id='word_1_282' title='bbox 1047 3878 1320 3948; x_wconf 86' lang='lat' dir='ltr'>deinceps</span> <span class='ocrx_word' id='word_1_283' title='bbox 1383 3879 1522 3933; x_wconf 89' lang='lat' dir='ltr'>nihil</span> <span class='ocrx_word' id='word_1_284' title='bbox 1587 3881 1698 3934; x_wconf 89' lang='lat' dir='ltr'>tale</span> <span class='ocrx_word' id='word_1_285' title='bbox 1764 3883 2028 3936; x_wconf 86' lang='lat' dir='ltr'>attentari</span> <span class='ocrx_word' id='word_1_286' title='bbox 2089 3902 2122 3938; x_wconf 90' lang='lat' dir='ltr'>a</span> 
     </span>
    </p>
   </div>
   <div class='ocr_carea' id='block_1_41' title="bbox 489 3967 2120 4044">
    <p class='ocr_par' dir='ltr' id='par_1_41' title="bbox 489 3967 2120 4044">
     <span class='ocr_line' id='line_1_41' title="bbox 489 3967 2120 4044; baseline 0.006 -24"><span class='ocrx_word' id='word_1_287' title='bbox 489 3967 747 4038; x_wconf 89' lang='lat' dir='ltr'>quolibet</span> <span class='ocrx_word' id='word_1_288' title='bbox 776 3968 1057 4039; x_wconf 91' lang='lat' dir='ltr'>episcopo.</span> <span class='ocrx_word' id='word_1_289' title='bbox 1079 3971 1189 4024; x_wconf 90' lang='lat' dir='ltr'>Eos</span> <span class='ocrx_word' id='word_1_290' title='bbox 1207 3987 1340 4024; x_wconf 87' lang='lat' dir='ltr'>vero</span> <span class='ocrx_word' id='word_1_291' title='bbox 1370 3972 1468 4043; x_wconf 92' lang='lat' dir='ltr'>qui</span> <span class='ocrx_word' id='word_1_292' title='bbox 1494 3973 1610 4027; x_wconf 89' lang='lat' dir='ltr'>tale</span> <span class='ocrx_word' id='word_1_293' title='bbox 1637 3973 1851 4044; x_wconf 89' lang='lat' dir='ltr'>aliquid</span> <span class='ocrx_word' id='word_1_294' title='bbox 1877 3978 2120 4031; x_wconf 82' lang='lat' dir='ltr'>tentave-</span> 
     </span>
    </p>
   </div>
   <div class='ocr_carea' id='block_1_42' title="bbox 489 4059 2120 4137">
    <p class='ocr_par' dir='ltr' id='par_1_42' title="bbox 489 4059 2120 4137">
     <span class='ocr_line' id='line_1_42' title="bbox 489 4059 2120 4137; baseline 0.007 -24"><span class='ocrx_word' id='word_1_295' title='bbox 489 4059 624 4131; x_wconf 90' lang='lat' dir='ltr'>rint,</span> <span class='ocrx_word' id='word_1_296' title='bbox 655 4060 725 4114; x_wconf 91' lang='lat' dir='ltr'>de</span> <span class='ocrx_word' id='word_1_297' title='bbox 747 4061 978 4132; x_wconf 89' lang='lat' dir='ltr'>proprio</span> <span class='ocrx_word' id='word_1_298' title='bbox 1001 4063 1185 4133; x_wconf 87' lang='lat' dir='ltr'>gradu</span> <span class='ocrx_word' id='word_1_299' title='bbox 1211 4064 1436 4120; x_wconf 87' lang='lat' dir='ltr'>cadere.</span> <span class='ocrx_word' id='word_1_300' title='bbox 1456 4065 1510 4120; x_wconf 91' lang='lat' dir='ltr'>Si</span> <span class='ocrx_word' id='word_1_301' title='bbox 1534 4082 1662 4137; x_wconf 87' lang='lat' dir='ltr'>qua</span> <span class='ocrx_word' id='word_1_302' title='bbox 1676 4083 1810 4121; x_wconf 87' lang='lat' dir='ltr'>vero</span> <span class='ocrx_word' id='word_1_303' title='bbox 1832 4071 1964 4122; x_wconf 88' lang='lat' dir='ltr'>ante</span> <span class='ocrx_word' id='word_1_304' title='bbox 1986 4069 2088 4124; x_wconf 83' lang='lat' dir='ltr'>civi</span> <span class='ocrx_word' id='word_1_305' title='bbox 2104 4103 2120 4111; x_wconf 91' lang='lat'><strong>-</strong></span> 
     </span>
    </p>
   </div>
   <div class='ocr_carea' id='block_1_43' title="bbox 488 4156 2118 4232">
    <p class='ocr_par' dir='ltr' id='par_1_43' title="bbox 488 4156 2118 4232">
     <span class='ocr_line' id='line_1_43' title="bbox 488 4156 2118 4232; baseline 0.007 -26"><span class='ocrx_word' id='word_1_306' title='bbox 488 4156 634 4207; x_wconf 89' lang='lat' dir='ltr'>tates</span> <span class='ocrx_word' id='word_1_307' title='bbox 682 4170 789 4224; x_wconf 88' lang='lat' dir='ltr'>per</span> <span class='ocrx_word' id='word_1_308' title='bbox 841 4156 1248 4227; x_wconf 86' lang='lat' dir='ltr'>pragmaticam</span> <span class='ocrx_word' id='word_1_309' title='bbox 1291 4157 1647 4229; x_wconf 88' lang='lat' dir='ltr'>imperialem</span> <span class='ocrx_word' id='word_1_310' title='bbox 1702 4163 2118 4232; x_wconf 87' lang='lat' dir='ltr'>metropolitani</span> 
     </span>
    </p>
   </div>
   <div class='ocr_carea' id='block_1_44' title="bbox 488 4246 2118 4327">
    <p class='ocr_par' dir='ltr' id='par_1_44' title="bbox 488 4246 2118 4327">
     <span class='ocr_line' id='line_1_44' title="bbox 488 4246 2118 4327; baseline 0.007 -25"><span class='ocrx_word' id='word_1_311' title='bbox 488 4246 736 4302; x_wconf 89' lang='lat' dir='ltr'>nominis</span> <span class='ocrx_word' id='word_1_312' title='bbox 765 4247 984 4304; x_wconf 88' lang='lat' dir='ltr'>honore</span> <span class='ocrx_word' id='word_1_313' title='bbox 1012 4251 1292 4306; x_wconf 82' lang='lat' dir='ltr'>decorata</span> <span class='ocrx_word' id='word_1_314' title='bbox 1321 4258 1454 4306; x_wconf 91' lang='lat' dir='ltr'>sunt</span> <span class='ocrx_word' id='word_1_315' title='bbox 1483 4254 1714 4310; x_wconf 92' lang='lat' dir='ltr'>nomine</span> <span class='ocrx_word' id='word_1_316' title='bbox 1741 4257 1856 4310; x_wconf 91' lang='lat' dir='ltr'>solo</span> <span class='ocrx_word' id='word_1_317' title='bbox 1896 4258 2118 4327; x_wconf 84' lang='lat' dir='ltr'>perfru-</span> 
     </span>
    </p>
   </div>
   <div class='ocr_carea' id='block_1_45' title="bbox 487 4342 2119 4422">
    <p class='ocr_par' dir='ltr' id='par_1_45' title="bbox 487 4342 2119 4422">
     <span class='ocr_line' id='line_1_45' title="bbox 487 4342 2119 4422; baseline 0.007 -28"><span class='ocrx_word' id='word_1_318' title='bbox 487 4345 678 4409; x_wconf 89' lang='lat' dir='ltr'>antur,</span> <span class='ocrx_word' id='word_1_319' title='bbox 709 4346 766 4395; x_wconf 89' lang='lat' dir='ltr'>et</span> <span class='ocrx_word' id='word_1_320' title='bbox 790 4342 886 4412; x_wconf 92' lang='lat' dir='ltr'>qui</span> <span class='ocrx_word' id='word_1_321' title='bbox 917 4344 1214 4399; x_wconf 88' lang='lat' dir='ltr'>ecclesiam</span> <span class='ocrx_word' id='word_1_322' title='bbox 1255 4346 1377 4417; x_wconf 89' lang='lat' dir='ltr'>ejus</span> <span class='ocrx_word' id='word_1_323' title='bbox 1415 4347 1565 4417; x_wconf 87' lang='lat' dir='ltr'>regit</span> <span class='ocrx_word' id='word_1_324' title='bbox 1606 4348 1923 4420; x_wconf 88' lang='lat' dir='ltr'>episcopus,</span> <span class='ocrx_word' id='word_1_325' title='bbox 1953 4353 2119 4422; x_wconf 87' lang='lat' dir='ltr'>privi-</span> 
     </span>
    </p>
   </div>
   <div class='ocr_carea' id='block_1_46' title="bbox 483 4432 2113 4512">
    <p class='ocr_par' dir='ltr' id='par_1_46' title="bbox 483 4432 2113 4512">
     <span class='ocr_line' id='line_1_46' title="bbox 483 4432 2113 4512; baseline 0.007 -24"><span class='ocrx_word' id='word_1_326' title='bbox 483 4432 634 4505; x_wconf 87' lang='lat' dir='ltr'>legio</span> <span class='ocrx_word' id='word_1_327' title='bbox 661 4435 1099 4505; x_wconf 90' lang='lat' dir='ltr'>metropolitano</span> <span class='ocrx_word' id='word_1_328' title='bbox 1117 4438 1380 4511; x_wconf 91' lang='lat' dir='ltr'>episcopo</span> <span class='ocrx_word' id='word_1_329' title='bbox 1394 4440 1525 4511; x_wconf 88' lang='lat' dir='ltr'>jure</span> <span class='ocrx_word' id='word_1_330' title='bbox 1545 4442 1778 4512; x_wconf 91' lang='lat' dir='ltr'>proprio</span> <span class='ocrx_word' id='word_1_331' title='bbox 1807 4449 2113 4501; x_wconf 88' lang='lat' dir='ltr'>reservato.</span> 
     </span>
    </p>
   </div>
   <div class='ocr_carea' id='block_1_47' title="bbox 2216 506 2768 564">
    <p class='ocr_par' dir='ltr' id='par_1_47' title="bbox 2216 506 2768 564">
     <span class='ocr_line' id='line_1_47' title="bbox 2216 506 2768 564; baseline -0.005 -1"><span class='ocrx_word' id='word_1_332' title='bbox 2216 524 2349 564; x_wconf 89' lang='lat' dir='ltr'>rum</span> <span class='ocrx_word' id='word_1_333' title='bbox 2377 506 2768 563; x_wconf 72' lang='lat' dir='ltr'>condemnatir</span> 
     </span>
    </p>
   </div>
   <div class='ocr_carea' id='block_1_48' title="bbox 2289 601 2651 657">
    <p class='ocr_par' dir='ltr' id='par_1_48' title="bbox 2289 601 2651 657">
     <span class='ocr_line' id='line_1_48' title="bbox 2289 601 2651 657; baseline 0.006 -2"><span class='ocrx_word' id='word_1_334' title='bbox 2289 603 2393 656; x_wconf 86' lang='lat' dir='ltr'>XV.</span> <span class='ocrx_word' id='word_1_335' title='bbox 2424 601 2651 657; x_wconf 71' lang='lat' dir='ltr'>Diacon‘</span> 
     </span>
    </p>
   </div>
   <div class='ocr_carea' id='block_1_49' title="bbox 2216 694 2586 750">
    <p class='ocr_par' dir='ltr' id='par_1_49' title="bbox 2216 694 2586 750">
     <span class='ocr_line' id='line_1_49' title="bbox 2216 694 2586 750; baseline -0.005 0"><span class='ocrx_word' id='word_1_336' title='bbox 2216 711 2396 750; x_wconf 87' lang='lat' dir='ltr'>annos</span> <span class='ocrx_word' id='word_1_337' title='bbox 2425 694 2586 750; x_wconf 80' lang='lat' dir='ltr'>ordip</span> 
     </span>
    </p>
   </div>
   <div class='ocr_carea' id='block_1_50' title="bbox 2218 804 3314 883">
    <p class='ocr_par' dir='ltr' id='par_1_50' title="bbox 2218 804 3314 883">
     <span class='ocr_line' id='line_1_50' title="bbox 2218 804 3314 883; baseline -0.001 -40"><span class='ocrx_word' id='word_1_338' title='bbox 2218 804 2348 844; x_wconf 91' lang='lat' dir='ltr'>vero</span> <span class='ocrx_word' id='word_1_339' title='bbox 2375 804 2620 872; x_wconf 36' lang='lat'>$1180?“</span> <span class='ocrx_word' id='word_1_340' title='bbox 2660 827 2708 877; x_wconf 69' lang='grc' dir='ltr'>Σ</span> <span class='ocrx_word' id='word_1_341' title='bbox 2919 834 2956 878; x_wconf 54' lang='grc' dir='ltr'><strong><em>Η</em></strong></span> <span class='ocrx_word' id='word_1_342' title='bbox 3022 841 3030 869; x_wconf 65' lang='grc' dir='ltr'><strong>Ι</strong></span> <span class='ocrx_word' id='word_1_343' title='bbox 3091 832 3138 881; x_wconf 71' lang='grc' dir='ltr'><strong>Ξ</strong></span> <span class='ocrx_word' id='word_1_344' title='bbox 3178 838 3227 873; x_wconf 69' lang='grc' dir='ltr'>ω</span> <span class='ocrx_word' id='word_1_345' title='bbox 3267 834 3314 883; x_wconf 75' lang='grc' dir='ltr'>Σ</span> 
     </span>
    </p>
   </div>
   <div class='ocr_carea' id='block_1_51' title="bbox 2217 881 3320 955">
    <p class='ocr_par' dir='ltr' id='par_1_51' title="bbox 2217 881 3320 955">
     <span class='ocr_line' id='line_1_51' title="bbox 2217 881 3320 955; baseline 0 0"><span class='ocrx_word' id='word_1_346' title='bbox 2217 898 2356 955; x_wconf 79' lang='lat' dir='ltr'>pore</span> <span class='ocrx_word' id='word_1_347' title='bbox 2383 881 2538 955; x_wconf 64' lang='lat' dir='ltr'>obss’.</span> <span class='ocrx_word' id='word_1_348' title='bbox 2572 886 2622 955; x_wconf 57' lang='grc' dir='ltr'>Ξ</span> <span class='ocrx_word' id='word_1_349' title='bbox 2661 888 2709 955; x_wconf 69' lang='grc' dir='ltr'>Ξ</span> <span class='ocrx_word' id='word_1_350' title='bbox 2920 887 2957 955; x_wconf 72' lang='lat'>‘3</span> <span class='ocrx_word' id='word_1_351' title='bbox 3024 949 3031 955; x_wconf 89' lang='lat'>.</span> <span class='ocrx_word' id='word_1_352' title='bbox 3093 893 3146 955; x_wconf 64' lang='lat'>:-</span> <span class='ocrx_word' id='word_1_353' title='bbox 3179 893 3226 955; x_wconf 72' lang='lat'><em>9</em></span> <span class='ocrx_word' id='word_1_354' title='bbox 3265 881 3320 955; x_wconf 55' lang='lat' dir='ltr'>r3</span> 
     </span>
    </p>
   </div>
   <div class='ocr_carea' id='block_1_52' title="bbox 2222 939 3318 1042">
    <p class='ocr_par' dir='ltr' id='par_1_52' title="bbox 2222 939 3318 1042">
     <span class='ocr_line' id='line_1_52' title="bbox 2222 939 3318 1042; baseline 0.007 -12"><span class='ocrx_word' id='word_1_355' title='bbox 2222 939 2538 1035; x_wconf 48' lang='lat' dir='ltr'>tradidexa‘</span> <span class='ocrx_word' id='word_1_356' title='bbox 2572 940 2622 1031; x_wconf 58' lang='grc' dir='ltr'><em>ἒ</em></span> <span class='ocrx_word' id='word_1_357' title='bbox 2661 939 2710 1038; x_wconf 59' lang='lat'>5</span> <span class='ocrx_word' id='word_1_358' title='bbox 2921 939 2959 1036; x_wconf 56' lang='grc' dir='ltr'><strong>ἓ</strong></span> <span class='ocrx_word' id='word_1_359' title='bbox 3024 949 3032 977; x_wconf 49' lang='grc' dir='ltr'>ι</span> <span class='ocrx_word' id='word_1_360' title='bbox 3093 941 3130 1042; x_wconf 65' lang='grc' dir='ltr'>Ξ</span> <span class='ocrx_word' id='word_1_361' title='bbox 3179 947 3227 984; x_wconf 59' lang='grc' dir='ltr'>ω</span> <span class='ocrx_word' id='word_1_362' title='bbox 3267 947 3318 1038; x_wconf 49' lang='grc' dir='ltr'>ἵ</span> 
     </span>
    </p>
   </div>
   <div class='ocr_carea' id='block_1_53' title="bbox 2220 1045 3304 1150">
    <p class='ocr_par' dir='ltr' id='par_1_53' title="bbox 2220 1045 3304 1150">
     <span class='ocr_line' id='line_1_53' title="bbox 2220 1045 3304 1150; baseline -0.003 -23"><span class='ocrx_word' id='word_1_363' title='bbox 2220 1045 2710 1150; x_wconf 55' lang='grc' dir='ltr'>ὠθωε⁴ἓΝΞ</span> <span class='ocrx_word' id='word_1_364' title='bbox 2924 1047 3304 1150; x_wconf 61' lang='grc' dir='ltr'>ξ’ξξξξὲ</span> 
     </span>
    </p>
   </div>
   <div class='ocr_carea' id='block_1_54' title="bbox 2287 1096 3228 1218">
    <p class='ocr_par' dir='ltr' id='par_1_54' title="bbox 2287 1096 3228 1218">
     <span class='ocr_line' id='line_1_54' title="bbox 2287 1096 3228 1200; baseline -0.002 -74"><span class='ocrx_word' id='word_1_365' title='bbox 2287 1096 2709 1200; x_wconf 58' lang='grc' dir='ltr'>υωϊβΝΞ</span> <span class='ocrx_word' id='word_1_366' title='bbox 2925 1100 2969 1148; x_wconf 75' lang='lat'>©</span> <span class='ocrx_word' id='word_1_367' title='bbox 3095 1103 3228 1147; x_wconf 60' lang='lat' dir='ltr'>mm</span> 
     </span>
     <span class='ocr_line' id='line_1_55' title="bbox 2287 1153 3228 1218; baseline 0 0"><span class='ocrx_word' id='word_1_368' title='bbox 2287 1164 2372 1218; x_wconf 86' lang='lat' dir='ltr'><strong>XV</strong></span> <span class='ocrx_word' id='word_1_369' title='bbox 2502 1153 2610 1218; x_wconf 44' lang='grc' dir='ltr'>ΛΞΡ</span> <span class='ocrx_word' id='word_1_370' title='bbox 2925 1154 3228 1218; x_wconf 66' lang='lat'>[’&quot;9‘1</span> 
     </span>
    </p>
   </div>
   <div class='ocr_carea' id='block_1_55' title="bbox 2217 1204 3324 1316">
    <p class='ocr_par' dir='ltr' id='par_1_55' title="bbox 2217 1204 3324 1316">
     <span class='ocr_line' id='line_1_56' title="bbox 2217 1204 3324 1316; baseline 0 -11"><span class='ocrx_word' id='word_1_371' title='bbox 2217 1274 2313 1316; x_wconf 84' lang='lat' dir='ltr'>mo</span> 
     </span>
    </p>
   </div>
   <div class='ocr_carea' id='block_1_56' title="bbox 2219 1314 3323 1470">
    <p class='ocr_par' dir='ltr' id='par_1_56' title="bbox 2219 1314 3323 1470">
     <span class='ocr_line' id='line_1_57' title="bbox 2224 1314 3323 1367; baseline 0.005 -10"><span class='ocrx_word' id='word_1_372' title='bbox 2224 1314 2229 1316; x_wconf 59' lang='grc'>⁷</span> <span class='ocrx_word' id='word_1_373' title='bbox 2479 1314 2707 1361; x_wconf 66' lang='grc' dir='ltr'>Ι-ιωιτῐέ</span> <span class='ocrx_word' id='word_1_374' title='bbox 2925 1315 2962 1362; x_wconf 75' lang='lat' dir='ltr'><strong>C</strong></span> <span class='ocrx_word' id='word_1_375' title='bbox 3099 1314 3323 1367; x_wconf 70' lang='grc' dir='ltr'>μοζνῠ·</span> 
     </span>
     <span class='ocr_line' id='line_1_58' title="bbox 2219 1366 3310 1470; baseline -0.001 0"><span class='ocrx_word' id='word_1_376' title='bbox 2219 1367 2321 1470; x_wconf 62' lang='lat' dir='ltr'>ff:</span> <span class='ocrx_word' id='word_1_377' title='bbox 2477 1366 2706 1470; x_wconf 56' lang='lat' dir='ltr'>sas</span> <span class='ocrx_word' id='word_1_378' title='bbox 2923 1369 3310 1470; x_wconf 49' lang='lat' dir='ltr'>ara:</span> 
     </span>
    </p>
   </div>
   <div class='ocr_carea' id='block_1_57' title="bbox 2220 1421 3310 1525">
    <p class='ocr_par' dir='ltr' id='par_1_57' title="bbox 2220 1421 3310 1525">
     <span class='ocr_line' id='line_1_59' title="bbox 2220 1421 3310 1500; baseline 0.003 -34"><span class='ocrx_word' id='word_1_379' title='bbox 2220 1445 2326 1500; x_wconf 47' lang='lat' dir='ltr'>cat;</span> <span class='ocrx_word' id='word_1_380' title='bbox 2477 1421 2704 1470; x_wconf 63' lang='grc' dir='ltr'>ωαιυ</span> <span class='ocrx_word' id='word_1_381' title='bbox 2923 1421 2960 1470; x_wconf 64' lang='grc' dir='ltr'><strong>Β</strong></span> <span class='ocrx_word' id='word_1_382' title='bbox 3089 1425 3310 1469; x_wconf 58' lang='grc' dir='ltr'>ςωω</span> 
     </span>
     <span class='ocr_line' id='line_1_60' title="bbox 2461 1475 3309 1525; baseline -0.002 0"><span class='ocrx_word' id='word_1_383' title='bbox 2461 1475 2514 1525; x_wconf 73' lang='grc'>⁵&lt;</span> <span class='ocrx_word' id='word_1_384' title='bbox 2654 1478 2703 1524; x_wconf 75' lang='lat' dir='ltr'>t‘</span> <span class='ocrx_word' id='word_1_385' title='bbox 2922 1486 3035 1514; x_wconf 82' lang='lat' dir='ltr'>-I</span> <span class='ocrx_word' id='word_1_386' title='bbox 3185 1476 3309 1523; x_wconf 64' lang='grc' dir='ltr'>’.ΠΗ</span> 
     </span>
    </p>
   </div>
   <div class='ocr_carea' id='block_1_58' title="bbox 2219 1528 3309 1594">
    <p class='ocr_par' dir='ltr' id='par_1_58' title="bbox 2219 1528 3309 1594">
     <span class='ocr_line' id='line_1_61' title="bbox 2219 1528 3309 1594; baseline 0 0"><span class='ocrx_word' id='word_1_387' title='bbox 2219 1539 2329 1594; x_wconf 86' lang='lat' dir='ltr'>siit</span> <span class='ocrx_word' id='word_1_388' title='bbox 2564 1528 2702 1594; x_wconf 68' lang='lat'>3??!</span> <span class='ocrx_word' id='word_1_389' title='bbox 2920 1532 2958 1594; x_wconf 65' lang='grc' dir='ltr'>(Β</span> <span class='ocrx_word' id='word_1_390' title='bbox 3095 1529 3309 1594; x_wconf 68' lang='lat' dir='ltr'>&#39;é’E‘&lt;</span> 
     </span>
    </p>
   </div>
   <div class='ocr_carea' id='block_1_59' title="bbox 2290 1582 3221 1688">
    <p class='ocr_par' dir='ltr' id='par_1_59' title="bbox 2290 1582 3221 1688">
     <span class='ocr_line' id='line_1_62' title="bbox 2290 1582 3221 1688; baseline -0.006 -55"><span class='ocrx_word' id='word_1_391' title='bbox 2290 1582 2367 1688; x_wconf 36' lang='grc' dir='ltr'>ἓν</span> <span class='ocrx_word' id='word_1_392' title='bbox 2565 1583 2702 1633; x_wconf 79' lang='grc' dir='ltr'>&lt;ω</span> <span class='ocrx_word' id='word_1_393' title='bbox 2917 1582 3221 1684; x_wconf 57' lang='grc' dir='ltr'>ἓιΖω</span> 
     </span>
    </p>
   </div>
   <div class='ocr_carea' id='block_1_60' title="bbox 2251 1691 3229 1741">
    <p class='ocr_par' dir='ltr' id='par_1_60' title="bbox 2251 1691 3229 1741">
     <span class='ocr_line' id='line_1_63' title="bbox 2251 1691 3229 1741; baseline -0.004 -3"><span class='ocrx_word' id='word_1_394' title='bbox 2251 1727 2263 1738; x_wconf 92' lang='grc'><strong>.</strong></span> <span class='ocrx_word' id='word_1_395' title='bbox 2564 1691 2700 1741; x_wconf 78' lang='grc' dir='ltr'>ΖΝ</span> <span class='ocrx_word' id='word_1_396' title='bbox 3022 1693 3229 1734; x_wconf 64' lang='grc' dir='ltr'>’σιω</span> 
     </span>
    </p>
   </div>
   <div class='ocr_carea' id='block_1_61' title="bbox 2221 1744 3216 1844">
    <p class='ocr_par' dir='ltr' id='par_1_61' title="bbox 2221 1744 3216 1844">
     <span class='ocr_line' id='line_1_64' title="bbox 2221 1744 3216 1844; baseline 0.001 -63"><span class='ocrx_word' id='word_1_397' title='bbox 2221 1744 2388 1798; x_wconf 59' lang='grc' dir='ltr'>εινθι</span> <span class='ocrx_word' id='word_1_398' title='bbox 2651 1753 2700 1844; x_wconf 60' lang='grc' dir='ltr'>Ξ</span> <span class='ocrx_word' id='word_1_399' title='bbox 3021 1807 3028 1835; x_wconf 64' lang='grc' dir='ltr'><strong>Ι</strong></span> <span class='ocrx_word' id='word_1_400' title='bbox 3091 1745 3216 1844; x_wconf 50' lang='lat'>112</span> 
     </span>
    </p>
   </div>
   <div class='ocr_carea' id='block_1_62' title="bbox 2653 1851 3580 1897">
    <p class='ocr_par' dir='ltr' id='par_1_62' title="bbox 2653 1851 3580 1897">
     <span class='ocr_line' id='line_1_65' title="bbox 2653 1851 3580 1897; baseline 0 0"><span class='ocrx_word' id='word_1_401' title='bbox 2653 1857 2701 1897; x_wconf 82' lang='lat' dir='ltr'>N</span> <span class='ocrx_word' id='word_1_402' title='bbox 3090 1854 3223 1894; x_wconf 75' lang='lat' dir='ltr'>U&#39;Irf</span> <span class='ocrx_word' id='word_1_403' title='bbox 3421 1851 3580 1897; x_wconf 75' lang='lat' dir='ltr'>I0</span> 
     </span>
    </p>
   </div>
   <div class='ocr_carea' id='block_1_63' title="bbox 2218 1904 3580 2010">
    <p class='ocr_par' dir='ltr' id='par_1_63' title="bbox 2218 1904 3580 2010">
     <span class='ocr_line' id='line_1_66' title="bbox 2218 1904 3580 2010; baseline -0.001 -41"><span class='ocrx_word' id='word_1_404' title='bbox 2218 1914 2393 1970; x_wconf 86' lang='lat' dir='ltr'>lentia</span> <span class='ocrx_word' id='word_1_405' title='bbox 2410 1969 2439 2010; x_wconf 24' lang='grc' dir='ltr'><em>ᾖ</em></span> <span class='ocrx_word' id='word_1_406' title='bbox 2653 1906 2702 2010; x_wconf 64' lang='grc' dir='ltr'>ξ</span> <span class='ocrx_word' id='word_1_407' title='bbox 3022 1915 3030 1942; x_wconf 94' lang='grc'>¹</span> <span class='ocrx_word' id='word_1_408' title='bbox 3091 1910 3140 1946; x_wconf 63' lang='grc' dir='ltr'>υἹ</span> <span class='ocrx_word' id='word_1_409' title='bbox 3178 1904 3230 1952; x_wconf 61' lang='grc' dir='ltr'>δ’</span> <span class='ocrx_word' id='word_1_410' title='bbox 3422 1904 3430 2010; x_wconf 76' lang='grc' dir='ltr'><strong>Ι</strong></span> <span class='ocrx_word' id='word_1_411' title='bbox 3529 1955 3580 2002; x_wconf 76' lang='grc' dir='ltr'>Ο</span> 
     </span>
    </p>
   </div>
   <div class='ocr_carea' id='block_1_64' title="bbox 2219 2009 3582 2118">
    <p class='ocr_par' dir='ltr' id='par_1_64' title="bbox 2219 2009 3582 2118">
     <span class='ocr_line' id='line_1_67' title="bbox 2219 2009 3582 2118; baseline -0.001 -54"><span class='ocrx_word' id='word_1_412' title='bbox 2219 2013 2373 2064; x_wconf 90' lang='lat' dir='ltr'>runt.</span> <span class='ocrx_word' id='word_1_413' title='bbox 2401 2009 2451 2063; x_wconf 69' lang='lat' dir='ltr'>S.</span> <span class='ocrx_word' id='word_1_414' title='bbox 2655 2017 2704 2118; x_wconf 58' lang='grc' dir='ltr'>ἓ</span> <span class='ocrx_word' id='word_1_415' title='bbox 3025 2022 3033 2050; x_wconf 87' lang='grc' dir='ltr'>ι</span> <span class='ocrx_word' id='word_1_416' title='bbox 3423 2009 3433 2118; x_wconf 72' lang='grc'><strong>1</strong></span> <span class='ocrx_word' id='word_1_417' title='bbox 3532 2061 3582 2112; x_wconf 55' lang='grc' dir='ltr'>α</span> 
     </span>
    </p>
   </div>
   <div class='ocr_carea' id='block_1_65' title="bbox 2219 2101 3034 2172">
    <p class='ocr_par' dir='ltr' id='par_1_65' title="bbox 2219 2101 3034 2172">
     <span class='ocr_line' id='line_1_68' title="bbox 2219 2101 3034 2172; baseline 0.001 -16"><span class='ocrx_word' id='word_1_418' title='bbox 2219 2107 2317 2157; x_wconf 91' lang='lat' dir='ltr'>aut</span> <span class='ocrx_word' id='word_1_419' title='bbox 2340 2101 2455 2172; x_wconf 83' lang='lat' dir='ltr'>fiat,</span> <span class='ocrx_word' id='word_1_420' title='bbox 2657 2101 2705 2164; x_wconf 60' lang='grc' dir='ltr'>ζ’.</span> <span class='ocrx_word' id='word_1_421' title='bbox 3027 2129 3034 2157; x_wconf 89' lang='grc' dir='ltr'>ι</span> 
     </span>
    </p>
   </div>
   <div class='ocr_carea' id='block_1_66' title="bbox 2221 2169 3583 2276">
    <p class='ocr_par' dir='ltr' id='par_1_66' title="bbox 2221 2169 3583 2276">
     <span class='ocr_line' id='line_1_69' title="bbox 2221 2169 3583 2276; baseline -0.001 -26"><span class='ocrx_word' id='word_1_422' title='bbox 2221 2200 2356 2251; x_wconf 92' lang='lat' dir='ltr'>runt</span> <span class='ocrx_word' id='word_1_423' title='bbox 2380 2169 2528 2276; x_wconf 48' lang='lat' dir='ltr'>lasc?</span> <span class='ocrx_word' id='word_1_424' title='bbox 2657 2179 2706 2275; x_wconf 54' lang='grc' dir='ltr'>(εξ</span> <span class='ocrx_word' id='word_1_425' title='bbox 3027 2237 3034 2265; x_wconf 85' lang='grc'>,</span> <span class='ocrx_word' id='word_1_426' title='bbox 3426 2169 3434 2276; x_wconf 83' lang='grc' dir='ltr'><strong>Ι</strong></span> <span class='ocrx_word' id='word_1_427' title='bbox 3535 2169 3583 2216; x_wconf 54' lang='grc' dir='ltr'><em>π</em></span> 
     </span>
    </p>
   </div>
   <div class='ocr_carea' id='block_1_67' title="bbox 2219 2275 3582 2371">
    <p class='ocr_par' dir='ltr' id='par_1_67' title="bbox 2219 2275 3582 2371">
     <span class='ocr_line' id='line_1_70' title="bbox 2219 2275 3582 2371; baseline -0.002 -27"><span class='ocrx_word' id='word_1_428' title='bbox 2219 2288 2415 2344; x_wconf 88' lang='lat' dir='ltr'>vincia</span> <span class='ocrx_word' id='word_1_429' title='bbox 2439 2291 2632 2344; x_wconf 66' lang='lat' dir='ltr'>certa.</span> <span class='ocrx_word' id='word_1_430' title='bbox 3024 2344 3032 2371; x_wconf 59' lang='grc' dir='ltr'><strong>Ι</strong></span> <span class='ocrx_word' id='word_1_431' title='bbox 3425 2275 3434 2371; x_wconf 77' lang='grc' dir='ltr'><strong>Ι</strong></span> <span class='ocrx_word' id='word_1_432' title='bbox 3533 2275 3582 2323; x_wconf 72' lang='lat'>&quot;3</span> 
     </span>
    </p>
   </div>
   <div class='ocr_carea' id='block_1_68' title="bbox 2221 2383 3851 2454">
    <p class='ocr_par' dir='ltr' id='par_1_68' title="bbox 2221 2383 3851 2454">
     <span class='ocr_line' id='line_1_71' title="bbox 2221 2383 3851 2454; baseline -0.003 -17"><span class='ocrx_word' id='word_1_433' title='bbox 2221 2383 2662 2454; x_wconf 91' lang='lat' dir='ltr'>metropolitano</span> <span class='ocrx_word' id='word_1_434' title='bbox 2710 2406 2758 2454; x_wconf 63' lang='grc' dir='ltr'>δ.</span> <span class='ocrx_word' id='word_1_435' title='bbox 3423 2383 3432 2454; x_wconf 92' lang='lat'><em>|</em></span> <span class='ocrx_word' id='word_1_436' title='bbox 3531 2383 3851 2448; x_wconf 60' lang='lat' dir='ltr'>trteceseos,</span> 
     </span>
    </p>
   </div>
   <div class='ocr_carea' id='block_1_69' title="bbox 2221 2473 3857 2548">
    <p class='ocr_par' dir='ltr' id='par_1_69' title="bbox 2221 2473 3857 2548">
     <span class='ocr_line' id='line_1_72' title="bbox 2221 2473 3857 2548; baseline -0.003 -16"><span class='ocrx_word' id='word_1_437' title='bbox 2221 2483 2318 2532; x_wconf 88' lang='lat' dir='ltr'>aut</span> <span class='ocrx_word' id='word_1_438' title='bbox 2343 2478 2493 2548; x_wconf 91' lang='lat' dir='ltr'>apud</span> <span class='ocrx_word' id='word_1_439' title='bbox 2524 2477 2848 2532; x_wconf 60' lang='lat' dir='ltr'>Constantii.</span> <span class='ocrx_word' id='word_1_440' title='bbox 3379 2490 3442 2528; x_wconf 64' lang='lat'>.18</span> <span class='ocrx_word' id='word_1_441' title='bbox 3471 2473 3687 2540; x_wconf 88' lang='lat' dir='ltr'>sedem,</span> <span class='ocrx_word' id='word_1_442' title='bbox 3717 2477 3857 2543; x_wconf 82' lang='lat' dir='ltr'>agat</span> 
     </span>
    </p>
   </div>
   <div class='ocr_carea' id='block_1_70' title="bbox 2215 2566 3854 2641">
    <p class='ocr_par' dir='ltr' id='par_1_70' title="bbox 2215 2566 3854 2641">
     <span class='ocr_line' id='line_1_73' title="bbox 2215 2566 3854 2641; baseline -0.003 -17"><span class='ocrx_word' id='word_1_443' title='bbox 2215 2569 2518 2641; x_wconf 89' lang='lat' dir='ltr'>judicium,</span> <span class='ocrx_word' id='word_1_444' title='bbox 2547 2569 2690 2624; x_wconf 89' lang='lat' dir='ltr'>sicut</span> <span class='ocrx_word' id='word_1_445' title='bbox 2715 2568 2931 2624; x_wconf 78' lang='lat' dir='ltr'>dictui-.-</span> <span class='ocrx_word' id='word_1_446' title='bbox 3150 2616 3159 2621; x_wconf 96' lang='lat'>.</span> <span class='ocrx_word' id='word_1_447' title='bbox 3195 2583 3318 2623; x_wconf 49' lang='lat' dir='ltr'>vero</span> <span class='ocrx_word' id='word_1_448' title='bbox 3349 2566 3619 2638; x_wconf 87' lang='lat' dir='ltr'>qualibet</span> <span class='ocrx_word' id='word_1_449' title='bbox 3659 2566 3854 2620; x_wconf 89' lang='lat' dir='ltr'>civitas</span> 
     </span>
    </p>
   </div>
   <div class='ocr_carea' id='block_1_71' title="bbox 2221 2659 3856 2736">
    <p class='ocr_par' dir='ltr' id='par_1_71' title="bbox 2221 2659 3856 2736">
     <span class='ocr_line' id='line_1_74' title="bbox 2221 2659 3856 2736; baseline -0.002 -18"><span class='ocrx_word' id='word_1_450' title='bbox 2221 2680 2326 2736; x_wconf 92' lang='lat' dir='ltr'>per</span> <span class='ocrx_word' id='word_1_451' title='bbox 2353 2663 2747 2718; x_wconf 90' lang='lat' dir='ltr'>auctoritatem</span> <span class='ocrx_word' id='word_1_452' title='bbox 2775 2662 3134 2733; x_wconf 78' lang='lat' dir='ltr'>imperialem</span> <span class='ocrx_word' id='word_1_453' title='bbox 3164 2664 3430 2716; x_wconf 83' lang='lat' dir='ltr'>renovata</span> <span class='ocrx_word' id='word_1_454' title='bbox 3456 2663 3559 2728; x_wconf 90' lang='lat' dir='ltr'>est,</span> <span class='ocrx_word' id='word_1_455' title='bbox 3584 2663 3681 2714; x_wconf 93' lang='lat' dir='ltr'>aut</span> <span class='ocrx_word' id='word_1_456' title='bbox 3701 2659 3747 2714; x_wconf 92' lang='lat' dir='ltr'>si</span> <span class='ocrx_word' id='word_1_457' title='bbox 3767 2676 3856 2714; x_wconf 91' lang='lat' dir='ltr'>re-</span> 
     </span>
    </p>
   </div>
   <div class='ocr_carea' id='block_1_72' title="bbox 2221 2753 3856 2827">
    <p class='ocr_par' dir='ltr' id='par_1_72' title="bbox 2221 2753 3856 2827">
     <span class='ocr_line' id='line_1_75' title="bbox 2221 2753 3856 2827; baseline -0.003 -16"><span class='ocrx_word' id='word_1_458' title='bbox 2221 2761 2477 2827; x_wconf 85' lang='lat' dir='ltr'>novetur,</span> <span class='ocrx_word' id='word_1_459' title='bbox 2513 2756 2570 2810; x_wconf 91' lang='lat' dir='ltr'>in</span> <span class='ocrx_word' id='word_1_460' title='bbox 2614 2759 2907 2827; x_wconf 86' lang='lat' dir='ltr'>posterum</span> <span class='ocrx_word' id='word_1_461' title='bbox 2957 2754 3212 2810; x_wconf 88' lang='lat' dir='ltr'>civilibus</span> <span class='ocrx_word' id='word_1_462' title='bbox 3251 2759 3308 2810; x_wconf 92' lang='lat' dir='ltr'>et</span> <span class='ocrx_word' id='word_1_463' title='bbox 3345 2753 3584 2825; x_wconf 86' lang='lat' dir='ltr'>publicis</span> <span class='ocrx_word' id='word_1_464' title='bbox 3630 2753 3856 2807; x_wconf 89' lang='lat' dir='ltr'>ordina-</span> 
     </span>
    </p>
   </div>
   <div class='ocr_carea' id='block_1_73' title="bbox 2223 2848 3857 2920">
    <p class='ocr_par' dir='ltr' id='par_1_73' title="bbox 2223 2848 3857 2920">
     <span class='ocr_line' id='line_1_76' title="bbox 2223 2848 3857 2920; baseline -0.002 -16"><span class='ocrx_word' id='word_1_465' title='bbox 2223 2850 2490 2918; x_wconf 90' lang='lat' dir='ltr'>tionibus,</span> <span class='ocrx_word' id='word_1_466' title='bbox 2519 2849 2688 2905; x_wconf 90' lang='lat' dir='ltr'>etiam</span> <span class='ocrx_word' id='word_1_467' title='bbox 2731 2849 3099 2904; x_wconf 89' lang='lat' dir='ltr'>ecclesiarum</span> <span class='ocrx_word' id='word_1_468' title='bbox 3139 2848 3616 2920; x_wconf 89' lang='lat' dir='ltr'>parochianarum</span> <span class='ocrx_word' id='word_1_469' title='bbox 3661 2863 3857 2919; x_wconf 89' lang='lat' dir='ltr'>sequa—</span> 
     </span>
    </p>
   </div>
   <div class='ocr_carea' id='block_1_74' title="bbox 2223 2944 2638 2998">
    <p class='ocr_par' dir='ltr' id='par_1_74' title="bbox 2223 2944 2638 2998">
     <span class='ocr_line' id='line_1_77' title="bbox 2223 2944 2638 2998; baseline 0.002 -1"><span class='ocrx_word' id='word_1_470' title='bbox 2223 2947 2317 2997; x_wconf 88' lang='lat' dir='ltr'>tur</span> <span class='ocrx_word' id='word_1_471' title='bbox 2338 2944 2638 2998; x_wconf 85' lang='lat' dir='ltr'>ordinatio.</span> 
     </span>
    </p>
   </div>
   <div class='ocr_carea' id='block_1_75' title="bbox 2296 3032 3854 3109">
    <p class='ocr_par' dir='ltr' id='par_1_75' title="bbox 2296 3032 3854 3109">
     <span class='ocr_line' id='line_1_78' title="bbox 2296 3032 3854 3109; baseline -0.005 -14"><span class='ocrx_word' id='word_1_472' title='bbox 2296 3039 2476 3095; x_wconf 75' lang='lat' dir='ltr'>XVIII.</span> <span class='ocrx_word' id='word_1_473' title='bbox 2507 3035 2974 3109; x_wconf 88' lang='lat' dir='ltr'>Conjurationum</span> <span class='ocrx_word' id='word_1_474' title='bbox 3005 3039 3062 3091; x_wconf 92' lang='lat' dir='ltr'>et</span> <span class='ocrx_word' id='word_1_475' title='bbox 3091 3035 3577 3106; x_wconf 90' lang='lat' dir='ltr'>conspirationum</span> <span class='ocrx_word' id='word_1_476' title='bbox 3612 3032 3854 3099; x_wconf 90' lang='lat' dir='ltr'>crimen,</span> 
     </span>
    </p>
   </div>
   <div class='ocr_carea' id='block_1_76' title="bbox 2224 3127 3854 3208">
    <p class='ocr_par' dir='ltr' id='par_1_76' title="bbox 2224 3127 3854 3208">
     <span class='ocr_line' id='line_1_79' title="bbox 2224 3127 3854 3208; baseline -0.005 -19"><span class='ocrx_word' id='word_1_477' title='bbox 2224 3135 2377 3208; x_wconf 89' lang='lat' dir='ltr'>quod</span> <span class='ocrx_word' id='word_1_478' title='bbox 2419 3133 2572 3205; x_wconf 89' lang='lat' dir='ltr'>apud</span> <span class='ocrx_word' id='word_1_479' title='bbox 2619 3133 2840 3186; x_wconf 90' lang='lat' dir='ltr'>Gracos</span> <span class='ocrx_word' id='word_1_480' title='bbox 2883 3129 3088 3184; x_wconf 88' lang='lat' dir='ltr'>dicitur</span> <span class='ocrx_word' id='word_1_481' title='bbox 3121 3132 3358 3197; x_wconf 78' lang='lat' dir='ltr'>fratrea,</span> <span class='ocrx_word' id='word_1_482' title='bbox 3396 3127 3633 3199; x_wconf 87' lang='lat' dir='ltr'>publicis</span> <span class='ocrx_word' id='word_1_483' title='bbox 3677 3128 3854 3182; x_wconf 88' lang='lat' dir='ltr'>etiam</span> 
     </span>
    </p>
   </div>
   <div class='ocr_carea' id='block_1_77' title="bbox 2222 3221 3858 3299">
    <p class='ocr_par' dir='ltr' id='par_1_77' title="bbox 2222 3221 3858 3299">
     <span class='ocr_line' id='line_1_80' title="bbox 2222 3221 3858 3299; baseline -0.004 -16"><span class='ocrx_word' id='word_1_484' title='bbox 2222 3229 2446 3299; x_wconf 90' lang='lat' dir='ltr'>legibus</span> <span class='ocrx_word' id='word_1_485' title='bbox 2468 3231 2686 3281; x_wconf 91' lang='lat' dir='ltr'>certum</span> <span class='ocrx_word' id='word_1_486' title='bbox 2708 3229 2792 3279; x_wconf 92' lang='lat' dir='ltr'>est</span> <span class='ocrx_word' id='word_1_487' title='bbox 2808 3223 3036 3295; x_wconf 91' lang='lat' dir='ltr'>penitus</span> <span class='ocrx_word' id='word_1_488' title='bbox 3057 3222 3328 3291; x_wconf 89' lang='lat' dir='ltr'>inhiberi,</span> <span class='ocrx_word' id='word_1_489' title='bbox 3350 3222 3455 3276; x_wconf 91' lang='lat' dir='ltr'>hoc</span> <span class='ocrx_word' id='word_1_490' title='bbox 3471 3223 3652 3276; x_wconf 92' lang='lat' dir='ltr'>multo</span> <span class='ocrx_word' id='word_1_491' title='bbox 3668 3221 3858 3294; x_wconf 84' lang='lat' dir='ltr'>magis</span> 
     </span>
    </p>
   </div>
   <div class='ocr_carea' id='block_1_78' title="bbox 2222 3315 3858 3386">
    <p class='ocr_par' dir='ltr' id='par_1_78' title="bbox 2222 3315 3858 3386">
     <span class='ocr_line' id='line_1_81' title="bbox 2222 3315 3858 3386; baseline -0.004 -9"><span class='ocrx_word' id='word_1_492' title='bbox 2222 3324 2282 3377; x_wconf 88' lang='lat' dir='ltr'>in</span> <span class='ocrx_word' id='word_1_493' title='bbox 2312 3325 2504 3377; x_wconf 89' lang='lat' dir='ltr'>sancta</span> <span class='ocrx_word' id='word_1_494' title='bbox 2530 3319 2629 3374; x_wconf 93' lang='lat' dir='ltr'>Dei</span> <span class='ocrx_word' id='word_1_495' title='bbox 2655 3317 2916 3386; x_wconf 90' lang='lat' dir='ltr'>Ecclesia,</span> <span class='ocrx_word' id='word_1_496' title='bbox 2941 3333 3014 3370; x_wconf 90' lang='lat' dir='ltr'>ne</span> <span class='ocrx_word' id='word_1_497' title='bbox 3043 3316 3160 3386; x_wconf 88' lang='lat' dir='ltr'>ﬁat,</span> <span class='ocrx_word' id='word_1_498' title='bbox 3189 3315 3453 3370; x_wconf 90' lang='lat' dir='ltr'>convenit</span> <span class='ocrx_word' id='word_1_499' title='bbox 3493 3315 3768 3370; x_wconf 87' lang='lat' dir='ltr'>abdicari.</span> <span class='ocrx_word' id='word_1_500' title='bbox 3798 3316 3858 3370; x_wconf 92' lang='lat' dir='ltr'>Si</span> 
     </span>
    </p>
   </div>
   <div class='ocr_carea' id='block_1_79' title="bbox 2224 3408 3856 3488">
    <p class='ocr_par' dir='ltr' id='par_1_79' title="bbox 2224 3408 3856 3488">
     <span class='ocr_line' id='line_1_82' title="bbox 2224 3408 3856 3488; baseline -0.004 -18"><span class='ocrx_word' id='word_1_501' title='bbox 2224 3415 2322 3488; x_wconf 92' lang='lat' dir='ltr'>qui</span> <span class='ocrx_word' id='word_1_502' title='bbox 2347 3431 2479 3470; x_wconf 90' lang='lat' dir='ltr'>vero</span> <span class='ocrx_word' id='word_1_503' title='bbox 2510 3411 2697 3468; x_wconf 90' lang='lat' dir='ltr'>clerici</span> <span class='ocrx_word' id='word_1_504' title='bbox 2721 3412 2810 3465; x_wconf 89' lang='lat' dir='ltr'>vel</span> <span class='ocrx_word' id='word_1_505' title='bbox 2839 3409 3108 3465; x_wconf 89' lang='lat' dir='ltr'>monachi</span> <span class='ocrx_word' id='word_1_506' title='bbox 3149 3408 3367 3463; x_wconf 90' lang='lat' dir='ltr'>inventi</span> <span class='ocrx_word' id='word_1_507' title='bbox 3413 3409 3625 3463; x_wconf 89' lang='lat' dir='ltr'>fuerint</span> <span class='ocrx_word' id='word_1_508' title='bbox 3654 3409 3856 3480; x_wconf 79' lang='lat' dir='ltr'>conju-</span> 
     </span>
    </p>
   </div>
   <div class='ocr_carea' id='block_1_80' title="bbox 2223 3501 3857 3575">
    <p class='ocr_par' dir='ltr' id='par_1_80' title="bbox 2223 3501 3857 3575">
     <span class='ocr_line' id='line_1_83' title="bbox 2223 3501 3857 3575; baseline -0.006 -10"><span class='ocrx_word' id='word_1_509' title='bbox 2223 3512 2431 3575; x_wconf 86' lang='lat' dir='ltr'>rantes,</span> <span class='ocrx_word' id='word_1_510' title='bbox 2447 3510 2548 3562; x_wconf 90' lang='lat' dir='ltr'>aut</span> <span class='ocrx_word' id='word_1_511' title='bbox 2563 3507 2800 3561; x_wconf 87' lang='lat' dir='ltr'>fratreas</span> <span class='ocrx_word' id='word_1_512' title='bbox 2813 3504 2900 3559; x_wconf 89' lang='lat' dir='ltr'>vel</span> <span class='ocrx_word' id='word_1_513' title='bbox 2915 3504 3189 3558; x_wconf 85' lang='lat' dir='ltr'>factiones</span> <span class='ocrx_word' id='word_1_514' title='bbox 3207 3505 3619 3574; x_wconf 89' lang='lat' dir='ltr'>componentes</span> <span class='ocrx_word' id='word_1_515' title='bbox 3638 3501 3857 3574; x_wconf 90' lang='lat' dir='ltr'>aliquas</span> 
     </span>
    </p>
   </div>
   <div class='ocr_carea' id='block_1_81' title="bbox 2223 3595 3856 3674">
    <p class='ocr_par' dir='ltr' id='par_1_81' title="bbox 2223 3595 3856 3674">
     <span class='ocr_line' id='line_1_84' title="bbox 2223 3595 3856 3674; baseline -0.005 -17"><span class='ocrx_word' id='word_1_516' title='bbox 2223 3603 2340 3657; x_wconf 86' lang='lat' dir='ltr'>suis</span> <span class='ocrx_word' id='word_1_517' title='bbox 2365 3600 2670 3674; x_wconf 90' lang='lat' dir='ltr'>episcopis,</span> <span class='ocrx_word' id='word_1_518' title='bbox 2701 3601 2801 3654; x_wconf 91' lang='lat' dir='ltr'>aut</span> <span class='ocrx_word' id='word_1_519' title='bbox 2827 3597 2952 3653; x_wconf 90' lang='lat' dir='ltr'>aliis</span> <span class='ocrx_word' id='word_1_520' title='bbox 2993 3597 3232 3665; x_wconf 89' lang='lat' dir='ltr'>clericis,</span> <span class='ocrx_word' id='word_1_521' title='bbox 3265 3596 3500 3651; x_wconf 90' lang='lat' dir='ltr'>omnino</span> <span class='ocrx_word' id='word_1_522' title='bbox 3545 3595 3752 3650; x_wconf 88' lang='lat' dir='ltr'>cadant</span> <span class='ocrx_word' id='word_1_523' title='bbox 3786 3596 3856 3650; x_wconf 93' lang='lat' dir='ltr'>de</span> 
     </span>
    </p>
   </div>
   <div class='ocr_carea' id='block_1_82' title="bbox 2221 3695 2688 3768">
    <p class='ocr_par' dir='ltr' id='par_1_82' title="bbox 2221 3695 2688 3768">
     <span class='ocr_line' id='line_1_85' title="bbox 2221 3695 2688 3768; baseline -0.009 -17"><span class='ocrx_word' id='word_1_524' title='bbox 2221 3696 2451 3768; x_wconf 88' lang='lat' dir='ltr'>proprio</span> <span class='ocrx_word' id='word_1_525' title='bbox 2490 3695 2688 3765; x_wconf 89' lang='lat' dir='ltr'>gradu.</span> 
     </span>
    </p>
   </div>
   <div class='ocr_carea' id='block_1_83' title="bbox 2294 3782 3856 3856">
    <p class='ocr_par' dir='ltr' id='par_1_83' title="bbox 2294 3782 3856 3856">
     <span class='ocr_line' id='line_1_86' title="bbox 2294 3782 3856 3856; baseline -0.004 -13"><span class='ocrx_word' id='word_1_526' title='bbox 2294 3791 2424 3844; x_wconf 85' lang='lat' dir='ltr'>XIX.</span> <span class='ocrx_word' id='word_1_527' title='bbox 2449 3787 2713 3842; x_wconf 89' lang='lat' dir='ltr'>Pervenit</span> <span class='ocrx_word' id='word_1_528' title='bbox 2738 3788 2811 3841; x_wconf 90' lang='lat' dir='ltr'>ad</span> <span class='ocrx_word' id='word_1_529' title='bbox 2843 3802 3008 3841; x_wconf 90' lang='lat' dir='ltr'>aures</span> <span class='ocrx_word' id='word_1_530' title='bbox 3034 3788 3256 3840; x_wconf 89' lang='lat' dir='ltr'>nostras</span> <span class='ocrx_word' id='word_1_531' title='bbox 3282 3784 3432 3856; x_wconf 92' lang='lat' dir='ltr'>quod</span> <span class='ocrx_word' id='word_1_532' title='bbox 3459 3783 3518 3838; x_wconf 94' lang='lat' dir='ltr'>in</span> <span class='ocrx_word' id='word_1_533' title='bbox 3543 3782 3856 3854; x_wconf 88' lang='lat' dir='ltr'>provinciis</span> 
     </span>
    </p>
   </div>
   <div class='ocr_carea' id='block_1_84' title="bbox 2222 3877 3855 3952">
    <p class='ocr_par' dir='ltr' id='par_1_84' title="bbox 2222 3877 3855 3952">
     <span class='ocr_line' id='line_1_87' title="bbox 2222 3877 3855 3952; baseline -0.004 -16"><span class='ocrx_word' id='word_1_534' title='bbox 2222 3883 2526 3937; x_wconf 86' lang='lat' dir='ltr'>constituta</span> <span class='ocrx_word' id='word_1_535' title='bbox 2541 3881 2943 3952; x_wconf 89' lang='lat' dir='ltr'>episcoporum</span> <span class='ocrx_word' id='word_1_536' title='bbox 2961 3879 3203 3934; x_wconf 92' lang='lat' dir='ltr'>concilia</span> <span class='ocrx_word' id='word_1_537' title='bbox 3217 3878 3456 3933; x_wconf 91' lang='lat' dir='ltr'>minime</span> <span class='ocrx_word' id='word_1_538' title='bbox 3472 3877 3855 3932; x_wconf 87' lang='lat' dir='ltr'>celebrentur.</span> 
     </span>
    </p>
   </div>
   <div class='ocr_carea' id='block_1_85' title="bbox 2223 3971 3857 4048">
    <p class='ocr_par' dir='ltr' id='par_1_85' title="bbox 2223 3971 3857 4048">
     <span class='ocr_line' id='line_1_88' title="bbox 2223 3971 3857 4048; baseline -0.004 -17"><span class='ocrx_word' id='word_1_539' title='bbox 2223 3979 2294 4031; x_wconf 82' lang='lat' dir='ltr'>Ex</span> <span class='ocrx_word' id='word_1_540' title='bbox 2318 3978 2426 4030; x_wconf 90' lang='lat' dir='ltr'>hoc</span> <span class='ocrx_word' id='word_1_541' title='bbox 2457 3976 2753 4048; x_wconf 88' lang='lat' dir='ltr'>probatur,</span> <span class='ocrx_word' id='word_1_542' title='bbox 2773 3975 2924 4046; x_wconf 90' lang='lat' dir='ltr'>quod</span> <span class='ocrx_word' id='word_1_543' title='bbox 2952 3973 3149 4029; x_wconf 88' lang='lat' dir='ltr'>multa</span> <span class='ocrx_word' id='word_1_544' title='bbox 3179 3989 3309 4044; x_wconf 90' lang='lat' dir='ltr'>qua</span> <span class='ocrx_word' id='word_1_545' title='bbox 3336 3971 3685 4027; x_wconf 89' lang='lat' dir='ltr'>correctione</span> <span class='ocrx_word' id='word_1_546' title='bbox 3711 3988 3857 4042; x_wconf 87' lang='lat' dir='ltr'>opus</span> 
     </span>
    </p>
   </div>
   <div class='ocr_carea' id='block_1_86' title="bbox 2222 4065 3858 4138">
    <p class='ocr_par' dir='ltr' id='par_1_86' title="bbox 2222 4065 3858 4138">
     <span class='ocr_line' id='line_1_89' title="bbox 2222 4065 3858 4138; baseline -0.004 -13"><span class='ocrx_word' id='word_1_547' title='bbox 2222 4071 2470 4125; x_wconf 85' lang='lat' dir='ltr'>habeant</span> <span class='ocrx_word' id='word_1_548' title='bbox 2497 4068 2886 4122; x_wconf 88' lang='lat' dir='ltr'>ecclesiastica</span> <span class='ocrx_word' id='word_1_549' title='bbox 2916 4084 3006 4122; x_wconf 90' lang='lat' dir='ltr'>res</span> <span class='ocrx_word' id='word_1_550' title='bbox 3034 4067 3419 4138; x_wconf 88' lang='lat' dir='ltr'>negligantur.</span> <span class='ocrx_word' id='word_1_551' title='bbox 3449 4065 3652 4120; x_wconf 87' lang='lat' dir='ltr'>Statuit</span> <span class='ocrx_word' id='word_1_552' title='bbox 3681 4065 3858 4136; x_wconf 91' lang='lat' dir='ltr'>igitur</span> 
     </span>
    </p>
   </div>
   <div class='ocr_carea' id='block_1_87' title="bbox 2221 4157 3856 4234">
    <p class='ocr_par' dir='ltr' id='par_1_87' title="bbox 2221 4157 3856 4234">
     <span class='ocr_line' id='line_1_90' title="bbox 2221 4157 3856 4234; baseline -0.005 -16"><span class='ocrx_word' id='word_1_553' title='bbox 2221 4168 2410 4218; x_wconf 86' lang='lat' dir='ltr'>sancta</span> <span class='ocrx_word' id='word_1_554' title='bbox 2437 4163 2687 4234; x_wconf 77' lang='lat' dir='ltr'>synodus</span> <span class='ocrx_word' id='word_1_555' title='bbox 2713 4163 2834 4216; x_wconf 88' lang='lat' dir='ltr'>hac</span> <span class='ocrx_word' id='word_1_556' title='bbox 2860 4161 3176 4215; x_wconf 89' lang='lat' dir='ltr'>secundum</span> <span class='ocrx_word' id='word_1_557' title='bbox 3210 4162 3446 4215; x_wconf 85' lang='lat' dir='ltr'>Patrum</span> <span class='ocrx_word' id='word_1_558' title='bbox 3491 4158 3739 4229; x_wconf 90' lang='lat' dir='ltr'>regulas,</span> <span class='ocrx_word' id='word_1_559' title='bbox 3768 4157 3856 4211; x_wconf 90' lang='lat' dir='ltr'>bis</span> 
     </span>
    </p>
   </div>
   <div class='ocr_carea' id='block_1_88' title="bbox 2219 4251 3857 4325">
    <p class='ocr_par' dir='ltr' id='par_1_88' title="bbox 2219 4251 3857 4325">
     <span class='ocr_line' id='line_1_91' title="bbox 2219 4251 3857 4325; baseline -0.004 -13"><span class='ocrx_word' id='word_1_560' title='bbox 2219 4258 2278 4312; x_wconf 88' lang='lat' dir='ltr'>in</span> <span class='ocrx_word' id='word_1_561' title='bbox 2303 4273 2453 4311; x_wconf 91' lang='lat' dir='ltr'>anno</span> <span class='ocrx_word' id='word_1_562' title='bbox 2481 4257 2540 4310; x_wconf 90' lang='lat' dir='ltr'>in</span> <span class='ocrx_word' id='word_1_563' title='bbox 2571 4272 2753 4310; x_wconf 90' lang='lat' dir='ltr'>unum</span> <span class='ocrx_word' id='word_1_564' title='bbox 2780 4255 3082 4310; x_wconf 89' lang='lat' dir='ltr'>convenire</span> <span class='ocrx_word' id='word_1_565' title='bbox 3121 4270 3226 4325; x_wconf 88' lang='lat' dir='ltr'>per</span> <span class='ocrx_word' id='word_1_566' title='bbox 3254 4253 3505 4325; x_wconf 90' lang='lat' dir='ltr'>singulas</span> <span class='ocrx_word' id='word_1_567' title='bbox 3535 4251 3857 4324; x_wconf 88' lang='lat' dir='ltr'>provincias</span> 
     </span>
    </p>
   </div>
   <div class='ocr_carea' id='block_1_89' title="bbox 2219 4346 3850 4422">
    <p class='ocr_par' dir='ltr' id='par_1_89' title="bbox 2219 4346 3850 4422">
     <span class='ocr_line' id='line_1_92' title="bbox 2219 4346 3850 4422; baseline -0.004 -17"><span class='ocrx_word' id='word_1_568' title='bbox 2219 4351 2528 4422; x_wconf 87' lang='lat' dir='ltr'>episcopos,</span> <span class='ocrx_word' id='word_1_569' title='bbox 2563 4349 2660 4402; x_wconf 90' lang='lat' dir='ltr'>ubi</span> <span class='ocrx_word' id='word_1_570' title='bbox 2689 4349 2911 4420; x_wconf 90' lang='lat' dir='ltr'>singula</span> <span class='ocrx_word' id='word_1_571' title='bbox 2942 4365 3068 4419; x_wconf 92' lang='lat' dir='ltr'>qua</span> <span class='ocrx_word' id='word_1_572' title='bbox 3095 4347 3451 4415; x_wconf 89' lang='lat' dir='ltr'>emerserint,</span> <span class='ocrx_word' id='word_1_573' title='bbox 3471 4346 3850 4417; x_wconf 88' lang='lat' dir='ltr'>corrigantur.</span> 
     </span>
    </p>
   </div>
   <div class='ocr_carea' id='block_1_90' title="bbox 2220 4439 3852 4513">
    <p class='ocr_par' dir='ltr' id='par_1_90' title="bbox 2220 4439 3852 4513">
     <span class='ocr_line' id='line_1_93' title="bbox 2220 4439 3852 4513; baseline -0.004 -15"><span class='ocrx_word' id='word_1_574' title='bbox 2220 4444 2326 4508; x_wconf 86' lang='lat' dir='ltr'>Qui</span> <span class='ocrx_word' id='word_1_575' title='bbox 2355 4460 2487 4499; x_wconf 88' lang='lat' dir='ltr'>vero</span> <span class='ocrx_word' id='word_1_576' title='bbox 2516 4443 2804 4498; x_wconf 88' lang='lat' dir='ltr'>noluerint</span> <span class='ocrx_word' id='word_1_577' title='bbox 2829 4442 3129 4498; x_wconf 91' lang='lat' dir='ltr'>convenire</span> <span class='ocrx_word' id='word_1_578' title='bbox 3165 4440 3415 4513; x_wconf 90' lang='lat' dir='ltr'>episcopi</span> <span class='ocrx_word' id='word_1_579' title='bbox 3449 4440 3762 4506; x_wconf 86' lang='lat' dir='ltr'>constituti,</span> <span class='ocrx_word' id='word_1_580' title='bbox 3793 4439 3852 4493; x_wconf 91' lang='lat' dir='ltr'>in</span> 
     </span>
    </p>
   </div>
   <div class='ocr_carea' id='block_1_91' title="bbox 552 4529 3855 4612">
    <p class='ocr_par' dir='ltr' id='par_1_91' title="bbox 552 4529 3855 4612">
     <span class='ocr_line' id='line_1_94' title="bbox 552 4529 3855 4612; baseline 0.001 -30"><span class='ocrx_word' id='word_1_581' title='bbox 552 4529 686 4584; x_wconf 86' lang='lat' dir='ltr'>XIII.</span> <span class='ocrx_word' id='word_1_582' title='bbox 717 4530 1059 4586; x_wconf 88' lang='lat' dir='ltr'>Extraneum</span> <span class='ocrx_word' id='word_1_583' title='bbox 1089 4532 1357 4588; x_wconf 89' lang='lat' dir='ltr'>clericum</span> <span class='ocrx_word' id='word_1_584' title='bbox 1389 4539 1445 4589; x_wconf 93' lang='lat' dir='ltr'>et</span> <span class='ocrx_word' id='word_1_585' title='bbox 1473 4535 1748 4590; x_wconf 88' lang='lat' dir='ltr'>lectorem</span> <span class='ocrx_word' id='word_1_586' title='bbox 1787 4541 1947 4592; x_wconf 83' lang='lat' dir='ltr'>extra</span> <span class='ocrx_word' id='word_1_587' title='bbox 1979 4538 2112 4593; x_wconf 89' lang='lat' dir='ltr'>civi-</span> <span class='ocrx_word' id='word_1_588' title='bbox 2135 4540 2195 4612; x_wconf 87' lang='lat' dir='ltr'><strong>D</strong></span> <span class='ocrx_word' id='word_1_589' title='bbox 2217 4539 2333 4593; x_wconf 90' lang='lat' dir='ltr'>suis</span> <span class='ocrx_word' id='word_1_590' title='bbox 2379 4537 2715 4604; x_wconf 88' lang='lat' dir='ltr'>civitatibus,</span> <span class='ocrx_word' id='word_1_591' title='bbox 2747 4541 2803 4591; x_wconf 89' lang='lat' dir='ltr'>et</span> <span class='ocrx_word' id='word_1_592' title='bbox 2851 4538 2959 4591; x_wconf 89' lang='lat' dir='ltr'>hoc</span> <span class='ocrx_word' id='word_1_593' title='bbox 3006 4535 3252 4590; x_wconf 82' lang='lat' dir='ltr'>maxime</span> <span class='ocrx_word' id='word_1_594' title='bbox 3297 4550 3428 4589; x_wconf 91' lang='lat' dir='ltr'>cum</span> <span class='ocrx_word' id='word_1_595' title='bbox 3470 4534 3554 4588; x_wconf 90' lang='lat' dir='ltr'>sui</span> <span class='ocrx_word' id='word_1_596' title='bbox 3599 4533 3855 4604; x_wconf 86' lang='lat' dir='ltr'>corporis</span> 
     </span>
    </p>
   </div>
   <div class='ocr_carea' id='block_1_92' title="bbox 483 4622 2116 4703">
    <p class='ocr_par' dir='ltr' id='par_1_92' title="bbox 483 4622 2116 4703">
     <span class='ocr_line' id='line_1_95' title="bbox 483 4622 2116 4703; baseline 0.007 -27"><span class='ocrx_word' id='word_1_597' title='bbox 483 4625 657 4678; x_wconf 88' lang='lat' dir='ltr'>tatem</span> <span class='ocrx_word' id='word_1_598' title='bbox 686 4639 847 4678; x_wconf 90' lang='lat' dir='ltr'>suam</span> <span class='ocrx_word' id='word_1_599' title='bbox 876 4622 995 4679; x_wconf 90' lang='lat' dir='ltr'>sine</span> <span class='ocrx_word' id='word_1_600' title='bbox 1021 4627 1504 4682; x_wconf 86' lang='lat' dir='ltr'>commendatitiis</span> <span class='ocrx_word' id='word_1_601' title='bbox 1530 4628 1732 4683; x_wconf 86' lang='lat' dir='ltr'>litteris</span> <span class='ocrx_word' id='word_1_602' title='bbox 1757 4631 1972 4702; x_wconf 91' lang='lat' dir='ltr'>proprii</span> <span class='ocrx_word' id='word_1_603' title='bbox 2001 4634 2116 4703; x_wconf 88' lang='lat' dir='ltr'>epi-</span> 
     </span>
    </p>
   </div>
   <div class='ocr_carea' id='block_1_93' title="bbox 485 4716 1791 4790">
    <p class='ocr_par' dir='ltr' id='par_1_93' title="bbox 485 4716 1791 4790">
     <span class='ocr_line' id='line_1_96' title="bbox 485 4716 1791 4790; baseline 0.006 -20"><span class='ocrx_word' id='word_1_604' title='bbox 485 4716 639 4787; x_wconf 85' lang='lat' dir='ltr'>scopi</span> <span class='ocrx_word' id='word_1_605' title='bbox 667 4733 955 4789; x_wconf 90' lang='lat' dir='ltr'>nusquam</span> <span class='ocrx_word' id='word_1_606' title='bbox 992 4719 1219 4790; x_wconf 87' lang='lat' dir='ltr'>penitus</span> <span class='ocrx_word' id='word_1_607' title='bbox 1245 4721 1412 4776; x_wconf 91' lang='lat' dir='ltr'>liceat</span> <span class='ocrx_word' id='word_1_608' title='bbox 1441 4721 1791 4778; x_wconf 89' lang='lat' dir='ltr'>ministrare.</span> 
     </span>
    </p>
   </div>
   <div class='ocr_carea' id='block_1_94' title="bbox 552 4811 2116 4885">
    <p class='ocr_par' dir='ltr' id='par_1_94' title="bbox 552 4811 2116 4885">
     <span class='ocr_line' id='line_1_97' title="bbox 552 4811 2116 4885; baseline 0.006 -22"><span class='ocrx_word' id='word_1_609' title='bbox 552 4811 682 4865; x_wconf 87' lang='lat' dir='ltr'>XIV.</span> <span class='ocrx_word' id='word_1_610' title='bbox 717 4811 863 4875; x_wconf 89' lang='lat' dir='ltr'>Quia</span> <span class='ocrx_word' id='word_1_611' title='bbox 914 4813 974 4866; x_wconf 89' lang='lat' dir='ltr'>in</span> <span class='ocrx_word' id='word_1_612' title='bbox 1027 4814 1372 4885; x_wconf 86' lang='lat' dir='ltr'>quibusdam</span> <span class='ocrx_word' id='word_1_613' title='bbox 1433 4815 1735 4885; x_wconf 87' lang='lat' dir='ltr'>provinciis</span> <span class='ocrx_word' id='word_1_614' title='bbox 1783 4819 2116 4874; x_wconf 89' lang='lat' dir='ltr'>conceditur</span> 
     </span>
    </p>
   </div>
   <div class='ocr_carea' id='block_1_95' title="bbox 480 4901 2116 4979">
    <p class='ocr_par' dir='ltr' id='par_1_95' title="bbox 480 4901 2116 4979">
     <span class='ocr_line' id='line_1_98' title="bbox 480 4901 2116 4979; baseline 0.007 -23"><span class='ocrx_word' id='word_1_615' title='bbox 480 4901 786 4973; x_wconf 87' lang='lat' dir='ltr'>psalmistis</span> <span class='ocrx_word' id='word_1_616' title='bbox 809 4910 865 4959; x_wconf 90' lang='lat' dir='ltr'>et</span> <span class='ocrx_word' id='word_1_617' title='bbox 892 4906 1198 4961; x_wconf 89' lang='lat' dir='ltr'>lectoribus</span> <span class='ocrx_word' id='word_1_618' title='bbox 1227 4924 1430 4962; x_wconf 89' lang='lat' dir='ltr'>uxores</span> <span class='ocrx_word' id='word_1_619' title='bbox 1463 4909 1736 4979; x_wconf 89' lang='lat' dir='ltr'>accipere,</span> <span class='ocrx_word' id='word_1_620' title='bbox 1771 4913 1962 4967; x_wconf 85' lang='lat' dir='ltr'>statuit</span> <span class='ocrx_word' id='word_1_621' title='bbox 1991 4931 2116 4968; x_wconf 88' lang='lat' dir='ltr'>san-</span> 
     </span>
    </p>
   </div>
   <div class='ocr_carea' id='block_1_96' title="bbox 482 4997 2111 5074">
    <p class='ocr_par' dir='ltr' id='par_1_96' title="bbox 482 4997 2111 5074">
     <span class='ocr_line' id='line_1_99' title="bbox 482 4997 2111 5074; baseline 0.007 -24"><span class='ocrx_word' id='word_1_622' title='bbox 482 4998 573 5050; x_wconf 89' lang='lat' dir='ltr'>cta</span> <span class='ocrx_word' id='word_1_623' title='bbox 599 4997 840 5066; x_wconf 79' lang='lat' dir='ltr'>synodus</span> <span class='ocrx_word' id='word_1_624' title='bbox 864 5017 1092 5070; x_wconf 89' lang='lat' dir='ltr'>prorsus</span> <span class='ocrx_word' id='word_1_625' title='bbox 1119 5018 1234 5056; x_wconf 92' lang='lat' dir='ltr'>non</span> <span class='ocrx_word' id='word_1_626' title='bbox 1258 5002 1430 5056; x_wconf 88' lang='lat' dir='ltr'>licere</span> <span class='ocrx_word' id='word_1_627' title='bbox 1462 5003 1728 5074; x_wconf 89' lang='lat' dir='ltr'>cuiquam</span> <span class='ocrx_word' id='word_1_628' title='bbox 1759 5020 1830 5059; x_wconf 89' lang='lat' dir='ltr'>ex</span> <span class='ocrx_word' id='word_1_629' title='bbox 1857 5004 1946 5059; x_wconf 90' lang='lat' dir='ltr'>his</span> <span class='ocrx_word' id='word_1_630' title='bbox 1974 5007 2111 5063; x_wconf 82' lang='lat' dir='ltr'>alte-</span> 
     </span>
    </p>
   </div>
   <div class='ocr_carea' id='block_1_97' title="bbox 480 5088 2114 5170">
    <p class='ocr_par' dir='ltr' id='par_1_97' title="bbox 480 5088 2114 5170">
     <span class='ocr_line' id='line_1_100' title="bbox 480 5088 2114 5170; baseline 0.009 -27"><span class='ocrx_word' id='word_1_631' title='bbox 480 5088 600 5144; x_wconf 91' lang='lat' dir='ltr'>rius</span> <span class='ocrx_word' id='word_1_632' title='bbox 645 5095 813 5146; x_wconf 88' lang='lat' dir='ltr'>secta</span> <span class='ocrx_word' id='word_1_633' title='bbox 856 5093 1111 5165; x_wconf 90' lang='lat' dir='ltr'>accipere</span> <span class='ocrx_word' id='word_1_634' title='bbox 1151 5113 1409 5151; x_wconf 90' lang='lat' dir='ltr'>uxorem.</span> <span class='ocrx_word' id='word_1_635' title='bbox 1446 5096 1502 5151; x_wconf 92' lang='lat' dir='ltr'>Si</span> <span class='ocrx_word' id='word_1_636' title='bbox 1531 5097 1655 5167; x_wconf 89' lang='lat' dir='ltr'>quis</span> <span class='ocrx_word' id='word_1_637' title='bbox 1682 5113 1812 5152; x_wconf 91' lang='lat' dir='ltr'>vero</span> <span class='ocrx_word' id='word_1_638' title='bbox 1838 5101 2114 5170; x_wconf 82' lang='lat' dir='ltr'>pravenit</span> 
     </span>
    </p>
   </div>
   <div class='ocr_carea' id='block_1_98' title="bbox 481 5183 2106 5264">
    <p class='ocr_par' dir='ltr' id='par_1_98' title="bbox 481 5183 2106 5264">
     <span class='ocr_line' id='line_1_101' title="bbox 481 5183 2106 5264; baseline 0.008 -28"><span class='ocrx_word' id='word_1_639' title='bbox 481 5185 539 5236; x_wconf 90' lang='lat' dir='ltr'>et</span> <span class='ocrx_word' id='word_1_640' title='bbox 565 5183 738 5239; x_wconf 90' lang='lat' dir='ltr'>habet</span> <span class='ocrx_word' id='word_1_641' title='bbox 755 5185 880 5256; x_wconf 90' lang='lat' dir='ltr'>jam</span> <span class='ocrx_word' id='word_1_642' title='bbox 909 5186 978 5240; x_wconf 90' lang='lat' dir='ltr'>de</span> <span class='ocrx_word' id='word_1_643' title='bbox 1004 5187 1103 5242; x_wconf 91' lang='lat' dir='ltr'>tali</span> <span class='ocrx_word' id='word_1_644' title='bbox 1133 5190 1418 5245; x_wconf 90' lang='lat' dir='ltr'>connubio</span> <span class='ocrx_word' id='word_1_645' title='bbox 1445 5191 1606 5261; x_wconf 81' lang='lat' dir='ltr'>filios,</span> <span class='ocrx_word' id='word_1_646' title='bbox 1639 5191 1683 5245; x_wconf 91' lang='lat' dir='ltr'>si</span> <span class='ocrx_word' id='word_1_647' title='bbox 1723 5193 1866 5248; x_wconf 90' lang='lat' dir='ltr'>forte</span> <span class='ocrx_word' id='word_1_648' title='bbox 1892 5211 2106 5264; x_wconf 82' lang='lat' dir='ltr'>prave-</span> 
     </span>
    </p>
   </div>
   <div class='ocr_carea' id='block_1_99' title="bbox 482 5275 2112 5357">
    <p class='ocr_par' dir='ltr' id='par_1_99' title="bbox 482 5275 2112 5357">
     <span class='ocr_line' id='line_1_102' title="bbox 482 5275 2112 5357; baseline 0.011 -29"><span class='ocrx_word' id='word_1_649' title='bbox 482 5275 632 5329; x_wconf 91' lang='lat' dir='ltr'>nerit</span> <span class='ocrx_word' id='word_1_650' title='bbox 663 5291 757 5330; x_wconf 89' lang='lat' dir='ltr'>eos</span> <span class='ocrx_word' id='word_1_651' title='bbox 794 5279 915 5347; x_wconf 90' lang='lat' dir='ltr'>jam</span> <span class='ocrx_word' id='word_1_652' title='bbox 960 5281 1109 5351; x_wconf 92' lang='lat' dir='ltr'>apud</span> <span class='ocrx_word' id='word_1_653' title='bbox 1154 5283 1451 5340; x_wconf 81' lang='lat' dir='ltr'>hareticos</span> <span class='ocrx_word' id='word_1_654' title='bbox 1494 5285 1782 5357; x_wconf 89' lang='lat' dir='ltr'>baptizari,</span> <span class='ocrx_word' id='word_1_655' title='bbox 1819 5287 1988 5344; x_wconf 85' lang='lat' dir='ltr'>debet</span> <span class='ocrx_word' id='word_1_656' title='bbox 2017 5308 2112 5346; x_wconf 91' lang='lat' dir='ltr'>eos</span> 
     </span>
    </p>
   </div>
   <div class='ocr_carea' id='block_1_100' title="bbox 481 5368 2110 5448">
    <p class='ocr_par' dir='ltr' id='par_1_100' title="bbox 481 5368 2110 5448">
     <span class='ocr_line' id='line_1_103' title="bbox 481 5368 2110 5448; baseline 0.01 -25"><span class='ocrx_word' id='word_1_657' title='bbox 481 5368 684 5424; x_wconf 80' lang='lat' dir='ltr'>offerre</span> <span class='ocrx_word' id='word_1_658' title='bbox 713 5373 924 5426; x_wconf 88' lang='lat' dir='ltr'>sancta</span> <span class='ocrx_word' id='word_1_659' title='bbox 960 5374 1219 5431; x_wconf 87' lang='lat' dir='ltr'>Ecclesia</span> <span class='ocrx_word' id='word_1_660' title='bbox 1264 5380 1570 5448; x_wconf 90' lang='lat' dir='ltr'>catholica,</span> <span class='ocrx_word' id='word_1_661' title='bbox 1599 5384 1665 5435; x_wconf 90' lang='lat' dir='ltr'>ut</span> <span class='ocrx_word' id='word_1_662' title='bbox 1694 5380 1770 5436; x_wconf 89' lang='lat' dir='ltr'>ibi</span> <span class='ocrx_word' id='word_1_663' title='bbox 1798 5385 2110 5439; x_wconf 57' lang='lat' dir='ltr'>communi-</span> 
     </span>
    </p>
   </div>
   <div class='ocr_carea' id='block_1_101' title="bbox 478 5462 2107 5545">
    <p class='ocr_par' dir='ltr' id='par_1_101' title="bbox 478 5462 2107 5545">
     <span class='ocr_line' id='line_1_104' title="bbox 478 5462 2107 5545; baseline 0.01 -28"><span class='ocrx_word' id='word_1_664' title='bbox 478 5467 627 5517; x_wconf 90' lang='lat' dir='ltr'>cent.</span> <span class='ocrx_word' id='word_1_665' title='bbox 659 5462 763 5527; x_wconf 90' lang='lat' dir='ltr'>Qui</span> <span class='ocrx_word' id='word_1_666' title='bbox 791 5479 922 5520; x_wconf 88' lang='lat' dir='ltr'>vero</span> <span class='ocrx_word' id='word_1_667' title='bbox 950 5467 1134 5523; x_wconf 90' lang='lat' dir='ltr'>adhuc</span> <span class='ocrx_word' id='word_1_668' title='bbox 1159 5471 1429 5542; x_wconf 88' lang='lat' dir='ltr'>baptizati</span> <span class='ocrx_word' id='word_1_669' title='bbox 1457 5490 1572 5528; x_wconf 93' lang='lat' dir='ltr'>non</span> <span class='ocrx_word' id='word_1_670' title='bbox 1599 5478 1750 5545; x_wconf 90' lang='lat' dir='ltr'>sunt,</span> <span class='ocrx_word' id='word_1_671' title='bbox 1781 5477 2107 5535; x_wconf 89' lang='lat' dir='ltr'>omnimodo</span> 
     </span>
    </p>
   </div>
   <div class='ocr_carea' id='block_1_102' title="bbox 478 5560 2108 5641">
    <p class='ocr_par' dir='ltr' id='par_1_102' title="bbox 478 5560 2108 5641">
     <span class='ocr_line' id='line_1_105' title="bbox 478 5560 2108 5641; baseline 0.012 -32"><span class='ocrx_word' id='word_1_672' title='bbox 478 5572 592 5610; x_wconf 92' lang='lat' dir='ltr'>non</span> <span class='ocrx_word' id='word_1_673' title='bbox 621 5573 783 5627; x_wconf 89' lang='lat' dir='ltr'>posse</span> <span class='ocrx_word' id='word_1_674' title='bbox 812 5575 909 5613; x_wconf 91' lang='lat' dir='ltr'>eos</span> <span class='ocrx_word' id='word_1_675' title='bbox 936 5560 995 5615; x_wconf 92' lang='lat' dir='ltr'>in</span> <span class='ocrx_word' id='word_1_676' title='bbox 1020 5562 1283 5618; x_wconf 87' lang='lat' dir='ltr'>haretica</span> <span class='ocrx_word' id='word_1_677' title='bbox 1315 5565 1559 5621; x_wconf 87' lang='lat' dir='ltr'>Ecclesia</span> <span class='ocrx_word' id='word_1_678' title='bbox 1587 5567 1882 5641; x_wconf 89' lang='lat' dir='ltr'>baptizari,</span> <span class='ocrx_word' id='word_1_679' title='bbox 1913 5588 2017 5628; x_wconf 91' lang='lat' dir='ltr'>nec</span> <span class='ocrx_word' id='word_1_680' title='bbox 2048 5574 2108 5628; x_wconf 93' lang='lat' dir='ltr'>in</span> 
     </span>
    </p>
   </div>
   <div class='ocr_carea' id='block_1_103' title="bbox 477 5649 2107 5737">
    <p class='ocr_par' dir='ltr' id='par_1_103' title="bbox 477 5649 2107 5737">
     <span class='ocr_line' id='line_1_106' title="bbox 477 5649 2107 5737; baseline 0.013 -35"><span class='ocrx_word' id='word_1_681' title='bbox 477 5649 838 5706; x_wconf 90' lang='lat' dir='ltr'>matrimonio</span> <span class='ocrx_word' id='word_1_682' title='bbox 873 5653 1043 5727; x_wconf 90' lang='lat' dir='ltr'>jungi</span> <span class='ocrx_word' id='word_1_683' title='bbox 1070 5657 1361 5725; x_wconf 89' lang='lat' dir='ltr'>haretico,</span> <span class='ocrx_word' id='word_1_684' title='bbox 1393 5659 1584 5714; x_wconf 88' lang='lat' dir='ltr'>Judao</span> <span class='ocrx_word' id='word_1_685' title='bbox 1611 5663 1698 5717; x_wconf 89' lang='lat' dir='ltr'>vel</span> <span class='ocrx_word' id='word_1_686' title='bbox 1730 5681 1970 5737; x_wconf 89' lang='lat' dir='ltr'>pagano,</span> <span class='ocrx_word' id='word_1_687' title='bbox 1997 5668 2107 5722; x_wconf 90' lang='lat' dir='ltr'>nisi</span> 
     </span>
    </p>
   </div>
   <div class='ocr_carea' id='block_1_104' title="bbox 477 5739 2104 5827">
    <p class='ocr_par' dir='ltr' id='par_1_104' title="bbox 477 5739 2104 5827">
     <span class='ocr_line' id='line_1_107' title="bbox 477 5739 2104 5827; baseline 0.014 -34"><span class='ocrx_word' id='word_1_688' title='bbox 477 5739 623 5795; x_wconf 88' lang='lat' dir='ltr'>forte</span> <span class='ocrx_word' id='word_1_689' title='bbox 651 5746 1026 5814; x_wconf 87' lang='lat' dir='ltr'>spoponderit</span> <span class='ocrx_word' id='word_1_690' title='bbox 1053 5765 1114 5801; x_wconf 89' lang='lat' dir='ltr'>se</span> <span class='ocrx_word' id='word_1_691' title='bbox 1139 5748 1332 5802; x_wconf 91' lang='lat' dir='ltr'>venire</span> <span class='ocrx_word' id='word_1_692' title='bbox 1377 5751 1446 5804; x_wconf 88' lang='lat' dir='ltr'>ad</span> <span class='ocrx_word' id='word_1_693' title='bbox 1494 5754 1867 5827; x_wconf 82' lang='lat' dir='ltr'>orthodoxam</span> <span class='ocrx_word' id='word_1_694' title='bbox 1914 5761 2104 5827; x_wconf 77' lang='lat' dir='ltr'>fidem,</span> 
     </span>
    </p>
   </div>
   <div class='ocr_carea' id='block_1_105' title="bbox 478 5818 2106 5979">
    <p class='ocr_par' dir='ltr' id='par_1_105' title="bbox 478 5818 2106 5979">
     <span class='ocr_line' id='line_1_108' title="bbox 478 5818 2106 5979; baseline 0.016 -96"><span class='ocrx_word' id='word_1_695' title='bbox 478 5828 614 5884; x_wconf 89' lang='lat' dir='ltr'>dum</span> <span class='ocrx_word' id='word_1_696' title='bbox 657 5836 1022 5908; x_wconf 88' lang='lat' dir='ltr'>conjungitur</span> <span class='ocrx_word' id='word_1_697' title='bbox 1069 5855 1296 5910; x_wconf 89' lang='lat' dir='ltr'>sponsa</span> <span class='ocrx_word' id='word_1_698' title='bbox 1343 5818 1784 5979; x_wconf 60' lang='lat' dir='ltr'>orthodoxaFi</span> <span class='ocrx_word' id='word_1_699' title='bbox 1823 5852 1946 5923; x_wconf 89' lang='lat' dir='ltr'>quis</span> <span class='ocrx_word' id='word_1_700' title='bbox 1974 5869 2106 5909; x_wconf 90' lang='lat' dir='ltr'>vero</span> 
     </span>
    </p>
   </div>
   <div class='ocr_carea' id='block_1_106' title="bbox 2215 4626 3855 4700">
    <p class='ocr_par' dir='ltr' id='par_1_106' title="bbox 2215 4626 3855 4700">
     <span class='ocr_line' id='line_1_109' title="bbox 2215 4626 3855 4700; baseline -0.004 -14"><span class='ocrx_word' id='word_1_701' title='bbox 2215 4631 2456 4686; x_wconf 87' lang='lat' dir='ltr'>sanitate</span> <span class='ocrx_word' id='word_1_702' title='bbox 2498 4631 2887 4700; x_wconf 84' lang='lat' dir='ltr'>consistentes,</span> <span class='ocrx_word' id='word_1_703' title='bbox 2916 4629 3087 4684; x_wconf 88' lang='lat' dir='ltr'>etiam</span> <span class='ocrx_word' id='word_1_704' title='bbox 3119 4628 3389 4683; x_wconf 89' lang='lat' dir='ltr'>omnibus</span> <span class='ocrx_word' id='word_1_705' title='bbox 3431 4627 3556 4681; x_wconf 89' lang='lat' dir='ltr'>aliis</span> <span class='ocrx_word' id='word_1_706' title='bbox 3599 4626 3855 4696; x_wconf 86' lang='lat' dir='ltr'>urgenti-</span> 
     </span>
    </p>
   </div>
   <div class='ocr_carea' id='block_1_107' title="bbox 2213 4720 3852 4794">
    <p class='ocr_par' dir='ltr' id='par_1_107' title="bbox 2213 4720 3852 4794">
     <span class='ocr_line' id='line_1_110' title="bbox 2213 4720 3852 4794; baseline -0.004 -14"><span class='ocrx_word' id='word_1_707' title='bbox 2213 4725 2319 4780; x_wconf 91' lang='lat' dir='ltr'>bus</span> <span class='ocrx_word' id='word_1_708' title='bbox 2345 4729 2401 4780; x_wconf 91' lang='lat' dir='ltr'>et</span> <span class='ocrx_word' id='word_1_709' title='bbox 2422 4724 2897 4780; x_wconf 87' lang='lat' dir='ltr'>inexcusabilibus</span> <span class='ocrx_word' id='word_1_710' title='bbox 2923 4723 3164 4794; x_wconf 86' lang='lat' dir='ltr'>negotiis</span> <span class='ocrx_word' id='word_1_711' title='bbox 3191 4721 3354 4776; x_wconf 90' lang='lat' dir='ltr'>liberi</span> <span class='ocrx_word' id='word_1_712' title='bbox 3383 4725 3533 4789; x_wconf 92' lang='lat' dir='ltr'>sunt,</span> <span class='ocrx_word' id='word_1_713' title='bbox 3566 4720 3737 4775; x_wconf 90' lang='lat' dir='ltr'>licere</span> <span class='ocrx_word' id='word_1_714' title='bbox 3757 4736 3852 4775; x_wconf 92' lang='lat' dir='ltr'>eos</span> 
     </span>
    </p>
   </div>
   <div class='ocr_carea' id='block_1_108' title="bbox 2212 4814 3577 4886">
    <p class='ocr_par' dir='ltr' id='par_1_108' title="bbox 2212 4814 3577 4886">
     <span class='ocr_line' id='line_1_111' title="bbox 2212 4814 3577 4886; baseline -0.004 -12"><span class='ocrx_word' id='word_1_715' title='bbox 2212 4819 2483 4874; x_wconf 84' lang='lat' dir='ltr'>fraterna</span> <span class='ocrx_word' id='word_1_716' title='bbox 2509 4819 2804 4874; x_wconf 91' lang='lat' dir='ltr'>charitatis</span> <span class='ocrx_word' id='word_1_717' title='bbox 2833 4816 3320 4872; x_wconf 88' lang='lat' dir='ltr'>admonitionibus</span> <span class='ocrx_word' id='word_1_718' title='bbox 3351 4814 3577 4886; x_wconf 89' lang='lat' dir='ltr'>corripi.</span> 
     </span>
    </p>
   </div>
   <div class='ocr_carea' id='block_1_109' title="bbox 2281 4907 3852 4976">
    <p class='ocr_par' dir='ltr' id='par_1_109' title="bbox 2281 4907 3852 4976">
     <span class='ocr_line' id='line_1_112' title="bbox 2281 4907 3852 4976; baseline -0.004 -8"><span class='ocrx_word' id='word_1_719' title='bbox 2281 4915 2385 4969; x_wconf 82' lang='grc' dir='ltr'>ΧΧ.</span> <span class='ocrx_word' id='word_1_720' title='bbox 2431 4913 2678 4968; x_wconf 89' lang='lat' dir='ltr'>Clericos</span> <span class='ocrx_word' id='word_1_721' title='bbox 2733 4912 2792 4966; x_wconf 92' lang='lat' dir='ltr'>in</span> <span class='ocrx_word' id='word_1_722' title='bbox 2837 4912 2952 4966; x_wconf 90' lang='lat' dir='ltr'>suis</span> <span class='ocrx_word' id='word_1_723' title='bbox 3002 4910 3250 4966; x_wconf 90' lang='lat' dir='ltr'>ecclesiis</span> <span class='ocrx_word' id='word_1_724' title='bbox 3297 4908 3656 4976; x_wconf 85' lang='lat' dir='ltr'>constitutos,</span> <span class='ocrx_word' id='word_1_725' title='bbox 3708 4907 3852 4962; x_wconf 91' lang='lat' dir='ltr'>sicut</span> 
     </span>
    </p>
   </div>
   <div class='ocr_carea' id='block_1_110' title="bbox 2206 5001 3847 5078">
    <p class='ocr_par' dir='ltr' id='par_1_110' title="bbox 2206 5001 3847 5078">
     <span class='ocr_line' id='line_1_113' title="bbox 2206 5001 3847 5078; baseline -0.004 -17"><span class='ocrx_word' id='word_1_726' title='bbox 2206 5007 2330 5078; x_wconf 89' lang='lat' dir='ltr'>jam</span> <span class='ocrx_word' id='word_1_727' title='bbox 2371 5006 2750 5072; x_wconf 81' lang='lat' dir='ltr'>definivimus,</span> <span class='ocrx_word' id='word_1_728' title='bbox 2783 5023 2899 5061; x_wconf 93' lang='lat' dir='ltr'>non</span> <span class='ocrx_word' id='word_1_729' title='bbox 2925 5005 3094 5060; x_wconf 86' lang='lat' dir='ltr'>licere</span> <span class='ocrx_word' id='word_1_730' title='bbox 3125 5005 3184 5058; x_wconf 91' lang='lat' dir='ltr'>in</span> <span class='ocrx_word' id='word_1_731' title='bbox 3220 5002 3450 5059; x_wconf 89' lang='lat' dir='ltr'>alterius</span> <span class='ocrx_word' id='word_1_732' title='bbox 3491 5001 3731 5056; x_wconf 87' lang='lat' dir='ltr'>civitatis</span> <span class='ocrx_word' id='word_1_733' title='bbox 3759 5017 3847 5056; x_wconf 88' lang='lat' dir='ltr'>ec-</span> 
     </span>
    </p>
   </div>
   <div class='ocr_carea' id='block_1_111' title="bbox 2212 5095 3849 5171">
    <p class='ocr_par' dir='ltr' id='par_1_111' title="bbox 2212 5095 3849 5171">
     <span class='ocr_line' id='line_1_114' title="bbox 2212 5095 3849 5171; baseline -0.004 -16"><span class='ocrx_word' id='word_1_734' title='bbox 2212 5100 2393 5155; x_wconf 89' lang='lat' dir='ltr'>clesiis</span> <span class='ocrx_word' id='word_1_735' title='bbox 2422 5099 2696 5167; x_wconf 90' lang='lat' dir='ltr'>ordinari,</span> <span class='ocrx_word' id='word_1_736' title='bbox 2715 5100 2812 5154; x_wconf 91' lang='lat' dir='ltr'>sed</span> <span class='ocrx_word' id='word_1_737' title='bbox 2840 5099 3193 5171; x_wconf 86' lang='lat' dir='ltr'>acquiescere</span> <span class='ocrx_word' id='word_1_738' title='bbox 3216 5097 3275 5152; x_wconf 92' lang='lat' dir='ltr'>in</span> <span class='ocrx_word' id='word_1_739' title='bbox 3298 5114 3363 5152; x_wconf 88' lang='lat' dir='ltr'>ea</span> <span class='ocrx_word' id='word_1_740' title='bbox 3382 5096 3442 5150; x_wconf 89' lang='lat' dir='ltr'>in</span> <span class='ocrx_word' id='word_1_741' title='bbox 3462 5112 3575 5168; x_wconf 89' lang='lat' dir='ltr'>qua</span> <span class='ocrx_word' id='word_1_742' title='bbox 3599 5095 3670 5150; x_wconf 89' lang='lat' dir='ltr'>ab</span> <span class='ocrx_word' id='word_1_743' title='bbox 3687 5095 3849 5149; x_wconf 87' lang='lat' dir='ltr'>initio</span> 
     </span>
    </p>
   </div>
   <div class='ocr_carea' id='block_1_112' title="bbox 2211 5189 3849 5262">
    <p class='ocr_par' dir='ltr' id='par_1_112' title="bbox 2211 5189 3849 5262">
     <span class='ocr_line' id='line_1_115' title="bbox 2211 5189 3849 5262; baseline -0.003 -14"><span class='ocrx_word' id='word_1_744' title='bbox 2211 5193 2539 5248; x_wconf 86' lang='lat' dir='ltr'>ministrare</span> <span class='ocrx_word' id='word_1_745' title='bbox 2585 5196 2946 5261; x_wconf 88' lang='lat' dir='ltr'>meruerunt,</span> <span class='ocrx_word' id='word_1_746' title='bbox 2991 5191 3239 5262; x_wconf 88' lang='lat' dir='ltr'>exceptis</span> <span class='ocrx_word' id='word_1_747' title='bbox 3282 5191 3392 5245; x_wconf 90' lang='lat' dir='ltr'>illis</span> <span class='ocrx_word' id='word_1_748' title='bbox 3442 5189 3542 5262; x_wconf 87' lang='lat' dir='ltr'>qui</span> <span class='ocrx_word' id='word_1_749' title='bbox 3590 5189 3849 5260; x_wconf 86' lang='lat' dir='ltr'>proprias</span> 
     </span>
    </p>
   </div>
   <div class='ocr_carea' id='block_1_113' title="bbox 2212 5282 3845 5359">
    <p class='ocr_par' dir='ltr' id='par_1_113' title="bbox 2212 5282 3845 5359">
     <span class='ocr_line' id='line_1_116' title="bbox 2212 5282 3845 5359; baseline -0.004 -17"><span class='ocrx_word' id='word_1_750' title='bbox 2212 5289 2460 5343; x_wconf 87' lang='lat' dir='ltr'>civitates</span> <span class='ocrx_word' id='word_1_751' title='bbox 2495 5287 2894 5359; x_wconf 87' lang='lat' dir='ltr'>perdiderunt,</span> <span class='ocrx_word' id='word_1_752' title='bbox 2928 5292 2984 5342; x_wconf 91' lang='lat' dir='ltr'>et</span> <span class='ocrx_word' id='word_1_753' title='bbox 3026 5303 3090 5342; x_wconf 90' lang='lat' dir='ltr'>ex</span> <span class='ocrx_word' id='word_1_754' title='bbox 3133 5285 3464 5340; x_wconf 87' lang='lat' dir='ltr'>necessitate</span> <span class='ocrx_word' id='word_1_755' title='bbox 3495 5283 3567 5338; x_wconf 92' lang='lat' dir='ltr'>ad</span> <span class='ocrx_word' id='word_1_756' title='bbox 3591 5282 3728 5337; x_wconf 90' lang='lat' dir='ltr'>alias</span> <span class='ocrx_word' id='word_1_757' title='bbox 3757 5299 3845 5336; x_wconf 88' lang='lat' dir='ltr'>ec-</span> 
     </span>
    </p>
   </div>
   <div class='ocr_carea' id='block_1_114' title="bbox 2211 5375 3847 5453">
    <p class='ocr_par' dir='ltr' id='par_1_114' title="bbox 2211 5375 3847 5453">
     <span class='ocr_line' id='line_1_117' title="bbox 2211 5375 3847 5453; baseline -0.005 -17"><span class='ocrx_word' id='word_1_758' title='bbox 2211 5383 2406 5437; x_wconf 89' lang='lat' dir='ltr'>clesias</span> <span class='ocrx_word' id='word_1_759' title='bbox 2451 5383 2865 5453; x_wconf 90' lang='lat' dir='ltr'>migraverunt.</span> <span class='ocrx_word' id='word_1_760' title='bbox 2912 5381 2970 5434; x_wconf 93' lang='lat' dir='ltr'>Si</span> <span class='ocrx_word' id='word_1_761' title='bbox 3009 5396 3140 5435; x_wconf 88' lang='lat' dir='ltr'>vero</span> <span class='ocrx_word' id='word_1_762' title='bbox 3181 5379 3509 5451; x_wconf 88' lang='lat' dir='ltr'>quicunque</span> <span class='ocrx_word' id='word_1_763' title='bbox 3547 5375 3847 5448; x_wconf 89' lang='lat' dir='ltr'>episcopus</span> 
     </span>
    </p>
   </div>
   <div class='ocr_carea' id='block_1_115' title="bbox 2207 5471 3844 5549">
    <p class='ocr_par' dir='ltr' id='par_1_115' title="bbox 2207 5471 3844 5549">
     <span class='ocr_line' id='line_1_118' title="bbox 2207 5471 3844 5549; baseline -0.004 -18"><span class='ocrx_word' id='word_1_764' title='bbox 2207 5481 2337 5549; x_wconf 91' lang='lat' dir='ltr'>post</span> <span class='ocrx_word' id='word_1_765' title='bbox 2363 5475 2763 5531; x_wconf 81' lang='lat' dir='ltr'>diffinitionem</span> <span class='ocrx_word' id='word_1_766' title='bbox 2809 5475 2979 5529; x_wconf 87' lang='lat' dir='ltr'>istam</span> <span class='ocrx_word' id='word_1_767' title='bbox 3024 5474 3095 5528; x_wconf 92' lang='lat' dir='ltr'>ad</span> <span class='ocrx_word' id='word_1_768' title='bbox 3141 5473 3314 5528; x_wconf 89' lang='lat' dir='ltr'>alium</span> <span class='ocrx_word' id='word_1_769' title='bbox 3347 5471 3680 5543; x_wconf 90' lang='lat' dir='ltr'>episcopum</span> <span class='ocrx_word' id='word_1_770' title='bbox 3710 5487 3844 5542; x_wconf 90' lang='lat' dir='ltr'>per-</span> 
     </span>
    </p>
   </div>
   <div class='ocr_carea' id='block_1_116' title="bbox 2207 5569 3846 5643">
    <p class='ocr_par' dir='ltr' id='par_1_116' title="bbox 2207 5569 3846 5643">
     <span class='ocr_line' id='line_1_119' title="bbox 2207 5569 3846 5643; baseline -0.003 -14"><span class='ocrx_word' id='word_1_771' title='bbox 2207 5575 2484 5630; x_wconf 90' lang='lat' dir='ltr'>tinentem</span> <span class='ocrx_word' id='word_1_772' title='bbox 2510 5575 2773 5628; x_wconf 88' lang='lat' dir='ltr'>clericum</span> <span class='ocrx_word' id='word_1_773' title='bbox 2799 5571 3130 5643; x_wconf 91' lang='lat' dir='ltr'>susceperit,</span> <span class='ocrx_word' id='word_1_774' title='bbox 3150 5571 3362 5643; x_wconf 90' lang='lat' dir='ltr'>placuit</span> <span class='ocrx_word' id='word_1_775' title='bbox 3387 5572 3599 5624; x_wconf 87' lang='lat' dir='ltr'>sancta</span> <span class='ocrx_word' id='word_1_776' title='bbox 3630 5569 3846 5640; x_wconf 83' lang='lat' dir='ltr'>synodo</span> 
     </span>
    </p>
   </div>
   <div class='ocr_carea' id='block_1_117' title="bbox 2209 5665 3843 5739">
    <p class='ocr_par' dir='ltr' id='par_1_117' title="bbox 2209 5665 3843 5739">
     <span class='ocr_line' id='line_1_120' title="bbox 2209 5665 3843 5739; baseline -0.003 -16"><span class='ocrx_word' id='word_1_777' title='bbox 2209 5672 2266 5724; x_wconf 90' lang='lat' dir='ltr'>et</span> <span class='ocrx_word' id='word_1_778' title='bbox 2290 5669 2442 5722; x_wconf 92' lang='lat' dir='ltr'>hunc</span> <span class='ocrx_word' id='word_1_779' title='bbox 2480 5667 2579 5738; x_wconf 89' lang='lat' dir='ltr'>qui</span> <span class='ocrx_word' id='word_1_780' title='bbox 2611 5667 2936 5739; x_wconf 86' lang='lat' dir='ltr'>susceperit,</span> <span class='ocrx_word' id='word_1_781' title='bbox 2967 5670 3025 5721; x_wconf 93' lang='lat' dir='ltr'>et</span> <span class='ocrx_word' id='word_1_782' title='bbox 3069 5681 3204 5720; x_wconf 91' lang='lat' dir='ltr'>eum</span> <span class='ocrx_word' id='word_1_783' title='bbox 3255 5665 3350 5736; x_wconf 91' lang='lat' dir='ltr'>qui</span> <span class='ocrx_word' id='word_1_784' title='bbox 3399 5667 3691 5734; x_wconf 91' lang='lat' dir='ltr'>susceptus</span> <span class='ocrx_word' id='word_1_785' title='bbox 3738 5668 3843 5726; x_wconf 85' lang='lat' dir='ltr'>est,</span> 
     </span>
    </p>
   </div>
   <div class='ocr_carea' id='block_1_118' title="bbox 2208 5757 3840 5831">
    <p class='ocr_par' dir='ltr' id='par_1_118' title="bbox 2208 5757 3840 5831">
     <span class='ocr_line' id='line_1_121' title="bbox 2208 5757 3840 5831; baseline -0.002 -16"><span class='ocrx_word' id='word_1_786' title='bbox 2208 5761 2407 5816; x_wconf 89' lang='lat' dir='ltr'>tandiu</span> <span class='ocrx_word' id='word_1_787' title='bbox 2439 5761 2958 5816; x_wconf 88' lang='lat' dir='ltr'>excommunicatos</span> <span class='ocrx_word' id='word_1_788' title='bbox 2989 5776 3223 5815; x_wconf 90' lang='lat' dir='ltr'>manere</span> <span class='ocrx_word' id='word_1_789' title='bbox 3248 5757 3500 5831; x_wconf 88' lang='lat' dir='ltr'>quandiu</span> <span class='ocrx_word' id='word_1_790' title='bbox 3528 5757 3648 5830; x_wconf 91' lang='lat' dir='ltr'>ipse</span> <span class='ocrx_word' id='word_1_791' title='bbox 3675 5757 3840 5813; x_wconf 87' lang='lat' dir='ltr'>cleri-</span> 
     </span>
    </p>
   </div>
   <div class='ocr_carea' id='block_1_119' title="bbox 2208 5853 3409 5928">
    <p class='ocr_par' dir='ltr' id='par_1_119' title="bbox 2208 5853 3409 5928">
     <span class='ocr_line' id='line_1_122' title="bbox 2208 5853 3409 5928; baseline -0.001 -19"><span class='ocrx_word' id='word_1_792' title='bbox 2208 5872 2306 5911; x_wconf 88' lang='lat' dir='ltr'>cus</span> <span class='ocrx_word' id='word_1_793' title='bbox 2335 5855 2407 5910; x_wconf 89' lang='lat' dir='ltr'>ad</span> <span class='ocrx_word' id='word_1_794' title='bbox 2435 5855 2722 5928; x_wconf 88' lang='lat' dir='ltr'>propriam</span> <span class='ocrx_word' id='word_1_795' title='bbox 2753 5859 3068 5912; x_wconf 87' lang='lat' dir='ltr'>revertatur</span> <span class='ocrx_word' id='word_1_796' title='bbox 3097 5853 3409 5910; x_wconf 90' lang='lat' dir='ltr'>ecclesiam.</span> 
     </span>
    </p>
   </div>
  </div>
