4058 6304
200 356 292 402 313

1439 350 1913 407 DECRETALlL'M
1953 351 2336 406 COLLECTIO.

3463 358 3566 412 314

260 458 393 511 XXI.
434 455 676 512 Clericos
702 455 814 513 sive
843 456 1012 512 laicos
1036 455 1134 528 qui
1181 459 1570 513 accusaverint
1607 459 1824 531 episco-
1849 459 2212 544 AAnatolius
2259 457 2558 530 episcopus
2628 459 3273 533 Constantinopolitanae
3331 463 3569 519 civitatis

195 567 333 623 pum
377 555 477 605 aut
514 551 769 619 clericos,
807 556 1024 606 temere
1066 554 1235 622 atque
1276 551 1669 608 indifferenter
1710 570 1828 608 non

196 645 400 699 debere
451 645 656 716 suscipi
691 645 752 698 in
792 645 1230 717 accusationem,
1280 645 1388 700 nisi
1432 647 1589 717 prius
1627 663 1829 702 eorum

196 738 390 810 opinio
417 738 592 792 fuerit
620 741 996 810 perscrutata.
1375 722 1381 729 ’

259 834 419 887 XXII.
466 834 586 887 Non
633 833 800 887 licere
847 833 1066 887 clericis
1115 837 1246 903 post
1294 836 1540 889 mortem
1578 833 1829 906 episcopi

195 942 395 997 rapere
425 926 773 998 pertinentes
806 927 877 980 ad
903 943 1037 982 eum
1055 943 1166 997 res,
1190 926 1333 982 sicut
1356 927 1483 998 jam
1510 928 1831 999 praeceden-

193 1019 344 1074 tibus
379 1020 594 1090 regulis
643 1022 917 1074 statutum
952 1020 1211 1075 habetur.
1262 1019 1317 1075 Si
1363 1037 1496 1076 vero
1526 1022 1649 1076 haec
1682 1021 1830 1075 fece-

193 1113 329 1180 rint,
357 1113 666 1184 periclitari
693 1131 751 1168 se
778 1114 1041 1169 noverint
1061 1130 1093 1167 a
1116 1113 1348 1185 proprio
1389 1115 1591 1185 gradu.

260 1208 437 1262 XXIII.
468 1207 734 1262 Pervenit
773 1207 845 1261 ad
879 1224 1044 1262 aures
1077 1211 1282 1262 sanctas
1311 1208 1532 1278 synodi,
1557 1207 1693 1279 quia
1717 1209 1827 1263 cle-

193 1300 291 1354 rici
319 1300 555 1371 quidam
606 1307 663 1357 et
689 1301 958 1355 monachi
999 1301 1142 1355 nihil
1185 1301 1291 1355 sibi
1329 1301 1606 1356 habentes
1631 1301 1826 1371 injun-

193 1396 348 1447 ctum
375 1411 409 1447 a
456 1393 686 1464 proprio
729 1393 1010 1465 episcopo,
1042 1393 1332 1449 interdum
1375 1411 1509 1448 vero
1546 1394 1718 1449 etiam
1749 1394 1830 1448 illi

192 1487 286 1558 qui
315 1486 387 1540 ab
416 1503 482 1541 eo
498 1487 726 1542 fuerant
751 1487 1238 1556 excommunicati,
1267 1487 1501 1542 veniant
1516 1488 1589 1542 ad
1609 1487 1829 1558 regiam

194 1579 482 1635 civitatem
509 1581 1219 1653 Constantinopolitanam,
1255 1590 1312 1636 et
1335 1582 1530 1636 multis
1556 1581 1830 1652 tempori-

192 1673 295 1728 bus
335 1674 392 1728 in
415 1692 485 1729 ea
511 1675 885 1730 consistentes
927 1675 1387 1746 perturbationes
1431 1675 1829 1746 tranquillitati

193 1767 584 1823 ecclesiasticae
614 1769 820 1838 ferant,
852 1773 909 1823 et
947 1769 1303 1823 diversorum
1349 1769 1548 1823 domos
1578 1784 1832 1822 corrum-

1928 568 2092 607 novae
2133 553 2348 619 Romae,
2385 553 2665 608 deﬁniens
2694 554 3044 626 subscripsit.
3083 557 3426 611 Juvenculus
3453 557 3570 629 epi-

1928 662 2129 716 scopus
2156 646 2704 718 Hierosolymitanus
2734 649 3008 704 deﬁniens
3035 650 3378 721 subscripsit.
3408 651 3569 705 Maxi-

1928 756 2058 793 mus
2113 739 2416 811 episcopus
2463 741 2857 796 Antiochenus
2889 743 3169 798 deﬁniens
3215 743 3567 816 subscripsit.

1928 832 2232 896 Quintilius
2273 834 2570 906 cpiscopus
2598 835 2967 906 Cappadociae
3005 837 3384 907 Caesariensis,
3427 839 3566 893 deﬁ-

1929 926 2093 980 niens
2150 926 2498 997 subscripsit.
2551 929 2874 983 Palaﬁndus
2921 930 3216 1001 episcopus
3269 932 3568 987 Heraclaeaz

1929 1020 2403 1090 Macedoniensis,
2447 1021 2626 1076 vicem
2669 1039 2847 1093 agens
2891 1024 3228 1078 sanctissimi
3269 1025 3376 1079 viri
3424 1028 3569 1080 Ana-

1931 1109 2112 1178 stasii,
2174 1108 2455 1164 deﬁniens
2506 1110 2855 1181 subscripsit.
2911 1113 3228 1183 Stephanus
3271 1114 3568 1185 episcopus

1929 1201 2243 1274 Ephesinus
2266 1202 2546 1257 deﬁniens
2573 1203 2920 1274 subscripsit.
2954 1206 3234 1261 Lucianus
3263 1208 3565 1280 episcopus

1931 1296 2196 1364 Bizensis,
2219 1295 2402 1353 vicem
2433 1311 2609 1367 agens
2641 1297 2981 1352 sanctissimi
3022 1300 3273 1371 episcopi
3315 1301 3564 1365 Quiriaci

1930 1390 2197 1444 Heracliae
2223 1389 2552 1458 Traciensis,
2586 1391 2862 1446 deﬁniens
2903 1392 3246 1463 subscripsit.
3293 1395 3567 1450 Eusebius

1931 1483 2228 1555 cpiscopus
2271 1485 2541 1538 Galathiae
2572 1485 2963 1556 Anquiriensis
3006 1486 3282 1542 deﬁniens
3320 1489 3565 1544 subscri-

1929 1577 2057 1646 psit.
2089 1577 2370 1648 Diogenes
2419 1577 2718 1649 episcopus
2763 1579 3074 1642 Quiriensis
3118 1580 3395 1635 deﬁniens
3433 1583 3566 1636 sub-

1929 1670 2171 1741 scripsit.
2224 1673 2423 1726 Petrus
2477 1672 2778 1743 episcopus
2847 1672 3240 1728 Corinthensis
3296 1675 3568 1730 deﬁniens

1931 1763 2278 1834 subscripsit.
2331 1765 2526 1819 Florus
2576 1765 2870 1835 episcopus
2909 1767 3262 1821 Sardinensis
3292 1768 3572 1832 deﬁniens,

190 1865 350 1932 pant.
394 1863 601 1917 Statuit
643 1866 835 1917 sancta
880 1863 1131 1934 synodus
1165 1863 1272 1916 hos
1313 1863 1545 1933 quidem
1577 1842 1906 1933 primumB
1931 1857 2278 1928 subscripsit.
2313 1858 2626 1912 Eunomius
2653 1859 2948 1930 episcopus
2975 1861 3405 1915 Nicomedensis
3435 1862 3571 1916 deﬁ-

192 1971 564 2010 commonere
616 1973 722 2027 per
781 1956 1138 2010 defensorem
1193 1956 1831 2026 Constantinopolitanae

189 2054 398 2103 sanctae
429 2049 710 2118 Ecclesiae,
739 2052 805 2104 ut
832 2053 1039 2104 exeant
1060 2050 1129 2104 de
1155 2049 1318 2120 regia
1343 2049 1591 2104 civitate.
1638 2049 1697 2103 Si
1736 2067 1832 2103 an-

189 2145 307 2197 tem
353 2143 416 2196 in
465 2143 669 2198 eodem
723 2143 1010 2215 proposito
1063 2143 1328 2214 improbe
1370 2142 1827 2214 perduraverint,

189 2235 364 2290 etiam
390 2236 601 2292 invitos
632 2253 730 2292 eos
762 2236 882 2309 ipse
928 2238 1178 2308 expellat
1215 2237 1483 2292 defensor
1526 2241 1587 2292 ut
1615 2238 1686 2291 ad
1727 2253 1830 2291 sua

187 2328 312 2384 loca
341 2329 692 2401 perveniant.

257 2425 432 2478 XXIV.
463 2426 599 2488 Quae
630 2424 805 2480 semel
845 2427 1175 2480 consecrata
1212 2424 1432 2480 fuerint
1459 2422 1827 2491 monasteria,

188 2533 320 2573 cum
342 2517 565 2588 judicio
594 2518 679 2571 sui
707 2517 954 2590 episcopi
985 2521 1257 2573 maneant
1281 2521 1578 2590 perpetua,
1622 2521 1680 2571 et
1708 2533 1832 2587 per-

185 2611 438 2666 tinentes
467 2611 541 2666 ad
572 2628 638 2666 ea
662 2628 752 2666 res
798 2612 1124 2666 conservari
1170 2611 1305 2682 ipsis
1346 2611 1712 2666 monasteriis
1741 2611 1831 2665 de-

187 2705 492 2774 crevimus,
540 2721 646 2758 nec
674 2705 911 2760 ulterius
960 2722 1124 2776 posse
1159 2721 1228 2759 ea
1252 2705 1377 2760 ﬁeri
1404 2705 1693 2759 saecularia
1730 2704 1827 2757 ha-

185 2798 454 2853 bitacula.
483 2798 588 2862 Qui
617 2814 748 2854 vero
773 2799 1144 2870 permiserint
1167 2800 1292 2854 haec
1327 2798 1474 2866 ﬁeri,
1504 2799 1833 2869 subjaceant

188 2893 275 2947 his
304 2892 902 2960 condemnationibus,
929 2909 1056 2965 quae
1090 2909 1197 2965 per
1226 2909 1470 2948 canones
1508 2891 1832 2947 constitutae

186 2991 341 3041 sunt.

259 3081 412 3136 XXV.
453 3080 738 3145 Quoniam
778 3080 1011 3153 quidam
1048 3082 1644 3152 metropolitanorum,
1691 3079 1833 3134 sicut

188 3174 260 3229 ad
279 3191 388 3230 nos
416 3175 702 3245 perlatum
715 3179 816 3242 est,
841 3174 1142 3246 negligunt
1157 3174 1438 3229 creditum
1457 3174 1562 3228 sibi
1574 3189 1828 3244 gregem,
1853 3212 1907 3285 Ο

188 3272 246 3323 et
273 3267 553 3322 differunt
573 3267 957 3324 ordinationes
980 3268 1170 3323 facere
1187 3266 1833 3339 episcoporum,placuit

187 3367 400 3416 sanctas
429 3361 648 3432 synodo
671 3361 823 3416 intra
860 3366 976 3416 tres
1003 3378 1226 3416 menses
1273 3361 1399 3416 ﬁeri
1445 3359 1832 3415 ordinationes

188 3455 617 3527 episcoporum,
644 3454 753 3509 nisi
783 3455 930 3510 forte
974 3455 1370 3510 inexcusabilis
1407 3454 1708 3510 necessitas
1733 3469 1828 3506 co-

187 3548 373 3620 egerit
400 3552 633 3619 tempus
660 3548 1034 3604 ordinationis
1052 3548 1382 3621 propagari.
1415 3548 1472 3603 Si
1489 3549 1679 3602 au'tem
1707 3546 1832 3618 quis

190 3642 602 3713 episcoporum
646 3643 769 3697 haec
807 3659 927 3697 non
965 3643 1362 3714 observaverit,
1413 3642 1601 3714 ipsum
1627 3641 1831 3696 debere

188 3735 593 3791 ecclesiasticas
613 3736 1075 3792 condemnationi
1092 3737 1214 3808 subj
1223 3752 1405 3805 acere,
1425 3735 1679 3791 redditus
1697 3751 1832 3789 vero

188 3829 455 3900 ejusdem
493 3829 737 3886 viduatae
780 3830 1027 3886 ecclesiae
1072 3831 1332 3902 integros
1376 3829 1656 3902 reservari
1683 3828 1835 3900 apud

189 3940 559 3980 (Bconomum
587 3924 848 3995 ejusdem
875 3925 1122 3980 ecclosiae
1146 3925 1377 3996 placuit.

260 4019 420 4072 XXVI
459 4017 604 4082 Quia
644 4018 704 4072 in
750 4019 1091 4090 quibusdam
1136 4017 1569 4074 ecclesiis'sicut
1601 4017 1674 4072 ad
1731 4034 1836 4072 nos

189 4112 480 4184 pervenit,
524 4111 646 4166 sine
689 4129 984 4168 ceconomo
1015 4112 1265 4185 episcopi
1306 4129 1395 4168 res
1432 4112 1836 4168 ecclesiasticas

191 4209 464 4276 tractant,
483 4205 698 4277 placuit
717 4224 916 4262 omnes
936 4207 1200 4262 ecclesias
1223 4207 1519 4279 episcopos
1536 4207 1833 4273 habentes,

191 4299 408 4356 habere
449 4316 777 4356 oeconomos
817 4302 889 4356 de
916 4301 1148 4373 proprio
1177 4302 1348 4370 clero,
1380 4301 1478 4373 qui
1517 4301 1838 4373 gubernent

192 4393 448 4450 ecclesiae
474 4410 566 4450 res
595 4410 725 4450 cum
766 4395 1000 4450 arbitrio
1029 4396 1116 4450 sui
1147 4395 1418 4467 episcopi,
1461 4400 1523 4450 ut
1564 4411 1678 4450 non
1719 4395 1838 4450 sine

192 4487 525 4544 testimonio
589 4489 661 4544 sit
725 4489 1060 4561 gubernatio
1112 4489 1369 4562 ipsarum
1415 4506 1608 4546 rerum
1659 4490 1836 4545 eccle-

1932 1951 2093 2005 niens
2119 1951 2468 2022 subscripsit.
2502 1952 2832 2006 Anastasius
2860 1953 3154 2024 episcopus
3195 1955 3446 2010 Nicensis
3475 1956 3570 2010 de-

1930 2039 2136 2094 ﬁniens
2165 2039 2510 2111 subscripsit.
2539 2041 2899 2097 Eleutherius
2928 2043 3224 2114 episcopus
3263 2046 3566 2102 Chalcedo—

1929 2133 2123 2188 nensis
2173 2133 2453 2188 deﬁniens
2497 2134 2848 2206 subscripsit.
2892 2137 3046 2191 Idem
3081 2154 3280 2194 omnes
3321 2139 3571 2211 episcopi

1931 2229 2054 2294 630,
2090 2227 2427 2283 deﬁnientes
2457 2228 2930 2300 subscripserunt.

2001 2324 2310 2392 Postquam
2356 2322 2594 2377 recitata
2648 2326 2749 2391 est,
2804 2325 3092 2395 piissimus
3142 2327 3454 2398 imperator
3499 2329 3571 2384 ad

1932 2420 2189 2470 sanctum
2217 2415 2522 2470 concilium
2553 2416 2696 2470 dixit
2725 2434 2736 2470 :
2769 2418 2932 2472 Dicat
2962 2423 3220 2474 sanctum
3269 2422 3565 2478 concilium

1932 2509 1978 2563 si
2006 2526 2075 2564 ex
2101 2524 2382 2563 consensu
2405 2509 2666 2564 omnium
2707 2510 3104 2581 episcoporum
3130 2513 3407 2583 deﬁnitio,
3439 2533 3569 2588 quae

1933 2619 2082 2657 nunc
2126 2604 2270 2656 lecta
2313 2604 2416 2672 est,
2467 2603 2687 2672 prolata
2734 2603 2825 2658 sit.
2865 2604 3076 2660 Omnes
3114 2609 3568 2664 reverendissimi

1933 2696 2181 2768 episcopi
2227 2697 2688 2767 responderunt:
2721 2697 2933 2752 Omnes
2986 2699 3065 2754 sic
3109 2701 3409 2774 credimus,
3433 2705 3568 2774 [una

1932 2791 2092 2858 fides,
2123 2807 2239 2846 una
2268 2791 2569 2859 sententia,
2599 2791 2831 2846 omnino
2854 2791 3012 2846 idem
3038 2793 3329 2850 faciamus.
3358 2775 3570 2853 Omnes

1933 2884 2348 2939 consentientes
2374 2884 2829 2956 subscripsimus.
2869 2887 3074 2942 Omnes
3118 2889 3422 2945 orthodoxi
3473 2909 3568 2946 su-

1930 2994 2081 3047 mus,
2104 2978 2227 3032 haec
2254 2979 2391 3034 ﬁdes
2420 2980 2670 3049 Patrum,
2701 2980 2822 3034 hazc
2849 2980 2989 3035 ﬁdes
3017 2984 3422 3056 apostolorum,
3447 2986 3568 3041 haec

1930 3076 2084 3126 recte
2130 3072 2509 3140 credentium,
2553 3073 2675 3127 haec
2713 3077 2798 3127 est
2834 3074 2978 3129 ﬁdes
3014 3092 3141 3147 quae
3165 3076 3364 3132 orbem
3391 3083 3569 3134 terra-

1932 3178 2064 3217 rum
2092 3163 2281 3216 salvat.
2312 3162 2607 3232 Martiano,
2633 3178 2779 3216 novo
2806 3164 3195 3235 Constantino,
3214 3182 3357 3222 novo
3373 3170 3567 3238 Paulo,

1931 3272 2076 3310 novo
2129 3254 2321 3325 David,
2363 3255 2697 3325 imperatori
2744 3255 3003 3326 piissimo
3041 3259 3276 3314 domino
3314 3264 3569 3334 Augusto

1931 3350 2046 3403 vita
2075 3349 2215 3420 ejus.
2239 3350 2308 3402 Et
2332 3352 2458 3419 post
2485 3349 2589 3403 has
2617 3366 2778 3404 voces
2805 3350 3100 3420 piissimus
3126 3356 3181 3408 et
3212 3355 3569 3413 ﬁdelissimus

1931 3443 2245 3514 imperator
2293 3441 2365 3495 ad
2401 3449 2653 3497 sanctam
2695 3444 2977 3513 synodum
3026 3445 3210 3502 dixit:
3242 3450 3573 3506 Veneranda

1933 3535 2211 3592 catholica
2237 3535 2379 3590 ﬁdes
2409 3552 2443 3590 a
2472 3539 2669 3590 sancta
2696 3541 2752 3590 et
2788 3537 3095 3592 universali
3121 3542 3333 3611 synodo
3376 3561 3574 3600 secun-

1935 3630 2072 3685 dum
2100 3631 2333 3684 Patrum
2355 3628 2764 3699 expositionem
2785 3630 3085 3687 manifesta
3105 3637 3207 3688 est.
3252 3637 3320 3690 Et
3348 3636 3394 3690 si
3420 3639 3573 3693 labo-

1934 3741 2057 3780 rem
2090 3722 2424 3778 reverentiaa
2450 3725 2652 3778 vestrae
2675 3726 2734 3777 et
2763 3725 3080 3780 convicium
3107 3728 3368 3798 fecimus,
3400 3734 3574 3787 maxi-

1935 3835 2059 3874 mas
2087 3817 2310 3889 agimus
2344 3817 2554 3890 gratias
2597 3817 2977 3889 omnipotenti
3007 3821 3124 3875 Deo
3171 3823 3446 3880 Salvatori
3477 3843 3576 3882 nos

1935 3918 2073 3981 stro,
2102 3912 2236 3984 quia
2251 3913 2563 3968 multorum
2583 3907 2905 3968 errantium
2919 3913 3065 3969 circa
3090 3915 3266 3972 ﬁdem
3280 3923 3574 3990 amputata

1937 4005 2219 4060 discordia
2254 4004 2314 4059 in
2349 4020 2528 4058 unam
2572 4003 2952 4076 eamdemque
2990 4006 3163 4062 ﬁdem
3201 4025 3400 4065 omnes
3424 4028 3576 4069 nunc

1937 4099 2332 4167 convenimus,
2357 4100 2651 4170 sperantes
2674 4098 2956 4178 celebrem
2983 4101 3184 4156 vestris
3224 4105 3491 4174 precibus
3519 4115 3578 4162 et

1936 4193 2237 4248 meliorem
2257 4208 2428 4263 super
2455 4208 2656 4247 omnes
2675 4195 2898 4263 partem
2919 4210 2952 4248 a
2977 4195 3094 4250 Deo
3124 4195 3344 4252 donari.
3375 4199 3577 4257 Sancta

1938 4288 2184 4360 synodus
2203 4286 2411 4342 iterum
2425 4286 2781 4342 exclamavit:
2808 4289 2932 4342 Haec
2953 4288 3131 4360 digna
3144 4292 3314 4347 vestri
3330 4292 3575 4366 imperii,

1935 4383 2059 4437 haec
2089 4380 2324 4454 propria
2350 4379 2520 4435 vestri
2548 4379 2796 4451 imperii,
2829 4381 2950 4436 haec
2977 4386 3250 4440 correctio
3281 4389 3454 4444 vestri
3473 4388 3576 4445 imo

1935 4475 2083 4548 perii
2109 4475 2288 4546 digna
2325 4474 2565 4542 Christo,
2614 4473 2790 4545 digna
2833 4475 3058 4547 imperii
3091 4478 3202 4534 ﬁde
3228 4522 3242 4550 ,
3278 4486 3579 4553 propterea

195 4581 578 4654 siasticarum,
608 4587 665 4638 et
683 4599 752 4639 ex
771 4585 880 4640 hoc
901 4584 1164 4640 deveniat
1191 4585 1442 4656 dispergi
1477 4585 1733 4656 ejusdem
1751 4600 1841 4640 res
1858 4586 1918 4659 D
1940 4569 2270 4644 Paciﬁcatur
2291 4567 2442 4623 Orbis
2481 4571 2672 4622 ίθῐτδδ·
2721 4570 2785 4622 Et
2811 4572 2943 4639 P03t
2981 4571 3082 4625 has
3106 4589 3266 4628 V0095
3289 4574 3579 4644 Ρίίεείωιιε

197 4676 476 4744 ecclesiae,
525 4681 583 4732 et
625 4678 957 4734 sacerdotali
994 4678 1259 4751 dignitati
1304 4678 1640 4734 obtrectatio
1670 4695 1838 4750 gene-

198 4775 376 4826 retur.
426 4770 487 4826 Si
521 4786 651 4827 vero
680 4772 807 4844 quis
850 4790 967 4829 non
1017 4773 1398 4830 observaverit
1445 4773 1587 4840 haec,
1634 4773 1839 4828 divinis

199 4864 501 4937 subjaceat
532 4867 768 4938 regulis.

271 4959 472 5014 XXVII.
521 4960 630 5015 Eos
661 4961 761 5032 qui
799 4961 907 5017 sibi
949 4962 1181 5034 rapiunt
1219 4978 1445 5032 uxores,
1473 4961 1561 5017 vel
1616 4977 1714 5016 eos
1740 4961 1840 5034 qui

199 5051 476 5108 auxilium
506 5053 912 5126 prmstiterunt,
936 5056 1135 5112 statuit
1150 5061 1342 5112 sancta
1367 5055 1634 5129 synodus,
1660 5054 1838 5127 siqui-

204 5145 338 5202 dem
359 5146 552 5203 clerici
572 5147 808 5220 fuerint,
837 5151 1050 5217 cadere,
1065 5151 1136 5218 de
1163 5150 1395 5225 proprio
1418 5151 1617 5224 gradu.
1637 5150 1841 5206 Sivero

204 5239 332 5296 laici
359 5241 597 5311 fuerint,
631 5244 938 5300 anathema
967 5244 1059 5301 sit.

656 5339 990 5410 Subscriptz'o
1018 5343 1400 5412 episcoporum.

280 5431 612 5488 Paschasius
655 5433 950 5506 episcopus
996 5434 1237 5490 civitatis
1290 5435 1627 5502 Lilibitanas,
1667 5433 1847 5489 vicem

211 5541 392 5597 agens
427 5526 742 5583 beatissimi
764 5529 1009 5601 episcopi
1039 5529 1260 5598 Leonis,
1303 5529 1578 5585 deﬁniens
1602 5527 1845 5583 subscri-

209 5619 345 5690 psit.
386 5621 692 5678 Lucentius
733 5621 1053 5695 episcopus,
1093 5622 1332 5679 civitatis
1360 5623 1759 5692 Ausculitanm,
1790 5621 1850 5675 id

211 5718 318 5784 est,
344 5714 527 5771 vicem
555 5733 735 5788 agens
777 5717 1114 5772 sanctissimi
1156 5718 1357 5773 Leonis
1399 5717 1671 5789 episcopi,
1718 5701 1851 5771 deii-

209 5807 378 5864 niens
402 5809 751 5883 subscripsit.
779 5812 1097 5867 Bonifacius
1123 5811 1419 5885 presbyter
1449 5812 1604 5868 urbis
1630 5813 1849 5878 Romae,

211 5901 395 5962 vicem
409 5920 586 5979 agens
617 5905 943 5980 apostolicae
969 5907 1145 5976 Sedis,
1193 5905 1469 5964 deﬁniens
1501 5905 1848 5977 subscripsit.

1935 4673 1991 4726 et
2008 4662 2368 4719 ﬁdelissimus
2384 4661 2698 4733 imperator
2725 4661 2799 4716 ad
2820 4665 3076 4720 sanctam
3093 4667 3376 4736 synodum
3395 4668 3539 4727 dixit
3556 4688 3570 4727 ς

1935 4759 2335 4818 Venerandam
2352 4755 2694 4812 catholicam
2710 4755 2885 4812 ﬁdem
2910 4762 3120 4814 sanctae
3138 4761 3482 4820 venerabilis
3492 4782 3583 4839 sy-

1935 4857 2071 4914 nodi
2114 4853 2429 4910 secundum
2462 4853 2694 4907 Patrum
2735 4850 3158 4924 expositionem
3195 4857 3578 4932 manifestam,

1933 4953 2096 5025 juxta
2110 4950 2302 5022 legem
2317 4951 2376 5003 et
2391 4945 2824 5004 convenientem
2837 4962 2978 5018 esse,
2991 4952 3180 5005 vestra
3192 4954 3580 5025 tranquillitas

1939 5046 2162 5120 probet,
2197 5046 2256 5100 et
2286 5059 2520 5099 omnem
2544 5043 2602 5097 in
2628 5044 2921 5113 posterum
2942 5044 3320 5102 contentionis
3339 5054 3579 5110 occasio-

1941 5157 2076 5198 nem
2092 5139 2242 5195 circa
2255 5155 2418 5194 suam
2436 5137 2610 5192 ﬁdem
2634 5137 2943 5208 amputari.
2961 5137 3017 5193 Si
3038 5138 3165 5210 quis
3177 5140 3356 5212 igitur
3377 5145 3578 5220 idiota,

1943 5236 2030 5292 vel
2047 5233 2331 5301 militaris,
2351 5249 2451 5288 seu
2471 5231 2706 5286 clericus
2721 5230 2945 5303 publice
2969 5233 3196 5290 turbam
3218 5253 3582 5314 congregans

1945 5330 2050 5386 sub
2073 5329 2306 5384 obtentu
2327 5324 2714 5397 dispositionis
2728 5326 3041 5382 tumultum
3062 5329 3283 5402 fecerit,
3299 5333 3580 5408 siquidem

1947 5424 2123 5480 idiota
2145 5420 2490 5494 proscriptus
2521 5420 2840 5490 expellatur
2866 5438 2902 5476 a
2936 5422 3098 5495 regia
3127 5425 3292 5499 urbe,
3324 5430 3584 5488 militaris

1946 5539 2081 5578 vero
2111 5539 2212 5576 seu
2249 5519 2488 5575 clericus
2533 5519 2743 5589 gradus
2767 5519 2867 5592 sui
2903 5521 3222 5592 periculum
3242 5529 3582 5601 _sustinebit,

1949 5621 2008 5672 et
2025 5617 2150 5672 aliis
2174 5614 2355 5687 poenis
2375 5602 2504 5685 subj
2513 5613 2719 5668 acebit.
2736 5610 2768 5722 Ι

1950 5735 2201 5791 Edictum
2238 5732 2527 5807 Martiani_
2541 5733 2887 5807 imperatoris
2927 5735 2987 5789 in
3011 5739 3412 5807 conﬁrmatione
3451 5756 3579 5799 οοηο

2457 5804 2572 5859 cilii
2609 5805 3069 5862 Chalcedonensis.

2023 5903 2395 5976 Imperatores
2437 5897 2906 5966 Valentinianus,
2957 5898 3263 5956 Martianus
3314 5905 3577 5981 Augusti,
