4058 6304
439 355 540 403 lilii

1329 353 1609 405 APPEND.
1652 352 1736 404 AD
1776 351 1934 404 S.~EC.
1981 350 2066 403 ΙΧ.
2097 377 2164 387 —-
2204 348 2451 404 lSlDORI
2490 349 2915 403 MERCATURIS

3706 353 3811 402 316

436 459 984 530 αιὶὶγενδίεςροριιιίε.
1019 459 1268 514 Tandem
1302 459 1608 530 aliquando
1648 459 1802 530 quod
1839 460 2102 543 summis‘

2187 459 2396 530 gligere
2452 458 2607 530 quod
2666 458 2764 512 diu
2829 458 3108 525 latuerat,
3143 455 3319 525 scivit,
3372 473 3477 510 nec
3532 457 3811 526 patefacto

433 554 576 607 votis
609 556 776 624 atque
807 553 1008 607 studiis
1041 553 1373 624 optabamus
1395 552 1605 619 evenit,
1638 557 1860 608 remota
1888 559 1971 608 est
2001 553 2070 606 de

437 646 754 700 orthodoxa
805 647 1258 702 Christianorum
1305 646 1433 716 lege
1479 647 1793 716 contentio,
1831 647 2070 700 tandem

433 740 693 794 remedia
721 741 1017 811 culpabilis
1047 740 1254 794 erroris
1293 740 1526 794 inventa
1575 745 1729 809 sunt,
1775 743 1833 793 et
1862 740 2073 793 discors

435 833 780 903 populorum
808 834 1086 888 sententia
1119 833 1174 886 in
1210 850 1388 888 unum
1433 850 1799 900 consensum,
1843 850 2070 888 concor-

438 925 708 997 diamque
731 928 1026 992 convenit;
1053 927 1122 980 ab
1141 927 1422 981 universis
1441 928 1614 981 etiam
1635 927 1932 998 provinciis
1949 929 2077 982 reli-

439 1019 743 1089 giosissimi
785 1020 1103 1074 sacerdotes
1136 1021 1559 1075 Chalcedonam
1590 1025 1890 1089 venerunt,
1915 1021 2076 1090 juxta

435 1119 628 1167 nostra
654 1117 956 1183 praecepta,
984 1118 1039 1168 et
1065 1115 1219 1184 quod
1249 1115 1540 1168 observari
1577 1115 1636 1168 in
1667 1115 1945 1184 religione
1977 1114 2074 1168 de-

435 1205 566 1260 beat
592 1207 885 1277 perspicua
918 1207 1259 1261 difﬁnitione
1305 1208 1641 1262 docuerunt.
1689 1207 1949 1261 Discessit
1977 1206 2077 1277 igi-

435 1303 530 1353 tur
547 1301 670 1369 jam
700 1301 948 1370 profana
971 1301 1287 1356 contentio.
1317 1302 1459 1355 Nam
1495 1317 1622 1355 vere
1655 1301 1866 1372 impius
1905 1304 2075 1371 atque

438 1393 749 1464 sacrilegus
768 1399 852 1448 est
869 1393 968 1464 qui
984 1399 1114 1464 post
1129 1399 1210 1448 tot
1224 1395 1579 1450 sacerdotum
1599 1395 1946 1449 sententiam
1961 1394 2079 1464 opi-

435 1485 596 1540 nioni
643 1503 757 1541 suae
812 1487 1029 1558 aliquid
1084 1488 1447 1543 tractandum
1490 1488 1744 1560 reliquit.
1803 1489 2079 1542 Extrema:

438 1580 650 1651 quippe
675 1581 978 1635 dementiae
1006 1584 1092 1635 est
1113 1581 1171 1634 in
1200 1583 1386 1636 medio
1413 1587 1471 1637 et
1496 1582 1795 1652 perspicuo
1816 1581 1904 1636 die
1920 1599 2075 1635 com-

440 1674 767 1728 mentitium
789 1675 986 1728 lumen
1021 1691 1298 1746 quaerere.
1327 1676 1591 1747 Quisquis
1617 1675 1770 1729 enim
1786 1679 1913 1746 post
1931 1675 2078 1729 veri-

439 1771 623 1821 tatem
650 1772 934 1839 repertam
947 1767 1166 1839 aliquid
1183 1769 1422 1823 ulterius
1443 1769 1691 1839 discutit,
1717 1769 2083 1823 mendatium

2174 554 2384 608 scelere
2414 569 2579 623 passa
2605 555 2691 605 est
2716 567 2943 622 poenam
2977 551 3203 605 sceleris
3233 549 3461 603 evitare.
3508 549 3815 604 Sententiis

2173 647 2362 716 itaque
2404 645 2606 698 divinis
2665 645 3050 714 humanisque
3096 643 3418 710 damnatus,
3475 642 3815 712 synodicum

2174 741 2491 804 decretum,
2542 741 2608 790 ut
2661 738 3006 804 merebatur,
3057 737 3292 806 accepit,
3331 753 3464 788 reus
3510 735 3811 802 divinitati,

2177 831 2300 904 '75
2357 831 2447 884 cui
2505 831 2749 884 faciebat
2790 830 3087 901 injuriam,
3139 846 3268 882 reus
3333 828 3620 894 omnibus,
3676 846 3817 900 quos

2177 925 2435 994 decipere
2489 924 2819 978 conabatur.
2873 923 3136 977 Proxime
3197 921 3412 976 etenim
3482 922 3817 976 innumera-

2174 1019 2316 1072 biles
2375 1034 2444 1071 ex
2513 1020 2632 1071 toto
2701 1017 2835 1071 orbe
2899 1015 3212 1070 beatissimi
3273 1015 3525 1086 episc0pi
3588 1015 3820 1069 Chalce-

2178 1112 2344 1165 donas
2392 1109 2722 1181 congregati
2769 1109 3029 1180 improba
3071 1108 3325 1179 praedicti
3368 1108 3677 1163 Eutichetis
3704 1125 3818 1161 una

2177 1221 2308 1258 cum
2330 1204 2543 1274 synodo
2583 1203 2706 1272 ejus
2735 1219 2901 1256 causa
2941 1202 3137 1255 habita
3169 1202 3434 1271 expulere
3466 1206 3814 1268 commenta,

2177 1298 2321 1351 sicut
2364 1299 2688 1351 sanctorum
2746 1295 2980 1349 deﬁnita
3018 1295 3308 1365 majorum
3345 1310 3471 1364 quae
3522 1295 3614 1347 vel
3663 1294 3819 1364 apud

2178 1391 2424 1444 Nicaeam
2480 1406 2513 1442 a
2538 1389 2805 1443 trecentis
2837 1389 3033 1442 decem
3064 1390 3122 1440 et
3165 1392 3288 1462 octo
3329 1387 3637 1441 constituta
3663 1391 3815 1453 sunt,

2178 1485 2267 1538 vel
2292 1485 2351 1537 in
2385 1484 2492 1536 hac
2521 1486 2715 1554 postea
2746 1482 2899 1536 alma
2927 1481 3066 1536 urbe
3091 1499 3125 1535 a
3145 1484 3378 1535 centum
3405 1479 3820 1552 quinquaginta

2180 1583 2312 1632 sunt
2341 1577 2622 1648 episcopis
2673 1576 2971 1643 declarata,
3025 1575 3113 1628 vel
3154 1574 3306 1645 apud
3337 1575 3642 1645 Ephesum,
3684 1589 3818 1626 cum

2181 1671 2422 1725 Nestorii
2451 1674 2536 1724 est
2566 1687 2727 1724 error
2756 1670 3028 1736 exclusus,
3068 1668 3506 1739 przesidentibus
3544 1669 3819 1721 Romanae

2182 1763 2360 1831 urbis,
2405 1763 2728 1832 Caelestino,
2786 1762 2990 1832 Cyrillo
3033 1766 3091 1815 et
3134 1760 3527 1816 Alexandrinas
3581 1759 3821 1814 civitatis

444 1835 871 1948 quaeritxl‘lemo
896 1835 1088 1932 itaque
1109 1863 1196 1916 vel
1225 1863 1456 1916 clericus
1490 1835 1741 1917 militans
1768 1867 1822 1916 et
1850 1862 2082 1916 alterius
2103 1844 2158 1915 Β
2184 1857 2488 1927 episcopis.
2519 1858 2595 1910 Ea
2622 1855 2798 1926 igitur
2825 1872 2952 1926 quae
2986 1859 3117 1909 sunt
3127 1855 3295 1925 juxta
3312 1854 3612 1926 pristinam
3649 1853 3817 1907 disci-

442 1953 746 2022 cujuslibet
775 1956 1115 2009 conditionis
1133 1955 1203 2009 de
1235 1957 1348 2010 ﬁde
1379 1956 1696 2011 Christiana
1725 1956 1952 2027 publice
1974 1958 2082 2010 ter-

441 2046 658 2102 minata
697 2047 1027 2102 coadunatis
1076 2051 1132 2103 et
1169 2049 1529 2104 audientibus
1576 2053 1817 2104 tractare
1848 2051 2084 2103 conetur

443 2138 501 2192 in
536 2145 848 2210 posterum,
868 2158 933 2195 ex
962 2143 1071 2196 hoc
1087 2143 1372 2197 tumultus
1391 2147 1447 2197 et
1463 2142 1712 2214 perﬁdiae
1725 2143 2082 2196 occasionem

442 2233 759 2303 requirens.
785 2236 927 2288 Nam
953 2235 1028 2305 inj
1041 2235 1226 2289 uriam
1245 2236 1378 2290 facit
1397 2236 1614 2306 judicio
1645 2235 2083 2307 religiosissima:

444 2327 668 2396 synodi,
701 2327 903 2398 sijquis
927 2331 1103 2384 semel
1123 2329 1384 2399 judicata
1413 2334 1565 2384 recte
1601 2330 1871 2401 disposita
1899 2331 2080 2384 revol-

447 2436 598 2486 vere,
631 2423 688 2474 et
735 2421 957 2490 publice
1003 2423 1292 2494 disputare
1324 2423 1635 2478 contendit.
1667 2426 1809 2479 Cum
1850 2441 1917 2477 ea
1955 2440 2083 2494 quae

445 2529 598 2567 nunc
625 2514 692 2568 de
713 2515 1030 2570 Christiana
1051 2517 1161 2570 ﬁde
1187 2520 1397 2571 statuta
1415 2521 1547 2571 sunt
1558 2518 1726 2589 juxta
1749 2517 2084 2588 apostolicas

445 2606 826 2676 expositiones
868 2614 926 2663 et
965 2609 1227 2664 instituta
1270 2613 1594 2665 sanctorum
1634 2613 1868 2666 Patrum
1899 2615 2001 2667 318
2029 2614 2086 2665 et

449 2703 546 2754 150
578 2700 810 2756 deﬁnita
836 2718 958 2756 esse
986 2709 1320 2758 noscuntur.
1352 2704 1495 2757 Nam
1522 2703 1582 2758 in
1604 2705 2085 2776 contemptoribus

448 2793 618 2862 hujus
642 2793 786 2864 legis
812 2811 985 2865 paena
1015 2813 1130 2850 non
1151 2796 1353 2863 deerit,
1381 2797 1515 2867 quia
1542 2814 1660 2851 non
1688 2799 1869 2852 solum
1890 2803 2087 2853 contra

446 2886 623 2940 ﬁdem
653 2887 797 2942 bene
819 2890 1193 2960 compositam
1214 2890 1471 2958 veniunt,
1499 2891 1596 2945 sed
1628 2891 1804 2946 etiam
1829 2892 2012 2947 Judaei
2033 2899 2088 2947 et

446 2979 655 3050 pagani
680 2985 745 3035 et
774 2981 1169 3052 hujuscemodi
1213 2984 1526 3038 certamine
1576 2986 1889 3056 profanant
1913 3002 2083 3042 vene-

446 3073 629 3127 randa
669 3075 958 3145 mysteria.
991 3077 1168 3146 Igitur
1211 3077 1254 3131 si
1299 3078 1534 3133 clericus
1560 3078 1686 3148 erit,
1729 3080 1827 3151 qui
1866 3080 2087 3151 publice

444 3170 690 3221 tractare
719 3167 788 3222 de
813 3168 1093 3240 religione
1121 3187 1290 3225 ausus
1319 3171 1510 3240 fuerit,
1539 3190 1571 3227 a
1603 3174 1888 3229 consortio
1921 3175 2085 3229 cleri-

2182 1951 2399 2021 plinam
2438 1968 2471 2003 a
2495 1948 2808 2004 venerabili
2838 1948 3056 2019 synodo
3095 1947 3544 2002 Chalcedonensi
3585 1947 3823 2001 deﬁnita

2181 2045 2282 2098 illa
2308 2044 2419 2098 ﬁde
2443 2061 2556 2115 qua
2584 2045 2767 2097 Deum
2795 2043 3032 2096 colimus
3060 2058 3166 2114 per
3182 2041 3377 2095 omnia
3397 2041 3676 2095 servanda
3694 2057 3825 2095 cen-

2183 2142 2400 2192 suimus
2431 2143 2600 2208 atque
2629 2153 2944 2204 censemus,
2979 2136 3112 2206 quia
3150 2136 3313 2190 valde
3355 2152 3710 2206 consequens
3739 2139 3828 2190 est

2187 2237 2246 2286 ut
2274 2233 2633 2286 sacerdotum
2663 2247 2803 2301 pura
2820 2235 3012 2284 mente
3041 2231 3219 2284 Deum
3238 2228 3549 2284 colentium
3567 2229 3822 2298 deﬁnita,

2184 2343 2310 2397 quae
2361 2342 2464 2396 pro
2516 2325 2974 2379 orthodoxorum
3036 2323 3149 2378 ﬁde
3208 2326 3562 2377 sacrosancta
3615 2339 3823 2376 secun-

2187 2419 2326 2473 dum
2357 2420 2588 2472 Patrum
2611 2417 2836 2488 regulas
2850 2420 3284 2488 praecesserunt,
3306 2433 3424 2470 una
3445 2433 3574 2470 cum
3592 2433 3828 2471 venera-

2184 2513 2338 2567 tione
2387 2528 2739 2566 conservare.
2781 2511 3064 2575 Quoniam
3093 2509 3420 2581 principalis
3451 2509 3827 2581 providentiae

2186 2610 2269 2661 est
2287 2622 2457 2660 omne
2488 2607 2706 2660 malum
2747 2605 2898 2659 inter
2927 2604 3090 2658 initia
3117 2603 3467 2675 opprimere,
3505 2607 3562 2658 et
3588 2619 3826 2675 serpen-

2184 2704 2308 2755 tum
2352 2700 2617 2754 morbum
2661 2701 2857 2769 legum
2891 2697 3176 2753 medicina
3213 2713 3489 2764 resecare,
3542 2698 3649 2751 hac
3695 2698 3828 2768 lege

2185 2793 2549 2848 decernimus
2578 2810 2670 2847 cos
2697 2792 2793 2864 qui
2825 2791 3131 2847 Eutichetis
3152 2807 3343 2846 errore
3371 2790 3738 2862 decipiuntur
3754 2790 3830 2844 ad

2187 2888 2514 2958 exemplum
2547 2886 3070 2958 Appollinariorum
3116 2902 3257 2957 quos
3296 2885 3560 2939 Eutiches
3599 2889 3831 2939 secutus

2187 2985 2288 3049 est,
2318 2999 2460 3052 quos
2501 2981 2849 3035 venerabiles
2897 2982 3130 3034 Patrum
3155 2977 3391 3050 regulas,
3423 2979 3480 3032 id
3521 2981 3626 3045 est,
3657 2978 3834 3032 eccle-

2187 3075 2392 3130 siastici
2424 3091 2672 3129 canones
2699 3078 2754 3129 et
2777 3074 3040 3129 divorum
3066 3073 3396 3145 principum
3429 3071 3829 3127 sacratissimze

2190 3169 2509 3224 sanctiones
2535 3169 2934 3235 condemnant,
2962 3168 3184 3222 nullum
3213 3168 3564 3238 episcopum,
3601 3166 3828 3220 nullum

454 3218 478 3220 ν
668 3218 682 3221 -
813 3218 1090 3240 ____O____,
1123 3218 1289 3225 η---
1319 3218 1510 3240 nm",
1539 3218 1571 3227 w
1603 3218 1886 3229 wuwuw
1923 3218 2055 3229 ων,
2190 3218 2506 3224 ηψπ---η-
2539 3218 2934 3235 -,______“___,
2962 3218 3184 3222 _w__-__,_
3221 3218 3431 3238 Ἰηπτ
3453 3218 3563 3236 __,
3602 3218 3702 3220 ηπ

449 3276 648 3315 corum
702 3263 1105 3318 removebitur.
1154 3265 1208 3320 Si
1262 3282 1396 3319 vero
1435 3266 1639 3321 militia
1686 3268 1956 3338 praeditus
1995 3218 2163 3337 sit,C‘
2189 3263 2602 3333 presbyterum,
2652 3263 2838 3317 nullos
2886 3278 3076 3316 creare
3121 3262 3207 3314 vel
3258 3261 3542 3332 appellare
3572 3260 3828 3327 clericos,

450 3354 680 3426 cingulo
720 3357 1147 3427 exspoliabitur.
1181 3360 1380 3413 Caeteri
1416 3360 1588 3414 etiam
1618 3361 1788 3431 hujus
1837 3362 2090 3416 criminis

2187 3358 2486 3428 ipsumque
2504 3357 2857 3411 Eutichetem
2884 3355 3120 3410 nomine
3134 3355 3447 3426 presbyteri
3457 3371 3569 3426 quo
3586 3353 3832 3425 indigne

450 3448 534 3502 rei
579 3450 648 3503 de
698 3450 804 3504 hac
842 3452 1192 3506 sanctissima
1237 3454 1375 3507 urbe
1431 3455 1722 3524 pellantur
1751 3472 1854 3526 pro
1893 3456 2089 3528 vigore
2116 3480 2139 3528 λι
2189 3453 2358 3505 utens
2385 3451 2735 3521 exspoliatus
2764 3453 2866 3517 est,
2895 3451 2954 3504 in
2976 3453 3156 3504 totum
3183 3465 3396 3504 carere.
3422 3449 3481 3503 Si
3507 3449 3601 3519 qui
3631 3454 3832 3502 tamen

450 3489 534 3502 η.
579 3489 648 3503 μυ
698 3489 804 3504 μων
842 3489 1192 3506 summam...
1238 3489 1375 3507 υιυυ
1433 3489 1710 3524 penem.”
1752 3489 1854 3526 pm
1900 3489 2089 3528 "gum

441 3542 941 3612 judiciario,etiam
959 3548 1414 3616 competentibus
1425 3549 1714 3619 suppliciis
1726 3489 2134 3640 subjugandi./

451 3636 682 3692 Constat
717 3637 871 3692 enim
898 3639 1182 3694 hareticse
1211 3641 1448 3696 insaniae
1463 3643 1693 3697 exordia
1719 3636 2092 3716 fomitemque

449 3730 674 3798 nutriri,
709 3731 846 3786 dum
889 3734 1116 3803 publice
1161 3735 1393 3804 quidam
1439 3735 1732 3807 disputant
1760 3741 1930 3807 atque
1955 3753 2090 3792 con-

451 3825 716 3878 tendunt.
750 3825 1018 3880 Universa
1040 3841 1178 3895 ergo
1199 3843 1329 3897 quae
1350 3844 1383 3880 a
1409 3831 1606 3882 sancta
1633 3830 1846 3899 synodo
1870 3830 2094 3885 Chalce-

454 3916 625 3970 donia
651 3917 956 3972 constituta
977 3922 1128 3987 sunt,
1153 3920 1435 3974 custodire
1455 3920 1765 3989 debebunt,
1783 3923 1926 3977 nihil
1948 3928 2096 3994 post-

453 4025 517 4062 ea
543 4008 873 4063 dubitaturi.
914 4011 1027 4064 Hoc
1069 4010 1264 4083 itaque
1309 4014 1649 4069 commoniti
1679 4020 1886 4070 nostrae
1923 4017 2096 4072 since-

455 4102 638 4156 ritatis
663 4103 870 4171 edicto,
900 4104 1152 4160 obsistite
1182 4107 1431 4176 profanis
1455 4108 1704 4180 vocibus,
1733 4109 1974 4165 ulterius
1993 4112 2094 4166 de-

453 4195 619 4250 sinite
651 4196 720 4250 de
745 4197 951 4251 divinis
983 4199 1273 4270 disputare
1300 4202 1451 4272 quod
1475 4203 1638 4258 nefas
1677 4207 1781 4275 est,
1816 4205 1950 4276 quia
1975 4223 2092 4260 non

458 4289 647 4344 solum
672 4289 863 4346 divino
873 4291 1088 4361 judicio
1117 4299 1414 4364 peccatum
1438 4296 1563 4365 hoc,
1592 4301 1762 4368 prout
1789 4297 2094 4368 credimus,

454 4382 748 4454 punietur,
781 4400 982 4440 verum
1005 4386 1174 4442 etiam
1195 4387 1390 4459 legum
1409 4394 1466 4444 et
1485 4389 1746 4461 judicum
1766 4393 2097 4448 auctoritate

452 4477 819 4534 coercebitur.
866 4481 1155 4552 Proposita
1204 4499 1281 4536 vn
1337 4483 1572 4539 Kalend.
1625 4486 1916 4541 Februarii
1957 4489 2100 4543 Con-

452 4571 821 4646 stantinopoli
843 4575 1080 4631 Patricio
1102 4579 1351 4632 consule.

447 4687 645 4760 Incipit
673 4707 832 4747 sacra
888 4693 1265 4749 Valentiniani
1319 4699 1370 4750 et
1410 4697 1682 4751 Martiani
1718 4696 2096 4765 Augustorum

515 4767 641 4836 post
664 4834 677 4836 _
713 4765 998 4819 concilium
1064 4766 1490 4823 Chalcedonense
1554 4770 1614 4821 in
1693 4772 2095 4836 conﬁrmatione

524 4834 761 4902 ejusdem
789 4837 1001 4890 concilii
1028 4841 1079 4891 et
1109 4837 1460 4893 damnatione
1481 4834 1848 4894 haereticornm
1866 4844 2092 4897 sanctio.

529 4944 898 5015 Imperatores
937 4949 1373 5006 VALENTINIANUS
1410 4952 1467 5004 et
1507 4950 1820 5007 MARTIANUS
1853 4953 2096 5024 Augusti

457 5037 729 5094 PALLADIO
756 5041 1021 5111 praefecto
1050 5043 1325 5113 praetorii.

525 5131 736 5188 Divina
757 5150 982 5206 semper
1008 5137 1283 5207 potentias
1310 5137 1626 5194 referendae
1656 5143 1827 5211 atque
1856 5140 2095 5210 agendae

455 5227 589 5280 sunt
619 5226 837 5296 gratiae,
866 5243 994 5299 quae
1022 5234 1280 5286 auctores
1307 5232 1556 5301 haeresis,
1577 5249 1707 5304 qua:
1728 5234 1967 5301 occulta,
1993 5249 2095 5289 nec

455 5320 632 5375 latere
688 5322 966 5391 concedit,
1028 5341 1132 5378 nec
1183 5327 1384 5380 durare
1459 5327 1744 5398 impunita
1793 5327 2092 5399 permittit.

457 5414 718 5479 Quorum
746 5432 928 5471 unum
969 5418 1258 5475 malorum
1284 5421 1513 5492 legendi
1541 5421 1719 5477 habet
1751 5422 1981 5493 plenam
2008 5421 2094 5476 fa-

455 5511 751 5579 cultatem,
770 5512 1014 5566 alterum
1029 5515 1384 5585 praecavendi
1410 5515 1633 5571 caeteris
1657 5519 1889 5588 praestat
1907 5532 2096 5571 exem-

453 5606 634 5674 plum.
682 5607 844 5661 Cura:
885 5607 1060 5679 igitur
1099 5625 1220 5663 esse
1255 5607 1538 5662 divinitati
1582 5610 1887 5664 hominum
1915 5612 2092 5680 actus,

457 5701 513 5750 et
537 5699 783 5755 maxime
814 5702 1192 5756 reverentiam
1219 5701 1514 5770 religionis
1530 5705 1789 5772 proxime
1819 5705 1877 5759 in
1897 5705 2096 5760 conﬁr-

458 5791 668 5844 manda
712 5794 987 5848 catholica
1026 5795 1140 5848 ﬁde
1175 5789 1469 5847 evidenter
1497 5798 1780 5866 apparuit,
1832 5815 1964 5852 cum
1994 5816 2096 5852 nec

460 5882 812 5945 Eutichetem
842 5888 1244 5942 sceleratorum
1277 5884 1610 5957 dogmatum
1641 5893 1976 5945 sectatorem
2003 5907 2096 5946 ne-

2189 3550 2382 3599 contra
2412 3545 2648 3599 deﬁnita
2674 3548 2872 3599 nostra
2898 3544 3212 3615 episcopos,
3249 3543 3625 3615 presbyteros,
3658 3547 3830 3598 caete-

2188 3655 2394 3710 rosque
2445 3638 2673 3693 clericos
2727 3639 2848 3693 ausi
2904 3637 3116 3692 fuerint
3165 3653 3235 3691 ex
3296 3637 3385 3691 his
3440 3652 3654 3704 creare,
3711 3641 3832 3691 tam

2191 3733 2370 3787 factos
2389 3748 2565 3803 quam
2593 3731 2868 3786 facientes
2899 3733 2984 3786 vel
3011 3734 3419 3801 praesumentes
3442 3730 3566 3799 sibi,
3601 3734 3835 3785 cuncto-

2191 3842 2317 3880 rum
2346 3827 2627 3880 bonorum
2653 3824 2944 3879 amissioni
2970 3824 3340 3895 periculoque
3367 3823 3658 3893 subjacere
3679 3823 3831 3877 exsi-

2192 3920 2252 3972 lii
2273 3920 2532 3990 perpetui
2558 3919 2943 3990 prascipimus.
2973 3917 3369 3989 Congregandi
3397 3921 3592 3972 autem
3622 3932 3830 3971 mona-

2194 4013 2346 4081 chos,
2399 4018 2498 4068 ant
2561 4012 2882 4068 aediﬁcandi
2928 4012 3276 4066 monasteria
3341 4011 3562 4065 nullum
3627 4027 3832 4064 eorum

2186 4106 2455 4178 jubemus
2496 4106 2706 4161 habere
2747 4106 3056 4175 licentiam,
3106 4106 3231 4160 loca
3275 4105 3419 4159 forte
3446 4105 3506 4158 in
3549 4119 3677 4174 quae
3708 4103 3834 4157 ausi

2194 4200 2499 4256 convenire
2523 4200 2832 4271 aliquando
2861 4199 3207 4255 tentaverint
3233 4198 3542 4265 confiscari,
3571 4197 3618 4251 si
3636 4200 3834 4253 tamen

2203 4295 2431 4350 domino
2461 4294 2570 4348 loci
2601 4293 2812 4348 sciente
2831 4277 3411 4442 convenerintllQuod
3439 4293 3484 4346 si
3524 4291 3833 4362 ignorante

2203 4392 2426 4442 auctore
2438 4387 2825 4442 convenerint.
2849 4388 3223 4442 conductores
3267 4387 3372 4442 oci.
3395 4386 3639 4441 fustibus
3655 4402 3832 4440 cassos

2196 4392 2426 4444 auctore
2438 4387 2825 4459 convenerint,
2849 4386 3372 4456 conductores'loci,
3395 4386 3639 4441 fustibus
3655 4402 3832 4440 caesos

2199 4483 2651 4555 deportationem
2665 4482 2858 4538 subire
2879 4498 3196 4538 censemus.
3214 4483 3365 4553 Ipsos
3387 4484 3661 4553 praeterea
3685 4479 3833 4534 nihil

2113 4592 2266 4664 Dex
2312 4580 2656 4632 testamento
2713 4577 3102 4648 cujuscunque
3152 4592 3373 4648 capere,
3415 4574 3556 4630 nihil
3602 4573 3684 4629 eis
3735 4572 3836 4644 qui

2196 4671 2450 4743 ejusdem
2479 4671 2688 4726 erroris
2731 4671 2846 4727 sint
2889 4670 3214 4742 relinquere
3242 4687 3349 4743 per
3372 4671 3731 4738 testamenta,
3763 4666 3834 4722 ad

2195 4767 2412 4821 nullam
2450 4783 2548 4822 eos
2586 4766 2840 4838 patimur
2871 4765 3086 4837 spirare
3114 4763 3400 4831 militiam,
3441 4763 3551 4818 nisi
3587 4763 3736 4817 forte
3762 4760 3836 4815 ad

2195 4861 2610 4916 cohortalinam
2644 4861 2734 4914 vel
2777 4861 3154 4914 limitaneam.
3185 4859 3244 4914 Si
3287 4857 3415 4930 quis
3459 4856 3633 4912 etiam
3676 4859 3834 4910 extra

2195 4954 2529 5026 praedictam
2582 4953 2846 5008 militiam
2895 4953 3156 5008 inventus
3213 4951 3386 5006 fuerit
3436 4949 3698 5018 militare,
3746 4948 3833 5002 vel

2196 5048 2330 5120 quia
2362 5049 2482 5119 ejus
2519 5047 2579 5102 in
2610 5047 2888 5118 religione
2929 5046 3302 5118 ignorabatur
3338 5043 3698 5116 perversitas,
3746 5040 3833 5095 vel

2196 5142 2330 5213 quia
2360 5145 2486 5212 post
2513 5141 2788 5214 adeptum
2815 5140 3111 5212 cingulum
3139 5141 3212 5194 ad
3249 5139 3401 5193 hunc
3432 5137 3659 5193 devenit
3683 5151 3837 5191 erro-

2196 5251 2340 5304 rem,
2370 5235 2584 5290 solutus
2627 5234 2829 5289 militia
2855 5233 3207 5289 inﬁdelitatis
3247 5250 3364 5287 suae
3391 5232 3645 5286 fructum
3681 5229 3837 5283 hunc

2195 5328 2420 5398 habeat,
2449 5334 2514 5383 ut
2547 5329 2901 5400 optimorum
2921 5331 2978 5382 et
3002 5327 3198 5399 palatii
3223 5324 3628 5382 communione
3655 5324 3836 5395 prive-

2193 5427 2306 5490 tur,
2337 5440 2443 5477 nec
2467 5423 2602 5477 alibi
2627 5439 2800 5494 quam
2835 5423 2895 5477 in
2945 5439 3060 5494 quo
3093 5427 3262 5477 natus
3304 5424 3391 5476 est
3433 5419 3554 5474 vico
3585 5418 3674 5472 vel
3707 5416 3836 5472 civi-

2195 5520 2309 5570 tate
2346 5522 2629 5572 versetur.
2657 5517 2819 5582 Quod
2853 5516 2898 5571 si
2928 5516 3026 5588 qui
3058 5533 3255 5571 eorum
3274 5515 3336 5568 in
3365 5515 3470 5569 hac
3489 5515 3642 5567 alma
3665 5513 3833 5580 urbe,

2195 5609 2350 5682 quod
2381 5610 2534 5665 credi
2579 5611 2733 5680 nefas
2777 5614 2878 5680 est,
2915 5609 3093 5682 geniti
3133 5613 3284 5678 sunt,
3316 5612 3438 5663 tam
3467 5607 3536 5662 de
3562 5607 3669 5661 hac
3695 5603 3835 5660 civi-

2195 5707 2308 5758 tate
2362 5705 2670 5759 venerabili
2698 5687 2897 5776 quam
2938 5704 3315 5759 sacratissimo
3369 5701 3641 5756 comitatu
3681 5701 3740 5753 et
3764 5714 3835 5753 ex

2197 5798 2356 5852 omni
2409 5798 2782 5853 excludantur
2825 5798 3265 5871 metropolitana
3317 5795 3560 5851 civitate.
3617 5793 3686 5848 Et
3728 5792 3837 5846 hoc

2197 5893 2429 5966 quidem
2475 5892 2820 5964 generaliter
2859 5894 3008 5948 circa
3056 5908 3254 5948 omnes
3294 5887 3710 5956 constituimus,
3739 5884 3839 5959 qui
