4058 6340
163 372 253 425 317

1393 370 1862 431 DECRETALIUM
1900 374 2284 431 COLLECTIO.

3423 379 3524 430 318

163 478 260 531 hac
290 452 452 533 clade
480 476 811 549 pollutionis
838 479 1038 550 polluti
1054 482 1186 534 sunt
1200 481 1292 534 vel
1315 436 1792 631 polluunturfos
1813 484 2042 569 Acenti
2085 485 2282 539 decem
2322 486 2381 537 et
2423 487 2551 538 octo
2582 485 2763 539 sancti
2807 485 2998 539 Patres
3036 482 3413 550 tradiderunt,
3444 500 3529 537 ca-

163 576 346 624 autem
375 570 476 631 qui
503 576 635 626 ante
661 571 847 626 clerici
880 573 1331 628 orthodoxorum
1359 575 1494 630 ﬁdei
1518 582 1574 631 et
1601 593 1661 631 m
1701 594 1796 631 na-
1894 577 2162 631 tholicam
2181 579 2440 631 sanctam
2459 576 2633 631 ﬁdem
2655 577 2715 631 in
2735 577 2920 631 Nicaea
2944 576 3169 631 civitate
3194 575 3525 631 fundantes.

162 576 346 624 autem
375 570 476 641 qui
503 576 635 626 ante
661 571 847 626 clerici
880 573 1331 628 orthodoxorum
1359 575 1494 630 ﬁdei
1518 582 1574 631 et
1601 570 1796 632 mdna-

162 662 244 717 chi
258 664 502 733 quidam
519 664 617 735 qui
630 664 941 720 Eutichetis
961 665 1214 720 habuere
1229 667 1627 737 diversorium,
1645 670 1792 741 quod

164 772 344 827 neque
374 757 790 811 monasterium
818 757 1123 813 dicendum
1151 764 1253 827 est,
1283 778 1350 815 eo
1377 759 1529 832 quod
1555 763 1615 816 in
1635 779 1693 816 se
1709 779 1797 816 re-

163 848 392 919 ligionis
420 849 625 904 habuit
650 850 928 921 inimicos,
949 852 1048 923 qui
1069 853 1256 907 adhuc
1282 871 1460 924 usque
1490 855 1548 908 in
1578 859 1795 909 tantam

164 941 447 997 insaniam
494 950 871 1013 recesserunt,
922 950 986 1000 ut
1032 945 1230 1000 relicto
1266 948 1602 1003 venerabilis
1640 949 1797 1003 cultu

164 1036 457 1107 religionis
481 1037 543 1091 in
568 1038 835 1108 synodico
868 1038 1096 1093 decreto
1126 1039 1504 1095 Chalcedonio
1529 1042 1684 1112 quod
1704 1046 1794 1096 to-

163 1128 266 1182 tius
300 1145 452 1200 pene
493 1130 645 1184 orbis
674 1132 906 1186 adunati
930 1132 1201 1187 deﬁniere
1236 1134 1575 1204 sacerdotes,
1610 1134 1793 1189 infau-

165 1229 302 1281 stam
334 1227 648 1282 Eutichetis
694 1228 873 1283 secuti
916 1232 1049 1284 sunt
1089 1232 1484 1302 assertionem,
1514 1233 1632 1303 qui,
1666 1249 1799 1288 vera

165 1319 281 1374 luce
308 1321 558 1388 deserta,
588 1322 853 1377 tenebras
903 1323 1195 1394 eligendas
1243 1340 1363 1379 esse
1407 1326 1794 1397 crediderunt,

166 1413 426 1468 omnibus
451 1416 636 1485 poenis
662 1432 790 1486 quae
816 1417 1270 1487 praecedentibus
1291 1418 1513 1489 legibus
1530 1420 1798 1475 adversus

166 1506 463 1561 haereticos
493 1507 745 1563 deﬁnita}
770 1514 921 1577 sunt,
948 1510 1217 1580 jubemus
1241 1512 1443 1579 teneri,
1484 1512 1600 1567 imo
1641 1516 1799 1568 extra

168 1600 493 1655 Romanum
522 1601 721 1673 expelli
750 1603 954 1669 solum,
985 1603 1128 1658 sicut
1154 1605 1540 1675 praecedentes
1568 1606 1796 1677 religio-

167 1693 399 1748 sissimae
428 1694 860 1750 constitutiones
890 1696 960 1751 de
984 1697 1303 1752 Manichzeis
1333 1700 1700 1766 constituere,
1724 1716 1798 1754 ne

165 1802 363 1841 eorum
390 1788 682 1843 venenatis
712 1789 1004 1844 fraudibus
1035 1790 1433 1863 sceleratisque
1464 1792 1800 1847 commentis

1894 577 2162 631 tholicam
2181 579 2440 631 sanctam
2459 576 2633 632 ﬁdem
2655 577 2715 631 in
2735 577 2920 631 Nicaea
2944 576 3169 631 civitate
3194 575 3525 642 fundantes,

1893 671 1983 725 vel
2026 670 2108 725 ita
2152 674 2217 723 ut
2264 673 2362 725 I50
2406 670 2500 724 alii
2538 669 2891 725 venerabiles
2930 670 3179 741 episcopi
3208 669 3305 741 qui
3333 668 3393 724 in
3423 670 3528 725 hac

1894 764 2043 818 alma
2072 763 2212 817 urbe
2241 763 2866 835 Constantinopolitana
2892 769 3086 835 postea
3114 767 3524 833 convenerunt,

1897 857 2042 911 sicut
2065 856 2402 912 Athanasius
2442 862 2499 911 et
2536 858 2897 928 Theophilus,
2944 860 3002 912 et
3043 857 3279 929 Cyrillus
3316 860 3526 912 sanctae

1896 950 2301 1005 recordationis
2344 950 2596 1022 episcopi
2644 950 3041 1005 Alexandrinae
3089 951 3353 1020 civitatis,
3400 966 3523 1005 cre-

1898 1044 2186 1111 diderunt,
2227 1059 2372 1115 quos
2408 1044 2583 1098 etiam
2621 1044 2904 1114 Ephesina
2929 1044 3197 1116 synodus,
3227 1044 3317 1098 cui
3341 1044 3526 1098 beatae

1896 1137 2188 1191 memoriae
2231 1137 2473 1207 Cyrillus
2517 1137 2762 1207 praefuit,
2810 1137 2871 1191 in
2915 1154 3028 1208 qua
3070 1136 3312 1192 Nestorii
3363 1153 3526 1191 error

1897 1230 2161 1301 expulsus
2207 1233 2312 1300 est,
2358 1230 2654 1285 universos
2692 1233 2883 1284 secuta
2911 1246 3052 1300 esse,
3094 1247 3233 1301 quos
3258 1235 3315 1286 et
3336 1247 3526 1303 nuper

1896 1322 2229 1377 venerabilis
2249 1323 2604 1378 Chalcedone
2624 1323 2875 1395 synodus
2895 1326 2977 1377 est
3003 1326 3215 1391 secuta,
3243 1323 3526 1395 prioribus

1898 1416 2147 1471 conciliis
2174 1416 2532 1472 sacerdotum
2563 1433 2631 1471 ex
2656 1416 2811 1471 omni
2838 1432 3069 1487 prorsus
3098 1419 3257 1488 parte
3284 1433 3524 1473 consen-

1898 1510 2194 1580 tientibus,
2225 1509 2482 1581 nihilque
2525 1509 2787 1564 adimens
2813 1527 2847 1564 a
2885 1514 3240 1565 sacrosancto
3271 1510 3526 1581 symbolo

1896 1620 2085 1674 neque
2111 1603 2381 1675 adjiciens
2408 1620 2505 1658 seu
2529 1602 2841 1658 Eutichetis
2862 1604 3138 1674 dogmata
3152 1603 3383 1658 funesta
3403 1620 3529 1659 con-

1899 1698 2221 1753 demnans:
2256 1697 2436 1753 sciant
2490 1713 2549 1752 se
2606 1714 2726 1752 esse
2782 1697 3127 1767 haereticos;
3184 1697 3530 1768 Apollinaris

1901 1790 2056 1846 enim
2082 1790 2623 1846 facinorosissimam
2646 1794 2854 1845 sectam
2876 1790 3142 1845 Eutiches
3157 1794 3214 1844 et
3237 1789 3532 1845 Dioscorus

166 1879 536 1935 innocentum
598 1882 686 1936 vel
753 1881 1113 1938 inﬁrmorum
1178 1884 1356 1939 animi
1421 1865 2033 1956 decipiantur.Bsunt
2075 1884 2268 1940 secuti.
2314 1885 2559 1955 Ideoque
2606 1901 2804 1938 omnes
2847 1883 2909 1938 hi
2946 1883 3044 1955 qui
3080 1883 3418 1955 Apollinaris
3444 1884 3533 1939 vel

167 1974 569 2045 Comperimus
591 1979 871 2047 praeterea
891 1977 1157 2048 quaedam
1184 1994 1281 2032 eos
1308 1978 1369 2033 in
1394 1980 1801 2034 contumeliam

166 2067 459 2138 religionis
504 2073 561 2123 et
607 2068 881 2124 invidiam
907 2071 1244 2126 venerabilis
1274 2072 1557 2143 synodicae
1586 2073 1797 2127 difﬁni-

164 2160 335 2214 tionis
368 2161 545 2215 fuisse
574 2162 863 2233 mentitos,
893 2164 1337 2236 conscriptisque
1368 2165 1523 2220 libris
1550 2170 1607 2221 et
1629 2167 1798 2221 char-

166 2259 354 2309 tarum
394 2255 565 2310 tomis
612 2256 772 2327 plura
817 2257 1069 2326 ﬁnxisse,
1114 2275 1243 2329 quae
1275 2276 1477 2313 eorum
1512 2259 1801 2315 insaniam

166 2347 433 2402 adversus
459 2364 653 2403 veram
684 2348 858 2405 ﬁdem
884 2352 1082 2422 aperte
1119 2351 1433 2423 signarent,
1470 2356 1641 2424 atque
1670 2353 1799 2407 ideo

166 2441 534 2513 praecipimus
561 2442 890 2514 ubicunque
917 2444 1244 2515 hujusmodi
1276 2445 1551 2516 scriptura
1574 2450 1803 2516 reperta

166 2535 344 2589 fuerit
369 2536 605 2606 ignibus
635 2537 1008 2592 concremari.
1054 2539 1164 2593 Eos
1206 2554 1339 2593 vero
1383 2539 1483 2609 qui
1527 2539 1803 2610 sequendi

167 2628 358 2683 studio
390 2629 681 2684 audierint
710 2629 787 2684 sic
808 2631 1077 2685 scelerata
1099 2631 1491 2699 disserentem,
1521 2633 1799 2687 denarum

166 2722 450 2777 librarum
506 2722 630 2777 auri
681 2724 1022 2779 multatione
1070 2725 1502 2796 compescimus.
1533 2728 1639 2780 Eos
1673 2742 1803 2780 vero

165 2816 267 2887 qui
292 2816 379 2869 vel
414 2815 744 2887 scripserint
770 2818 858 2872 vel
885 2818 1008 2872 aliis
1048 2819 1291 2890 legenda
1319 2818 1661 2874 tradiderint
1701 2819 1802 2873 do-

167 2909 335 2964 cendi
380 2910 569 2964 studio
617 2911 707 2964 vel
756 2910 1029 2981 discendi,
1078 2928 1372 2968 censemus
1413 2912 1805 2984 deportatione

168 3002 399 3073 puniri;
457 3003 700 3057 delenda
744 3006 830 3057 est
876 3005 1029 3059 enim
1082 3006 1203 3059 haec
1250 3005 1495 3060 infausta
1547 3006 1801 3073 haeresis,

170 3097 315 3152 sicut
340 3085 566 3167 pridem
596 3096 793 3152 edictis
831 3098 1156 3154 serenitatis
1201 3102 1411 3154 nostrae
1459 3100 1801 3154 continetur.

167 3189 447 3245 Omnibus
490 3194 684 3246 autem
727 3191 1033 3247 adimimus
1090 3193 1422 3248 facultatem
1451 3210 1562 3265 qua
1607 3193 1805 3247 ultimo

171 3283 453 3355 supplicio
494 3277 903 3339 coércebuntur
932 3286 1032 3357 qui
1074 3285 1270 3341 illicita
1308 3287 1511 3342 docere
1551 3291 1806 3341 tentave-

171 3377 306 3446 rint,
340 3378 423 3432 ita
462 3378 619 3433 enim
663 3380 900 3434 materia
943 3380 1307 3435 subtrahetur
1338 3381 1564 3447 erroris,
1603 3380 1649 3435 si
1676 3398 1805 3451 pec-

171 3474 438 3526 catorum
459 3475 517 3526 et
536 3471 735 3526 doctor
761 3472 1005 3528 defuerit
1030 3477 1086 3529 et
1105 3474 1346 3544 auditor,
1370 3473 1583 3529 Palladi
1609 3490 1810 3545 parens

172 3563 510 3619 charissime
552 3569 722 3635 atque
764 3565 1174 3635 amantissime,
1220 3566 1451 3621 illustris
1504 3567 1697 3638 itaque
1752 3570 1811 3621 et

172 3657 485 3729 magniﬁca
512 3658 821 3714 auctoritas
846 3664 944 3714 tua
971 3660 1190 3731 edictis,
1219 3659 1520 3732 propositis
1547 3661 1810 3716 omnibus

173 3752 344 3807 faciat
391 3753 532 3806 nota
574 3767 701 3823 quae
734 3752 1030 3824 jussimus,
1062 3758 1128 3809 ut
1166 3754 1637 3826 cognoscentibus
1690 3772 1811 3810 mo-

175 3844 536 3901 deratoribus
560 3846 980 3916 provinciarum
1016 3863 1329 3920 eorumque
1375 3848 1678 3917 efﬁciariis,
1711 3850 1808 3905 de-

175 3939 506 4005 fensoribus
525 3939 698 3994 etiam
724 3939 1033 4008 civitatum,
1058 3942 1214 4013 quod
1234 3947 1488 3998 sanctam
1503 3959 1811 4015 veramque

1827 3235 1883 3308 C

1899 1977 2204 2034 Eutichetis
2226 1978 2652 2048 perversitatem
2686 1980 3007 2048 sequuntur
3042 1976 3150 2031 illis
3180 1979 3359 2049 poenis
3388 1994 3531 2048 quas

1901 2071 2015 2126 divi
2045 2074 2196 2127 retro
2227 2071 2510 2143 principes
2552 2073 2750 2126 contra
2785 2070 3213 2142 Apollinaristas
3255 2071 3343 2125 vel
3388 2086 3533 2126 sere-

1898 2165 2046 2219 nitas
2105 2167 2302 2219 nostra
2352 2168 2481 2236 post
2540 2165 2778 2220 modum
2840 2167 3035 2219 contra
3102 2163 3535 2219 Eutichianistas

1900 2259 2101 2329 sanxit,
2132 2257 2397 2314 noverint
2439 2275 2498 2313 se
2537 2276 2658 2313 esse
2689 2258 3037 2329 plectendos.
3083 2258 3295 2313 Idcirco
3327 2257 3536 2329 Apolli-

1901 2352 2161 2420 naristas,
2216 2352 2326 2407 hoc
2378 2355 2462 2407 est
2513 2351 2983 2417 Eutichianistas,
3035 2350 3239 2422 quibus
3291 2351 3394 2406 etsi
3453 2357 3536 2406 est

1902 2445 1960 2499 in
1986 2446 2368 2517 appellatione
2398 2445 2710 2515 diversitas,
2735 2463 2855 2500 esse
2880 2449 3076 2501 tamen
3092 2444 3152 2499 in
3172 2445 3378 2499 haeresi
3396 2461 3531 2500 con-

1894 2539 2138 2610 junctio,
2171 2543 2227 2594 et
2249 2539 2441 2611 dispar
2464 2538 2696 2610 quidem
2728 2555 2963 2605 nomen,
2991 2538 3091 2592 sed
3114 2538 3269 2592 idem
3294 2537 3527 2593 sacrile-

1903 2632 2084 2702 gium,
2116 2632 2231 2687 sive
2276 2631 2337 2686 in
2379 2632 2483 2686 hac
2528 2632 2679 2686 alma
2720 2632 2880 2693 urbe,
2925 2630 3013 2685 vel
3055 2629 3117 2684 in
3152 2629 3537 2685 Alexandrina

1904 2725 2143 2794 civitate,
2169 2742 2269 2781 seu
2290 2725 2443 2780 intra
2461 2726 2768 2797 Egyptum
2798 2728 2949 2793 sunt,
2976 2740 3168 2795 neque
3188 2723 3269 2778 ita
3295 2723 3534 2778 credunt

1905 2819 2049 2874 sicut
2098 2819 2360 2890 praedicti
2407 2818 2759 2873 venerabiles
2798 2817 3124 2886 credebant,
3176 2833 3363 2888 neque
3411 2817 3532 2871 viro

1904 2912 2380 2967 reverendissimo
2405 2912 2803 2966 Alexandrinae
2845 2910 3001 2966 urbis
3034 2910 3271 2965 antistiti
3299 2911 3532 2965 Prothe-

1902 3007 1988 3061 rio
2014 3006 2191 3061 ﬁdem
2220 3006 2597 3061 orthodoxam
2632 3005 2851 3060 tenenti
2879 3003 3304 3059 communicant
3333 3019 3534 3059 secun-

1905 3099 2041 3153 dum
2061 3099 2320 3154 divorum
2342 3103 2492 3155 retro
2512 3098 2839 3170 principum
2861 3097 3287 3153 constitutiones
3312 3114 3440 3169 quae
3468 3097 3537 3152 de

1905 3191 2315 3263 Apollinaristis
2350 3193 2727 3263 promulgatae
2753 3195 2903 3261 sunt,
2949 3207 3063 3246 non
3093 3190 3340 3246 habeant
3372 3193 3538 3262 pote.

1908 3289 2114 3341 statem
2164 3285 2408 3341 faciendi
2450 3289 2882 3353 testamentum,
2918 3301 3104 3356 neque
3147 3285 3208 3339 id
3245 3285 3542 3357 acquirant

1907 3380 2061 3451 quod
2081 3380 2219 3450 ipsis
2237 3396 2306 3434 ex
2324 3382 2667 3434 testamento
2689 3378 3029 3451 cujusquam
3053 3378 3109 3432 fu
3118 3377 3227 3433 erit
3249 3379 3536 3445 relictum,

1909 3473 2052 3528 nihil
2085 3473 2256 3528 etiam
2285 3490 2351 3527 ex
2382 3472 2695 3527 donatione
2724 3472 2915 3543 aliqua
2943 3476 3390 3542 consequantur;
3439 3471 3542 3526 sed

1909 3568 1957 3621 si
1984 3566 2123 3637 quid
2172 3566 2309 3637 ipsis
2354 3566 2442 3619 vel
2489 3563 2828 3620 liberalitate
2856 3564 3142 3631 acciderit,
3180 3566 3267 3619 vel
3303 3563 3541 3619 viventis

1908 3662 1995 3716 vel
2021 3659 2319 3715 morientis
2357 3659 2534 3714 fuerit
2555 3659 2844 3715 voluntate
2873 3659 3158 3725 collatum,
3190 3658 3252 3712 id
3277 3658 3540 3729 protinus

1909 3756 2042 3810 ﬁsco
2073 3757 2262 3809 nostro
2286 3753 2599 3809 addicatur.
2632 3753 2742 3824 Ipsi
2764 3768 2900 3808 vero
2921 3753 2981 3807 in
3008 3752 3198 3807 nullos
3226 3751 3438 3822 aliquid
3471 3769 3538 3807 ex

1911 3848 2080 3904 rebus
2119 3848 2235 3902 suis
2273 3847 2488 3902 donare
2532 3846 2774 3918 possint.
2820 3845 3127 3927 Episcopos
3178 3861 3408 3917 quoque
3452 3845 3540 3902 vel

1908 3943 2273 4015 presbyteros
2312 3941 2565 4013 aliosque
2610 3938 2843 3995 clericos
2884 3940 2995 3995 illis
3033 3955 3226 3995 creare
3251 3942 3312 3993 et
3335 3939 3543 3996 habere

175 4032 352 4089 ﬁdem
369 4036 569 4088 sancto
590 4034 879 4106 proposito
897 4035 1333 4091 custodiendam
1354 4053 1475 4092 esse
1491 4054 1808 4093 censemus.
1820 4046 1856 4143 ρ’
1912 4053 2030 4091 non
2053 4035 2245 4091 liceat.
2278 4035 2531 4091 Scientes
2555 4036 2673 4089 tam
2700 4032 3120 4089 Eutichianistae
3139 4049 3311 4105 quam
3329 4031 3544 4106 Apolli-

179 4126 368 4191 Quam
395 4126 444 4182 si
475 4127 831 4199 neglexerint
873 4132 974 4183 aut
1016 4129 1380 4201 permiserint
1416 4131 1689 4186 temerari
1714 4132 1809 4187 de-

180 4237 390 4276 narum
430 4220 707 4276 librarum
749 4223 874 4277 auri
920 4224 1258 4279 multatione
1284 4226 1553 4296 percussi,
1587 4229 1650 4280 ut
1678 4225 1812 4280 reli-

182 4315 366 4386 gionis
394 4316 708 4386 legumque
750 4316 1091 4388 proditores,
1144 4318 1316 4373 etiam
1342 4320 1411 4374 de
1442 4320 1814 4374 aestimatione

180 4407 550 4465 laborabunt.
600 4409 737 4463 Data
775 4426 848 4465 xv
894 4410 1091 4466 Kalen.
1142 4411 1382 4483 Augusti
1420 4413 1813 4468 Constantino-

184 4502 319 4573 poli,
349 4501 611 4573 Aspirato
638 4507 696 4557 et
718 4502 814 4574 qui
842 4503 1017 4560 fuerit
1042 4505 1336 4560 nuntiatus
1361 4506 1705 4561 consulibus.

1912 4131 2146 4186 naristae
2177 4130 2275 4201 qui
2315 4129 2440 4184 ausi
2482 4128 2698 4184 fuerint
2726 4129 2993 4200 cuiquam
3020 4128 3269 4200 episcopi
3295 4128 3384 4183 vel
3412 4145 3544 4200 pres

1914 4224 2125 4296 sbyteri
2152 4224 2241 4279 vel
2269 4223 2458 4279 clerici
2485 4238 2697 4278 nomen
2716 4223 3034 4293 imponere,
3067 4238 3237 4293 quam
3257 4222 3544 4294 hiquicoe

1913 4317 2031 4373 nati
2068 4316 2282 4372 fuerint
2306 4315 2645 4387 impositum
2671 4333 2883 4372 nomen
2910 4316 3253 4372 sacerdotale
3271 4315 3545 4387 retinere,

1914 4411 2126 4478 exsilio,
2172 4426 2485 4481 rerumque
2548 4427 2779 4465 suarum
2839 4409 3139 4465 amissione
3194 4410 3546 4481 plectendos.

1914 4507 2019 4561 Eos
2060 4520 2192 4559 vero
2232 4501 2330 4574 qui
2375 4503 2445 4557 de
2489 4502 2594 4558 hac
2634 4503 2908 4558 catholica
2956 4505 3141 4559 Roma
3184 4503 3550 4558 ecclesiarum

287 4620 428 4674 Item
457 4619 575 4673 alia
608 4620 875 4676 Martiani
901 4623 1247 4692 imperatoris
1285 4627 1473 4679 contra
1505 4624 1713 4680 eosdem
1835 4615 1895 4688 D
1918 4596 2107 4653 demi
2119 4599 2205 4692 V91
2218 4596 2549 4692 οῖίδδοάοκίεῗ
2559 4595 2699 4692 βᾶθί
2714 4596 2988 4692 λῐηοηίῗθδί
3008 4596 3258 4692 meram,
3279 4594 3548 4692 ῗῙθΓθιίίξίο

863 4693 1153 4750 haereticos.

254 4784 577 4858 Imperator
598 4784 911 4843 MARTIANUS
935 4789 1226 4859 Augustus
1254 4789 1532 4843 PALLADIO
1563 4787 1818 4859 praetori.

258 4879 417 4935 Licet
476 4880 602 4950 jam
671 4880 1048 4937 sacratissima
1105 4880 1506 4938 constitutione
1552 4898 1819 4937 mansue-

189 4973 404 5029 tudinis
447 4990 595 5028 meae
643 4979 876 5030 cautum
915 4992 979 5030 ac
1023 4976 1319 5031 deﬁnitum
1361 4976 1450 5043 sit,
1481 4975 1611 5048 quia
1639 4974 1699 5029 in
1727 4992 1824 5031 eos

191 5066 464 5121 severitas
488 5067 805 5122 exercenda
846 5068 937 5137 sit,
989 5068 1086 5141 qui
1132 5069 1439 5125 Eutichetis
1481 5069 1569 5124 vel
1606 5068 1822 5140 Apolli-

196 5160 348 5215 naris
390 5160 715 5216 hzereticam
741 5162 1171 5233 perversitatem
1194 5163 1368 5218 secuti
1397 5180 1429 5217 a
1467 5162 1744 5234 religione
1771 5167 1828 5219 et

194 5252 305 5308 ﬁde
335 5254 614 5310 catholica
657 5253 972 5325 deviarunt,
1023 5256 1415 5312 Alexandrinae
1451 5260 1645 5312 tamen
1670 5256 1827 5312 urbis

198 5347 342 5403 cives
395 5352 567 5420 atque
619 5348 963 5405 habitatores
1023 5350 1191 5405 tantis
1244 5351 1584 5422 Apollinaris
1635 5351 1830 5405 infecti

200 5445 329 5496 sunt
352 5442 611 5512 venenis,
658 5447 719 5497 ut
766 5443 1148 5498 necessarium
1192 5444 1365 5499 fuerit
1402 5462 1468 5502 ea
1499 5462 1669 5518 quam
1700 5448 1831 5499 ante

201 5535 531 5605 sanximus,
585 5534 827 5607 repetita
884 5536 1056 5592 etiam
1108 5537 1235 5609 lege
1282 5556 1435 5593 nunc
1500 5540 1826 5594 decernere.

202 5628 534 5700 Quicunque
592 5644 730 5701 ergo
787 5629 876 5685 vel
933 5630 994 5685 in
1043 5634 1151 5687 hac
1203 5648 1356 5687 sacra
1418 5632 1576 5702 urbe,
1632 5632 1720 5686 vel
1773 5630 1833 5686 in

204 5721 586 5777 Alexandrina
615 5721 859 5793 civitate,
902 5724 993 5778 vel
1030 5723 1090 5779 in
1121 5724 1279 5780 omni
1318 5726 1646 5798 Egyptiaca
1695 5725 1830 5781 dice-

205 5817 319 5870 cesi
359 5820 417 5871 et
458 5816 691 5872 diversis
716 5815 840 5872 aliis
866 5818 1173 5890 provinciis
1200 5819 1507 5876 Eutichetis
1531 5820 1836 5893 profanam

210 5910 639 5982 perversitatem
666 5915 1003 5984 sequuntur,
1034 5916 1092 5970 et
1115 5914 1198 5970 ita
1224 5931 1341 5969 non
1366 5914 1605 5970 credunt
1630 5918 1695 5971 ut
1717 5916 1835 5970 tre-

1917 4708 2050 4747 vero
2078 4690 2176 4746 Dei
2207 4690 2383 4760 cultu,
2416 4689 2757 4762 Apollinaris
2804 4689 2892 4744 vel
2930 4687 3237 4745 Eutichetis
3282 4685 3552 4745 haeresim

1921 4783 2118 4841 sectati
2165 4789 2317 4855 sunt,
2358 4783 2449 4839 vel
2504 4786 2633 4855 post
2676 4784 2800 4838 haec
2848 4782 3236 4851 sectabuntur,
3286 4782 3552 4841 omnibus

1920 4879 2101 4953 poenis
2128 4896 2256 4950 quae
2280 4879 2369 4933 vel
2394 4875 2681 4951 prioribus
2704 4875 2925 4948 legibus
2946 4877 3216 4932 adversus
3251 4878 3553 4935 haereticos

1923 4974 2244 5029 constituta:
2269 4977 2404 5028 sunt
2427 4972 2697 5044 jubemus
2721 4971 2927 5040 teneri,
2957 4975 3014 5026 et
3032 4976 3187 5026 extra
3210 4971 3398 5044 ipsum
3417 4990 3554 5045 quo-

1923 5085 2036 5140 que
2064 5067 2311 5123 Romani
2337 5066 2565 5140 imperii
2588 5067 2771 5121 solum
2794 5066 2951 5138 pelli.
2993 5065 3247 5122 Universi
3276 5071 3555 5138 prmterea

1925 5161 2341 5234 Apollinaristze
2383 5162 2472 5216 vel
2515 5159 2932 5216 Eutichianistae
2973 5177 3091 5215 non
3129 5159 3410 5230 ecclesias,
3437 5179 3557 5218 non

1926 5256 2272 5311 monasteria
2315 5254 2422 5309 sibi
2462 5258 2819 5321 construant,
2858 5271 3045 5326 neque
3085 5271 3342 5327 synaxes,
3370 5273 3558 5330 neque

1928 5349 2319 5405 conventicula
2351 5348 2716 5416 contrahant,
2762 5365 2953 5420 neque
2980 5348 3052 5404 ad
3086 5349 3340 5419 domum,
3368 5366 3558 5424 neque

1930 5444 2004 5499 ad
2045 5442 2463 5515 possessionem
2506 5441 2912 5513 cujuscunque,
2954 5459 3143 5515 neque
3173 5444 3245 5498 ad
3270 5450 3557 5502 monaste-

1930 5537 2101 5605 rium,
2134 5552 2323 5608 neque
2351 5534 2423 5590 ad
2459 5550 2861 5607 quemcunque
2890 5536 3123 5592 alterius
3148 5537 3336 5593 locum
3362 5556 3557 5610 opera-

1931 5636 2086 5687 tores
2130 5633 2297 5684 sectze
2349 5627 2753 5683 funestissimae
2806 5636 3248 5701 congregemur.
3301 5632 3460 5696 Quod
3515 5634 3560 5687 si

1933 5722 2190 5789 fecerint,
2236 5727 2292 5778 et
2327 5722 2434 5778 hoc
2459 5722 2674 5778 factum
2708 5722 2882 5779 fuisse
2908 5724 3147 5779 Domino
3172 5725 3397 5779 volente
3422 5740 3558 5781 con-

1935 5817 2156 5889 stiterit,
2218 5820 2504 5890 postremo
2553 5816 2905 5888 judicialiter
2951 5820 3173 5885 notum,
3225 5817 3426 5872 domus
3473 5821 3562 5875 vel

1935 5910 2212 5986 possessio
2228 5911 2289 5970 in
2319 5928 2498 5987 quam
2523 5909 2911 5982 convenerint,
2925 5911 3058 5967 ﬁsco
3082 5909 3343 5981 societur,
3367 5926 3564 5971 mona-

3386 6058 3415 6075 σ
