4058 6304
494 365 596 415 319

1381 362 1660 417 APPEND.
1702 362 1788 416 ΑΙ)
1827 362 1987 416 ὃΑΞΟ.
2031 358 2116 414 IX.
2149 390 2218 402 --
2256 358 2497 416 lSlDORl
2538 360 2965 416 MERCATURIS

3760 362 3869 411 320

493 468 731 522 sterium
772 482 905 522 vero
956 468 1079 539 ejus
1117 468 1352 523 civitatis
1397 469 1727 523 orthodoxae
1765 468 2027 524 Ecclesiae
2066 468 2124 522 in
2146 480 2397 553 Anemo
2427 467 2755 539 hujusmodi
2800 467 3009 523 habere
3053 466 3228 521 libros
3270 466 3493 520 audeat.
3536 463 3703 528 Quod
3732 463 3866 518 siin

493 566 654 636 cujus
678 565 969 620 territorio
997 569 1099 632 est,
1126 566 1394 637 jubemus
1422 566 1629 621 addici.
1683 566 1739 622 Si
1780 583 1911 621 vero
1958 566 2123 636 igno-

493 660 655 710 rante
679 654 931 722 domino,
967 654 1175 709 sciente
1218 670 1351 708 vero
1398 655 1496 724 qui
1543 654 1989 725 dispensationes
2031 654 2128 708 do-

492 764 624 803 mus
668 747 859 819 exigit,
906 748 994 802 vel
1043 748 1404 816 conductore,
1459 749 1548 803 vel
1599 751 1985 819 procuratore,
2036 747 2127 802 vel

494 841 1055 913 praediiparasinaxis
1084 840 1471 896 conventicula
1514 842 1817 897 interdicta
1855 858 2129 896 convene-

494 935 634 1002 rint,
663 934 971 989 conductor
1005 935 1090 989 vel
1129 939 1461 1005 procurator
1489 935 1604 990 sive
1632 940 1848 1002 auctor,
1879 936 1969 989 vel
1998 934 2126 1006 qui-

497 1044 718 1099 cunque
758 1027 817 1081 in
865 1027 1102 1083 domum
1146 1028 1236 1083 vel
1274 1028 1691 1099 possessionem
1717 1029 1806 1083 vel
1834 1033 2123 1083 monaste-

496 1122 647 1177 rium
660 1120 995 1192 receperint,
1010 1122 1095 1176 vel
1110 1121 1261 1193 passi
1271 1121 1484 1177 fuerint
1494 1122 1716 1177 illicitas
1729 1138 2124 1193 parasynaxes,

496 1218 913 1286 conventusque
931 1214 1223 1283 celebrari,
1241 1214 1287 1268 si
1307 1214 1432 1269 vilis
1450 1217 1507 1268 et
1526 1215 1761 1286 abjectaa
1782 1214 2127 1270 conditionis

495 1308 608 1363 sint
630 1308 871 1363 fustibus
890 1307 1112 1379 publice
1133 1308 1269 1363 etin
1286 1324 1511 1380 pinnam
1529 1325 1693 1363 suam
1719 1312 1776 1363 et
1798 1307 1859 1362 in
1884 1307 2127 1361 aliorum

496 1405 867 1456 exerceantur
910 1401 1259 1472 exemplum.
1310 1400 1366 1456 Si
1405 1402 1660 1456 honesta:
1699 1417 1834 1455 vero
1875 1416 2130 1472 persona

498 1497 651 1561 sunt,
684 1494 880 1549 decem
919 1493 1092 1547 libras
1137 1493 1261 1547 auri
1299 1494 1433 1549 ﬁsco
1480 1499 1674 1549 nostro
1717 1498 1994 1565 cogantur
2036 1493 2127 1547 in-

496 1594 668 1647 ferre.
699 1592 927 1647 Nullum
954 1596 1235 1662 praeterea
1261 1591 1721 1663 Apollinaristam
1740 1591 1829 1645 vel
1850 1590 2130 1646 Eutichia—

499 1686 560 1740 ni
589 1691 709 1740 tam
739 1686 812 1740 ad
841 1684 1088 1756 aliquam
1112 1686 1388 1756 jubemus
1415 1685 1663 1757 aspirare
1699 1684 1979 1752 militiam,
2018 1684 2130 1738 nisi

499 1780 569 1833 ad
596 1779 942 1834 cohortalem
975 1779 1060 1833 vel
1102 1778 1484 1847 limitaneam;
1536 1778 1580 1832 si
1624 1778 1721 1850 qui
1762 1794 1895 1833 vero
1937 1781 2132 1832 contra

2226 562 2313 617 his
2355 562 2691 617 criminibus
2732 560 2947 617 fuerint
2988 560 3221 628 inventi,
3267 563 3545 631 perpetua
3596 558 3866 628 deporta-

2224 656 2381 711 tione
2408 656 2779 723 damnentur;
2801 655 2861 709 hi
2887 671 3022 710 vero
3050 654 3151 725 qui
3175 653 3425 708 discendi
3448 651 3635 707 studio
3662 651 3866 706 audie-

2228 748 2347 804 rint
2373 748 2442 804 de
2467 747 2711 803 infausta
2733 747 2936 803 haeresi
2960 748 3336 819 disputantes,
3364 747 3559 802 decem
3584 745 3867 800 librarum

2228 841 2353 897 auri
2378 858 2507 914 quae
2533 842 2670 896 ﬁsco
2692 845 2883 896 nostro
2904 840 3363 913 applicabuntur,
3379 839 3622 895 subeant
3642 838 3873 910 dispen-

2228 936 2409 990 dium.
2457 936 2665 990 Omnes
2714 951 2847 991 vero
2887 934 3100 990 chartae
3140 951 3204 988 ac
3246 933 3374 988 libri
3420 932 3521 1004 qui
3572 933 3865 987 funestum

2226 1029 2542 1084 Eutichetis
2563 1028 2773 1099 dogma
2812 1028 3026 1084 fuerint
3055 1026 3363 1100 complexi,
3396 1031 3862 1081 concrementur.

2227 1124 2437 1177 Parens
2468 1122 2815 1189 charissime,
2844 1124 2939 1176 tua
2958 1121 3188 1176 illustris
3213 1121 3389 1191 igitur
3408 1120 3712 1175 auctoritas
3733 1136 3865 1191 quae

2228 1215 2335 1270 hac
2346 1215 2721 1270 sacratissima
2732 1214 3136 1270 constitutione
3150 1214 3504 1269 decrevimus
3516 1213 3576 1268 in
3591 1213 3700 1268 hac
3712 1213 3864 1267 alma

2229 1308 2391 1376 urbe,
2420 1309 2766 1380 diversisque
2801 1307 3108 1380 provinciis
3135 1325 3200 1363 ac
3222 1308 3507 1379 praecipue
3535 1307 3596 1361 in
3622 1307 3864 1362 Alexan-

2228 1402 2395 1457 drina
2421 1402 2641 1457 civitate
2666 1406 2722 1456 et
2750 1418 2854 1474 per
2878 1401 3201 1456 universam
3245 1401 3634 1473 Egyptiacam
3661 1400 3868 1455 dioece-

2228 1494 2337 1550 sim
2366 1495 2565 1550 edictis
2592 1512 2662 1550 ex
2688 1511 2846 1550 more
2871 1494 3193 1566 propositis,
3222 1495 3292 1550 ad
3315 1495 3573 1550 omnium
3600 1495 3864 1550 notitiam

2227 1589 2395 1644 faciat
2429 1589 2747 1660 pervenire,
2786 1593 2853 1644 ut
2890 1582 3094 1644 cuncta
3132 1605 3261 1660 quae
3305 1588 3624 1660 statuimus,
3666 1590 3727 1644 in
3769 1606 3868 1645 eos

2231 1682 2331 1754 qui
2355 1682 2440 1737 rei
2462 1683 2675 1738 fuerint
2706 1683 3069 1753 deprehensi,
3100 1682 3362 1738 severitas
3390 1684 3653 1754 protinus
3700 1699 3866 1739 exer-

2230 1779 2445 1843 ceatur,
2494 1775 2802 1830 scientibus
2844 1774 3300 1831 moderatoribus
3328 1776 3755 1846 provinciarum
3778 1793 3869 1831 eo-

498 1873 758 1940 fecerint,
790 1872 972 1926 soluto
1025 1871 1251 1943 cingulo
1310 1872 1684 1927 honestorum
1731 1870 2034 1926 hominum
2076 1858 2208 1930 etB
2231 1885 2475 1940 rumque
2506 1868 2922 1941 apparitoribus
2948 1868 3047 1940 qui
3073 1869 3217 1939 legis
3237 1869 3409 1941 hujus
3438 1885 3615 1941 quam
3646 1869 3871 1941 religio-

500 1966 692 2038 palatii
716 1964 1118 2020 communione
1144 1964 1459 2035 priventur,
1488 1981 1594 2020 nec
1619 1964 1681 2018 in
1708 1964 1915 2037 aliqua,
1943 1963 2051 2018 nisi
2072 1963 2131 2017 in

501 2076 566 2116 ea
596 2058 656 2113 in
698 2074 813 2131 qua
837 2057 955 2112 nati
980 2060 1114 2111 sunt
1136 2056 1362 2112 civitate
1386 2058 1471 2113 vel
1497 2058 1622 2113 vico
1652 2074 1719 2112 ac
1746 2057 1980 2128 regione
2007 2073 2132 2111 ver-

502 2157 719 2207 sentur.
752 2151 807 2207 Si
832 2151 932 2223 qui
950 2167 1083 2206 vero
1112 2152 1174 2206 in
1197 2151 1304 2205 hac
1334 2151 1485 2206 alma
1512 2150 1653 2206 urbe
1689 2150 1806 2206 nati
1835 2155 1986 2219 sunt,
2013 2155 2131 2205 tam

502 2244 876 2300 sacratissimo
902 2244 1169 2299 comitatu
1213 2261 1390 2316 quam
1435 2244 1595 2299 omni
1637 2260 1745 2317 per
1783 2243 2130 2314 provinciam

501 2338 945 2410 metropolitana
968 2337 1190 2393 civitate
1226 2338 1533 2409 pellantur.
1565 2337 1713 2393 Nulli
1738 2337 1977 2408 insuper
2019 2338 2130 2391 Eu-

500 2432 837 2489 tichianistae
878 2433 966 2486 vel
1014 2431 1431 2503 Apollinaristte
1475 2430 1698 2502 publice
1740 2430 1827 2485 vel
1863 2429 2132 2501 privatim

501 2526 812 2581 advocandi
851 2530 1045 2593 coetus,
1077 2528 1176 2578 aut
1220 2523 1654 2596 perversitatem
1692 2523 2002 2579 facinorosi
2032 2523 2131 2578 do-

503 2618 710 2691 gmatis
757 2617 1045 2674 asserendi
1092 2616 1164 2671 sit
1198 2616 1452 2672 facultas.
1507 2616 1657 2671 Nulli
1707 2616 1881 2671 etiam
1935 2619 2135 2672 contra

502 2711 887 2767 venerabilem
897 2710 1416 2767 Chalcedonensem
1429 2711 1710 2782 synodum
1721 2710 1889 2765 liceat
1898 2710 2132 2780 aliquid,

503 2806 593 2860 vel
619 2804 850 2876 dictare,
876 2805 968 2860 vel
1001 2804 1267 2874 scribere,
1295 2804 1383 2859 vel
1411 2804 1624 2874 legere,
1654 2808 1824 2876 atque
1850 2803 2131 2860 emittere.

2233 1962 2456 2017 sissima
2520 1962 2811 2018 sanctione
2868 1962 3302 2017 custodiendam
3356 1964 3723 2030 decrevimus,
3770 1968 3872 2018 aut

2231 2055 2613 2128 neglexerint,
2634 2060 2733 2111 aut
2750 2056 3006 2127 aliquam
3028 2056 3399 2126 permiserint
3420 2056 3738 2113 temeritate
3755 2058 3872 2112 vio-

2230 2150 2354 2219 lari,
2387 2149 2667 2204 denarum
2709 2149 2984 2204 librarum
3028 2149 3151 2204 auri
3194 2151 3439 2205 multam
3486 2152 3623 2207 ﬁsco
3670 2153 3868 2207 nostro

2235 2247 2513 2314 cogantur
2544 2242 2773 2312 inferre,
2814 2241 3049 2314 insuper
3095 2243 3268 2298 etiam
3294 2243 3723 2300 existimationis
3750 2263 3868 2301 sua:

2232 2335 2555 2407 periculum
2596 2336 2983 2405 sustinebunt;
3032 2353 3099 2393 ea
3142 2353 3371 2409 quoque
3400 2338 3470 2393 de
3495 2321 3736 2411 paganis
3765 2356 3873 2411 per

2234 2445 2405 2484 omne
2430 2430 2759 2485 Romanum
2798 2429 3106 2502 imperium
3146 2431 3437 2503 aequaliter
3472 2432 3716 2487 valitura
3761 2434 3872 2489 ele-

2237 2522 2447 2594 gimus,
2475 2522 2880 2579 instantissime
2920 2523 2981 2579 in
3024 2540 3121 2579 eos
3166 2529 3534 2581 exerceantur
3563 2543 3705 2598 quos
3741 2543 3872 2581 con-

2236 2616 2441 2671 stiterit
2463 2617 2735 2688 profanos
2756 2617 2897 2672 ritus
2922 2618 3229 2674 celebrare.
3256 2620 3398 2673 Data
3420 2619 3524 2674 sub
3550 2620 3640 2675 die
3670 2620 3866 2676 Kalen.

2235 2710 2495 2781 Augusti,
2519 2710 3036 2783 Constantinopoli,
3072 2713 3209 2768 Divo
3244 2713 3355 2768 V111
3400 2717 3457 2769 et
3497 2714 3759 2770 Antemio
3778 2714 3867 2770 ιν.

2235 2804 2338 2860 CC.
2366 2820 2612 2860 concess.
3308 2832 3315 2837 ι

1967 2927 2397 2943 *-

1004 3029 1338 3097 ATTICUS
1382 3026 1829 3111 EPISCOPUS,
1878 3030 2279 3110 QUALITER
2321 3030 2706 3098 FORMATA
2749 3030 3133 3099 EPISTOLA
3175 3032 3384 3098 FIAT.

578 3153 769 3228 Graeca
803 3172 1091 3226 elementa
1129 3168 1445 3225 litterarum
1494 3186 1765 3226 numeros
1813 3170 1988 3227 etiam
2046 3188 2140 3226 ex.

508 3267 754 3339 primere
779 3265 966 3319 nullus
996 3262 1095 3335 qui
1119 3262 1209 3317 vel
1233 3263 1483 3318 tenuiter
1518 3264 1699 3318 Graeci
1726 3264 2005 3319 sermonis
2028 3281 2136 3319 no-

510 3359 690 3415 titiam
709 3358 900 3425 habet,
921 3357 1169 3429 ignorat.
1195 3357 1274 3411 Ne
1290 3356 1470 3428 igitur
1488 3356 1549 3411 in
1565 3357 1837 3412 faciendis
1863 3358 2134 3429 epistolis,

2238 3175 2341 3239 est,
2387 3170 2485 3242 qui
2528 3187 2838 3227 numerum
2878 3175 2946 3227 80
2990 3171 3289 3243 signiﬁcat,
3336 3172 3458 3243 ejus
3500 3187 3729 3244 quoque
3771 3173 3870 3245 qui

2237 3263 2461 3335 scripsit
2472 3264 2767 3335 epistolam
2790 3265 2976 3337 prima
2998 3264 3208 3332 littera,
3226 3264 3319 3321 cui
3339 3265 3604 3321 scribitur
3624 3268 3871 3322 secunda

2235 3358 2441 3425 littera,
2474 3358 2803 3431 accipientis
2841 3358 3011 3414 tertia
3033 3358 3239 3427 littera,
3275 3359 3515 3415 civitatis
3539 3377 3771 3432 quoque
3799 3361 3867 3416 de

508 3451 1098 3523 canonicis,quasmos
1109 3449 1339 3505 Latinus
1367 3450 1636 3505 formatas
1663 3452 1928 3522 appellat,
1947 3451 2138 3522 aliqua
2157 3476 2211 3552 Ο
2239 3468 2349 3523 qua
2384 3451 2646 3507 scribitur
2690 3455 2912 3523 quarta,
2961 3456 3018 3507 et
3046 3452 3369 3508 indictionis
3393 3470 3754 3527 quacunque
3786 3460 3872 3511 est

507 3548 662 3602 fraus
691 3544 949 3601 falsitatis
976 3547 1196 3599 temere
1214 3546 1677 3616 praesumeretur,
1696 3543 1802 3598 hoc
1830 3561 1863 3599 a
1883 3543 2137 3598 Patribus
2168 3543 2211 3552 “
2237 3544 2527 3617 temporis,
2551 3544 2707 3601 idem
2744 3546 2842 3618 qui
2869 3545 2980 3601 fuit
3002 3562 3280 3603 numerus
3305 3551 3625 3603 assumatur
3654 3565 3668 3603 :
3700 3553 3871 3621 atque

505 3639 786 3696 trecentis
798 3640 995 3695 decem
1022 3642 1081 3694 et
1109 3643 1234 3694 octo
1278 3637 1467 3693 Nicaea
1493 3638 1855 3709 congregatis
1894 3637 2138 3693 saluber-

506 3735 655 3791 rime
695 3734 990 3788 inventum
1020 3736 1105 3786 est
1131 3736 1187 3787 et
1210 3731 1600 3799 constitutum,
1626 3734 1693 3786 ut
1723 3731 1983 3786 formatae
2013 3731 2136 3803 epi-

510 3828 669 3883 stolae
709 3828 859 3882 hanc
904 3824 1290 3880 calculationis
1317 3840 1419 3878 seu
1450 3824 1869 3895 supputationis
1893 3825 2141 3879 habeant

509 3920 809 3986 rationem,
837 3918 894 3972 id
928 3920 1031 3988 est,
1080 3921 1142 3972 ut
1184 3919 1546 3972 assumantur
1590 3916 1650 3970 in
1678 3917 2139 3989 supputationem

508 4014 695 4087 prima
734 4013 924 4067 Graeca
966 4011 1265 4080 elementa,
1317 4010 1495 4064 Patris
1540 4014 1598 4065 et
1642 4010 1768 4065 Filii
1804 4015 1862 4066 et
1900 4011 2138 4090 Spiritus

508 4106 711 4176 sancti,
740 4106 851 4161 hoc
874 4108 978 4173 est,
1008 4114 1073 4173 Π,
1096 4114 1151 4173 Υ,
1175 4115 1233 4161 Α.
1259 4105 1395 4169 Quae
1422 4104 1704 4159 elementa
1737 4107 1796 4159 et
1829 4108 2135 4176 octogena-

508 4203 661 4258 rium
687 4205 743 4257 et
767 4197 1400 4273 quadringentesimum
1436 4200 1494 4254 et
1520 4197 1774 4270 primum
1818 4197 2141 4270 signiﬁcant

510 4311 839 4353 numerum.
878 4292 1029 4350 Petri
1073 4308 1298 4366 quoque
1335 4291 1575 4365 apostoli
1612 4291 1802 4364 prima
1839 4292 2047 4365 littera,
2082 4293 2139 4347 id

2236 3636 2314 3693 ita
2356 3638 2445 3694 his
2488 3639 2753 3695 omnibus
2794 3640 3000 3695 Graecis
3042 3641 3243 3696 litteris
3287 3658 3437 3713 quae,
3487 3644 3549 3696 ut
3597 3641 3867 3712 diximus,

2235 3747 2510 3787 numeros
2535 3732 2867 3804 exprimunt
2896 3732 2956 3788 in
2979 3749 3161 3789 unum
3182 3734 3385 3804 ductis,
3409 3750 3586 3790 unam
3605 3752 3872 3807 quazcun-

2237 3840 2346 3896 que
2366 3825 2539 3881 fuerit
2558 3826 2805 3897 collecta,
2835 3843 3122 3883 summam
3152 3827 3449 3899 epistolam
3480 3831 3693 3897 teneat,
3724 3830 3870 3886 hanc

2237 3919 2337 3990 qui
2351 3919 2601 3991 suscipit,
2620 3920 2778 3975 omni
2797 3937 2928 3976 cum
2948 3922 3171 3976 cautela
3188 3922 3448 3993 requirat
3468 3938 3752 3995 expresse,
3780 3925 3872 3980 ad-

2237 4012 2334 4069 dat
2360 4017 2641 4084 prteterea
2670 4015 2973 4087 separatim
2991 4015 3052 4070 in
3073 4015 3311 4087 epistola
3337 4017 3797 4089 nonagenarium
3819 4022 3874 4075 et

2238 4122 2450 4162 novum
2481 4124 2787 4163 numerum
2810 4108 2909 4181 qui
2938 4109 3254 4165 secundum
3279 4110 3470 4166 Graeca
3500 4111 3783 4171 elementa
3804 4113 3874 4169 si-

2238 4200 2530 4272 gniﬁcant.
2560 4202 2748 4258 Valete
2774 4202 2833 4257 in
2863 4203 3126 4260 Domino.

2583 4296 2882 4369 Hucusque
2906 4297 3155 4354 Concilia
3179 4298 3524 4356 Graecorum.

508 4450 3873 4493 Μ

1123 4639 1249 4715 ’⁷6
1314 4626 2114 4775 CONCILIA
2170 4632 3230 4781 LATINORUM

1991 4863 2395 4928 SEQUUNTUR

898 5017 1448 5119 QUORUM
1548 5012 1935 5105 PRIUS
2031 5020 2263 5105 EST
2361 5021 3482 5110 CARTHAGINENSE.

1103 5346 1491 5411 INCIPIUNT
1534 5345 1914 5411 CAPITULA
1956 5344 2290 5412 CONCILII
2332 5347 2547 5447 PRlMI
2590 5350 3280 5416 CARTHAGINENSIS.

580 5620 716 5676 l.Ut
728 5618 997 5690 baptism.
1022 5618 1082 5674 in
1100 5619 1371 5674 Trinitate
1393 5625 1718 5691 susceptum
1734 5635 1851 5677 non
1872 5620 2129 5680 iteretur.
2151 5635 2211 5708 D
2304 5625 2356 5679 4.
2396 5625 2465 5681 Ut
2505 5642 2635 5681 cum
2684 5625 2869 5683 viduis
2894 5627 2986 5684 vel
3010 5627 3134 5683 aliis
3160 5627 3443 5685 extraneis
3468 5627 3725 5700 personis
3754 5646 3870 5685 non

574 5716 628 5768 2.
655 5714 734 5767 De
757 5715 1073 5784 martyrum
1102 5710 1415 5782 sepulchris
1440 5716 1498 5765 et
1521 5714 1968 5771 honoriﬁcentia.

574 5808 625 5861 3.
653 5807 728 5859 Ut
751 5804 937 5858 clerici
964 5809 1021 5858 et
1042 5802 1497 5858 sanctimoniales
1519 5804 1751 5862 feminae
1776 5823 1907 5863 cum
1938 5814 2129 5867 extra-

507 5896 629 5953 neis
654 5896 786 5952 viris
812 5896 905 5952 vel
931 5894 1158 5952 feminis
1182 5911 1299 5951 non
1326 5894 1602 5953 habitent.

2232 5722 2675 5775 commorentur.

2299 5816 2351 5867 5.
2384 5814 2454 5868 Ut
2472 5813 2656 5870 clerici
2683 5814 2772 5871 vel
2792 5814 2922 5871 laici
2953 5815 3015 5871 in
3045 5815 3276 5874 alterius
3301 5815 3544 5873 Ecclesia
3572 5832 3690 5872 non
3718 5817 3869 5873 ordi-

2229 5908 2462 5965 nentur.
