4058 6304
201 313 289 364 321

1437 315 1909 372 DECRETALIUM
1946 317 2329 372 COLIJJCTIO.

3452 329 3549 376 3'2“)

265 421 318 470 6.
364 418 433 472 lJt
465 417 654 470 clerici
691 421 846 508 actus
886 420 1244 474 sacularium
1286 422 1374 475 vel
1406 424 1829 492 procurationes
1850 437 1908 508 Α
2004 427 2087 478 10.
2120 425 2198 478 Ne
2221 425 2514 494 episcopus
2539 425 2770 478 alterius
2797 424 3047 496 episcOpi
3077 425 3271 494 plebes
3297 428 3380 481 vel
3412 430 3551 482 lines

198 526 308 563 non
339 509 667 578 suscipiant.
679 499 702 590 ί

265 606 318 654 7.
357 603 427 656 Ut
445 601 638 655 clerici
669 603 754 656 vel
777 602 903 657 laici
931 604 992 657 in
1027 603 1211 658 aliena
1239 605 1485 661 Ecclesia
1515 624 1630 660 non
1665 624 1822 662 com-

196 694 493 748 municent
519 695 622 748 sub
649 695 851 749 litteris
882 696 966 749 sui
992 695 1260 767 episcopi.

264 788 319 840 8.
389 788 461 840 Ut
505 787 778 857 implicati
829 789 1077 858 negotiis
1127 789 1326 844 alienis
1378 794 1506 844 ante
1549 792 1826 846 redditam

198 879 480 932 rationem
510 879 696 932 clerici
724 895 837 932 non
859 880 1216 936 ordinentur.

263 973 317 1024 9.
353 971 424 1024 Ut
453 971 580 1025 laici
620 972 850 1026 clericos
877 976 1097 1028 actores
1131 974 1217 1028 vel
1252 973 1682 1029 ratiocinatores
1720 976 1826 1030 sibi

193 1078 308 1116 non
334 1062 698 1118 constituant.

1925 520 2183 587 usurpet.

1999 613 2082 661 11.
2115 609 2188 662 De
2219 607 2434 661 clericis
2470 608 2902 663 contumacibus
2938 613 2994 664 et
3031 609 3100 663 de
3134 626 3372 664 numero
3394 611 3548 682 judi-

1923 699 2174 754 cantium
2205 700 2664 770 presbyterorum
2696 704 2754 754 et
2782 701 3173 756 diaconorum.

1998 794 2082 844 l2.
2117 793 2187 846 Ut
2211 796 2372 860 pacta
2398 791 2546 845 inter
2575 792 2864 862 episcopos
2887 793 3028 848 inita
3054 794 3462 849 custodiantur.

2001 886 2084 936 13.
2119 884 2188 936 Ut
2212 899 2326 936 non
2352 882 2521 936 liceat
2547 884 2765 937 clericis
2789 884 3068 938 fenerare.

1999 975 2084 1028 14.
2121 975 2192 1028 Ut
2221 973 2352 1027 laici
2386 979 2805 1046 contemptores
2842 993 3124 1031 canonum
3164 979 3549 1033 excommuni-

1926 1069 2147 1134 centur,
2177 1064 2366 1119 clerici
2391 1082 2525 1119 vero
2553 1067 2768 1121 honore
2798 1068 3105 1137 priventur.

552 1262 964 1355 INCIPIT
1036 1266 1646 1358 CONCILIUM
1715 1267 2151 1360 PRIMUM
2221 1265 3164 1359 CARTHAGINENSE

258 1424 400 1476 Cum
446 1424 648 1478 Gratus
691 1424 989 1496 episcopus
1032 1427 1464 1498 Carthaginensi
1499 1429 1556 1482 in
1593 1431 1825 1486 concilio

194 1531 306 1568 una
334 1532 470 1568 cum
502 1517 730 1586 collegis
760 1516 873 1570 suis
891 1518 1259 1585 consedisset,
1287 1523 1344 1573 et
1371 1520 1467 1590 qui
1495 1538 1564 1575 ex
1592 1522 1824 1577 diversis

192 1607 496 1676 provinciis
541 1608 814 1662 Africanis
854 1609 928 1662 ad
971 1611 1374 1680 Carthaginem
1418 1619 1821 1682 convenerunt,

195 1700 370 1753 l-‘elice
433 1700 751 1766 Baianensi,
807 1701 1213 1756 Fortunatiano
1263 1704 1610 1774 Ramptano,
1661 1707 1821 1761 Cres-

1925 1428 2056 1483 licet
2083 1432 2266 1484 vestra
2283 1427 2588 1500 prudentia
2618 1428 2691 1482 sit
2721 1427 2993 1482 instructa
3018 1443 3052 1481 a
3077 1429 3212 1497 Deo,
3247 1435 3304 1484 et
3329 1447 3543 1486 merea-

1924 1527 2017 1575 tur
2051 1521 2110 1574 in
2161 1537 2319 1592 pace,
2362 1525 2418 1575 et
2453 1521 2671 1575 unitate
2713 1519 2980 1591 consequi
3025 1520 3270 1591 desuper
3309 1539 3548 1578 munera

1922 1613 2102 1683 larga,
2130 1617 2326 1667 tamen
2365 1616 2422 1666 et
2461 1628 2568 1682 ego
2599 1628 2744 1666 unus
2793 1628 2857 1666 ex
2885 1611 3064 1678 vobis,
3112 1616 3169 1666 et
3202 1629 3315 1684 quo
3355 1631 3549 1684 parem

1923 1705 2208 1759 vobiscum
2227 1704 2663 1759 sollicitudinem
2683 1721 2842 1774 gero,
2861 1709 3092 1774 propter
3110 1705 3548 1761 ecclesiasticum

191 1796 348 1845 cente
382 1791 626 1860 Baiensi,
665 1791 996 1846 Vindiciano
1036 1794 1416 1862 Lacubaiensi,
1461 1783 1900 1853 AbundantioB
1925 1797 2186 1851 ordinem
2210 1797 2350 1850 illud
2374 1796 2665 1850 insinuare
2695 1797 2926 1850 curabo.

189 1883 595 1951 Adrumetino,
640 1884 828 1938 Priato
870 1885 1277 1956 Begesilitano,
1326 1888 1645 1943 Gaudentio
1682 1891 1823 1944 Tur-

190 1975 527 2042 retaliensi,
593 1976 831 2030 Patricio
909 1977 1160 2031 Sincensi
1190 2019 1204 2047 ,
1280 1979 1482 2042 Quieto
1537 1981 1821 2053 Uticensi,

192 2067 437 2120 Rumulo
465 2067 817 2134 Tebestiano,
850 2073 905 2122 et
929 2070 1147 2123 cateris
1177 2086 1420 2140 quorum
1449 2088 1652 2126 manus
1689 2091 1820 2128 con-

189 2159 467 2228 tinentur,
507 2159 659 2212 idem
692 2160 894 2214 Gratus
926 2161 1220 2232 episcopus
1251 2163 1427 2216 dixit:
1461 2165 1677 2220 Gratias
1709 2168 1822 2220 Deo

188 2251 571 2322 omnipotenti
599 2255 655 2306 et
679 2252 897 2306 Christo
937 2253 1086 2322 Jesu,
1128 2254 1226 2324 qui
1259 2254 1416 2308 dedit
1456 2256 1615 2310 malis
1650 2257 1820 2311 schis-

189 2342 434 2396 matibus
498 2343 694 2412 finem,
745 2348 801 2397 et
839 2345 1079 2415 respexit
1116 2347 1416 2400 Ecclesiam
1448 2365 1628 2417 suam,
1669 2355 1730 2403 ut
1766 2349 1823 2404 in

189 2435 310 2503 ejus
347 2435 633 2504 gremium
677 2435 922 2506 erigeret
954 2437 1214 2492 universa
1249 2439 1509 2494 membra
1548 2441 1819 2512 dispersa,

187 2527 282 2596 qui
317 2526 620 2596 imperavit
667 2527 1088 2597 religiosissimo
1116 2530 1446 2586 Constantio
1473 2531 1819 2602 imperatori,

187 2625 249 2671 ut
295 2621 491 2672 votum
553 2624 779 2688 gereret
825 2620 1076 2687 unitatis,
1126 2625 1184 2674 et
1239 2623 1490 2678 mitteret
1537 2624 1823 2679 ministros

188 2711 365 2764 sancti
397 2711 584 2780 operis
633 2712 872 2765 famulos
896 2713 1016 2779 Dei,
1066 2714 1306 2768 Paulum
1355 2721 1410 2769 et
1451 2715 1820 2772 Macharium.

188 2803 284 2857 Dei
316 2819 457 2873 ergo
494 2806 637 2856 nutu
679 2804 1012 2875 congregati
1051 2805 1124 2858 ad
1171 2807 1470 2873 unitatem,
1520 2814 1579 2862 ut
1605 2825 1707 2879 per
1737 2809 1820 2864 di-

187 2911 377 2949 versas
414 2894 732 2964 provincias
767 2896 1412 2968 concilia_celebremus,
1448 2903 1506 2952 et
1543 2900 1822 2955 universa

186 2987 494 3057 provincia
519 2988 721 3042 Africa
752 2989 1030 3043 hodierna
1064 2989 1155 3044 die
1182 2991 1485 3045 concilium
1517 2991 1696 3062 gratia
1727 2993 1822 3046 Dei

185 3081 592 3150 Carthaginem
650 3080 886 3147 veniret,
943 3083 1096 3136 unde
1149 3082 1630 3138 considerantibus
1665 3083 1822 3140 vobis

1995 1891 2058 1944 ll.
2092 1890 2401 1960 Martyrum
2431 1889 2768 1960 dignitatem
2798 1905 2968 1942 nemo
2991 1889 3263 1959 profanus
3289 1889 3549 1960 infamet,

1924 1997 2110 2051 neque
2135 1980 2353 2054 passiva
2387 1997 2623 2052 corpora
2659 1997 2788 2052 qua
2823 1981 3127 2051 sepultura
3165 1984 3382 2035 tantum
3415 1998 3548 2052 pro-

1926 2077 2051 2143 pter
2093 2066 2432 2127 memoriam
2480 2072 2912 2127 ecclesiasticam
2957 2073 3346 2127 commendari
3387 2090 3550 2127 man-

1926 2165 2124 2218 datum
2172 2170 2274 2231 est,
2327 2165 2603 2236 redigant,
2665 2169 2725 2218 ut
2761 2168 2860 2218 aut
2897 2165 3112 2218 insania
3148 2165 3551 2235 pracipitatos,

1923 2261 2021 2310 aut
2047 2257 2157 2310 alia
2192 2256 2412 2310 ratione
2447 2255 2665 2326 peccati
2707 2255 3012 2325 disjunctos
3053 2272 3166 2309 non
3208 2257 3422 2310 ratione
3464 2257 3553 2310 vel

1924 2352 2182 2418 tempore
2208 2347 2574 2418 competenti,
2597 2364 2710 2418 quo
2730 2347 3004 2418 martyria
3031 2347 3392 2402 celebrentur
3409 2364 3554 2401 mar-

1923 2443 2112 2510 tyrum
2167 2439 2405 2494 nomina
2455 2418 2882 2530 appellent,{ut
2925 2438 2971 2491 si
3006 2438 3132 2508 quis
3178 2439 3250 2492 ad
3284 2439 3551 2510 injuriam

1924 2536 2244 2601 martyrum
2269 2530 2536 2584 claritatis
2563 2547 2763 2584 eorum
2790 2530 3065 2600 adjungat
3089 2530 3336 2597 insanos,
3369 2531 3551 2600 placet

1923 2640 2038 2691 eos,
2073 2624 2116 2676 si
2147 2623 2275 2676 laici
2305 2622 2438 2689 sint,
2469 2623 2540 2676 ad
2577 2621 2974 2692 panitentiam
3013 2621 3220 2691 redigi.
3263 2621 3317 2675 Si
3356 2624 3551 2676 autem

1923 2719 2056 2769 sunt
2078 2715 2287 2782 clerici,
2319 2718 2446 2786 post
2479 2713 2981 2768 commonitionem
3013 2719 3070 2768 et
3106 2717 3233 2783 post
3267 2713 3549 2783 cognitio-

1922 2823 2054 2861 nem
2081 2808 2298 2861 honore
2337 2806 2566 2876 privari.
2610 2805 2866 2859 Universi
2907 2806 3193 2871 dixerunt,
3241 2809 3392 2858 recte
3437 2809 3548 2858 sta-

1923 2899 2047 2952 bilit
2067 2898 2332 2953 sanctitas
2367 2903 2571 2963 vestra,
2601 2898 2707 2951 hoc
2739 2901 2796 2951 et
2823 2896 3062 2967 singulis
3089 2896 3336 2951 conciliis
3375 2900 3550 2950 statu-

1923 2997 2044 3045 tum
2074 2994 2183 3046 est.

1992 3083 2078 3137 Ill.
2109 3085 2310 3138 Gratus
2348 3083 2649 3154 episcopus
2681 3082 2818 3137 dixit
2846 3098 2858 3136 :
2893 3082 2962 3136 Et
2996 3081 3136 3136 illud
3171 3080 3476 3153 pracipue,
3507 3081 3556 3134 si

196 3131 592 3150 ραν-ηοκνν-κκ
950 3131 1094 3136 π--ν
1153 3131 1628 3138 -ν---π---ην---η
1679 3131 1821 3140 vn.--
1993 3131 2078 3137 ——--
2115 3131 2307 3138 μνη
2352 3131 2647 3154 τηατ--
2684 3131 2816 3137 ----ν
2846 3131 2858 3136 -
2893 3131 2961 3136 --
2996 3131 3136 3136 --ψ-
3171 3131 3476 3153 τ-ην-τ-ν,
3508 3131 3552 3134 --

185 3189 316 3225 cum
347 3189 481 3226 mea
518 3172 910 3226 mediocritate
952 3177 1264 3228 tractentur
1308 3175 1456 3228 tituli
1497 3177 1820 3248 necessarii,
1843 3131 1898 3204 Ο
1925 3175 2146 3230 videtur
2171 3179 2369 3229 vestra
2399 3174 2704 3241 dilectioni,
2741 3173 3056 3228 cavendum
3085 3177 3188 3240 est,
3221 3179 3283 3228 ut
3310 3175 3552 3244 pastoris

185 3263 257 3318 de
281 3263 491 3335 quibus
531 3279 758 3318 necesse
804 3268 888 3318 est
934 3282 1038 3319 nos
1084 3283 1370 3320 memores
1410 3273 1822 3338 praceptorum

186 3355 516 3410 divinorum
567 3361 626 3410 et
678 3357 990 3427 magisterii
1043 3357 1364 3414 divinarum
1407 3360 1821 3430 Scripturarum

186 3449 645 3518 contemplantes
676 3449 903 3503 unitatis
931 3453 1178 3520 tempus,
1219 3451 1276 3504 id
1310 3451 1379 3505 de
1419 3452 1656 3522 singulis
1681 3453 1819 3507 deti-

185 3540 312 3595 nire
345 3541 500 3610 quod
549 3557 650 3594 nec
693 3540 976 3612 Carthago
1020 3543 1276 3613 vigorem
1325 3543 1468 3614 legis
1529 3543 1817 3614 infringat,

185 3649 292 3688 nec
312 3635 512 3686 tamen
533 3637 789 3703 tempore
818 3633 1051 3687 unitatis
1082 3635 1296 3706 aliquid
1323 3636 1692 3691 durissimum
1705 3642 1816 3692 sta-

186 3727 437 3779 tuamus.

254 3818 383 3873 CAP.
417 3817 456 3871 Ι.
494 3818 642 3888 Ergo
685 3817 729 3872 si
785 3818 937 3873 vobis
981 3820 1186 3890 placet,
1233 3821 1654 3876 consideremus
1701 3821 1816 3892 pri-

187 3925 350 3964 mum
375 3909 609 3964 titulum
639 3911 1123 3982 rebaptizationis,
1152 3912 1306 3967 unde
1333 3914 1689 3968 sanctitatem
1718 3930 1816 3968 ve-

185 4005 364 4057 stram
403 4003 628 4072 postulo
665 4009 730 4058 ut
770 4005 977 4060 mentis
1019 4009 1219 4059 vestra
1261 4005 1464 4076 placita
1499 4006 1820 4076 producatis

185 4097 256 4150 ad
303 4094 743 4150 descendentem
788 4097 849 4150 in
891 4113 1132 4168 aquam,
1183 4101 1240 4152 et
1291 4098 1710 4169 interrogatum
1757 4099 1818 4153 in

185 4186 462 4243 Trinitate
493 4188 806 4242 secundum
826 4189 1115 4260 Evangelii
1133 4190 1330 4260 ﬁdem,
1353 4195 1411 4246 et
1428 4192 1817 4262 apostolorum

189 4279 530 4350 doctrinam,
573 4286 630 4335 et
672 4282 998 4336 confessum
1041 4282 1257 4336 bonam
1301 4283 1708 4338 conscientiam
1760 4284 1818 4338 in

187 4373 391 4442 Deum,
421 4373 492 4428 de
524 4373 938 4428 resurrectione
978 4375 1109 4430 Jesu
1146 4375 1374 4442 Christi,
1421 4375 1468 4429 si
1509 4376 1674 4431 liceat
1709 4377 1814 4431 ite-

1925 3284 2056 3322 cura
2090 3272 2370 3338 quantum
2404 3267 2573 3321 debet
2599 3270 2658 3320 et
2685 3270 2869 3337 potest
2893 3265 3172 3336 regularis
3201 3265 3553 3336 providentia

1922 3365 2292 3430 pramoneat,
2322 3365 2388 3414 ut
2414 3359 2584 3414 nullis
2611 3359 2777 3412 liceat
2807 3358 2877 3411 ab
2909 3357 3114 3412 affectu
3138 3357 3552 3412 abstinentibus

1922 3451 2138 3506 carnali
2183 3451 2336 3522 apud
2380 3455 2679 3504 extraneos
2724 3450 2938 3520 pariter
2983 3451 3350 3514 commorari;
3395 3465 3550 3503 occa-

1921 3545 2109 3598 siones
2154 3543 2309 3597 enim
2344 3542 2710 3612 amputanda
2753 3544 2886 3594 sunt
2921 3544 3304 3610 peccatorum,
3349 3544 3408 3594 et
3443 3541 3546 3594 tol-

1920 3636 2102 3691 lenda
2151 3651 2352 3689 omnes
2395 3633 2740 3704 suspiciones
2768 3632 2971 3703 quibus
3008 3631 3286 3686 subtilitas
3333 3632 3548 3687 diaboli

1919 3729 2023 3782 sub
2053 3730 2336 3799 pratextu
2365 3724 2652 3780 charitatis
2685 3728 2742 3779 et
2771 3724 3093 3779 dilectionis
3131 3724 3386 3778 incautas
3420 3725 3546 3778 ani-

1920 3837 2041 3875 mas
2082 3821 2168 3874 vel
2213 3819 2444 3891 ignaras
2485 3817 2708 3872 irretire
2762 3815 3075 3872 consuevit.
3137 3815 3334 3871 Nullus
3373 3816 3550 3888 igitur

1919 3914 2192 3984 nullaque
2220 3910 2612 3966 sanctimonia
2644 3913 2703 3964 et
2731 3909 3038 3980 virginitati
3067 3909 3386 3965 deserviens
3415 3925 3549 3980 pro-
3619 3913 3621 3915 ’

1921 4010 2046 4077 pter
2074 4005 2491 4077 blasphemiam
2536 4002 2816 4071 Ecclesia,
2846 4002 2894 4056 si
2926 4001 3082 4056 vobis
3108 4003 3313 4073 placet,
3349 4001 3408 4056 in
3435 4018 3551 4057 una

1919 4098 2090 4153 domo
2108 4115 2236 4152 cum
2259 4097 2542 4151 extraneis
2557 4095 2784 4167 penitus
2803 4094 3146 4150 commorari
3167 4095 3381 4150 debent
3394 4094 3552 4161 mni.-

1917 4191 2064 4245 versi
2121 4191 2424 4244 dixerunt:
2475 4188 2581 4257 Qui
2633 4188 2837 4242 nolunt
2887 4187 3122 4255 nubere,
3162 4192 3220 4242 et
3263 4185 3550 4258 pudicitia

1917 4283 2216 4338 meliorem
2255 4282 2476 4351 eligunt
2519 4283 2762 4351 partem,
2806 4281 2930 4334 hac
2984 4280 3163 4334 vitare
3208 4279 3453 4347 debent,
3493 4281 3550 4333 et

1919 4392 2036 4430 non
2068 4375 2248 4428 solum
2295 4373 2551 4427 habitare
2598 4372 2788 4440 simul,
2836 4373 2934 4427 sed
2978 4389 3084 4426 nec
3124 4372 3335 4427 habere
3376 4371 3449 4425 ad
3489 4387 3546 4426 se

187 4481 318 4520 rum
347 4465 696 4536 interrogari
735 4466 793 4520 in
822 4467 1022 4521 eadem
1067 4467 1200 4533 ﬁde,
1243 4471 1302 4521 et
1349 4468 1408 4522 in
1434 4485 1581 4539 aqua
1605 4469 2162 4550 iterumDaliquem
2191 4482 2509 4532 accessum;
2556 4465 2664 4519 hoc
2699 4481 2835 4536 ergo
2876 4469 2935 4519 et
2982 4465 3067 4519 lex
3103 4464 3287 4535 jubet,
3328 4469 3384 4518 et
3413 4480 3546 4516 san-

188 4557 419 4628 intingi,
464 4555 713 4611 universi
758 4558 1004 4630 episcopi
1048 4557 1314 4614 dixerunt
1354 4576 1367 4613 :
1418 4560 1612 4628 Absit,
1651 4563 1815 4617 absit.

189 4651 413 4706 lllicitas
439 4666 561 4704 esse
600 4650 885 4704 sancimus
919 4651 1410 4723 rebaptizationes,
1444 4656 1502 4707 et
1539 4654 1671 4708 satis
1700 4671 1818 4709 esse

191 4743 442 4797 alienum
469 4760 503 4796 a
527 4739 750 4797 sincera
777 4743 910 4813 ﬁde,
943 4747 1000 4798 et
1037 4743 1310 4798 catholica
1339 4745 1656 4815 disciplina.
1685 4748 1816 4801 Gra-

190 4842 282 4889 tus
312 4835 614 4906 episcopus
640 4834 779 4891 dixit
811 4853 824 4890 :
859 4832 1057 4907 Magna
1091 4835 1379 4891 beatitudo
1425 4855 1459 4892 a
1490 4838 1598 4891 Deo
1633 4841 1818 4905 Patre,

190 4945 293 4998 per
317 4928 624 4982 Dominum
665 4928 951 4983 Christum
994 4945 1259 4984 concessa
1299 4933 1384 4984 est
1419 4935 1680 5000 tempore
1713 4948 1818 4985 no-

191 5025 324 5086 stro,
351 5025 417 5074 ut
451 5020 624 5074 liceat
665 5019 945 5091 religiosis
986 5021 1272 5077 mentibus
1318 5022 1609 5077 insinuare
1641 5023 1819 5077 eccle-

191 5111 474 5168 siasticam
501 5112 876 5183 disciplinam,
910 5119 971 5168 ut
1007 5114 1293 5169 auditores
1327 5115 1704 5186 percipientes
1731 5131 1820 5171 re-

194 5205 385 5276 gulam
416 5208 628 5259 rectam
656 5210 714 5259 et
736 5206 854 5260 Deo
881 5206 1221 5277 placentem,
1254 5207 1487 5278 praemia
1506 5209 1821 5263 multorum

194 5297 479 5353 bonorum
513 5297 852 5369 percipiant,
892 5299 1048 5353 utin
1083 5298 1216 5370 ipsis
1260 5302 1404 5355 Deus
1443 5301 1501 5354 in
1535 5301 1821 5370 omnibus,

196 5396 252 5444 et
278 5408 378 5461 pro
405 5386 669 5444 omnibus
695 5391 1028 5460 honoretur,
1048 5391 1352 5461 discussus
1382 5396 1468 5447 est
1498 5393 1693 5447 titulus
1721 5410 1821 5449 ne-

196 5483 469 5537 cessarius
525 5457 1055 5556 rebaptizationis“!
1068 5484 1127 5538 in
1172 5501 1286 5556 quo
1331 5486 1458 5556 plus
1507 5486 1826 5542 schismatis

199 5574 380 5629 rabies
427 5575 813 5646 delitescebat,
869 5581 926 5630 et
985 5574 1178 5631 Habita
1242 5578 1633 5634 moderatione
1687 5579 1828 5651 legis

197 5668 410 5738 vigore,
440 5673 498 5722 et
533 5667 870 5722 auctoritate
907 5668 1046 5724 fides
1084 5671 1362 5725 custodita
1397 5675 1500 5725 est.
1524 5672 1664 5726 Illud
1690 5689 1826 5728 sane

199 5760 625 5832 sapientissimis
664 5760 865 5815 vestris
910 5761 1166 5816 sensibus
1203 5761 1494 5819 insinuare
1521 5765 1825 5835 contendo,

604 5857 877 5922 pATBOL.
928 5857 1154 5924 CXXX.

1920 4562 2082 4615 ctitas
2137 4564 2323 4613 vestra
2367 4556 2770 4624 commendat,
2811 4563 2871 4612 ut
2921 4556 2978 4611 in
3026 4557 3259 4626 singulis
3303 4553 3550 4609 conciliis

1919 4656 2190 4708 statutum
2223 4655 2327 4706 est.
2367 4651 2571 4704 Gratus
2606 4649 2902 4720 episcopus
2934 4649 3105 4704 dixit:
3135 4649 3284 4718 Ergo
3325 4663 3554 4718 persua-

1922 4747 2002 4800 sio
2032 4744 2319 4799 interdum
2346 4742 2654 4814 prudentes
2682 4742 2822 4796 solet
2842 4757 3032 4796 arcere
3060 4758 3094 4794 a
3120 4739 3382 4810 peccatis,
3413 4736 3552 4793 dum

1920 4837 2314 4908 imprudentes
2357 4835 2524 4890 debet
2566 4838 2750 4890 metus
2781 4833 3108 4904 hujusmodi
3135 4832 3551 4903 constringere,

1921 4929 1967 4984 si
2004 4945 2210 4984 sanum
2255 4928 2556 4984 consilium
2605 4931 2895 4997 respuunt,
2935 4931 2991 4980 et
3025 4923 3267 4980 salutare
3311 4924 3552 4980 manda-

1920 5029 2067 5078 tum.
2111 5019 2167 5078 Si
2210 5039 2349 5092 ergo
2389 5020 2522 5076 laici
2561 5025 2712 5087 sunt,
2753 5022 2878 5090 post
2935 5017 3436 5072 commonitionem
3483 5017 3552 5087 si,

1923 5115 2395 5185 contempserint,
2420 5131 2455 5167 a
2482 5111 2884 5167 communione
2913 5115 3272 5181 separentur.
3299 5108 3555 5165 Universi

1923 5207 2208 5286 dixerunt,
2237 5207 2442 5278 placet.

1996 5300 2081 5354 IV.
2136 5300 2337 5353 Gratus
2380 5299 2678 5368 episcopus
2725 5295 2891 5363 dixit,
2939 5300 2996 5350 et
3037 5296 3083 5350 si
3130 5296 3355 5352 infinita
3391 5302 3556 5365 sunt,

1927 5408 2055 5464 qua
2079 5392 2208 5463 lege
2237 5391 2550 5462 perscripta
2581 5388 2938 5461 proﬁcientia
2963 5388 3299 5461 disciplina,
3331 5395 3389 5445 et
3415 5406 3558 5445 unus

1925 5484 2164 5556 quisque
2191 5486 2455 5540 nostrum
2478 5485 2724 5537 tractatu
2761 5482 2986 5537 assiduo
3017 5486 3074 5537 et
3111 5481 3558 5538 commonitione

1927 5576 2214 5648 frequenti
2248 5592 2353 5648 per
2389 5575 2643 5647 singulas
2667 5591 2919 5647 quasque
2957 5574 3172 5646 species
3205 5573 3563 5646 proﬁcientes

1925 5670 1996 5726 ad
2027 5668 2384 5740 disciplinam
2423 5669 2635 5740 poterit
2667 5669 2908 5740 populos
2935 5667 3200 5737 invitare,
3240 5671 3434 5720 tamen
3460 5663 3562 5718 all-

1929 5779 2045 5836 qua
2073 5779 2139 5818 ex
2164 5761 2246 5816 eis
2280 5768 2510 5834 propter
2549 5760 2930 5834 blasphemias
2973 5757 3330 5833 suggerenda
3369 5762 3502 5814 sunt
3527 5772 3562 5819 ἃ
