4054 6308
513 352 615 405 323

1393 345 1677 401 APPEND.
1719 344 1807 398 ΑΙ)
1844 344 2002 398 sasc.
2047 343 2130 396 ix.
2162 370 2230 380 -
2269 316 2507 399 ιὲιυυιιι
2547 338 2968 398 unacxroms

3767 336 3872 388 324

518 456 767 511 nobiset
794 455 854 508 in
877 452 1113 508 concilio
1147 453 1462 518 statuenda,
1507 453 1551 505 si
1583 451 1805 505 videtur
1829 449 1988 503 vobis
2016 449 2142 519 pari
2162 458 2220 531 Α
2240 452 2411 506 bitur.
2440 449 2696 505 Universi
2731 447 3017 515 dixerunt,
3063 443 3455 498 saluberrimae
3489 441 3875 513 professiones

519 548 798 603 sententia
826 551 1131 601 teneantur
1168 545 1341 599 etiam
1379 544 1438 597 hi
1475 543 1575 613 qui
1612 559 1744 597 cum
1773 541 1953 596 viduis
1987 557 2138 595 com-

517 644 837 705 morantur,
895 641 952 692 et
1000 637 1155 692 nulla
1195 652 1389 691 secum
1434 635 1806 706 germanitate
1855 632 2142 705 conjuncti

519 734 670 787 sunt.
736 729 990 784 Universi
1042 729 1326 797 dixerunt,
1375 728 1541 799 juxta
1596 727 1794 782 viduos
1841 726 2143 781 et.viduas

518 824 719 879 eadem
746 822 840 876 lex
864 823 1091 875 maneat
1119 824 1174 875 et
1196 820 1500 875 sententia.

589 917 653 969 V.
698 914 981 969 Primatus
1031 913 1327 984 episcopus
1370 910 1768 982 Begisilitanus
1805 909 1962 977 dixit,
2009 924 2141 979 sug-

521 1023 659 1079 gero
688 1006 971 1061 sanctitati
996 1009 1217 1074 vestree,
1250 1008 1316 1060 ut
1344 1004 1607 1060 statuatis
1635 1020 1753 1057 non
1791 1002 1960 1056 licere
1985 1000 2143 1055 cleri-

519 1116 653 1154 cum
678 1098 930 1152 alienum
955 1095 1025 1151 ab
1053 1096 1243 1168 aliquo
1274 1096 1484 1167 suscipi
1515 1095 1633 1150 sine
1663 1093 1865 1149 litteris
1897 1090 2147 1164 episcopi

516 1191 623 1259 sui,
660 1207 842 1262 neque
870 1190 1020 1261 apud
1060 1205 1119 1244 se
1156 1189 1428 1256 retinere,
1474 1204 1579 1243 nec
1614 1186 1827 1242 laicum
1872 1200 2146 1255 usurpare

517 1283 625 1338 sibi
649 1283 718 1337 de
742 1283 906 1353 plebe
932 1281 1141 1350 aliena,
1182 1284 1244 1335 ut
1269 1297 1400 1336 eum
1436 1280 1661 1334 ordinet
1699 1279 1820 1333 sine
1856 1276 2177 1359 conscien-I

519 1376 605 1429 tia
628 1375 752 1446 ejus
783 1374 1052 1445 episcopi,
1090 1374 1161 1428 de
1191 1373 1351 1443 cujus
1378 1372 1546 1443 plebe
1573 1375 1675 1427 est.
1703 1372 1903 1426 Gratus
1928 1369 2145 1440 episco-

520 1484 627 1538 pus
655 1466 812 1535 dixit,
844 1466 968 1520 haec
1002 1465 1354 1520 observantia
1388 1480 1588 1535 pacem
1620 1463 1882 1518 custodit.
1921 1463 2061 1516 Nam
2095 1465 2151 1515 et

522 1558 766 1614 memini
793 1558 852 1611 in
884 1557 1234 1612 sanctissimo
1256 1556 1493 1612 concilio
1514 1538 1831 1611 Sardicensi
1852 1557 2146 1622 statutum,

522 1656 592 1706 ut
625 1666 796 1705 nemo
838 1649 1070 1704 alterius
1105 1648 1286 1721 plebis
1326 1648 1621 1703 hominem
1667 1651 1922 1719 usurpet,
1955 1646 2052 1701 sed
2102 1644 2150 1699 si

521 1744 672 1798 forte
713 1741 822 1796 erit
859 1741 1223 1809 necessarius,
1269 1742 1424 1811 petat
1459 1757 1491 1794 a
1536 1740 1748 1811 collega
1781 1756 1904 1807 suo,
1947 1742 2002 1793 et
2047 1753 2151 1808 per

522 1849 859 1889 consensum
889 1833 1117 1888 habeat.
2168 1808 2227 1879 Β

594 1927 679 1980 VI.
731 1925 977 1980 Nicasius
1023 1924 1317 1996 episcopus
1351 1923 1736 1980 Culustitanus
1781 1922 1939 1993 dixit,
1986 1922 2150 1977 credo

522 2019 747 2089 placere
794 2003 1220 2089 suggestionem
1274 2032 1461 2072 meam
1524 2015 1805 2071 sanctitati
1852 2018 2052 2069 vestrae
2096 2017 2154 2069 et

524 2109 821 2181 displicere
873 2109 1032 2164 vobis
1054 2088 1189 2188 ,μή
1230 2109 1331 2179 qui
1371 2109 1624 2164 serviunt
1671 2109 1785 2162 Deo
1827 2112 1885 2162 et
1946 2106 2153 2162 annexi

526 2205 660 2256 sunt
678 2202 846 2271 clero,
880 2218 993 2255 non
1023 2201 1295 2255 accedant
1318 2200 1392 2255 ad
1410 2204 1568 2255 actus
1595 2217 1697 2254 seu
1720 2197 2154 2255 administratio-

522 2310 657 2349 nem
684 2293 769 2347 vel
789 2293 1248 2364 procurationem
1273 2293 1596 2349 domorum.
1620 2292 1826 2346 Gratus
1854 2290 2151 2362 episc0pus

527 2384 689 2454 dixit,
712 2387 770 2438 et
795 2385 1174 2454 apostolorum
1199 2387 1406 2439 statuta
1432 2388 1565 2439 sunt
1582 2400 1710 2455 quas
1737 2383 1951 2449 dicunt,
1982 2398 2153 2436 nemo

522 2476 773 2531 militans
799 2476 911 2530 Deo
944 2475 1153 2546 ingerit
1181 2492 1242 2530 se
1272 2476 1517 2546 negotiis
1543 2475 1940 2543 saecularibus;
1968 2474 2153 2545 proin-

523 2568 592 2622 de
643 2570 743 2622 aut
782 2567 969 2622 clerici
1011 2567 1123 2622 sint
1164 2568 1285 2622 sine
1333 2567 1649 2623 actionibus
1692 2567 2015 2634 domorum,
2056 2571 2155 2621 aut

529 2663 744 2715 actores
784 2660 904 2713 sine
944 2659 1131 2714 ofﬁcio
1182 2660 1537 2715 clericorum.
1573 2659 1831 2715 Universi
1869 2658 2151 2724 dixerunt,

525 2752 633 2806 hoc
658 2750 1036 2806 observemus.

596 2844 708 2896 VII.
762 2842 1029 2897 Casianus
1061 2842 1352 2897 Usulensis
1399 2842 1701 2914 episcopus
1741 2842 1902 2910 dixit,
1944 2844 2157 2899 statuat

530 2933 774 3006 gravitas
802 2936 1003 3003 vestra,
1037 2938 1099 2988 ut
1136 2934 1548 3004 unusquisque,
1589 2934 1821 2989 clericus
1858 2934 1945 2989 vel
1985 2934 2155 2987 laicus

531 3043 647 3082 non
677 3026 1063 3081 communicet
1078 3024 1137 3079 in
1151 3026 1337 3079 aliena
1352 3026 1521 3097 plebe
1543 3026 1663 3080 sine
1683 3026 1886 3082 litteris
1906 3025 2158 3097 episcopi

530 3118 638 3174 sui.
660 3118 864 3174 Gratus
880 3117 1176 3190 episcopus
1195 3117 1359 3187 dixit,
1377 3117 1485 3171 nisi
1496 3118 1602 3172 hoc
1613 3118 1973 3173 observatum
1982 3117 2158 3173 fuerit
2176 3156 2232 3230 Ο

541 3228 553 3230 -
573 3228 586 3230 _
602 3228 650 3230 μ-
665 3227 713 3230 γ--
728 3227 793 3230 ab
807 3209 820 3230 3
836 3227 851 3230 _
880 3208 971 3230 13-1
1001 3226 1029 3230 ._
1045 3227 1063 3230 _
1078 3208 1209 3230 ___'_-_
1267 3210 1336 3230 ιτ-
1350 3226 1397 3230 μ-
1444 3210 1481 3230 -1
1525 3227 1637 3230 _i__.-
1671 3211 1755 3230 νιι
1770 3211 1842 3230 ,με
1856 3228 1871 3230 -
1900 3227 1954 3230 μ-
1973 3227 1986 3230 _
2004 3214 2156 3230 ___l___

530 3209 860 3266 communio
879 3208 975 3266 ﬁet
1000 3208 1237 3281 passiva.
1267 3210 1404 3265 Nam
1439 3210 1487 3264 si
1516 3227 1648 3265 cum
1671 3211 1875 3266 litteris
1900 3214 2159 3282 receptus

530 3303 720 3371 fuerit,
775 3307 832 3360 et
882 3300 1187 3358 concordia
1237 3301 1388 3358 inter
1439 3303 1731 3374 episcopos
1777 3307 2049 3371 servatur,
2103 3305 2162 3359 et

530 3412 700 3451 nemo
721 3395 939 3450 subtilis
965 3394 1199 3449 alterius
1228 3394 1459 3465 fugiens
1478 3395 1942 3451 communionem
1973 3396 2044 3450 ad
2074 3395 2156 3450 al-

529 3492 722 3543 terum
748 3488 992 3543 latenter
1016 3487 1251 3543 accedit.
1281 3487 1536 3543 Universi
1567 3488 1860 3555 dixerunt,
1895 3488 2161 3542 omnibus

532 3582 792 3652 provides
821 3584 879 3634 et
901 3580 1051 3635 clero
1078 3584 1136 3635 et
1161 3580 1318 3635 laicis
1345 3576 1610 3636 consulis.

602 3673 736 3729 VIII.
781 3673 1017 3744 Magnus
1056 3672 1357 3744 episcopus
1408 3673 1773 3743 Astuagensis
1814 3673 1971 3743 dixit,
2026 3672 2164 3744 quid

534 3764 819 3821 dilectioni
872 3766 1071 3818 vestra:
1125 3764 1347 3818 videtur
1404 3769 1797 3834 procuratores
1839 3770 1894 3819 et
1946 3770 2164 3820 actores

537 3857 712 3911 etiam
740 3856 838 3926 per
854 3872 913 3910 se
929 3859 1147 3909 tutores
1167 3854 1518 3925 pupillorum
1536 3854 1583 3908 si
1602 3855 1846 3910 debeant
1866 3855 2163 3911 ordinari?

538 3947 737 4002 Gratus
760 3947 1060 4017 episc0pus
1091 3945 1254 4011 dixit,
1283 3944 1332 3999 si
1366 3948 1496 4016 post
1522 3946 1774 4016 deposita
1802 3947 2079 4017 universa,
2109 3954 2166 4002 et

538 4038 769 4095 reddita
807 4037 1122 4105 ratiocinia,
1168 4036 1216 4091 si
1257 4040 1416 4091 actus
1475 4038 1605 4092 vitae
1656 4038 1909 4109 ipsorum
1957 4039 2168 4095 fuerint

540 4130 766 4203 probati
810 4129 869 4184 in
909 4128 1196 4199 omnibus,
1240 4129 1451 4184 debent
1490 4145 1621 4184 cum
1660 4130 1829 4185 laude
1874 4131 2080 4200 clerici,
2123 4132 2167 4187 si

541 4222 808 4295 postulati
823 4221 1037 4277 fuerint
1047 4222 1267 4277 honore
1280 4223 1589 4277 munerari.
1605 4222 1662 4278 Si
1675 4222 1831 4278 enim
1844 4228 1975 4278 ante
1995 4220 2183 4279 liber?

541 4320 720 4371 tatem
740 4314 1102 4386 negotiorum
1121 4316 1208 4369 vel
1237 4314 1552 4371 ofﬁciorum
1581 4316 1651 4370 ab
1671 4317 1863 4388 aliquo
1885 4317 2008 4371 sine
2030 4334 2165 4372 con-

544 4408 886 4464 sideratione
940 4407 1111 4462 fuerit
1166 4407 1478 4476 ordinatus,
1548 4408 1793 4464 Ecclesia
1841 4408 2165 4465 infamatur.

2242 544 2565 597 debuerunt
2595 559 2628 597 a
2656 545 2808 595 tanto
2830 538 3062 594 concedi
3088 535 3343 591 consilio.

2312 636 2374 690 X.
2419 634 2569 689 Felix
2607 633 2902 705 episcopus
2946 628 3197 683 Baiensis
3242 627 3426 681 dixit.:
3464 626 3659 680 Nullus
3706 625 3879 680 debet

2242 727 2473 798 collegae
2494 743 2594 781 suo
2623 726 2808 780 facere
2836 724 2915 795 inj
2927 723 3129 789 uriam,
3156 719 3324 775 multi
3344 719 3497 774 enim
3519 722 3575 773 et
3592 722 3881 773 transcen-

2243 820 2386 875 dunt
2424 836 2545 886 sua,
2597 822 2656 873 et
2690 818 2973 888 usurpant
3015 815 3199 870 aliena
3241 812 3376 884 ipsis
3417 811 3629 867 invitis.
3673 812 3879 866 Gratus

2243 912 2543 984 episcopus
2570 911 2727 980 dixit,
2759 908 3011 964 avaritias
3054 905 3426 977 cupiditatem
3466 904 3717 984 radicem
3748 920 3875 957 om-

2243 920 2543 984 episcopus
2570 920 2727 980 dixit,
2759 920 3011 964 avaritias
3054 920 3426 977 cupiditatem
3466 920 3587 958 ram
3624 920 3717 957 em
3748 920 3875 957 om-

2242 1005 2405 1059 nium
2434 1004 2717 1058 malorum
2742 1018 2861 1057 esse
2904 1016 3075 1055 nemo
3103 1002 3201 1053 'est
3228 998 3326 1069 qui
3362 920 3620 1087 dubitetj
3633 996 3880 1050 Proinde

2244 1096 2627 1151 inhibendum
2653 1098 2757 1162 est,
2791 1110 2863 1149 ne
2897 1093 3025 1167 quis
3060 1091 3277 1146 alienos
3313 1090 3456 1144 ﬁnes
3492 1092 3748 1160 usurpet,
3777 1090 3881 1142 aut

2243 1188 2606 1244 transcendat
2631 1187 2958 1258 episcopum
2981 1185 3254 1254 collegam
3286 1197 3474 1249 suum,
3512 1183 3611 1235 aut
3639 1183 3883 1251 usurpet

2245 1281 2475 1349 alterius
2512 1279 2708 1351 plebes
2752 1277 2874 1333 sine
2912 1278 3034 1348 ejus
3075 1276 3277 1348 petitu,
3323 1274 3460 1345 quia
3497 1273 3631 1328 inde
3672 1278 3884 1327 caetera

2245 1374 2397 1428 mala
2425 1372 2624 1428 omnia
2663 1374 3032 1443 generantur.
3061 1366 3314 1424 Universi
3357 1366 3644 1435 dixerunt,
3672 1365 3879 1437 placet,

2246 1466 2450 1536 placet.

2318 1558 2401 1611 XI.
2461 1556 2876 1627 Elpidophorus
2925 1551 3306 1609 Cuicalitanus
3364 1550 3662 1621 episcopus
3716 1548 3879 1617 dixit,

2248 1651 2461 1704 statuat
2518 1647 2783 1703 sanctitas
2819 1649 3005 1703 vestra
3049 1648 3115 1699 ut
3153 1642 3341 1699 clerici
3380 1642 3481 1714 qui
3523 1641 3751 1713 superbi
3791 1640 3885 1694 vel

2250 1744 2610 1796 contumaces
2671 1739 2821 1808 sunt,
2894 1740 3281 1803 coerceantur,
3343 1736 3409 1791 ut
3471 1733 3570 1805 qui
3628 1733 3885 1787 minores

2249 1832 2555 1904 majoribus
2609 1831 2987 1903 irrogaverint
3035 1828 3290 1900 injurias,
3344 1830 3565 1881 metum
3611 1825 3881 1880 habeant.

2248 1922 2447 1980 Gratus
2483 1925 2781 1997 episcopus
2818 1923 2976 1991 dixit,
3028 1920 3397 1976 manifestum
3436 1922 3522 1973 est
3562 1917 3725 1972 illum
3766 1933 3885 1970 non

2251 2034 2371 2073 esse
2397 2017 2517 2084 Dei,
2559 2017 2657 2087 qui
2695 2015 3080 2071 humilitatem
3126 2010 3458 2077 contemnit,
3500 2010 3596 2065 sed
3637 2008 3885 2075 diaboli,

2252 2109 2351 2180 qui
2377 2109 2656 2180 superbiae
2687 2108 2953 2162 inventor
2983 2109 3038 2160 et
3062 2105 3327 2176 princeps
3349 2106 3461 2173 est;
3500 2102 3648 2157 unde
3677 2100 3724 2154 si
3758 2101 3889 2171 quis

2251 2202 2503 2256 tumidus
2555 2201 2642 2255 vel
2689 2198 3130 2255 contumeliosus
3178 2194 3456 2251 exstiterit
3502 2193 3561 2248 in
3605 2193 3887 2262 majorem

2253 2298 2408 2362 natu,
2440 2294 2528 2347 vel
2556 2293 2801 2365 aliquam
2833 2307 3060 2363 causam
3097 2287 3379 2355 habuerit,
3408 2304 3441 2340 a
3478 2286 3658 2340 tribus
3686 2284 3891 2339 vicinis

2253 2386 2548 2457 episcopis,
2578 2385 2624 2439 si
2661 2384 2929 2439 diaconus
2977 2386 3061 2438 est
3100 2384 3392 2452 arguatur,
3429 2379 3473 2433 si
3519 2377 3821 2449 presbyter
3858 2395 3891 2429 a

2254 2494 2369 2546 sex,
2400 2478 2445 2531 si
2484 2477 2783 2549 episcopus
2826 2494 2859 2529 a
2898 2474 3205 2530 duodecim
3244 2470 3740 2527 consacerdotibus
3785 2486 3888 2523 au-

2254 2570 2463 2624 diatur.
2486 2568 2743 2624 Universi
2764 2568 3032 2623 dixerunt
3052 2565 3319 2637 episcopi,
3342 2567 3703 2633 contemptus
3719 2560 3893 2616 debet

2253 2662 2624 2716 contumaciae
2661 2664 2719 2715 et
2744 2660 3024 2732 superbiae
3071 2659 3130 2713 in
3170 2657 3433 2712 omnibus
3463 2654 3668 2725 frangi,
3718 2670 3894 2708 causa

2253 2769 2387 2808 vero
2410 2770 2515 2824 pro
2545 2753 2799 2824 personis
2831 2752 2901 2807 ab
2929 2754 3137 2807 statuto
3168 2766 3408 2805 numero
3437 2746 3717 2803 audiatur.

2325 2846 2437 2901 XII.
2495 2846 2817 2916 Antigonus
2855 2844 3147 2916 episcopus
3187 2840 3500 2898 Matirensis
3538 2839 3702 2906 dixit,
3757 2855 3891 2910 gra-

2253 2954 2381 2993 vem
2406 2937 2679 3008 injuriam
2722 2937 2931 3007 patior,
2980 2939 3053 2990 et"
3079 2935 3246 2990 credo
3295 2933 3487 2989 dolere
3531 2931 3893 2986 sanctitatem

2254 3035 2500 3085 vestram
2525 3029 2931 3085 contumeliam
2955 3044 3166 3097 meam,
3200 3031 3257 3082 et
3275 3030 3603 3096 computare
3628 3039 3891 3078 commu-

2253 3138 2390 3177 nem
2419 3122 2712 3192 injuriam.
2746 3120 3046 3192 Optantius
3076 3135 3209 3174 cum
3241 3135 3298 3174 se
3318 3119 3774 3189 repraesentaret,
3795 3131 3899 3186 pa-

2258 3217 2415 3269 ctum
2444 3230 2642 3268 meum
2667 3213 2890 3282 habuit,
2914 3215 2971 3267 et
2988 3211 3231 3267 divisum
3263 3213 3369 3277 est,
3399 3212 3463 3264 ut
3487 3208 3687 3263 illiciat
3701 3223 3897 3278 popu-

2257 3305 2451 3361 lorum
2482 3306 2876 3377 imperitorum
2897 3304 3118 3359 animas
3147 3305 3343 3358 contra
3366 3301 3741 3372 disciplinam,
3762 3315 3901 3354 con—

2259 3400 2351 3453 tra
2385 3396 2508 3469 7'7
2567 3398 2949 3469 evangelicam
3006 3395 3400 3463 traditionem,
3451 3397 3648 3449 contra
3688 3408 3901 3464 pacem

2264 3490 2549 3562 placitam.
2584 3490 2723 3544 Nam
2750 3489 2795 3544 si
2817 3489 2923 3544 sibi
2948 3505 3111 3560 posse
3134 3488 3465 3558 contingere
3486 3485 3904 3540 arbitrarentur

2261 3599 2560 3654 nunquam
2612 3582 2868 3653 profecto
2915 3581 2975 3635 in
3019 3580 3253 3635 fratrem
3299 3578 3500 3650 aliquis
3541 3577 3900 3647 deliquisset,

2265 3674 2416 3729 unde
2446 3680 2544 3729 aut
2569 3673 2769 3728 initam
2797 3672 2951 3745 pacti
2990 3672 3076 3726 sui
3115 3672 3368 3726 obtineat
3401 3669 3750 3737 ﬁrmitatem,
3799 3675 3906 3724 aut

2263 3770 2577 3821 conventus
2594 3766 2637 3820 si
2662 3782 2719 3820 se
2740 3781 2853 3820 non
2874 3764 3214 3832 cohibuerit,
3238 3761 3672 3818 ecclesiasticam
3691 3759 3905 3815 sentiat

2265 3856 2644 3929 disciplinam.
2676 3857 2931 3913 Universi
2973 3856 3258 3924 dixerunt,
3287 3872 3393 3926 pax
3423 3856 3694 3919 servetur,
3725 3856 3902 3924 pacta

2265 3949 2673 4005 custodiantur.

2336 4043 2468 4098 XIII.
2499 4042 2894 4098 Abundantius
2913 4040 3210 4113 episcopus
3240 4038 3617 4094 Adumetinus
3644 4037 3807 4106 dixit,
3835 4038 3904 4093 in

2265 4137 2459 4189 nostro
2485 4135 2722 4189 concilio
2742 4137 3012 4189 statutum
3051 4135 3154 4202 est,
3208 4138 3271 4187 ut
3319 4148 3433 4186 non
3474 4132 3636 4185 liceat
3677 4130 3907 4186 clericis

2266 4226 2556 4293 fenerare;
2588 4226 2738 4297 quod
2758 4225 3039 4281 sanctitati
3068 4230 3181 4279 tua:
3212 4229 3269 4279 et
3295 4223 3429 4278 huic
3449 4210 3683 4277 concilio
3712 4221 3905 4279 videa-

2267 4320 2360 4371 tur
2398 4317 2663 4389 praesenti
2705 4316 2913 4388 placito
2962 4317 3314 4387 designetur.
3362 4316 3559 4370 Gratus
3596 4314 3907 4385 episcopus

2269 4407 2432 4478 dixit,
2460 4409 2697 4463 novellte
2735 4409 3133 4480 suggestiones
3171 4424 3299 4479 quae
3337 4407 3422 4462 vel
3464 4406 3716 4461 obscurae
3741 4411 3903 4474 sunt,

545 4500 800 4558 Universi
827 4500 1114 4567 dixerunt,
1136 4504 1289 4555 recte
1323 4500 1515 4555 omnia
1544 4501 1739 4555 statuit
1766 4501 2025 4557 sanctitas
2052 4507 2167 4569 tua,
2187 4508 2249 4580 Β
2270 4501 2359 4555 vel
2390 4501 2493 4555 sub
2522 4516 2727 4572 genere
2753 4502 2931 4556 latent
2972 4502 3242 4572 inspectae
3272 4517 3301 4554 a
3338 4499 3501 4555 nobis
3530 4500 3775 4553 formam
3805 4516 3908 4553 ac-

544 4595 784 4666 ideoque
808 4592 885 4648 ita
910 4595 995 4648 est
1020 4596 1078 4646 et
1104 4595 1298 4647 nostra
1326 4597 1410 4647 est
1434 4610 1660 4665 quoque
1691 4594 1991 4649 sententia.

616 4689 697 4742 IX.
727 4685 900 4741 Metus
925 4685 1273 4740 Canonensis
1302 4685 1595 4757 episcopus
1620 4686 1785 4754 dixit,
1814 4689 1967 4742 recte
1994 4689 2171 4741 statu—

546 4784 671 4835 tum
703 4784 807 4849 est,
851 4782 919 4833 ut
959 4778 1184 4832 obnoxii
1223 4777 1421 4832 alienis
1462 4779 1706 4849 negotiis
1747 4795 1861 4833 non
1903 4779 2173 4833 ordinen-

546 4876 660 4925 tur.
687 4872 899 4924 Tamen
924 4869 1143 4924 dimissi
1190 4871 1248 4922 et
1289 4869 1496 4938 gratias
1536 4870 1747 4925 referre
1786 4870 2011 4939 debent,
2058 4875 2114 4927 et
2142 4888 2177 4925 a

550 4961 883 5017 clericorum
937 4961 1149 5033 injuria
1186 4965 1523 5030 temperare,
1574 4964 1632 5015 et
1668 4960 1805 5031 ipsis
1853 4978 1969 5017 non
2013 4963 2177 5018 liceat

551 5052 781 5107 clericos
815 5055 1036 5107 nostros
1061 5054 1270 5124 eligere
1314 5051 1705 5123 apothecarios
1747 5053 1831 5107 vel
1876 5054 2174 5109 ratiocina-

551 5148 723 5200 tores.
746 5145 950 5199 Gratus
972 5144 1269 5216 cpisc0pus
1290 5144 1464 5200 dixit:
1495 5144 1640 5199 Nulli
1670 5145 1907 5200 dubium
1924 5150 2009 5200 est
2025 5147 2178 5218 quod

554 5248 773 5302 omnes,
816 5232 904 5285 vel
946 5231 1184 5301 domini,
1224 5233 1311 5287 vel
1354 5235 1763 5304 procuratores,
1808 5234 1896 5288 vel
1938 5234 2174 5306 quicun-

553 5341 664 5397 que
704 5326 976 5395 praasunt,
1023 5340 1152 5378 cum
1184 5325 1469 5381 audierint
1512 5325 1884 5381 saluberrima
1922 5327 2180 5384 instituta

553 5416 800 5484 concilii,
838 5420 895 5471 et
936 5414 1042 5469 sibi
1091 5420 1240 5470 esset
1283 5418 1625 5487 consultum,
1672 5437 1778 5474 nec
1816 5419 2176 5491 impeditum,

552 5510 841 5586 propriam
869 5508 1159 5563 debebunt
1200 5514 1516 5581 temperare
1557 5511 1829 5583 injuriam
1876 5513 1932 5567 in
1964 5515 2180 5568 clericis

551 5605 782 5671 nostris,
823 5601 975 5673 quod
1013 5600 1060 5655 si
1099 5598 1307 5672 injuria
1344 5604 1757 5661 constitutionis
1799 5605 2182 5679 imperatoriae

553 5699 786 5754 clericos
808 5693 1209 5777 inquietandos
1252 5696 1597 5765 putaverint,
1636 5698 1682 5752 si
1719 5699 1971 5754 defensio
2008 5701 2183 5755 eccle-

554 5791 777 5847 siastica
818 5805 922 5844 nos
961 5804 1077 5845 non
1119 5786 1358 5857 deridet,
1399 5789 1588 5859 pudor
1628 5790 1889 5861 publicus
1926 5791 2180 5847 vindica-

2272 4593 2499 4665 cipient.
2533 4594 2816 4648 Caeterum
2844 4594 2914 4649 de
2941 4593 3144 4665 quibus
3171 4593 3520 4664 apertissime
3542 4591 3733 4645 divina
3763 4591 3912 4671 Scri-

2273 4689 2442 4757 ptura
2469 4686 2658 4740 sanxit
2682 4703 2798 4741 non
2830 4685 3144 4741 differenda
3166 4684 3450 4753 sententia
3472 4686 3573 4750 est,
3601 4684 3699 4738 sed
3717 4682 3914 4753 potius

2274 4778 2655 4849 exsequenda,
2694 4778 2931 4849 proinde
2959 4778 3113 4849 quod
3149 4778 3209 4832 in
3251 4777 3406 4831 laicis
3441 4774 3911 4847 reprehenditur,

2276 4870 2332 4925 id
2368 4871 2551 4925 multo
2581 4870 2765 4941 magis
2803 4870 3019 4925 clericis
3060 4874 3285 4940 oportet
3321 4867 3738 4940 preedamnari;
3771 4869 3912 4922 uni-

2276 4963 2419 5016 versi
2449 4962 2728 5031 dixerunt,
2752 4978 2919 5017 nemo
2941 4967 3139 5017 contra
3152 4962 3478 5033 prophetas,
3509 4976 3684 5015 nemo
3704 4965 3909 5015 contra

2277 5055 2581 5126 Evangelia
2607 5054 2743 5109 facit
2769 5056 2891 5109 sine
2917 5055 3186 5125 periculo.

2348 5148 2477 5201 XIV.
2509 5148 2710 5202 Gratus
2734 5146 3028 5219 episcopus
3057 5146 3217 5215 dixit,
3244 5146 3411 5217 juxta
3445 5148 3653 5201 statuta
3682 5147 3916 5201 concilii

2279 5243 2335 5294 et
2352 5256 2498 5294 meae
2513 5238 2916 5294 mediocritatis
2932 5239 3295 5305 sententiam,
3314 5240 3495 5309 placet
3511 5239 3698 5293 facere
3714 5255 3914 5294 rerum

2281 5332 2544 5387 omnium
2589 5332 3029 5400 conclusionem,
3062 5330 3307 5386 universi
3359 5331 3506 5385 tituli
3542 5330 3825 5402 designati
3857 5339 3916 5385 et

2279 5423 2483 5495 digesti
2510 5429 2742 5479 teneant
2770 5424 3081 5479 sententias
3107 5441 3255 5478 suas.
3290 5424 3435 5478 Sane
3460 5424 3627 5477 credo
3649 5439 3748 5477 vos
3777 5425 3913 5478 reti-

2280 5532 2415 5571 nere
2445 5518 2635 5571 multis
2659 5516 2915 5571 conciliis
2942 5534 2975 5571 a
3013 5517 3265 5587 patribus
3302 5515 3528 5581 nostris,
3566 5518 3622 5568 et
3650 5516 3913 5571 traditio-

2283 5625 2413 5662 nem
2442 5608 2805 5664 temerariam
2834 5625 2952 5663 esse
2985 5608 3339 5675 damnatam,
3365 5612 3421 5662 et
3452 5606 3917 5678 rebaptizationis

2279 5700 2633 5772 impietatem
2665 5719 2786 5757 esse
2812 5702 3184 5773 puniendam,
3218 5717 3360 5772 quas
3386 5717 3473 5755 res
3505 5699 3678 5753 etiam
3716 5704 3914 5755 nostro

2282 5794 2517 5849 concilio
2550 5796 2718 5850 credo
2732 5795 2855 5865 jam
2874 5795 3188 5850 terminum
3212 5793 3508 5864 accepisse,
3536 5792 3762 5864 reliqua
3782 5810 3917 5852 vero
