4054 6310
192 358 290 409 323

1396 354 1866 410 DECRETALIUM
1902 355 2283 409 COLLECTIU.
2314 400 2325 408 .

3437 364 3537 415 326

189 477 314 531 qua;
343 459 434 513 vel
460 460 605 515 facta
632 462 715 514 vel
740 460 885 515 dicta
918 461 1178 531 superius
1209 461 1625 530 comprehensa
1663 463 1815 526 sunt,
1842 472 1899 543 Α
1919 461 2118 514 Gratus
2147 461 2444 530 episcopus
2466 459 2627 525 dixit,
2661 466 2923 531 superest
2944 462 3064 532 jam
3094 467 3155 517 ut
3182 465 3382 534 placita
3410 484 3539 521 om-

188 553 268 606 vel
302 552 433 605 aliis
460 552 710 606 conciliis
742 553 1081 623 conscripta,
1120 568 1248 622 quae
1292 552 1606 606 secundum
1633 552 1819 622 legem

187 644 575 711 inveniuntur,
608 645 887 698 custodire
914 661 1020 699 nos
1050 647 1290 715 oportet.
1310 644 1365 699 Si
1396 644 1522 713 quis
1548 660 1683 698 vero
1705 649 1818 697 sta-

187 739 307 789 tuta
333 752 735 807 supergressus
763 737 1082 807 corruperit
1102 738 1185 790 vel
1215 752 1317 806 pro
1347 736 1526 790 nihilo
1557 736 1823 790 habenda

187 828 495 899 putaverit,
530 828 576 881 si
602 829 777 884 laicus
809 832 913 899 est,
938 828 1358 897 communione,
1392 828 1440 881 si
1459 828 1695 882 clericus
1715 820 1818 895 est,

186 920 407 975 honore
452 921 729 990 privetur.
769 921 1023 976 Universi
1067 921 1331 977 dixerunt
1369 921 1572 991 placet,
1617 921 1818 991 placet.

1918 553 2079 606 nium
2118 556 2444 606 nostrorum
2470 568 2597 622 quae
2633 552 2705 606 ad
2748 570 3084 609 consensum
3128 562 3377 611 vestrum
3412 566 3544 614 sunt

1920 644 2147 714 scripta,
2194 649 2371 698 vestra
2410 660 2632 714 quoque
2675 645 3083 715 subscriptione
3124 649 3378 704 ﬁrmetis.
3417 651 3544 705 Uni-

1921 735 2066 790 versi
2116 735 2403 803 dixerunt,
2449 741 2505 790 et
2549 736 2892 808 consensisse
2940 754 3046 792 nos
3106 741 3328 794 concilii
3373 742 3544 812 hujus

1922 828 2131 897 scripta
2158 830 2457 895 testantur,
2493 833 2547 883 et
2572 829 2975 900 subscriptione
3011 835 3203 887 nostra
3236 849 3544 890 consensus

1925 919 2305 975 declarabitur
2330 924 2549 990 noster;
2583 924 2641 975 et
2668 922 3139 993 subscripserunt.

699 1241 1096 1307 INCIPIUNT
1140 1244 1529 1309 CAPITULA
1571 1242 1903 1309 CONCILII
1947 1244 2632 1310 CARTHAGINENSIS
2678 1244 3028 1311 SECUNDI.

262 1412 312 1462 l.
347 1408 422 1461 Ut
445 1408 685 1463 Trinitas
715 1413 770 1463 et
794 1410 1078 1481 credatur,
1109 1416 1167 1465 et
1193 1411 1554 1483 praedicetur.

258 1504 311 1554 2.
340 1502 413 1555 Ut
443 1502 670 1556 castitas
694 1519 727 1555 a
753 1502 933 1556 levitis
958 1508 1014 1558 et
1037 1520 1071 1557 a
1096 1504 1310 1558 sacerd.
1341 1504 1708 1559 custodiatur.

261 1594 313 1645 3.
342 1594 415 1647 Ut
438 1593 687 1648 chrisma
712 1597 768 1648 et
792 1594 1106 1649 benedictio
1134 1598 1473 1667 puellarum,
1498 1602 1553 1651 et
1573 1596 1818 1651 reconci-

194 1682 347 1737 liatio
374 1685 774 1755 pcenitentium
802 1703 835 1741 a
862 1687 1213 1757 presbyteris
1242 1704 1359 1742 non
1381 1688 1541 1743 fiant.
1572 1668 1575 1677 V

260 1777 315 1830 4.
347 1778 421 1830 Ut
466 1778 763 1848 presbyter
800 1779 1169 1849 pasnitentem
1206 1780 1396 1851 jussus
1444 1781 1516 1833 ab
1556 1781 1816 1853 episcopo

191 1885 290 1921 suo
314 1869 660 1925 reconciliet.

1988 1414 2039 1466 8.
2098 1413 2167 1466 Ut
2215 1411 2262 1466 si
2312 1412 2604 1484 presbyter
2656 1413 3178 1468 excommunicatus
3236 1415 3541 1471 sacriﬁcare

1915 1505 2359 1574 praesumpserit,
2390 1506 2916 1560 anathematizetur.

1988 1598 2038 1647 9.
2070 1596 2142 1649 Ut
2166 1596 2211 1649 si
2236 1597 2531 1667 presbyter
2557 1598 2876 1652 inconsulto
2905 1598 3168 1669 episcopo
3201 1599 3424 1669 agenda
3449 1616 3538 1653 ce-

1917 1686 2241 1756 lebraverit,
2274 1689 2488 1743 honore
2516 1690 2790 1760 privetur.

2000 1788 2085 1839 10.
2129 1781 2337 1845 Quanti
2383 1781 2634 1836 debeant
2669 1782 2931 1852 judicare
2979 1782 3329 1838 sacerdotem
3377 1786 3543 1855 atque

1917 1878 2168 1931 levitem.
3402 1892 3403 1895 η

267 1968 319 2017 5.
350 1964 422 2017 Ut
446 1962 702 2017 dioecesis
735 1978 862 2033 quae
891 1964 1217 2035 episcopum
1264 1981 1559 2036 nunquam
1601 1966 1816 2034 habuit,
1838 1963 1896 2034 B
1995 1973 2079 2024 Η.
2111 1969 2183 2023 Ut
2206 1966 2393 2021 nullus
2421 1966 2753 2037 parochiam
2784 1967 3029 2022 alienam
3053 1972 3381 2038 praesumat.

193 2073 309 2111 non
334 2055 562 2109 habeat.

261 2152 315 2203 6.
344 2149 415 2203 Ut
456 2146 555 2218 qui
586 2146 915 2201 criminibus
950 2148 1217 2219 implicati
1254 2154 1401 2217 sunt,
1441 2151 1668 2206 clericos
1705 2166 1817 2205 non

193 2244 476 2295 accusent.

262 2338 314 2385 '7.
353 2334 426 2387 Ut
473 2332 573 2403 qui
631 2332 1182 2387 excommunicatum
1235 2334 1462 2390 alterius
1513 2334 1823 2407 susceperit

195 2423 737 2480 excommunicetur.

1990 2065 2076 2116 l2.
2105 2061 2176 2114 Ut
2203 2058 2322 2114 sine
2356 2059 2613 2113 consultu
2646 2059 3068 2129 metropolitani
3096 2060 3288 2115 nullus
3314 2059 3540 2116 ordine—

1919 2157 2011 2208 tur
2040 2152 2356 2223 episcopus.

1994 2249 2076 2299 l3.
2108 2245 2180 2299 Ut
2206 2243 2303 2314 qui
2329 2248 2525 2298 contra
2554 2244 2964 2314 professionem
2998 2248 3053 2299 et
3076 2244 3545 2315 subscriptionem

1921 2354 2081 2392 suam
2110 2335 2330 2391 venerit
2356 2336 2413 2390 in
2445 2336 2701 2402 concilio,
2728 2337 3060 2408 deponatur.

462 2680 876 2771 INCIPIT
954 2681 1561 2774 CONCILIUM
1649 2683 2246 2775 SECUNDUM
2331 2682 3272 2774 CABTHAGINENSE

1430 2864 1739 2927 Habitum
1768 2883 1905 2929 avra
1935 2883 2299 2928 ccccxxvm.

265 3040 677 3097 Gloriosissimo
726 3042 1063 3114 imperatore
1117 3045 1507 3102 Valentiniano
1567 3052 1822 3119 Augusto

192 3137 401 3203 quarto
445 3138 503 3188 et
543 3135 875 3206 Theodosio,
924 3138 1058 3193 viris
1104 3139 1433 3194 clarissimis
1476 3140 1819 3208 consulibus,

1924 3047 2200 3103 castitatis
2218 3063 2321 3119 per
2347 3046 2800 3102 consecrationes
2815 3044 3023 3101 annexi
3051 3047 3199 3100 sunt.
3223 3043 3546 3116 Episcopos,

1923 3141 2181 3212 inquam,
2213 3140 2571 3211 presbyteros
2596 3140 2653 3193 et
2673 3138 2937 3193 diaconos
2961 3137 3040 3193 ita
3069 3136 3296 3208 placuit,
3317 3139 3384 3191 ut
3409 3152 3546 3193 con-

195 3241 284 3278 xiv
316 3226 555 3282 Kalend.
596 3229 747 3283 Junii
795 3230 1140 3303 Carthagine
1177 3232 1237 3286 in
1283 3232 1511 3287 basilica
1550 3238 1824 3305 perpetua
1848 3282 1895 3305 η
1925 3232 2090 3287 decet
2132 3235 2509 3286 sacrosanctos
2570 3229 2846 3285 antistites
2913 3234 2971 3284 et
3019 3228 3119 3283 Dei
3181 3227 3500 3284 sacerdotes
3532 3269 3547 3297 ,

808 3282 1135 3303 τκη---τσ-ηψ
1177 3282 1237 3286 ---
1283 3282 1509 3287 -πηη
1550 3282 1823 3305 τν-τ---ν
1932 3282 2088 3287 μην-
2926 3282 2967 3284 κ-
3022 3282 3027 3283 κ
3256 3282 3297 3283 η
3533 3282 3547 3297 ι

193 3314 455 3368 restituta
476 3331 606 3369 cum
634 3316 920 3372 Genedius
948 3318 1245 3391 episcopus
1286 3337 1403 3375 una
1437 3337 1568 3376 cum
1605 3322 1825 3376 Victore
1844 3282 1899 3356 C
1923 3340 2151 3379 necnon
2182 3329 2240 3378 et
2260 3322 2477 3390 levitas,
2505 3323 2594 3375 vel
2620 3321 2719 3391 qui
2743 3320 3113 3375 sacramentis
3141 3320 3347 3375 divinis
3370 3320 3550 3376 inser-

194 3405 439 3460 Adriano
493 3409 550 3462 et
605 3408 715 3463 alio
763 3409 982 3465 Victore
1036 3412 1451 3483 Pupinianense
1495 3416 1552 3469 et
1605 3413 1826 3469 caeteris

194 3498 546 3570 coepiscopis
596 3501 712 3557 suis
756 3503 1178 3573 provinciarum
1236 3505 1587 3561 diversarum
1632 3522 1825 3561 conse-

196 3588 391 3660 disset,
422 3592 703 3648 Genedius
728 3596 1023 3668 episcOpus
1051 3596 1193 3652 dixit
1223 3615 1236 3652 :

275 3688 407 3743 CAP.
443 3687 481 3741 1.
516 3686 911 3758 Omnipotenti
936 3690 1049 3743 Deo
1076 3690 1284 3760 gratias
1321 3690 1529 3760 refero,
1558 3691 1655 3762 qui
1691 3706 1820 3762 per-

195 3782 351 3838 misit
374 3786 439 3836 ut
462 3780 773 3835 secundum
800 3797 1103 3837 commune
1141 3782 1439 3837 consilium
1474 3782 1735 3837 habitum
1763 3781 1821 3836 in

194 3874 465 3946 praetorio
487 3874 657 3928 etiam
676 3873 781 3943 itaj
789 3876 921 3928 uxta
930 3878 1186 3930 tenorem
1204 3875 1489 3946 petitionis
1501 3875 1823 3931 litterarum

194 3982 455 4022 mearum
477 3966 548 4020 ad
601 3964 1001 4036 Carthaginem
1054 3983 1155 4037 pro
1198 3968 1310 4023 ﬁde
1367 3970 1538 4040 atque
1583 3966 1822 4022 utilitate

194 4059 575 4116 ecclesiastica
600 4058 886 4126 veniretis,
915 4059 1049 4115 licet
1074 4076 1191 4115 non
1217 4076 1434 4131 omnes,
1456 4066 1655 4116 tamen
1683 4076 1819 4132 quo-

195 4153 351 4208 niam
383 4151 632 4207 charitas
660 4154 844 4206 totum
870 4152 1196 4223 persuadet,
1222 4156 1289 4207 ut
1314 4153 1413 4224 qui
1438 4169 1673 4223 corpore
1694 4154 1825 4207 sunt

193 4245 473 4312 absentes,
505 4243 793 4298 nobiscum
838 4244 896 4299 in
947 4244 1149 4315 spiritu
1192 4245 1491 4301 videantur
1527 4262 1646 4300 esse
1685 4260 1821 4299 con-

190 4337 395 4408 juncti,
439 4336 649 4392 idcirco
692 4337 806 4391 Deo
845 4336 1118 4408 propitio,
1164 4337 1297 4409 quia
1342 4342 1647 4410 praesentes
1690 4337 1825 4392 estis

198 4432 318 4502 pari
348 4428 702 4501 professione
728 4429 866 4484 fides
895 4427 1269 4484 ecclesiastica
1291 4447 1420 4501 qua:
1452 4447 1554 4501 per
1579 4447 1683 4485 nos
1702 4434 1821 4485 tra-

192 4524 345 4579 ditur
367 4523 430 4577 in
460 4522 567 4577 hoc
596 4526 742 4577 ccetu
781 4521 1026 4593 glorioso
1062 4522 1326 4593 primitus
1368 4523 1689 4578 conﬁtenda
1718 4526 1819 4589 est,

1923 3417 2102 3484 viunt,
2129 3414 2480 3470 continentes
2511 3429 2631 3469 esse
2656 3413 2715 3466 in
2747 3412 3011 3466 omnibus
3035 3428 3150 3482 quo
3176 3413 3390 3482 possint
3418 3413 3550 3467 sim-

1923 3509 2147 3582 pliciter
2174 3506 2324 3578 quod
2366 3522 2400 3559 a
2444 3508 2556 3561 Deo
2590 3505 2880 3576 postulant
2915 3503 3237 3574 impetrare,
3286 3508 3348 3558 ut
3392 3506 3548 3575 quod

1924 3600 2159 3673 apostoli
2182 3601 2502 3655 docuerunt
2530 3601 2587 3652 et
2628 3597 2752 3667 ipsa
2776 3594 3017 3649 servavit
3052 3595 3374 3667 antiquitas,
3420 3613 3549 3652 nos~

1924 3710 2035 3765 que
2065 3691 2468 3760 custodiamus,
2500 3690 2569 3744 ab
2598 3687 2872 3743 universis
2907 3687 3187 3758 episcopis
3214 3687 3427 3742 dictum
3440 3695 3545 3745 est.

1925 3784 2202 3841 Omnibus
2224 3785 2429 3855 placet,
2451 3785 2517 3837 ut
2542 3779 2811 3854 episcopi,
2838 3779 3171 3851 presbyteri,
3210 3785 3268 3835 et
3299 3780 3546 3849 diaconi,

1923 3879 2008 3933 vel
2035 3878 2134 3949 qui
2175 3879 2529 3931 sacramenta
2570 3875 2927 3929 contrectant
2966 3871 3252 3943 pudicitia:
3288 3874 3551 3929 custodes

1894 4014 1901 4020 .
1926 3971 2101 4026 etiam
2126 3971 2195 4024 ab
2214 3968 2488 4025 uxoribus
2503 3982 2561 4022 se
2580 3965 2918 4031 abstineant,
2951 3964 3021 4018 ab
3046 3964 3310 4020 omnibus
3335 3964 3547 4021 dictum

1924 4068 2028 4132 est,
2061 4064 2265 4135 placet,
2295 4065 2351 4117 et
2388 4064 2453 4116 ut
2484 4061 2543 4115 in
2572 4059 2855 4129 omnibus,
2889 4061 2947 4113 et
2974 4057 3045 4111 ab
3084 4058 3347 4113 omnibus
3383 4058 3548 4130 pudi-

1924 4156 2056 4211 citia
2081 4153 2452 4223 custodiatur,
2485 4151 2583 4224 qui
2608 4150 2810 4206 altario
2836 4149 3179 4205 deserviunt.

1994 4251 2080 4304 ΙΙΙ.
2111 4248 2447 4303 Fortunatus
2482 4244 2775 4315 episcopus
2814 4241 2975 4308 dixit,
3017 4242 3063 4295 si
3092 4242 3259 4312 jubet
3290 4243 3550 4299 sanctitas

1923 4342 2106 4396 vestra
2117 4355 2380 4410 suggero,
2401 4354 2535 4391 nam
2555 4336 2793 4391 memini
2813 4334 3104 4406 praeterito
3122 4335 3361 4391 concilio
3378 4336 3549 4393 fuisse

1924 4436 2214 4499 statutum,
2233 4434 2296 4485 ut
2322 4430 2589 4498 chrisma,
2619 4429 2707 4481 vel
2731 4426 3111 4482 reconciliatio
3126 4428 3544 4498 pmnitentium,

1922 4541 2144 4580 necnon
2200 4523 2516 4594 puellarum
2561 4519 2910 4575 consecratio
2961 4536 2994 4573 a
3042 4520 3381 4590 presbyteris
3430 4537 3546 4574 nou

192 4616 343 4672 unde
378 4631 532 4670 nunc
570 4615 709 4669 ordo
757 4614 1166 4670 ecclesiasticus
1208 4614 1564 4685 singulorum
1598 4631 1664 4670 ex
1696 4631 1899 4708 con-D
1922 4618 2092 4687 fiant;
2123 4616 2168 4670 si
2198 4615 2526 4686 quisautem
2553 4612 2849 4666 emerserit
2864 4612 2971 4665 hoc
2991 4612 3220 4678 faciens,
3244 4611 3379 4682 quid
3394 4611 3463 4666 de
3476 4626 3545 4667 eo

193 4726 361 4765 sensu
387 4706 643 4763 omnium
664 4711 748 4762 est
767 4707 1140 4763 exstruendus
1167 4711 1336 4778 atque
1360 4707 1737 4777 roborandus,
1760 4710 1824 4761 ut

196 4802 436 4857 fratrum
449 4803 508 4855 et
518 4799 980 4871 coepiscoporum
991 4816 1175 4871 nuper
1184 4803 1575 4871 promotorum
1603 4803 1823 4855 mentes

195 4894 263 4949 de
282 4894 372 4949 his
399 4909 530 4966 quae
563 4893 931 4964 proponenda
961 4894 1113 4962 sunt,
1146 4892 1506 4948 roborentur.
1539 4893 1606 4946 Et
1630 4890 1772 4946 sicut
1792 4908 1824 4945 a

195 4987 449 5057 patribus
466 4990 622 5041 certa
662 4984 1029 5056 dispositione
1054 4984 1375 5056 accepimus
1402 4987 1466 5040 ut
1488 4984 1821 5039 Trinitatem

196 5095 366 5150 quam
427 5079 487 5133 in
531 5078 742 5133 nostris
789 5077 1003 5133 sinibus
1071 5083 1454 5133 consecratam
1504 5077 1824 5133 retinemus

196 5172 373 5227 Patris
401 5176 459 5227 et
483 5170 607 5227 Filii
638 5174 697 5225 et
725 5169 963 5241 Spiritus
998 5170 1178 5225 sancti
1203 5171 1500 5237 unitatem,
1532 5188 1660 5243 quae
1692 5170 1821 5226 nul-

197 5264 307 5320 lam
331 5264 587 5320 noscitur
613 5263 823 5318 habere
861 5263 1149 5332 notitiam,
1188 5264 1330 5319 sicut
1369 5264 1689 5333 didicimus,
1721 5266 1825 5321 Dei

198 5358 431 5430 populos
468 5357 836 5425 instruamus,
874 5357 943 5411 ab
980 5356 1259 5413 universis
1295 5357 1573 5429 episcopis
1610 5358 1824 5414 dictum

200 5454 299 5519 est,
320 5450 493 5523 plane
520 5450 599 5505 sic
617 5450 954 5521 accepimus,
988 5450 1064 5505 sic
1087 5452 1351 5507 tenemus
1370 5450 1544 5506 ﬁdem
1563 5450 1826 5523 apostoli-

200 5559 317 5599 cam
339 5547 662 5614 sequentes.

264 5637 329 5693 ll.
384 5636 651 5693 Aurelius
699 5634 975 5709 episcopis
1026 5635 1170 5692 dixit
1189 5678 1203 5706 ,
1256 5653 1385 5693 cum
1433 5636 1493 5693 in
1539 5636 1826 5709 praeterito

202 5727 435 5786 concilio
462 5730 533 5786 de
581 5729 949 5785 continentiae
1001 5734 1057 5786 et
1112 5729 1385 5786 castitatis
1438 5731 1827 5787 moderamine

203 5826 553 5894 tractaretur,
591 5823 801 5895 gradus
843 5823 933 5876 isti
974 5827 1086 5878 tres
1130 5823 1542 5895 conscriptione
1582 5825 1827 5895 quadam

1922 4708 2289 4766 statuendum
2331 4706 2439 4761 sit?
2484 4703 2747 4759 Aurelius
2793 4702 3086 4773 episcopus
3135 4702 3296 4771 dixit,
3336 4702 3547 4758 audivit

1922 4802 2176 4874 dignatio
2220 4803 2400 4855 vestra
2439 4796 2867 4869 suggestionem
2907 4794 3094 4849 fratris
3134 4799 3190 4849 et
3230 4794 3546 4866 coepiscopi

1922 4893 2103 4951 nostri
2130 4892 2440 4960 Fortunati,
2472 4890 2607 4963 quid
2644 4889 2713 4945 ad
2747 4888 2868 4942 haac
2911 4885 3132 4941 dicitis?
3164 4886 3234 4940 ab
3270 4887 3547 4942 universis

1922 4986 2196 5060 episcopis
2216 4986 2431 5042 dictum
2458 4987 2578 5039 est:
2608 4978 2943 5036 Chrismatis
2967 4979 3267 5048 confectio,
3310 4983 3367 5035 et
3392 4981 3548 5052 puel-

1920 5082 2107 5136 larum
2132 5077 2478 5134 consecratio
2505 5094 2535 5131 a
2574 5072 2916 5147 presbyteris
2940 5088 3057 5126 non
3085 5071 3202 5138 flat,
3229 5073 3315 5128 vel
3341 5089 3545 5128 recon-
3572 5122 3575 5129 .
3612 5102 3617 5105 >

1922 5172 2116 5228 ciliare
2143 5185 2429 5243 quemque
2464 5169 2525 5223 in
2568 5165 2790 5239 publica
2837 5164 3011 5219 missa
3055 5165 3384 5237 presbytero
3430 5183 3545 5222 non

1921 5265 2110 5335 licere,
2138 5266 2246 5320 hoc
2274 5262 2535 5318 omnibus
2551 5260 2749 5330 placet.

1995 5359 2082 5413 lV.
2112 5356 2371 5413 Aurelius
2398 5353 2694 5426 episcopus
2726 5350 2889 5419 dixit,
2910 5352 2956 5406 si
2984 5348 3285 5423 quisquam
3316 5354 3375 5408 in
3403 5354 3549 5427 peri-

1923 5451 2050 5506 culo
2102 5449 2275 5505 fuerit
2323 5445 2680 5512 constitutus,
2734 5447 2791 5499 et
2838 5460 2897 5499 se
2944 5445 3298 5501 reconciliari
3347 5447 3549 5502 divinis

1925 5542 2200 5599 altaribus
2226 5539 2473 5612 petierit,
2514 5537 2561 5592 si
2591 5537 2885 5608 episcopus
2922 5536 3123 5592 absens
3152 5538 3343 5607 fuerit,
3382 5539 3549 5594 debet

1924 5635 2119 5707 utique
2148 5632 2443 5705 presbyter
2480 5630 2775 5686 consulere
2810 5629 3157 5701 episcopum,
3199 5634 3255 5685 et
3284 5631 3360 5685 sic
3396 5632 3549 5709 peri.

1927 5728 2216 5785 clitantem
2237 5725 2359 5797 ejus
2382 5725 2671 5797 praacepto
2694 5722 3082 5792 reconciliare;
3113 5737 3286 5793 quam
3311 5737 3433 5777 rem
3458 5723 3554 5779 des

1926 5822 2129 5876 bemus
2174 5817 2388 5875 salubri
2431 5817 2668 5874 consilio
2708 5811 3093 5880 cor‘roborarc,
3155 5813 3226 5868 ab
3279 5814 3557 5871 universis
