4054 6300
477 309 567 361 3H

1373 304 1654 358 APPEND.
1695 306 1781 358 AD
1819 307 1978 361 SEC.
2024 305 2108 359 IX.
2140 334 2205 344 -—
2246 304 2487 360 ISIDORI
2526 302 2947 360 MERCATORIS

3735 309 3842 360 312

474 411 771 485 proprium
819 409 1171 485 episcopum,
1199 413 1288 468 vel
1323 415 1474 467 certe
1522 412 1568 466 si
1610 411 1785 466 fuerit
1822 412 2103 483 judicium
2125 412 2352 498 Ahanc
2367 411 2768 468 ditﬁnitionem
2789 413 2996 466 sanctae
3020 410 3221 483 synodi
3235 409 3601 483 prmterierit,
3620 412 3841 484 regula-

477 507 652 579 ipsius
682 506 952 579 episc0pi,
982 507 1135 578 apud
1163 506 1408 561 arbitros
1434 522 1504 562 ex
1535 510 1777 578 utraque
1802 511 1962 578 parte
1987 508 2103 564 ele-
2205 522 2337 561 rum
2365 504 2930 561 condemnationibus
2969 505 3279 576 subjaceat.
3756 426 3970 624 4

480 606 593 624 -ι--
625 600 888 624 ---Δι..ι--..
917 601 1210 624 ..--,.ιε--...
1265 600 1318 624 οξ
1349 599 1468 624 ..-2-
1493 616 1623 624 ..-κη
1664 604 1853 624 λεκι..-
1885 601 2007 624 1...-
2029 602 2080 624 Β-
2277 601 2364 624 vv
2413 600 2789 624 n:--.._:---...
2848 615 2959 624 ...Α-ι
3022 599 3224 624 ,ειμι-...κη
3284 602 3411 624 -..ιιι
3462 598 3833 624 ...υιιΙ-..-ε-ι-

477 507 652 579 ipsius
682 506 952 579 episc0pi,
982 507 1135 578 apud
1163 506 1408 561 arbitros
1434 522 1504 562 ex
1535 510 1777 578 utraque
1802 511 1962 578 parte
1987 508 2103 564 ele-

475 606 595 656 ctos
623 600 888 656 audiatur
916 601 1235 672 negotium.
1265 600 1322 655 Si
1344 599 1471 671 quis
1493 616 1627 654 vero
1661 604 1860 655 contra
1885 601 2010 656 haec
2029 602 2108 657 fe-

476 694 634 762 cerit,
662 710 950 748 canonum
980 693 1268 764 subjaceat
1291 693 1762 764 correptionibus.
1782 695 1850 750 Et
1874 694 1922 748 si
1947 695 2108 749 cleri-

477 805 575 842 cus
625 789 893 843 adversus
933 803 1100 842 suum
1153 787 1237 841 vel
1290 786 1466 842 alium
1521 787 1850 859 episcopum
1901 789 2108 845 habeat

477 897 725 954 causam,
747 882 898 952 apud
927 880 1281 935 audientiam
1301 881 1498 952 synodi
1526 881 1832 952 provincias
1861 899 2108 954 conque-

476 974 746 1047 ratur.\Si
773 990 902 1029 vero
931 978 1133 1030 contra
1159 975 1336 1046 ipsius
1362 974 1665 1046 provincia:
1709 975 2104 1047 metropolita-

476 1085 616 1123 num
641 1067 966 1140 episcopum
995 1067 1293 1140 episcopus
1327 1067 1440 1122 sive
1468 1067 1706 1124 clericus
1731 1069 1942 1126 habeat
1965 1087 2105 1125 con-

474 1162 826 1230 troversiam,
848 1164 1056 1233 pergat
1079 1161 1154 1216 ad
1179 1161 1358 1233 ipsius
1385 1162 1642 1217 dioecesis
1661 1163 1991 1234 primatem,
2009 1168 2108 1219 aut

473 1260 622 1311 certe
650 1256 722 1310 ad
753 1255 1395 1326 Constantinopolitanae
1424 1255 1598 1326 regiae
1624 1256 1865 1312 civitatis
1891 1257 2102 1330 sedem,

471 1353 536 1406 ut
565 1365 765 1404 eorum
794 1349 870 1403 ibi
897 1349 1197 1420 preprium
1227 1348 1524 1421 negotium
1551 1349 1901 1422 exquiratur.

544 1445 604 1499 X.
632 1445 755 1498 Non
785 1441 956 1497 licere
987 1442 1254 1497 clericum
1299 1443 1357 1498 in
1402 1444 1651 1500 ecclesiis
1699 1445 1940 1500 duarum
1968 1444 2105 1499 civi-

472 1542 657 1594 tatum
684 1535 960 1606 ordinari,
993 1536 1092 1592 sed
1121 1536 1180 1591 in
1206 1553 1271 1592 ea
1295 1537 1356 1592 in
1385 1554 1495 1609 qua
1526 1538 1598 1592 ab
1623 1537 1784 1592 initio
1816 1538 2107 1594 ordinatus

475 1634 579 1700 est,
609 1634 667 1686 et
695 1630 854 1700 cujus
895 1629 1164 1701 expetitio
1210 1634 1331 1686 erat
1375 1635 1506 1686 ante
1547 1631 1902 1703 profugium.
1945 1635 2015 1688 Et
2060 1632 2107 1688 si

475 1726 710 1796 propter
736 1739 896 1778 vanae
923 1723 1119 1794 gloria;
1147 1723 1494 1780 desiderium
1533 1726 1856 1798 contigerit,
1886 1729 1954 1782 ut
1980 1729 2109 1798 post

2205 522 2337 561 rum
2365 504 2930 561 condemnationibus
2969 505 3279 576 subjaceat.

2277 601 2382 654 XV.
2413 600 2795 655 Diaconissam
2848 615 2965 653 non
3019 599 3227 654 debere
3283 602 3414 654 ante
3459 598 3841 672 quadraginta

2205 709 2384 748 annos
2414 692 2685 764 ordinari,
2715 696 2772 748 et
2801 693 2910 748 hoc
2933 708 3066 747 cum
3097 692 3357 763 diligenti
3385 692 3742 764 probatione.
3778 695 3840 750 Si

2207 802 2336 842 vero
2363 786 2672 858 susceperit
2699 785 3118 841 ordinationem
3143 789 3202 840 et
3231 787 3675 858 quantocunque
3700 791 3842 843 tem-

2205 896 2345 952 pore
2371 879 2747 937 observaverit
2771 879 3176 948 ministerium,
3206 881 3265 936 et
3290 882 3489 951 postea
3535 896 3594 936 se
3625 880 3840 952 nuptiis

2210 973 2524 1044 tradiderit,
2556 973 2826 1045 injuriam
2871 973 3086 1029 faciens
3128 972 3225 1030 Dei
3270 972 3487 1046 gratiae,
3530 974 3655 1028 haec
3697 992 3840 1029 ana-

2206 1067 2400 1125 thema
2427 1067 2520 1138 sit,
2554 1084 2685 1125 cum
2717 1085 2784 1123 eo
2815 1067 2914 1140 qui
2938 1067 2998 1123 in
3024 1067 3177 1124 illius
3201 1068 3418 1139 nuptiis
3444 1067 3728 1123 convenit.

2275 1161 2404 1216 XVI.
2447 1161 2507 1216 Si
2555 1177 2670 1233 qua
2716 1160 2877 1232 virgo
2927 1176 2985 1216 se
3031 1159 3372 1217 dedicaverit
3417 1162 3552 1231 Deo,
3581 1159 3841 1216 similiter

2205 1255 2540 1324 monachus,
2575 1270 2694 1310 non
2720 1254 2889 1310 licere
2929 1254 3009 1309 eis
3040 1254 3212 1326 jungi
3237 1253 3468 1326 nuptiis.
3499 1254 3559 1309 Si
3584 1270 3717 1310 vero
3745 1254 3838 1308 in-

2207 1347 2357 1404 venti
2400 1348 2619 1403 fuerint
2657 1348 2764 1402 hoc
2812 1347 3104 1414 facientes,
3141 1351 3416 1403 maneant
3454 1347 3840 1403 excommuni-

2207 1442 2336 1497 cati.
2361 1441 2671 1498 Statuimus
2687 1459 2822 1497 vero
2838 1457 3002 1514 posse
3017 1441 3078 1496 in
3093 1441 3174 1496 eis
3194 1442 3378 1498 facere
3399 1442 3812 1498 humanitatem
3823 1484 3837 1510 ,

2206 1536 2253 1591 si
2275 1536 2355 1592 ita
2380 1536 2707 1608 probaverit
2735 1535 2844 1590 loci
2874 1535 3191 1607 episcopus.

2278 1631 2429 1685 XVII.
2461 1631 2567 1684 Per
2592 1629 2849 1701 singulas
2880 1628 3141 1684 ecclesias
3171 1626 3502 1696 rusticanas,
3535 1627 3840 1699 parochias

2208 1724 2321 1779 sive
2348 1723 2748 1796 possessiones,
2781 1739 3017 1778 manere
3048 1720 3378 1776 immobiles
3427 1722 3581 1793 apud
3615 1738 3712 1778 eos
3739 1723 3840 1794 qui

474 1817 543 1872 ad
571 1817 844 1888 majorem
873 1815 1171 1871 ecclesiam
1199 1818 1540 1889 confugerit,
1561 1835 1694 1873 eum
1717 1817 2108 1876 indubitanter
2126 1793 2183 1864 B
2209 1834 2301 1872 eas
2326 1817 2579 1873 retinent
2604 1815 2916 1888 episcopos,
2946 1817 3004 1870 et
3028 1814 3278 1870 maxime
3319 1815 3417 1887 qui
3455 1831 3548 1870 eas
3576 1814 3698 1870 sine
3729 1815 3841 1871 vio-

475 1909 728 1965 revocari
749 1909 951 1965 debere
979 1911 1051 1965 ad
1082 1927 1208 1964 eam
1228 1911 1289 1965 in
1318 1928 1432 1982 qua
1457 1912 1526 1966 ab
1548 1913 1778 1968 exordio
1808 1913 2106 1968 ordinatus

476 2009 580 2074 est,
611 2007 668 2059 et
697 2002 775 2058 ibi
801 2005 1197 2060 tantummodo
1227 2004 1566 2060 ministrare.
1587 2006 1646 2062 Si
1677 2007 1803 2078 quis
1831 2023 1963 2062 vero
1981 2008 2107 2079 jam

472 2099 780 2152 translatus
801 2101 885 2154 est
900 2099 970 2153 ab
986 2098 1100 2154 alia
1120 2098 1179 2153 in
1200 2099 1374 2153 aliam
1397 2099 1717 2168 ecclesiam,
1739 2101 1884 2156 nihil
1901 2101 2108 2157 habeat

475 2207 781 2246 commune
807 2208 938 2246 cum
959 2191 1154 2264 priore
1176 2192 1434 2262 ecclesia,
1459 2193 1574 2249 sive
1593 2193 1696 2248 sub
1718 2195 1950 2250 ecclesia
1969 2212 2105 2250 con-

472 2284 682 2339 stitutis
711 2285 1022 2356 martyriis,
1054 2286 1168 2340 sive
1197 2285 1255 2340 in
1281 2286 1569 2358 parochiis
1599 2288 1686 2342 vel
1713 2289 2102 2360 xenodochiis,

471 2380 570 2432 aut
599 2394 800 2432 eorum
842 2379 1100 2449 negotiis.
1130 2381 1239 2434 Eos
1266 2397 1400 2434 vero
1443 2380 1538 2452 qui
1571 2380 1693 2435 ausi
1724 2381 1939 2436 fuerint
1979 2385 2107 2453 post

474 2471 899 2526 ordinationem
953 2472 1124 2543 hujus
1168 2489 1394 2544 magna:
1440 2479 1496 2528 et
1542 2473 1865 2530 universalis
1905 2476 2107 2547 synodi

472 2580 644 2635 agere
688 2581 818 2635 quas
856 2565 1145 2635 prohibita
1194 2570 1346 2635 sunt,
1381 2566 1578 2622 statuit
1624 2572 1816 2623 sancta
1857 2570 2106 2640 synodus

473 2658 678 2712 cadere
707 2657 776 2712 de
796 2659 1027 2730 proprio
1055 2659 1252 2730 gradu.

545 2752 628 2805 XI.
667 2752 875 2805 Omnes
923 2769 1202 2823 pauperes
1252 2757 1310 2808 et
1352 2753 1675 2823 indigentes
1721 2755 2107 2811 ecclesiasticis

475 2843 697 2898 auxiliis
725 2862 854 2899 cum
881 2847 1314 2916 proﬁciscuntur
1340 2847 1444 2902 sub
1469 2847 1811 2919 probatione
1840 2851 2103 2921 epistolii,

476 2938 590 2993 sive
617 2938 788 3008 pacis,
819 2955 947 3009 qua:
978 2939 1245 2995 dicuntur
1270 2939 1677 3009 ecclesiasticae,
1705 2946 2106 2999 tantummodo

476 3031 868 3086 commendari
895 3032 1212 3100 statuimus,
1246 3036 1302 3088 et
1328 3051 1445 3089 non
1482 3037 1958 3092 commendatitiis
1987 3039 2103 3110 epi-

478 3125 652 3193 stolis,
681 3125 816 3196 quia
850 3127 1343 3182 commendatitias
1383 3127 1646 3199 epistolas
1675 3147 1812 3202 quas
1839 3131 2103 3202 dicimus,

479 3235 575 3273 eos
605 3222 829 3274 tantum
857 3219 1111 3291 accipere
1138 3221 1401 3277 convenit
1431 3223 1527 3293 qui
1556 3223 1616 3278 in
1644 3241 1818 3296 opere
1847 3229 1980 3280 sunt
2004 3228 2108 3281 cla-

479 3311 672 3379 riores,
700 3316 762 3367 ut
791 3312 872 3367 eis
899 3314 1298 3369 tantummodo
1328 3315 1708 3387 praebeantur.

543 3406 648 3460 XII.
677 3407 940 3462 Pervenit
985 3408 1058 3462 ad
1083 3424 1186 3462 nos
1216 3423 1282 3463 eo
1311 3409 1464 3480 quod
1509 3409 1741 3480 quidam
1774 3416 1985 3482 praeter
2014 3429 2102 3468 ec-

474 3498 814 3554 clesiasticos
857 3500 1086 3555 ordines
1131 3501 1460 3557 affectantes
1499 3505 1814 3574 potentiam
1852 3521 1954 3576 per
1979 3523 2106 3577 pra-

474 3592 781 3662 gmaticam
824 3594 1072 3648 formam
1105 3611 1282 3650 unam
1329 3595 1677 3666 provinciam
1709 3597 1765 3652 in
1796 3598 1936 3653 duas
1968 3599 2104 3654 divi-

472 3684 625 3753 dant,
655 3686 734 3740 ita
759 3689 824 3740 ut
866 3703 935 3741 ex
966 3688 1074 3742 hoc
1111 3688 1476 3743 inveniantur
1523 3691 1635 3745 duo
1684 3692 2103 3762 metropolitani

471 3777 721 3848 episcopi
749 3777 809 3832 in
837 3779 1044 3834 eadem
1086 3796 1201 3834 una
1239 3799 1361 3835 esse
1389 3783 1698 3851 provincia.
1733 3784 1938 3838 Statuit
1967 3802 2104 3857 ergo

468 3875 661 3924 sancta
721 3872 965 3940 synodus
1030 3872 1302 3944 deinceps
1365 3875 1505 3928 nihil
1569 3877 1681 3929 tale
1747 3879 2010 3931 attentari
2072 3897 2105 3934 ει

471 3962 729 4032 quolibet
759 3963 1040 4034 episcopo.
1062 3966 1172 4018 Eos
1190 3982 1322 4020 vero
1352 3967 1451 4038 qui
1477 3968 1592 4022 tale
1619 3968 1834 4039 aliquid
1860 3973 2103 4027 tentave-

471 4054 607 4125 rint,
637 4055 707 4109 de
728 4055 960 4125 proprio
984 4057 1167 4127 gradu
1193 4060 1418 4114 cadere.
1438 4060 1492 4115 Si
1516 4077 1644 4132 qua:
1659 4078 1792 4116 vero
1814 4067 1946 4117 ante
1969 4065 2070 4119 civi
2086 4098 2102 4107 -

470 4151 615 4202 tates
663 4165 770 4218 per
823 4150 1230 4220 pragmaticam
1273 4152 1629 4223 imperialem
1683 4158 2101 4227 metropolitani

472 4241 718 4297 nominis
746 4242 966 4298 honore
995 4244 1274 4300 decorata:
1303 4252 1436 4301 sunt
1465 4249 1695 4304 nomine
1723 4251 1838 4304 solo
1878 4252 2100 4322 perfru-

470 4339 659 4404 antur,
690 4340 747 4390 et
771 4337 868 4407 qui
899 4338 1195 4394 ecclesiam
1237 4341 1359 4412 ejus
1397 4342 1546 4412 regit
1587 4343 1904 4416 episcopus,
1934 4347 2100 4417 privi-

466 4426 617 4499 legio
644 4429 1082 4500 metropolitano
1100 4432 1362 4506 episcopo
1376 4434 1506 4505 jure
1525 4437 1760 4508 proprio
1788 4445 2095 4497 reservato.

2205 1911 2380 1967 lentia
2411 1911 2534 1982 jam
2563 1926 2667 1982 per
2691 1909 2927 1982 triginta
2969 1925 3150 1964 annos
3193 1913 3449 1965 tenentes
3489 1909 3842 1980 gubernave-

2206 2009 2359 2060 runt.
2387 2005 2443 2060 Si
2468 2021 2604 2059 vero
2630 2003 2785 2058 intra
2820 2002 3054 2074 triginta
3084 2019 3266 2058 annos
3298 2003 3420 2073 jam
3455 2003 3602 2058 facta
3642 2003 3837 2072 fuerit,

2205 2103 2303 2154 aut
2326 2098 2442 2168 ﬁat,
2477 2098 2549 2152 de
2575 2096 2662 2151 his
2686 2097 2978 2152 altercatio
3001 2096 3170 2152 licere
3195 2097 3274 2151 eis
3303 2096 3430 2168 74
3462 2096 3562 2168 qui
3591 2112 3649 2152 se
3676 2096 3838 2152 dixe-

2207 2196 2342 2247 runt
2367 2193 2527 2246 laesos
2566 2195 2804 2262 propter
2837 2207 2932 2246 eas
2961 2207 3190 2246 movere
3219 2191 3369 2262 apud
3399 2190 3682 2261 synodum
3705 2207 3838 2261 pro-

2205 2285 2401 2340 vincias
2425 2288 2738 2340 certamen.
2770 2285 2827 2340 Si
2852 2284 2978 2356 quis
2996 2301 3130 2339 vero
3153 2284 3438 2355 putaverit
3466 2300 3523 2339 se
3545 2301 3578 2338 a
3601 2283 3840 2355 proprio

2207 2379 2648 2450 metropolitano
2695 2379 2918 2450 gravari
2961 2378 3116 2450 apud
3158 2377 3466 2449 primatem
3508 2376 3837 2448 diceceseos,

2206 2478 2304 2528 aut
2329 2473 2479 2544 apud
2509 2471 3150 2543 Constantinopolitanae
3188 2471 3426 2525 civitatis
3457 2471 3672 2538 sedem,
3703 2476 3844 2541 agat

2201 2565 2503 2637 judicium,
2532 2566 2675 2621 sicut
2701 2565 2916 2620 dictum
2950 2568 3050 2619 est.
3086 2565 3145 2620 Si
3168 2580 3301 2619 vero
3333 2563 3604 2635 quaslibet
3645 2564 3841 2619 civitas

2206 2676 2311 2731 per
2338 2660 2733 2714 auctoritatem
2759 2659 3119 2730 imperialem
3149 2662 3414 2713 renovata
3441 2660 3544 2726 est,
3569 2661 3666 2712 aut
3687 2658 3732 2711 si
3752 2675 3843 2712 re-

2206 2757 2462 2823 novetur,
2499 2753 2555 2806 in
2598 2755 2891 2823 posterum
2941 2751 3197 2806 civilibus
3236 2756 3292 2806 et
3329 2750 3568 2822 publicis
3615 2751 3841 2806 ordina-

2208 2847 2474 2914 tionibus,
2504 2845 2673 2900 etiam
2716 2845 3084 2901 ecclesiarum
3124 2844 3600 2917 parochianarum
3645 2861 3843 2917 sequa-

2208 2943 2302 2993 tur
2323 2940 2622 2994 ordinatio.

2281 3035 2460 3090 XVIII.
2491 3032 2958 3104 Conjurationum
2990 3035 3046 3087 et
3075 3031 3562 3103 conspirationum
3597 3031 3840 3099 crimen,

2208 3130 2362 3203 quod
2403 3128 2557 3201 apud
2602 3129 2824 3182 Graecos
2867 3126 3073 3180 dicitur
3105 3129 3342 3194 fratrea,
3379 3125 3618 3196 publicis
3661 3126 3840 3180 etiam

2206 3225 2430 3296 legibus
2451 3227 2671 3277 certum
2692 3225 2777 3276 est
2791 3220 3020 3292 penitus
3041 3219 3312 3288 inhiberi,
3335 3219 3439 3274 hoc
3455 3221 3636 3274 multo
3653 3220 3844 3292 magis

2206 3320 2265 3373 in
2296 3317 2488 3372 sancta
2514 3315 2613 3371 Dei
2640 3313 2900 3383 Ecclesia,
2924 3330 2997 3368 ne
3027 3313 3144 3383 ﬁat,
3173 3313 3437 3368 convenit
3477 3313 3750 3368 abdicari.
3781 3314 3842 3368 Si

2207 3411 2305 3484 qui
2331 3427 2463 3466 vero
2493 3408 2681 3464 clerici
2705 3409 2794 3462 vel
2822 3406 3092 3461 monachi
3134 3405 3350 3461 inventi
3396 3407 3608 3461 fuerint
3637 3407 3841 3478 conju-

2205 3508 2414 3572 rantes,
2431 3507 2531 3559 aut
2547 3503 2783 3557 fratreas
2797 3501 2884 3555 vel
2899 3500 3172 3555 factiones
3191 3503 3601 3572 componentes
3620 3499 3842 3572 aliquas

2207 3599 2324 3653 suis
2348 3596 2653 3670 episcopis,
2684 3597 2784 3650 aut
2811 3593 2935 3648 aliis
2976 3593 3215 3661 clericis,
3248 3593 3484 3649 omnino
3529 3593 3734 3648 cadant
3769 3594 3841 3648 de

2204 3693 2434 3764 proprio
2473 3691 2672 3760 gradu.

2277 3786 2406 3840 XIX.
2431 3783 2696 3838 Pervenit
2721 3783 2794 3836 ad
2825 3797 2991 3837 aures
3017 3785 3239 3837 nostras
3265 3781 3415 3853 quod
3443 3781 3501 3835 in
3527 3779 3842 3852 provinciis

2205 3878 2509 3932 constituta
2523 3877 2926 3948 episcoporum
2945 3875 3186 3931 concilia
3201 3874 3438 3930 minime
3455 3874 3841 3930 celebrentur.

2205 3974 2277 4026 Ex
2300 3973 2408 4025 hoc
2438 3971 2736 4043 probatur,
2755 3971 2908 4042 quod
2935 3970 3133 4025 multa:
3162 3986 3292 4040 quae
3319 3968 3667 4024 correctione
3693 3986 3842 4040 opus

2204 4066 2451 4120 habeant
2479 4064 2869 4119 ecclesiasticae
2899 4080 2988 4118 res
3018 4063 3401 4135 negligantur.
3432 4062 3634 4117 Statuit
3663 4062 3842 4133 igitur

2203 4164 2391 4214 sancta
2419 4159 2668 4230 synodus
2696 4159 2817 4213 haec
2843 4158 3158 4212 secundum
3192 4159 3428 4211 Patrum
3473 4155 3722 4226 regulas,
3751 4155 3841 4210 bis

2202 4253 2259 4307 in
2285 4269 2434 4306 anno
2462 4253 2522 4306 in
2552 4269 2734 4306 unum
2762 4251 3064 4306 convenire
3104 4267 3208 4322 per
3236 4249 3487 4322 singulas
3517 4249 3841 4320 provincias

2201 4346 2509 4418 episcopos,
2545 4345 2642 4398 ubi
2670 4345 2893 4416 singula
2925 4361 3050 4416 quae
3077 4343 3433 4412 emerserint,
3453 4343 3834 4414 corrigantur.

2203 4439 2308 4504 Qui
2336 4455 2468 4495 vero
2497 4439 2787 4494 noluerint
2811 4438 3111 4494 convenire
3147 4437 3397 4510 episcopi
3432 4437 3745 4504 constituti,
3776 4437 3835 4491 in

535 4522 668 4578 XIII.
698 4525 1041 4580 Extraneum
1071 4527 1339 4582 clericum
1370 4533 1426 4583 et
1454 4530 1728 4586 lectorem
1768 4537 1929 4588 extra
1961 4533 2093 4589 civi-
2117 4535 2176 4608 Ι)
2199 4534 2314 4589 suis
2360 4533 2697 4600 civitatibus,
2729 4537 2786 4588 et
2834 4534 2941 4587 hoc
2987 4531 3234 4586 maxime
3279 4547 3409 4586 cum
3452 4531 3534 4585 sui
3581 4531 3837 4601 corporis

468 4617 640 4670 tatem
669 4632 829 4671 suam
858 4616 977 4672 sine
1003 4622 1485 4676 commendatitiis
1510 4623 1712 4679 litteris
1738 4627 1953 4698 proprii
1983 4629 2098 4699 epi-

467 4709 622 4779 scopi
650 4726 937 4782 nusquam
974 4714 1201 4784 penitus
1227 4715 1394 4770 liceat
1423 4717 1772 4774 ministrare.

534 4803 664 4858 XIV.
700 4804 845 4868 Quia
896 4806 956 4860 in
1010 4808 1352 4878 quibusdam
1414 4811 1716 4879 provinciis
1764 4815 2097 4869 conceditur

462 4895 767 4966 psalmistis
791 4903 847 4953 et
874 4899 1178 4954 lectoribus
1208 4917 1410 4956 uxores
1443 4904 1716 4974 accipere,
1751 4908 1944 4962 statuit
1971 4925 2097 4963 san-

463 4992 554 5043 cta
580 4991 822 5061 synodus
845 5010 1074 5063 prorsus
1100 5011 1215 5048 non
1238 4995 1410 5049 licere
1443 4997 1708 5068 cuiquam
1740 5015 1811 5054 ex
1838 5000 1926 5054 his
1954 5003 2091 5058 alte-

461 5082 581 5137 rius
626 5089 795 5140 secta:
837 5086 1092 5157 accipere
1132 5105 1391 5143 uxorem.
1427 5090 1484 5145 Si
1512 5091 1636 5162 quis
1662 5108 1792 5147 vero
1819 5096 2094 5164 praevenit

462 5179 519 5230 et
546 5176 719 5230 habet
737 5177 863 5247 jam
891 5178 960 5232 de
987 5179 1084 5234 tali
1115 5183 1400 5237 connubio
1426 5183 1586 5254 ﬁlios,
1619 5186 1664 5240 si
1704 5187 1847 5242 forte
1872 5206 2086 5259 praeve-

463 5267 613 5321 nerit
644 5283 738 5322 eos
775 5269 896 5338 jam
942 5272 1092 5342 apud
1136 5273 1432 5331 hmreticos
1475 5279 1763 5349 baptizari,
1800 5281 1968 5337 debet
1997 5301 2092 5340 eos

463 5359 666 5414 offerre
694 5364 906 5416 sancta:
942 5365 1201 5422 Ecclesiae
1246 5371 1552 5440 catholicae,
1580 5377 1645 5427 ut
1673 5373 1751 5429 ibi
1779 5378 2090 5432 communi-

459 5457 609 5507 cent.
640 5452 744 5517 Qui
772 5469 904 5509 vero
932 5457 1116 5513 adhuc
1141 5460 1409 5533 baptizati
1438 5482 1552 5520 non
1580 5470 1730 5538 sunt,
1761 5470 2087 5527 omnimodo

460 5562 574 5600 non
603 5562 765 5618 posse
793 5564 890 5603 eos
918 5550 977 5604 in
1005 5551 1265 5610 haeretica
1297 5558 1540 5613 Ecclesia
1568 5560 1862 5634 baptizari,
1893 5581 1996 5621 nec
2027 5566 2088 5620 in

457 5639 820 5696 matrimonio
854 5643 1024 5716 jungi
1052 5647 1341 5720 haeretico,
1373 5653 1564 5708 Iudaeo
1592 5656 1679 5710 vel
1710 5673 1949 5729 pagano,
1977 5659 2088 5714 nisi

458 5729 604 5821 forte
632 5737 1006 5806 spoponderit
1034 5756 1094 5793 se
1120 5742 1310 5797 venire
1357 5745 1426 5798 ad
1474 5747 1846 5821 orthodoxam
1894 5753 2082 5821 fidem,

457 5820 594 5878 dum
637 5829 1002 5903 conjungitur
1049 5849 1275 5906 sponsa:
1323 5820 1762 5917 orthodoxaeki
1801 5846 1924 5917 quis
1953 5820 2084 5903 vero

2197 4626 2437 4682 sanitate
2479 4627 2868 4696 consistentes,
2898 4625 3068 4680 etiam
3101 4625 3370 4680 omnibus
3411 4624 3538 4678 aliis
3580 4624 3837 4694 urgenti-

2194 4721 2300 4775 bus
2326 4725 2383 4775 et
2403 4719 2878 4775 inexcusabilibus
2904 4719 3146 4790 negotiis
3172 4718 3334 4773 liberi
3364 4722 3514 4785 sunt,
3548 4718 3719 4773 licere
3739 4734 3833 4772 eos

2193 4815 2464 4870 fraternae
2491 4814 2785 4869 charitatis
2814 4812 3301 4868 admonitionibus
3332 4811 3558 4883 corripi.

2263 4911 2366 4964 XX.
2412 4909 2659 4964 Clericos
2713 4907 2773 4962 in
2817 4907 2932 4962 suis
2982 4906 3231 4961 ecclesiis
3279 4905 3636 4972 constitutos,
3688 4904 3832 4959 sicut

2187 5002 2310 5073 jam
2352 5001 2730 5068 deﬁnivimus,
2764 5017 2879 5056 non
2905 5000 3074 5055 licere
3106 5001 3165 5054 in
3201 4999 3430 5055 alterius
3471 4997 3711 5053 civitatis
3739 5014 3827 5053 ec-

2192 5095 2373 5150 clesiis
2402 5095 2677 5162 ordinari,
2695 5095 2791 5148 sed
2821 5094 3174 5166 acquiescere
3196 5093 3256 5148 in
3279 5110 3343 5147 ea
3362 5093 3422 5147 in
3442 5109 3555 5164 qua
3579 5092 3649 5146 ab
3667 5091 3828 5146 initio

2191 5188 2520 5242 ministrare
2566 5191 2925 5256 meruerunt,
2972 5188 3219 5258 exceptis
3262 5187 3373 5241 illis
3422 5186 3522 5258 qui
3570 5185 3828 5256 proprias

2192 5282 2440 5336 civitates
2476 5283 2873 5353 perdiderunt,
2907 5287 2964 5337 et
3006 5299 3070 5336 ex
3113 5281 3443 5336 necessitate
3475 5279 3546 5334 ad
3571 5279 3706 5333 alias
3736 5296 3824 5333 ec-

2191 5375 2387 5430 clesias
2431 5376 2844 5447 migraverunt.
2891 5376 2950 5430 Si
2988 5391 3120 5430 vero
3161 5375 3489 5446 quicunque
3527 5372 3825 5444 episc0pus

2187 5473 2318 5542 post
2343 5469 2743 5524 difﬁnitionem
2788 5469 2957 5524 istam
3003 5469 3074 5524 ad
3121 5468 3294 5524 alium
3327 5468 3659 5539 episcopum
3689 5484 3821 5538 per-

2186 5568 2463 5623 tinentem
2488 5568 2753 5622 clericum
2778 5567 3108 5639 susceperit,
3130 5567 3342 5638 placuit
3367 5568 3579 5621 sanctae
3609 5567 3823 5638 synodo

2189 5665 2244 5717 et
2270 5663 2419 5717 hunc
2457 5663 2556 5734 qui
2589 5661 2915 5733 susceperit,
2946 5665 3004 5716 et
3048 5677 3182 5716 eum
3235 5661 3332 5732 qui
3379 5665 3670 5732 susceptus
3715 5665 3820 5728 est,

2187 5756 2384 5811 tandiu
2417 5755 2936 5812 excommunicatos
2968 5771 3202 5812 manere
3227 5755 3480 5828 quandiu
3508 5755 3626 5827 ipse
3655 5755 3818 5811 cleri-

2186 5867 2284 5907 cus
2313 5852 2384 5907 ad
2411 5853 2701 5926 propriam
2733 5854 3046 5908 revertatur
3075 5849 3388 5906 ecclesiam.
