4054 6300
189 358 285 405 313

1433 355 1906 412 DECRETALIUM
1946 357 2330 413 COLLECTIO.

3457 367 3559 422 3H

252 461 385 514 XXI.
427 458 670 516 Clericos
695 459 807 517 sive
836 460 1005 516 laicos
1029 459 1127 533 qui
1175 464 1563 518 accusaverint
1601 465 1818 536 episco-
1842 465 2206 550 AAnatolius
2253 465 2552 538 episcopus
2621 467 3268 541 Constantinopolitanae
3324 472 3562 527 civitatis

185 569 324 625 pum
367 558 469 608 aut
507 554 762 623 clericos,
799 559 1018 610 temere
1059 558 1228 627 atque
1270 556 1662 613 indifferenter
1704 576 1821 613 non

185 647 393 702 debere
443 648 650 720 suscipi
684 649 744 702 in
785 649 1222 722 accusationem,
1273 651 1381 704 nisi
1425 652 1582 722 prius
1620 669 1822 708 eorum

185 741 382 812 opinio
408 742 586 796 fuerit
613 746 988 814 perscrutata.
1367 727 1374 734 ’

250 836 412 890 XXII.
458 837 580 890 Non
626 837 793 891 licere
839 837 1058 892 clericis
1108 842 1239 908 post
1287 841 1532 894 mortem
1571 839 1820 912 episcopi

183 944 387 1000 rapere
417 930 766 1001 pertinentes
798 931 869 984 ad
896 947 1030 985 eum
1048 948 1159 1001 res,
1183 931 1326 986 sicut
1349 933 1475 1003 jam
1503 934 1824 1004 praceden—

182 1021 334 1076 tibus
371 1023 586 1094 regulis
635 1025 910 1078 statutum
944 1025 1204 1080 habetur.
1254 1024 1309 1080 Si
1355 1042 1488 1080 vero
1519 1027 1642 1082 hac
1675 1027 1823 1080 fece-

183 1115 321 1183 rint,
348 1116 658 1187 periclitari
686 1134 744 1172 se
770 1118 1033 1173 noverint
1053 1135 1086 1172 a
1108 1118 1341 1189 proprio
1382 1120 1584 1190 gradu.

251 1211 428 1265 XXIII.
461 1211 727 1266 Pervenit
765 1211 837 1265 ad
872 1228 1037 1266 aures
1069 1217 1274 1267 sancta
1303 1213 1524 1283 synodi,
1549 1213 1685 1284 quia
1709 1214 1818 1268 cle-

182 1301 284 1356 rici
311 1303 548 1374 quidam
598 1309 654 1360 et
682 1305 950 1359 monachi
990 1305 1134 1359 nihil
1177 1305 1283 1360 sibi
1321 1307 1598 1361 habentes
1622 1306 1819 1376 injun-

183 1399 337 1450 ctum
365 1413 400 1450 a
447 1397 680 1468 proprio
721 1397 1002 1469 episcopo,
1035 1397 1324 1453 interdum
1367 1416 1500 1453 vero
1538 1399 1709 1454 etiam
1741 1399 1821 1453 illi

183 1489 278 1560 qui
306 1489 378 1543 ab
407 1506 474 1544 eo
490 1491 718 1546 fuerant
743 1491 1229 1559 excommunicati,
1259 1492 1492 1547 veniant
1508 1493 1580 1547 ad
1600 1493 1819 1563 regiam

184 1582 473 1638 civitatem
501 1585 1211 1656 Constantinopolitanam,
1247 1595 1303 1641 et
1328 1587 1521 1641 multis
1548 1587 1822 1657 tempori-

183 1675 286 1730 bus
325 1677 382 1732 in
407 1695 476 1732 ea
502 1679 876 1734 consistentes
920 1679 1378 1750 perturbationes
1423 1680 1821 1751 tranquillitati

185 1769 575 1826 ecclesiastica
605 1773 812 1841 ferant,
843 1777 900 1826 et
938 1773 1294 1827 diversorum
1340 1774 1538 1828 domos
1569 1790 1823 1828 corrum-

1921 575 2084 613 nova
2126 560 2341 627 Roma,
2378 561 2658 616 deﬁniens
2687 561 3036 633 subscripsit.
3077 565 3420 620 Juvenculus
3446 566 3564 638 epi-

1921 669 2122 722 scopus
2149 652 2697 725 Hierosolymitanus
2727 656 3001 711 deﬁniens
3028 658 3372 730 subscripsit.
3401 659 3563 714 Maxi-

1921 762 2050 799 mus
2106 745 2409 818 episcopus
2457 749 2850 804 Antiochenus
2882 750 3162 806 definiens
3208 752 3560 825 subscripsit.

1921 839 2225 902 Quintilius
2265 841 2564 914 cpiscopus
2591 843 2960 914 Cappadocia
2997 845 3376 916 Caesariensis,
3419 847 3559 902 deli-

1921 932 2086 987 niens
2143 933 2490 1004 subscripsit.
2544 937 2867 992 Palaﬁndus
2914 939 3209 1010 episcopus
3262 941 3560 996 Heraclaa

1920 1026 2395 1097 Macedoniensis,
2439 1028 2618 1083 vicem
2662 1047 2840 1100 agens
2883 1033 3221 1087 sanctissimi
3263 1034 3368 1088 viri
3417 1037 3561 1089 Ana-

1923 1116 2104 1184 stasii,
2167 1115 2447 1170 deﬁniens
2499 1117 2848 1188 subscripsit.
2903 1121 3220 1191 Stephanus
3264 1123 3560 1194 episcopus

1921 1207 2235 1280 Ephesinus
2259 1209 2539 1264 deﬁniens
2565 1211 2913 1282 subscripsit.
2946 1215 3226 1270 Lucianus
3255 1217 3557 1289 episcopus

1923 1302 2188 1370 Bizensis,
2212 1302 2394 1360 vicem
2424 1319 2601 1374 agens
2633 1305 2972 1360 sanctissimi
3013 1308 3264 1380 episcopi
3307 1310 3557 1374 Quiriaci

1921 1396 2189 1451 Heraclia
2215 1396 2544 1465 Traciensis,
2577 1398 2854 1453 deﬁniens
2895 1400 3239 1471 subscripsit.
3285 1404 3559 1459 Eusebius

1923 1489 2220 1561 episcopus
2262 1491 2533 1546 Galathia
2563 1492 2954 1564 Anquiriensis
2997 1495 3274 1550 definiens
3311 1497 3556 1552 subscri-

1921 1583 2049 1652 psit.
2080 1583 2361 1654 Diogenes
2409 1584 2710 1656 episcopus
2755 1586 3066 1649 Quiriensis
3109 1588 3387 1644 deﬁniens
3425 1592 3557 1645 sub-

1921 1676 2162 1747 scripsit.
2214 1679 2414 1732 Petrus
2469 1678 2769 1750 episcopus
2837 1680 3232 1736 Corinthensis
3287 1683 3560 1739 deﬁniens

1922 1769 2269 1840 subscripsit.
2321 1772 2518 1826 Florus
2567 1773 2861 1843 episcopus
2899 1775 3253 1829 Sardinensis
3283 1777 3562 1840 deﬁniens,

182 1867 341 1934 pant.
385 1865 592 1920 Statuit
635 1869 827 1920 sancta
871 1867 1122 1937 synodus
1156 1867 1263 1920 hos
1304 1867 1536 1938 quidem
1569 1847 1897 1938 primumB
1922 1863 2269 1934 subscripsit.
2303 1865 2616 1919 Eunomius
2644 1866 2939 1938 episcopus
2965 1868 3396 1924 Nicomedensis
3427 1871 3562 1925 deﬁ-

184 1973 554 2013 commonere
606 1976 713 2030 per
772 1959 1129 2014 defensorem
1184 1961 1822 2031 Constantinopolitana

182 2056 389 2106 sancta
419 2051 701 2121 Ecclesia,
730 2056 796 2107 ut
823 2058 1030 2108 exeant
1051 2054 1120 2108 de
1146 2054 1310 2125 regia
1333 2054 1582 2109 civitate.
1629 2055 1687 2108 Si
1727 2072 1822 2109 au-

182 2147 298 2200 tem
343 2146 406 2200 in
455 2146 660 2201 eodem
715 2147 1000 2218 proposito
1053 2147 1318 2218 improbe
1360 2147 1818 2219 perduraverint,

183 2237 355 2293 etiam
381 2239 590 2295 invitos
623 2257 720 2295 eos
753 2239 873 2312 ipse
919 2242 1168 2312 expellat
1205 2242 1474 2296 defensor
1517 2247 1577 2297 ut
1605 2243 1677 2296 ad
1718 2258 1820 2296 sua

181 2331 302 2387 loca
330 2332 684 2403 perveniant.

250 2427 421 2481 XXIV.
453 2429 588 2491 Qua
620 2427 794 2483 semel
836 2432 1165 2484 consecrata
1203 2428 1422 2484 fuerint
1449 2427 1816 2497 monasteria,

182 2536 309 2575 cum
333 2521 554 2591 judicio
584 2521 670 2575 sui
697 2521 944 2594 episcopi
975 2526 1248 2578 maneant
1270 2525 1568 2594 perpetua,
1613 2526 1669 2576 et
1699 2539 1821 2592 per-

180 2613 427 2669 tinentes
457 2615 530 2669 ad
561 2632 627 2670 ea
653 2632 742 2670 res
787 2616 1114 2671 conservari
1160 2616 1294 2687 ipsis
1336 2615 1702 2671 monasteriis
1731 2617 1820 2671 de-

183 2708 481 2778 crevimus,
528 2725 635 2762 nec
664 2709 901 2764 ulterius
949 2727 1114 2780 posse
1149 2726 1218 2764 ea
1243 2710 1366 2764 ﬁeri
1393 2709 1682 2764 sacularia
1719 2709 1816 2763 ha-

181 2800 442 2857 bitacula.
471 2802 577 2865 Qui
606 2819 738 2857 vero
763 2803 1133 2874 permiserint
1158 2805 1281 2858 hac
1317 2803 1464 2870 ﬁeri,
1493 2803 1822 2874 subjaceant

185 2895 268 2950 his
295 2895 891 2965 condemnationibus,
917 2914 1045 2969 qua
1079 2915 1186 2969 per
1215 2913 1459 2953 canones
1498 2897 1821 2952 constituta

183 2994 331 3044 sunt.

251 3084 402 3140 XXV.
441 3084 726 3148 Quoniam
767 3084 999 3156 quidam
1037 3086 1633 3156 metropolitanorum,
1679 3083 1822 3139 sicut

184 3177 252 3232 ad
271 3194 378 3232 nos
405 3179 690 3248 perlatum
704 3183 804 3246 est,
831 3178 1130 3250 negligunt
1145 3180 1426 3234 creditum
1445 3179 1549 3233 sibi
1563 3194 1817 3249 gregem,
1841 3217 1895 3291 Ο

183 3275 238 3325 et
264 3270 540 3326 differunt
560 3271 945 3327 ordinationes
969 3273 1158 3327 facere
1175 3273 1594 3344 episcoporum,
1608 3271 1822 3342 placuit

183 3369 389 3419 sancta
416 3364 634 3435 synodo
660 3365 811 3420 intra
848 3369 964 3420 tres
992 3382 1214 3421 menses
1261 3366 1388 3420 ﬁeri
1432 3365 1820 3420 ordinationes

183 3458 604 3530 episcoporum,
631 3458 741 3513 nisi
771 3459 917 3514 forte
961 3460 1358 3514 inexcusabilis
1395 3460 1695 3516 necessitas
1721 3475 1816 3513 co-

182 3551 361 3622 egerit
389 3555 620 3623 tempus
647 3552 1022 3608 ordinationis
1040 3553 1370 3626 propagari.
1402 3553 1460 3609 Si
1477 3555 1667 3608 autem
1695 3552 1820 3624 quis

183 3645 588 3716 episcoporum
632 3647 756 3701 hac
795 3664 914 3701 non
953 3647 1350 3718 observaverit,
1400 3647 1589 3719 ipsum
1614 3646 1819 3702 debere

181 3739 579 3795 ecclesiastica
598 3740 1063 3797 condemnationi
1079 3742 1201 3813 subj
1210 3757 1392 3809 acere,
1414 3741 1666 3796 redditus
1684 3756 1820 3794 vero

181 3832 442 3903 ejusdem
479 3833 724 3889 viduata
767 3834 1014 3890 ecclesiae
1059 3835 1319 3907 integros
1364 3835 1642 3907 reservari
1671 3834 1821 3906 apud

181 3943 546 3982 aconomum
573 3928 835 3999 ejusdem
861 3929 1108 3984 ecclesia
1133 3930 1364 4000 placuit.

247 4021 407 4075 XXVI
446 4020 590 4085 Quia
631 4022 690 4076 in
736 4023 1078 4094 quibusdam
1123 4020 1556 4079 ecclesiis'sicut
1587 4023 1661 4078 ad
1717 4039 1822 4078 nos

179 4115 466 4186 pervenit,
510 4115 632 4170 sine
675 4133 970 4172 oeconomo
1001 4117 1252 4190 episcopi
1293 4134 1382 4173 res
1418 4117 1822 4174 ecelesiasticas

179 4211 451 4278 tractant,
471 4209 684 4280 placuit
703 4227 902 4267 omnes
922 4212 1186 4267 ecclesias
1209 4213 1505 4284 episcopos
1522 4213 1819 4279 habentes,

180 4302 396 4358 habere
435 4319 762 4360 aconomos
803 4305 875 4360 de
902 4306 1134 4377 proprio
1163 4307 1335 4375 clero,
1366 4306 1464 4378 qui
1503 4307 1824 4378 gubernent

182 4397 435 4453 ecclesia
461 4413 551 4453 res
579 4414 710 4453 cum
752 4399 986 4455 arbitrio
1015 4401 1102 4455 sui
1133 4399 1404 4472 episcopi,
1447 4405 1509 4456 ut
1551 4418 1663 4456 non
1705 4401 1824 4456 sine

181 4491 510 4546 testimonio
574 4492 646 4548 sit
709 4493 1046 4564 gubernatio
1098 4494 1355 4566 ipsarum
1400 4511 1594 4551 rerum
1645 4496 1822 4551 eccle-

1924 1957 2083 2012 niens
2111 1958 2459 2029 subscripsit.
2493 1960 2822 2014 Anastasius
2851 1961 3144 2033 episcopus
3186 1963 3437 2019 Nicensis
3465 1965 3560 2018 de-

1921 2044 2127 2100 ﬁniens
2156 2046 2501 2118 subscripsit.
2530 2048 2890 2105 Eleutherius
2919 2051 3215 2122 episcopus
3254 2054 3557 2110 Chalcedo-

1920 2139 2113 2194 nensis
2164 2139 2443 2195 deﬁniens
2488 2141 2837 2214 subscripsit.
2882 2145 3037 2199 Idem
3072 2163 3270 2202 omnes
3312 2148 3561 2220 episcopi

1921 2235 2044 2301 630,
2080 2233 2418 2290 deﬁnientes
2447 2235 2920 2307 subscripserunt.

1990 2329 2300 2398 Postquam
2346 2329 2584 2384 recitata
2638 2334 2739 2399 est,
2794 2332 3082 2402 piissimus
3133 2335 3445 2407 imperator
3489 2339 3561 2394 ad

1922 2426 2178 2476 sanctum
2207 2422 2512 2477 concilium
2543 2423 2686 2478 dixit
2714 2441 2726 2478 :
2760 2425 2921 2480 Dicat
2952 2431 3210 2482 sanctum
3259 2431 3556 2487 concilium

1922 2515 1968 2568 si
1995 2532 2065 2570 ex
2091 2531 2372 2569 consensu
2395 2516 2656 2570 omnium
2697 2517 3094 2589 episcoporum
3120 2522 3397 2592 deﬁnitio,
3430 2543 3559 2597 qua

1921 2625 2072 2663 nunc
2116 2610 2260 2662 lecta
2302 2611 2406 2679 est,
2457 2610 2677 2679 prolata
2723 2611 2815 2666 sit.
2855 2612 3066 2668 Omnes
3105 2618 3558 2674 reverendissimi

1922 2703 2170 2774 episcopi
2216 2703 2678 2773 responderunt:
2711 2705 2922 2760 Omnes
2975 2707 3054 2761 sic
3098 2709 3398 2782 credimus,
3423 2713 3558 2784 [una

1921 2797 2081 2864 fides,
2113 2813 2228 2851 una
2258 2797 2559 2866 sententia,
2588 2798 2820 2854 omnino
2843 2799 3000 2855 idem
3028 2802 3318 2859 faciamus.
3347 2785 3558 2862 Omnes

1921 2891 2338 2945 consentientes
2364 2891 2818 2963 subscripsimus.
2858 2895 3064 2950 Omnes
3107 2898 3410 2954 orthodoxi
3462 2918 3557 2956 su-

1919 3000 2070 3052 mus,
2094 2984 2216 3038 hac
2243 2985 2380 3040 ﬁdes
2409 2987 2660 3057 Patrum,
2690 2987 2810 3041 hac
2838 2988 2978 3043 ﬁdes
3007 2993 3411 3065 apostolorum,
3436 2995 3557 3051 hac

1919 3083 2074 3132 recte
2119 3078 2498 3147 credentium,
2542 3080 2663 3134 hac
2702 3084 2787 3134 est
2823 3082 2966 3137 ﬁdes
3003 3100 3130 3155 qua
3155 3085 3353 3142 orbem
3380 3093 3558 3144 terra-

1921 3184 2052 3222 rum
2081 3169 2270 3222 salvat.
2301 3169 2596 3239 Martiano,
2621 3186 2767 3224 novo
2794 3171 3184 3243 Constantino,
3203 3191 3346 3232 novo
3362 3179 3555 3248 Paulo,

1919 3277 2064 3316 novo
2117 3261 2310 3331 David,
2351 3262 2685 3332 imperatori
2732 3263 2990 3334 piissimo
3030 3267 3264 3324 domino
3303 3273 3558 3344 Augusto

1919 3357 2034 3409 vita
2063 3356 2203 3426 ejus.
2228 3357 2296 3408 Et
2320 3359 2446 3425 post
2473 3356 2577 3410 has
2604 3373 2766 3412 voces
2792 3359 3088 3428 piissimus
3114 3365 3170 3416 et
3202 3364 3557 3423 ﬁdelissimus

1920 3449 2234 3520 imperator
2281 3449 2354 3502 ad
2388 3455 2642 3504 sanctam
2683 3451 2966 3520 synodum
3013 3454 3157 3509 dixit
3186 3473 3198 3510 :
3230 3459 3561 3516 Veneranda

1920 3542 2200 3598 catholica
2225 3542 2367 3597 fides
2397 3561 2431 3597 a
2461 3548 2657 3598 sancta
2684 3549 2740 3598 et
2776 3545 3083 3601 universali
3108 3551 3322 3619 synodo
3364 3571 3561 3609 secun-

1923 3637 2060 3691 dum
2088 3638 2321 3691 Patrum
2343 3636 2752 3707 expositionem
2773 3639 3073 3694 manifesta
3093 3645 3195 3696 est.
3240 3646 3308 3699 Et
3337 3645 3382 3699 si
3408 3647 3560 3703 labo-

1921 3747 2045 3787 rem
2077 3729 2412 3785 reverentiae
2438 3733 2640 3786 vestra
2664 3735 2721 3785 et
2750 3733 3067 3788 convicium
3095 3737 3355 3807 fecimus,
3388 3743 3562 3797 maxi~

1922 3842 2046 3880 mas
2074 3824 2298 3896 agimus
2331 3825 2542 3897 gratias
2584 3825 2964 3898 omnipotenti
2995 3829 3112 3884 Deo
3158 3832 3433 3889 Salvatori
3464 3853 3562 3891 nos

1923 3925 2060 3987 stro,
2089 3920 2223 3991 quia
2238 3921 2550 3975 multorum
2571 3917 2892 3976 errantium
2906 3921 3052 3978 circa
3077 3924 3252 3980 ﬁdem
3267 3932 3561 4000 amputata

1923 4011 2206 4066 discordia
2241 4011 2300 4066 in
2337 4027 2514 4066 unam
2559 4012 2938 4084 eamdemque
2977 4014 3150 4071 ﬁdem
3189 4033 3386 4074 omnes
3411 4037 3562 4078 nunc

1924 4106 2318 4173 convenimus,
2344 4107 2638 4177 sperantes
2661 4106 2942 4162 celebrem
2970 4110 3171 4165 vestris
3211 4114 3478 4184 precibus
3505 4124 3565 4172 et

1922 4200 2224 4255 meliorem
2244 4215 2415 4269 super
2441 4216 2642 4255 omnes
2661 4203 2884 4271 partem
2905 4218 2938 4256 a
2964 4203 3081 4259 Deo
3111 4204 3330 4261 donari.
3361 4209 3563 4267 Sancta

1924 4295 2170 4366 synodus
2189 4293 2397 4349 iterum
2410 4294 2740 4349 exclamavit
2754 4313 2768 4350 :
2793 4296 2918 4350 Hac
2939 4296 3118 4368 digna
3130 4301 3300 4356 vestri
3315 4301 3561 4375 imperii,

1921 4388 2046 4444 hac
2074 4387 2310 4460 propria
2337 4387 2507 4442 vestri
2534 4387 2782 4459 imperii,
2815 4389 2936 4444 hac
2963 4395 3236 4449 correctio
3267 4399 3440 4453 vestri
3459 4398 3562 4454 im~

1920 4482 2070 4555 perii
2095 4482 2274 4553 digna
2311 4481 2550 4550 Christo,
2599 4481 2776 4552 digna
2818 4484 3044 4556 imperii
3077 4487 3188 4543 ﬁde
3213 4531 3227 4559 ,
3264 4496 3565 4562 propterea

184 4585 564 4657 siasticarum,
593 4591 650 4642 et
669 4603 737 4643 ex
757 4588 866 4644 hoc
886 4588 1150 4645 deveniat
1176 4590 1427 4661 dispergi
1463 4591 1718 4661 ejusdem
1737 4607 1826 4645 res
1844 4592 1904 4666 Ι)
1925 4577 2256 4650 Palem“Itur
2277 4575 2428 4630 orbis
2467 4578 2657 4630 terrae.
2707 4578 2771 4630 Et
2797 4581 2928 4647 Post
2968 4579 3068 4634 has
3093 4597 3252 4637 V0095
3275 4583 3564 4654 Ρίίεδίωιιε

186 4679 462 4747 ecclesia,
511 4685 569 4736 et
611 4681 943 4737 sacerdotali
979 4683 1244 4755 dignitati
1290 4683 1626 4740 obtrectatio
1655 4701 1822 4756 gene-

186 4778 362 4830 retur.
411 4773 472 4830 Si
505 4790 636 4830 vero
665 4776 792 4848 quis
835 4794 952 4833 non
1001 4778 1384 4835 observaverit
1431 4779 1572 4846 hac,
1620 4779 1824 4834 divinis

188 4867 486 4940 subjaceat
516 4870 752 4941 regulis.

1921 4679 1977 4733 et
1993 4669 2354 4726 ﬁdelissimus
2369 4669 2684 4741 imperator
2710 4670 2784 4724 ad
2805 4674 3062 4730 sanctam
3079 4676 3361 4746 synodum
3381 4679 3556 4737 dixit:

1920 4767 2320 4824 Venerandam
2337 4763 2678 4820 catholicam
2696 4763 2870 4820 ﬁdem
2895 4772 3105 4824 sancta
3123 4771 3468 4830 venerabilis
3477 4792 3568 4849 sy-

1921 4864 2057 4920 nodi
2100 4860 2414 4918 secundum
2447 4861 2679 4915 Patrum
2720 4859 3143 4931 expositionem
3181 4866 3563 4943 manifestam,

257 4962 457 5017 XXVII,
507 4963 614 5018 Eos
645 4964 746 5036 qui
783 4965 891 5020 sibi
935 4966 1166 5038 rapiunt
1203 4983 1430 5038 uxores,
1458 4967 1545 5022 vel
1601 4983 1700 5022 eos
1725 4967 1825 5040 qui
1917 4957 2287 5031 juxtalegem
2302 4953 3564 5035 etconvenientemesse,vestratranquillitas

189 5055 461 5111 auxilium
490 5057 897 5130 prastiterunt,
921 5061 1119 5116 statuit
1135 5066 1326 5117 sancta
1352 5061 1619 5134 synodus,
1645 5059 1823 5132 siqui-

194 5148 323 5205 dem
343 5149 535 5206 clerici
556 5151 792 5225 fuerint,
822 5155 1120 5222 caderede
1147 5156 1379 5230 proprio
1403 5156 1602 5228 gradu.
1621 5155 1675 5212 Si
1691 5173 1826 5212 vero

193 5241 317 5298 laici
341 5245 580 5315 fuerint,
615 5249 923 5304 anathema
951 5249 1044 5305 sit.

640 5343 974 5414 Subscriptio
1002 5347 1384 5416 episcoporum.

265 5435 595 5491 Paschasius
639 5437 935 5510 episcopus
979 5439 1221 5495 civitatis
1274 5440 1611 5508 Lilibitana,
1651 5439 1831 5494 vicem

202 5543 376 5600 agens
411 5530 727 5587 beatissimi
748 5533 992 5605 episcopi
1023 5535 1244 5603 Leonis,
1287 5534 1562 5590 deﬁniens
1586 5533 1828 5588 subscri-

202 5621 328 5691 psit.
370 5623 676 5681 Lucentius
717 5626 1036 5700 episcopus,
1076 5628 1316 5684 civitatis
1345 5628 1743 5696 Ausculitana,
1775 5627 1834 5681 id

204 5720 301 5786 est,
328 5717 511 5774 vicem
539 5736 719 5792 agens
760 5722 1097 5777 sanctissimi
1139 5724 1340 5778 Leonis
1383 5723 1654 5794 episc0pi,
1701 5721 1834 5777 deti-

203 5809 360 5867 niens
386 5813 734 5886 subscripsit.
763 5816 1080 5872 Bonifacius
1106 5817 1402 5890 presbyter
1431 5818 1587 5873 urbis
1614 5819 1832 5884 Roma,

205 5902 378 5964 vicem
392 5923 569 5982 agens
599 5909 926 5982 apostolica
952 5912 1128 5982 Sedis,
1176 5911 1452 5970 deﬁniens
1483 5910 1830 5983 subscripsit.

1924 5053 2147 5126 probet,
2181 5053 2240 5107 et
2272 5067 2505 5106 omnem
2529 5051 2587 5105 in
2613 5053 2907 5121 posterum
2927 5054 3304 5112 contentionis
3323 5064 3563 5120 occasio-

1925 5164 2060 5204 nem
2077 5146 2226 5202 circa
2240 5162 2403 5201 suam
2421 5145 2594 5200 ﬁdem
2620 5145 2928 5217 amputari.
2946 5147 3002 5203 Si
3024 5149 3150 5219 quis
3162 5149 3340 5222 igitur
3362 5154 3563 5231 idiota,

1928 5243 2015 5298 vel
2031 5241 2316 5309 militaris,
2335 5257 2436 5295 seu
2455 5239 2692 5294 clericus
2707 5240 2931 5312 publice
2952 5242 3181 5299 turbam
3203 5263 3566 5325 congregans

1929 5336 2034 5393 sub
2057 5336 2290 5391 obtentu
2311 5333 2698 5405 dispositionis
2715 5335 3027 5392 tumultum
3048 5338 3268 5411 fecerit,
3285 5343 3565 5418 siquidem

1931 5431 2107 5485 idiota
2130 5427 2475 5501 proscriptus
2505 5429 2825 5499 expellatur
2851 5447 2886 5484 a
2921 5432 3084 5504 regia
3111 5435 3276 5508 urbe,
3309 5440 3568 5499 militaris

1930 5545 2064 5585 vero
2095 5545 2196 5582 seu
2234 5526 2472 5582 clericus
2517 5527 2728 5596 gradus
2751 5528 2851 5600 sui
2887 5530 3206 5601 periculum
3226 5538 3566 5611 _sustinebit,

1933 5627 1991 5678 et
2008 5623 2134 5678 aliis
2157 5621 2340 5694 poenis
2359 5610 2702 5692 subjacebit.
2720 5619 2751 5730 Ι

1933 5741 2185 5798 Edictum
2222 5739 2871 5816 Martianzf__z°mp_erc_ztoris
2912 5744 2971 5798 in
2995 5748 3396 5816 conﬁrmatione
3435 5766 3563 5809 con-

2440 5812 2555 5867 cilii
2593 5812 3052 5870 Chalcedonensis.

2006 5909 2378 5982 Imperatores
2421 5905 2852 5964 Valentinianus
2875 5947 2889 5976 ,
2940 5907 3245 5964 Martianus
3297 5913 3559 5990 Augusti,
