4054 6328
438 361 538 408 313
1329 360 1609 413 ᾹΡΡΕΝΙ).
1650 360 1736 411 ΑΙ)
1776 361 1934 413 S.EC.
1981 360 2065 412 IX.

2205 358 2450 414 lSlDORI
2490 360 2914 414 MERCATORIS

3705 366 3812 416 316

435 466 984 537 universis-populis.
1019 467 1268 521 Tandem
1301 467 1608 538 aliquando
1647 468 1802 538 quod
1839 470 2076 523 summis
2097 469 2395 552 Agligere
2451 469 2604 541 quod
2665 469 2762 523 diu
2828 470 3108 536 latuerat,
3143 467 3320 536 scivit,
3372 485 3476 522 nec
3531 470 3812 540 patefacto

433 559 575 612 votis
608 562 775 630 atque
807 560 1007 614 studiis
1041 560 1372 630 Optabamus
1395 560 1604 627 evenit,
1636 567 1859 616 remota
1887 568 1970 617 est
2001 563 2069 616 de

436 652 754 706 orthodoxa
804 653 1256 708 Christianorum
1304 653 1432 723 lege
1479 656 1792 724 contentio,
1831 656 2069 709 tandem

432 746 692 799 remedia
719 747 1015 817 culpabilis
1046 747 1253 800 erroris
1293 747 1524 801 inventa
1574 753 1727 817 sunt,
1773 753 1831 802 et
1861 749 2072 803 discors

434 839 779 909 populorum
807 840 1084 894 sententia
1118 839 1172 893 in
1209 857 1386 894 unum
1431 858 1797 910 consensum,
1840 859 2068 896 concor-

437 931 706 1002 diamque
729 933 1024 998 convenit;
1051 933 1120 986 ab
1140 934 1420 988 universis
1439 935 1612 989 etiam
1633 935 1929 1006 provinciis
1946 937 2074 990 reli-

2172 564 2382 618 scelere
2414 579 2577 633 passa
2604 565 2689 616 est
2714 579 2941 634 poenam
2975 563 3202 616 sceleris
3232 561 3460 616 evitare.
3507 562 3816 618 Sententiis

2173 656 2361 726 itaque
2403 655 2605 709 divinis
2664 656 3048 725 humanisque
3095 655 3417 722 damnatus,
3475 655 3812 725 synodicum

2172 750 2489 814 decretum,
2541 751 2606 801 ut
2660 749 3005 815 merebatur,
3055 749 3290 818 accepit,
3331 765 3463 801 reus
3509 748 3810 815 divinitati,

2175 841 2298 913 '75
2355 840 2446 894 cui
2503 841 2748 894 faciebat
2790 841 3085 911 injuriam,
3138 858 3267 895 reus
3332 841 3618 907 omnibus,
3675 859 3816 912 quos

2175 935 2433 1004 decipere
2487 935 2818 988 conabatur.
2871 935 3134 988 Proxime
3195 934 3410 988 etenim
3481 935 3817 989 innumera-

438 1024 741 1095 giosissimi
783 1026 1101 1080 sacerdotes
1134 1027 1556 1082 Chalcedonam
1587 1033 1886 1098 venerunt,
1912 1029 2073 1099 juxta
2172 1028 2314 1082 biles
2373 1044 2442 1082 ex
2513 1031 2630 1081 toto
2699 1027 2834 1082 orbe
2897 1027 3210 1081 beatissimi
3272 1027 3523 1098 episcopi
3587 1029 3818 1082 Chalce-

433 1123 626 1173 nostra
651 1124 953 1189 praecepta,
981 1124 1036 1174 et
1063 1121 1216 1192 quod
1247 1122 1537 1176 observari
1574 1123 1632 1176 in
1664 1123 1942 1192 religione
1974 1123 2072 1177 de-

433 1210 563 1266 beat
589 1213 882 1282 perspicua
915 1213 1256 1268 difﬁnitione
1302 1215 1639 1269 docuerunt.
1687 1216 1947 1269 Discessit
1975 1215 2075 1287 igi-

433 1309 526 1358 tur
543 1306 668 1375 jam
697 1307 945 1376 profana
967 1308 1284 1363 contentio.
1315 1310 1456 1362 Nam
1493 1325 1620 1363 vere
1652 1309 1864 1380 impius
1903 1314 2073 1380 atque

435 1398 746 1470 sacrilegus
765 1405 849 1454 est
866 1401 964 1471 qui
981 1407 1110 1471 post
1125 1406 1207 1456 tot
1220 1402 1575 1458 sacerdotum
1596 1405 1942 1457 sententiam
1959 1404 2077 1474 opi-

431 1491 593 1546 nioni
640 1509 754 1546 suae
810 1494 1026 1564 aliquid
1081 1496 1443 1550 tractandum
1487 1497 1740 1568 reliquit.
1801 1499 2077 1551 Extremae

435 1586 647 1656 quippe
671 1587 973 1641 dementire
1002 1591 1087 1642 est
1109 1589 1167 1642 in
1197 1590 1382 1644 medio
1410 1595 1468 1644 et
1492 1591 1792 1661 perspicuo
1813 1591 1902 1644 die
1917 1608 2073 1645 com-

436 1679 763 1734 mentitium
786 1681 982 1734 lumen
1017 1699 1295 1753 quaerere.
1324 1684 1588 1755 Quisquis
1615 1684 1769 1738 enim
1784 1685 2076 1755 postveri-

435 1777 619 1826 tatem
646 1779 930 1847 repertam
944 1774 1162 1846 aliquid
1179 1777 1418 1831 ulterius
1439 1777 1688 1847 discutit,
1715 1778 2078 1832 mendacium

2176 1122 2342 1175 dona)
2390 1121 2720 1192 congregati
2768 1120 3028 1190 improba
3069 1119 3322 1191 praedicti
3367 1121 3675 1175 Eutichetis
3702 1138 3816 1175 una

2176 1231 2306 1268 cum
2328 1215 2541 1284 synodo
2581 1214 2704 1283 ejus
2733 1230 2898 1267 causa
2939 1213 3135 1267 habita
3167 1214 3432 1284 expulere
3464 1219 3812 1281 commenta,

2175 1308 2319 1362 sicut
2362 1310 2685 1360 sanctorum
2744 1306 2977 1360 deﬁnita
3017 1306 3306 1376 majorum
3343 1323 3467 1376 qua:
3521 1307 3611 1360 vel
3660 1307 3816 1377 apud

2175 1401 2422 1454 Nicazam
2477 1417 2510 1453 a
2535 1400 2802 1454 trecentis
2834 1401 3031 1453 decem
3061 1402 3120 1452 et
3162 1405 3286 1474 octo
3327 1400 3634 1453 constituta
3661 1405 3812 1466 sunt,

2175 1495 2264 1548 vel
2291 1494 2348 1547 in
2382 1494 2490 1546 hac
2519 1497 2712 1564 postea
2743 1493 2896 1547 alma
2925 1493 3063 1547 urbe
3089 1511 3121 1546 a
3143 1496 3375 1547 centum
3403 1492 3818 1564 quinquaginta

2177 1593 2310 1642 sunt
2338 1587 2619 1658 episcopis
2669 1587 2968 1655 declarata,
3022 1586 3109 1640 vel
3151 1587 3303 1657 apud
3334 1587 3640 1657 Ephesum,
3682 1602 3815 1640 cum

2178 1681 2418 1735 Nestorii
2448 1685 2533 1734 est
2563 1697 2724 1735 error
2753 1681 3026 1747 exclusus,
3065 1679 3502 1750 praesidentibus
3541 1681 3816 1734 Romanae

2179 1773 2356 1840 urbis,
2402 1774 2725 1843 Caelestino,
2783 1773 2988 1843 Cyrillo
3031 1778 3087 1827 et
3131 1773 3524 1827 Alexandrinae
3578 1773 3817 1827 civitatis

440 1840 867 1954 quaerit\h:emo
892 1840 1085 1939 itaque
1105 1870 1192 1924 vel
1221 1871 1453 1924 clericus
1487 1840 1738 1925 militans
1765 1876 1820 1925 et
1848 1872 2078 1925 alterius
2099 1854 2155 1924 B
2181 1867 2484 1937 episcopis.
2516 1869 2591 1920 Ea
2619 1840 2794 1937 igitur
2822 1840 2948 1937 quae
2982 1871 3113 1921 sunt
3125 1867 3291 1937 juxta
3308 1867 3608 1938 pristinam
3646 1866 3814 1920 disci-

438 1959 742 2028 cujuslibet
772 1962 1112 2016 conditionis
1130 1963 1200 2017 de
1231 1963 1344 2017 ﬁde
1376 1964 1692 2019 Christiana
1723 1965 1948 2035 publice
1971 1969 2080 2019 ter-

438 2051 653 2108 minata
693 2055 1022 2109 coadunatis
1072 2060 1129 2110 et
1165 2057 1526 2112 audientibus
1574 2063 1813 2112 tractare
1845 2061 2080 2112 conetur

439 2143 497 2198 in
532 2151 843 2216 posterum,
864 2165 928 2202 ex
959 2149 1067 2203 hoc
1086 2151 1368 2205 tumultus
1387 2155 1443 2205 et
1459 2151 1708 2222 perﬁdiae
1721 2152 2078 2205 occasionem

438 2240 754 2309 requirens.
779 2243 922 2294 Nam
949 2241 1222 2312 injuriam
1240 2243 1373 2298 facit
1393 2244 1610 2314 judicio
1641 2244 2077 2314 religiosissima:

439 2333 663 2402 synodi,
695 2333 898 2405 sijquis
923 2339 1096 2392 semel
1119 2337 1379 2406 judicata
1408 2341 1560 2392 recte
1597 2338 1867 2409 disposita
1894 2341 2076 2393 revol-

442 2442 592 2492 vere,
625 2431 683 2480 et
729 2429 952 2497 publice
998 2430 1286 2502 disputare
1319 2431 1630 2486 contendit.
1663 2435 1804 2488 Cum
1846 2450 1912 2486 ea
1949 2449 2078 2504 quas

439 2535 592 2574 nunc
619 2521 686 2574 de
707 2522 1025 2576 Christiana
1045 2524 1156 2578 ﬁde
1182 2529 1392 2580 statuta
1409 2529 1542 2579 sunt
1553 2526 1721 2596 juxta
1745 2527 2079 2597 apostolicas

439 2613 821 2682 expositiones
863 2620 920 2670 et
959 2616 1222 2671 instituta
1264 2622 1588 2674 sanctorum
1629 2621 1862 2675 Patrum
1893 2624 1996 2676 318
2023 2625 2081 2675 et

443 2709 541 2760 150
572 2707 805 2763 deﬁnita
830 2725 952 2763 esse
981 2717 1314 2766 noscuntur.
1347 2712 1491 2766 Nam
1519 2712 1577 2767 in
1599 2714 2080 2785 contemptoribus

442 2799 612 2868 hujus
637 2799 781 2871 legis
806 2818 979 2872 poma
1009 2820 1123 2857 non
1145 2805 1347 2870 deerit,
1376 2805 1509 2876 quia
1537 2823 1654 2860 non
1682 2808 1863 2861 solum
1884 2813 2081 2863 contra

440 2892 617 2946 ﬁdem
648 2893 792 2948 bene
813 2897 1186 2967 compositam
1209 2898 1465 2966 veniunt,
1493 2900 1591 2954 sed
1622 2900 1797 2955 etiam
1823 2902 2006 2956 Judaei
2027 2909 2083 2957 et

439 2985 648 3056 pagani
673 2991 739 3041 et
768 2988 1163 3059 hujuscemodi
1207 2993 1520 3046 certamine
1570 2995 1883 3064 profanant
1907 3012 2078 3051 vene-

440 3079 622 3134 randa
663 3083 952 3152 mysteria.
984 3084 1162 3154 Igitur
1205 3085 1249 3139 si
1293 3086 1528 3140 clericus
1554 3087 1680 3157 erit,
1724 3089 1821 3160 qui
1861 3090 2080 3160 publice

437 3176 683 3228 tractare
712 3175 781 3228 de
806 3175 1087 3247 religione
1115 3195 1284 3232 ausus
1314 3179 1504 3247 fuerit,
1532 3198 1565 3235 a
1595 3183 1882 3238 consortio
1915 3183 2079 3239 cleri-

2179 1961 2395 2031 plinam
2435 1978 2467 2013 a
2492 1959 2805 2014 venerabili
2834 1960 3052 2030 synodo
3091 1960 3539 2014 Chalcedonensi
3582 1960 3819 2014 definita

2179 2055 2277 2108 illa
2305 2055 2415 2108 ﬁde
2439 2071 2552 2125 qua
2580 2055 2763 2108 Deum
2791 2054 3028 2108 colimus
3057 2070 3162 2126 per
3178 2053 3372 2108 omnia
3393 2055 3673 2108 servanda
3691 2071 3821 2108 cen-

2179 2153 2396 2202 suimus
2427 2153 2596 2220 atque
2624 2164 2940 2216 censemus,
2975 2148 3108 2218 quia
3146 2148 3308 2202 valde
3351 2165 3707 2218 consequens
3735 2153 3823 2203 est

2183 2247 2242 2296 ut
2270 2243 2628 2296 sacerdotum
2658 2259 2798 2312 pura
2816 2247 3008 2296 mente
3038 2243 3215 2296 Deum
3234 2241 3544 2296 colentium
3563 2242 3818 2312 definita,

2179 2352 2306 2406 quae
2357 2353 2460 2406 pro
2512 2335 2970 2390 orthodoxorum
3032 2335 3145 2389 ﬁde
3204 2339 3558 2389 sacrosancta
3610 2353 3818 2390 secun-

2181 2429 2320 2483 dum
2352 2430 2583 2482 Patrum
2607 2429 2832 2499 regulas
2844 2431 3279 2499 praecesserunt,
3303 2445 3419 2482 una
3441 2445 3570 2483 cum
3587 2446 3824 2484 venera-

2179 2523 2334 2577 tione
2383 2539 2734 2577 conservare.
2776 2522 3059 2586 Quoniam
3089 2522 3416 2593 principalis
3447 2523 3822 2593 providentiae.

2181 2621 2264 2671 est
2283 2633 2452 2670 omne
2484 2617 2700 2670 malum
2742 2616 2893 2670 inter
2923 2616 3085 2669 initia
3112 2616 3462 2687 opprimere,
3500 2620 3557 2670 et
3583 2633 3820 2688 serpen-

2178 2715 2303 2766 tum
2347 2710 2612 2764 morbum
2656 2711 2852 2780 legum
2886 2709 3171 2765 medicina
3208 2725 3485 2777 resecare,
3537 2710 3644 2764 hac
3689 2711 3822 2781 lege

2180 2803 2544 2859 decernimus
2573 2821 2665 2858 eos
2691 2803 2788 2875 qui
2819 2803 3126 2858 Eutichetis
3147 2819 3337 2858 errore
3365 2803 3732 2874 decipiuntur
3749 2804 3824 2858 ad

2181 2899 2509 2969 exemplum
2541 2897 3064 2969 Appollinariorum
3111 2914 3252 2968 quos
3291 2897 3554 2952 Eutiches
3593 2903 3825 2952 secutus

2181 2995 2282 3059 est,
2312 3010 2454 3062 quos
2495 2992 2844 3046 venerabiles
2892 2994 3123 3046 Patrum
3150 2990 3385 3063 regulae,
3418 2991 3474 3045 id
3516 2995 3621 3058 est,
3651 2992 3828 3046 eccle-

2181 3085 2386 3140 siastici
2419 3102 2666 3140 canones
2693 3089 2748 3140 et
2773 3086 3034 3140 divorum
3062 3086 3389 3157 principum
3423 3085 3823 3140 sacratissima:

2184 3180 2503 3234 sanctiones
2529 3180 2928 3246 condemnant,
2956 3180 3179 3233 nullum
3207 3179 3557 3251 episcopum,
3595 3180 3823 3234 nullum

849 3228 856 3229 ,
1119 3228 1280 3232 η---
1314 3228 1504 3247 ,ΜηἾ
1533 3228 1565 3235 w
1598 3228 1880 3238 Vn.qu
1917 3228 2049 3239 VM,
2185 3228 2500 3234 “unum-
2533 3228 2928 3246 --πη-πω,
2956 3228 3179 3233 ηπ---
3213 3228 3557 3251 -τ---νΓ---,
3596 3228 3822 3234 _________

443 3283 641 3321 corum
695 3270 1098 3326 removebitur.
1148 3273 1202 3326 Si
1256 3290 1389 3328 vero
1429 3275 1632 3330 militia
1680 3277 1950 3346 prazditus
1989 3228 2157 3346 sit,C
2183 3273 2596 3344 presbyterum,
2647 3274 2833 3327 nullos
2879 3289 3070 3328 creare
3115 3275 3200 3326 vel
3252 3274 3536 3345 appellare
3565 3274 3822 3341 clericos,

443 3360 672 3432 cingulo
713 3363 1140 3434 exspoliabitur.
1174 3367 1372 3422 Crateri
1409 3368 1582 3423 etiam
1611 3370 1781 3440 hujus
1830 3370 2084 3425 criminis
2180 3368 2480 3438 ipsumque
2497 3368 2851 3422 Eutichetem
2879 3367 3113 3421 nomine
3128 3367 3824 3438 presbyteriquoindigne

443 3454 527 3508 rei
571 3456 640 3510 de
690 3457 797 3511 hac
835 3459 1186 3514 sanctissima
1228 3462 1368 3516 urbe
1425 3463 1714 3533 pellentur
1745 3481 1847 3535 pro
1885 3465 2082 3537 vigore
2110 3491 2131 3537 λ·
2182 3463 2352 3515 utens
2379 3461 2728 3532 exspoliatus
2757 3465 2860 3529 est,
2889 3461 2947 3514 in
2969 3465 3150 3515 totum
3177 3477 3390 3516 carere.
3416 3462 3474 3516 Si
3500 3461 3594 3532 qui
3624 3466 3824 3516 tamen

443 3497 527 3508 ιν.
572 3497 640 3510 μυ
690 3497 797 3511 ..αν
835 3497 1186 3514 summa...”
1231 3497 1368 3516 υιυυ
1427 3497 1703 3533 pensum;
1746 3497 1847 3535 νιυ
1893 3497 2082 3537 “gum
2186 3497 2352 3515 υιυιιο
2379 3497 2728 3532 ωιονυηαιιιο
2757 3497 2860 3529 σου,
2972 3497 3150 3515 ιυυιιμι
3177 3497 3390 3516 cum”.
3416 3497 3474 3516 ω
3500 3497 3594 3532 qu.
3629 3497 3823 3516 υαωῡιι

433 3548 933 3618 judiciario,etiam
951 3556 1706 3628 competentibussuppliciis
1719 3497 2128 3650 subjugandi./
2182 3560 2375 3609 contra
2405 3556 2641 3609 definita
2667 3558 2864 3610 nostra
2891 3556 3205 3626 episcopos,
3242 3555 3618 3627 presbyteros,
3650 3561 3823 3611 caete-

443 3642 674 3699 Constat
709 3644 862 3700 enim
890 3647 1175 3703 haereticus
1203 3649 1440 3704 insaniae
1456 3652 1686 3706 exordia
1712 3642 2085 3725 fomitemque

441 3737 666 3805 nutriri,
701 3738 835 3792 dum
881 3741 1108 3810 publice
1153 3743 1386 3812 quidam
1432 3744 1724 3816 disputant
1752 3751 1922 3816 atque
1948 3764 2082 3801 con-

443 3832 708 3886 tendunt.
741 3832 1010 3887 Universa
1031 3850 1170 3903 ergo
1191 3851 1320 3904 qua:
1343 3851 1375 3888 a
1401 3840 1598 3890 sancta
1625 3839 1838 3908 synodo
1862 3839 2086 3894 Chalce-

445 3922 617 3976 donia
642 3925 948 3978 constituta
969 3929 1119 3994 sunt,
1144 3927 1426 3982 custodire
1447 3929 1757 3998 debebunt,
1775 3931 1918 3986 nihil
1940 3937 2087 4003 post-

444 4031 508 4068 ea
533 4015 864 4070 dubitaturi.
905 4019 1019 4071 Hoc
1062 4018 1256 4090 itaque
1301 4023 1640 4077 commoniti
1671 4029 1877 4078 nostras
1915 4026 2088 4082 since-

447 4109 628 4162 ritatis
654 4109 861 4178 edicto,
891 4111 1143 4168 obsistite
1173 4115 1422 4184 profanis
1447 4117 1695 4189 vocibus,
1724 4119 1965 4174 ulterius
1984 4121 2085 4175 de-

443 4200 610 4256 sinite
641 4203 710 4258 de
735 4203 942 4258 divinis
973 4205 1264 4278 disputare
1291 4210 1442 4280 quod
1466 4211 1628 4266 nefas
1668 4215 1772 4284 est,
1807 4214 1941 4284 quia
1967 4232 2083 4269 non

449 4296 638 4351 solum
663 4295 854 4353 divino
863 4298 1078 4368 judicio
1109 4307 1406 4372 peccatum
1430 4303 1554 4374 hoc,
1583 4309 1752 4377 prout
1780 4307 2085 4377 credimus,

445 4389 739 4461 punietur,
771 4407 972 4447 verum
995 4393 1165 4449 etiam
1186 4395 1382 4467 legum
1401 4401 1457 4452 et
1475 4399 1736 4469 judicum
1757 4402 2088 4458 auctoritate

443 4484 809 4540 coercebitur.
856 4487 1146 4558 Proposita
1194 4507 1271 4544 vn
1328 4491 1562 4548 Kalend.
1615 4495 1906 4550 Februarii
1948 4498 2090 4552 Con-

442 4579 811 4653 stantinopoli
833 4582 1070 4638 Patricio
1093 4587 1341 4640 consule.

437 4693 635 4766 Incipit
663 4713 821 4754 sacra
843 4700 1255 4774 “Valentiniani
1309 4707 1360 4758 et
1400 4705 1671 4759 Martiani
1707 4705 2086 4774 Augustorum

503 4774 630 4845 post
653 4840 668 4845 _
701 4772 988 4845 concilium
1053 4774 1479 4830 Chalcedonense
1544 4778 1603 4829 in
1683 4772 2086 4845 conﬁrmatione

513 4840 750 4908 ejusdem
778 4844 990 4897 concilii
1018 4849 1068 4898 et
1098 4845 1449 4901 damnatione
1470 4840 1837 4902 haereticornm
1856 4853 2082 4906 sanctio.

518 4951 886 5022 Imperatores
926 4957 1363 5012 VALENTINIANUS
1399 4959 1456 5011 et.
1497 4958 1810 5013 MARTIANUS
1843 4961 2085 5031 Augusti

446 5044 717 5101 PALLADIO
743 5049 1010 5118 praefecto
1041 5047 1315 5121 praetorii.

512 5139 723 5195 Divinaa
745 5158 970 5212 semper
997 5144 1273 5214 potentias
1300 5143 1615 5200 referendae
1645 5149 1816 5218 atque
1845 5149 2084 5219 agendae

443 5234 576 5286 sunt
606 5233 825 5304 gratias,
853 5251 982 5306 quaa
1011 5240 1269 5293 auctores
1296 5238 1545 5308 heresis,
1565 5256 1694 5311 quae
1716 5243 1955 5310 occulta,
1980 5260 2083 5299 nec

443 5326 620 5381 latere
675 5328 954 5396 concedit,
1017 5347 1121 5384 nec
1172 5333 1372 5388 durare
1447 5335 1730 5406 impunita
1781 5337 2080 5408 permittit.

445 5419 705 5484 Quorum
733 5439 915 5478 unum
958 5425 1246 5482 malorum
1272 5429 1501 5500 legendi
1527 5430 1705 5485 habet
1737 5431 1968 5502 plenam
1996 5432 2082 5486 fa-

443 5516 738 5586 cultatem,
757 5519 998 5574 alterum
1017 5522 1371 5592 przecavendi
1397 5524 1619 5578 caeteris
1643 5528 1875 5596 praestat
1893 5542 2083 5580 exemi

441 5611 622 5680 plum.
669 5613 831 5668 Cura:
872 5613 1047 5686 igitur
1086 5632 1206 5670 esse
1241 5616 1524 5670 divinitati
1568 5619 1873 5673 hominum
1901 5622 2080 5689 actus,

444 5707 499 5756 et
524 5706 768 5762 maxime
800 5709 1178 5763 reverentiam
1205 5709 1501 5779 religionis
1517 5713 1776 5779 proxime
1806 5713 1862 5766 in
1883 5715 2082 5768 conﬁr-

445 5799 654 5851 manda
698 5802 973 5854 catholica
1014 5801 1127 5854 ﬁde
1161 5799 1456 5854 evidenter
1483 5805 1766 5874 apparuit,
1818 5823 1950 5860 cum
1980 5824 2083 5861 nec

447 5887 799 5952 Eutichetem
829 5894 1230 5947 sceleratorum
1263 5891 1595 5964 dogmatum
1627 5900 1962 5952 sectatorem
1989 5916 2082 5954 ne-

2181 3666 2387 3720 rosque
2438 3648 2666 3703 clericos
2719 3650 2840 3704 ausi
2897 3649 3109 3704 fuerint
3159 3665 3228 3703 ex
3289 3649 3377 3703 his
3433 3665 3646 3717 creare,
3703 3653 3825 3704 tam

2183 3743 2362 3797 factos
2382 3759 2558 3813 quam
2585 3742 2861 3797 facientes
2893 3743 2976 3796 vel
3003 3746 3412 3812 praesumentes
3435 3742 3558 3811 sibi,
3593 3747 3828 3798 cuncto-

2183 3852 2310 3889 rum
2338 3837 2618 3890 bonorum
2645 3835 2936 3890 amissioni
2963 3836 3332 3906 periculoque
3359 3835 3649 3906 subjacere
3669 3835 3824 3890 exsi-

2185 3929 2243 3982 lii
2266 3931 2524 4000 perpetui
2552 3929 2935 4000 praecipimus.
2965 3929 3361 4000 Congregandi
3389 3934 3584 3984 autem
3614 3945 3822 3984 mona-

2185 4023 2338 4090 chos,
2391 4028 2490 4078 ant
2553 4023 2874 4078 aediﬁcandi
2920 4023 3268 4078 monasteria
3333 4023 3554 4076 nullum
3619 4039 3824 4077 eorum

2177 4116 2446 4187 jubemus
2488 4117 2697 4172 habere
2739 4117 3047 4186 licentiam,
3098 4118 3223 4171 loca
3267 4117 3410 4171 forte
3438 4117 3498 4171 in
3541 4132 3668 4187 quae
3699 4116 3826 4170 ausi

2185 4210 2490 4266 convenire
2514 4211 2824 4282 aliquando
2855 4211 3199 4267 tentaverint
3224 4211 3534 4279 conﬁscari,
3563 4211 3609 4265 si
3629 4213 3825 4266 tamen

2194 4304 2422 4360 domino
2452 4305 2561 4358 loci
2593 4304 2802 4360 sciente
2822 4288 3402 4454 convenerintllQuod
3430 4305 3474 4359 si
3515 4304 3823 4376 ignorante

2194 4402 2418 4454 auctore
2429 4399 2816 4454 convenerint.
2839 4399 3214 4454 conductores
3258 4399 3363 4454 oei.
3386 4399 3631 4454 fustibus
3647 4415 3823 4453 caesos

2187 4402 2418 4454 auctore
2429 4399 2816 4469 convenerint,
2839 4399 3363 4467 conductores'loei,
3386 4399 3631 4454 fustibus
3647 4415 3824 4453 caesos

2189 4493 2642 4564 deportationem
2656 4493 2848 4548 subire
2869 4510 3186 4549 censemus.
3205 4495 3356 4565 Ipsos
3378 4496 3652 4565 praeterea
3675 4491 3822 4546 nihil

2103 4601 2256 4674 Dex
2303 4591 2646 4643 testamento
2703 4588 3092 4659 cujuscunque
3143 4604 3364 4660 capere,
3405 4587 3547 4642 nihil
3593 4587 3674 4641 eis
3725 4585 3826 4657 qui

2186 4680 2440 4752 ejusdem
2469 4682 2677 4737 erroris
2721 4682 2836 4738 sint
2879 4681 3205 4754 relinquere
3233 4699 3340 4754 per
3363 4683 3721 4750 testamenta,
3752 4679 3825 4735 ad

2185 4776 2402 4830 nullam
2440 4793 2538 4832 eos
2575 4777 2830 4849 patimur
2861 4776 3076 4848 spirare
3103 4776 3390 4844 militiam,
3431 4775 3540 4830 nisi
3578 4776 3726 4830 forte
3751 4773 3826 4828 ad

2185 4871 2600 4927 cohortalinam
2634 4873 2723 4926 vel
2767 4872 3144 4926 limitaneam.
3175 4871 3234 4926 Si
3278 4870 3405 4942 quis
3449 4869 3623 4924 etiam
3667 4873 3824 4923 extra

2184 4963 2518 5035 przedictam
2572 4965 2835 5019 militiam
2883 4964 3146 5020 inventus
3203 4963 3376 5018 fuerit
3426 4962 3688 5032 militare,
3736 4962 3823 5015 vel

2185 5059 2318 5129 quia
2351 5059 2472 5129 ejus
2508 5057 2568 5112 in
2600 5058 2878 5130 religione
2917 5057 3292 5129 ignorabatur
3328 5055 3688 5128 perversitas,
3735 5054 3822 5108 vel

2184 5152 2320 5223 quia
2349 5157 2475 5223 post
2501 5152 2778 5225 adeptum
2803 5152 3100 5223 cingulum
3128 5153 3200 5206 ad
3238 5152 3390 5206 hunc
3421 5150 3649 5206 devenit
3673 5164 3826 5204 erro-

2184 5262 2328 5313 rem,
2358 5245 2573 5301 solutus
2617 5245 2818 5301 militia
2844 5245 3196 5300 inﬁdelitatis
3236 5262 3353 5299 suae
3381 5245 3634 5299 fructum
3671 5242 3824 5296 hunc

2183 5339 2408 5408 habeat,
2438 5345 2502 5394 ut
2536 5341 2888 5411 Optimorum
2909 5343 2966 5395 et
2990 5339 3186 5411 palatii
3211 5337 3617 5394 communione
3644 5337 3823 5409 prive-

2182 5437 2295 5500 tur,
2326 5450 2431 5487 nec
2456 5434 2590 5487 alibi
2616 5451 2788 5505 quam
2822 5435 2882 5489 in
2933 5451 3048 5506 quo
3081 5438 3250 5489 natus
3292 5436 3379 5488 est
3423 5433 3542 5487 vico
3574 5432 3664 5485 vel
3697 5430 3823 5486 civi-

2182 5531 2296 5581 tate
2335 5531 2618 5581 versetur.
2645 5529 2807 5592 Quod
2840 5527 2885 5582 si
2915 5527 3013 5600 qui
3045 5545 3244 5583 eorum
3261 5527 3323 5581 in
3353 5527 3458 5582 hac
3477 5528 3631 5580 alma
3655 5527 3820 5595 urbe,

2182 5619 2338 5691 quod
2369 5620 2521 5674 credi
2568 5621 2722 5688 nefas
2765 5625 2865 5691 est,
2902 5621 3080 5694 geniti
3120 5626 3272 5689 sunt,
3304 5624 3426 5676 tam
3455 5621 3524 5676 de
3550 5621 3658 5675 hac
3684 5618 3822 5674 civi-

2182 5716 2295 5767 tate
2349 5715 2658 5768 venerabili
2686 5696 2884 5786 iquam
2925 5716 3303 5772 sacratissimo
3357 5715 3629 5770 comitatu
3671 5716 3729 5768 et
3754 5729 3822 5768 ex

2184 5807 2343 5862 omni
2395 5808 2770 5864 excludantur
2811 5810 3252 5882 metr0politana
3304 5809 3548 5864 civitate.
3605 5808 3674 5862 Et
3718 5807 3824 5862 hoc

2183 5901 2415 5973 quidem
2461 5903 2806 5974 generaliter
2845 5905 2994 5959 circa
3042 5921 3241 5959 omnes
3280 5901 3698 5971 constituimus,
3728 5900 3826 5973 qui
