4054 6334
161 368 249 419 317

1384 364 1855 426 DECRETALIUM
1893 368 2276 426 COLLECTIO.

3415 374 3517 425 3l8

161 474 256 527 hac
284 446 445 529 clade
472 472 803 544 pollutionis
830 474 1179 545 pollutisth
1194 476 1284 529 vel
1308 430 1785 627 polluunturfos
1806 492 1866 564 Α
1885 479 2033 534 centi
2077 479 2275 534 decem
2315 481 2373 533 et
2416 482 2544 533 octo
2575 479 2756 533 sancti
2799 479 2990 533 Patres
3029 477 3405 544 tradiderunt,
3437 495 3521 532 ca-

161 571 339 620 autem
368 565 468 627 qui
495 571 627 621 ante
654 566 840 622 clerici
872 568 1324 623 orthodoxorum
1352 569 1486 625 ﬁdei
1510 576 1567 626 et
1593 588 1653 625 m
1693 589 1788 626 na-
1886 571 2155 626 tholicam
2173 574 2433 626 sanctam
2451 571 2625 626 ﬁdem
2646 571 2706 625 in
2728 571 2913 626 Nicaea
2937 571 3161 626 civitate
3188 569 3517 627 fundantes.

160 571 339 620 autem
368 565 468 637 qui
495 571 627 621 ante
654 566 840 622 clerici
872 568 1324 623 orthodoxorum
1352 569 1486 625 ﬁdei
1510 576 1567 626 et
1593 565 1788 627 mona-

160 658 242 712 chi
255 659 495 729 quidam
512 659 609 730 qui
623 659 933 715 Eutichetis
953 660 1207 715 habuere
1222 661 1620 732 diversorium,
1638 665 1786 735 quod

162 767 337 823 neque
367 753 783 807 monasterium
811 753 1114 808 dicendum
1144 759 1246 823 est,
1276 773 1343 811 eo
1370 754 1522 827 quod
1548 757 1607 811 in
1628 774 1686 811 se
1702 774 1789 811 re-

161 843 386 914 ligionis
413 844 618 899 habuit
643 845 921 917 inimicos,
942 847 1041 918 qui
1061 848 1248 902 adhuc
1275 866 1453 920 usque
1483 850 1541 903 in
1571 853 1787 905 tantam

161 936 440 992 insaniam
486 945 864 1008 recesserunt,
914 945 979 995 ut
1026 940 1223 996 relicto
1258 944 1595 998 venerabilis
1633 944 1790 998 cultu

161 1031 450 1103 religionis
474 1032 535 1086 in
560 1033 827 1104 synodico
860 1033 1089 1088 decreto
1118 1034 1497 1090 Chalcedonio
1522 1036 1677 1108 quod
1698 1040 1787 1091 to-

160 1123 261 1177 tius
296 1140 445 1195 pene
486 1125 638 1179 orbis
667 1127 899 1181 adunati
923 1127 1192 1182 deﬁniere
1228 1130 1567 1199 sacerdotes,
1600 1129 1786 1184 infau-

162 1224 297 1276 stam
329 1223 642 1277 Eutichetis
688 1224 866 1278 secuti
909 1227 1042 1279 sunt
1082 1226 1477 1296 assertionem,
1507 1228 1625 1298 qui,
1658 1244 1792 1282 vera

161 1314 276 1369 luce
304 1316 551 1383 deserta,
584 1317 846 1372 tenebras
896 1318 1187 1389 eligendas
1237 1336 1356 1374 esse
1400 1321 1787 1392 crediderunt,

162 1408 420 1463 omnibus
445 1411 628 1480 poenis
655 1427 782 1481 quae
809 1411 1263 1482 praecedentibus
1283 1414 1505 1484 legibus
1522 1415 1791 1469 adversus

162 1501 457 1556 haereticos
486 1502 737 1558 definitae
763 1509 914 1572 sunt,
940 1504 1209 1575 jubemus
1234 1507 1436 1575 teneri,
1476 1507 1593 1562 imo
1634 1511 1792 1563 extra

164 1595 486 1650 Romanum
515 1596 714 1668 expelli
743 1599 947 1665 solum,
978 1598 1121 1653 sicut
1147 1600 1533 1670 praecedentes
1561 1601 1788 1672 religio-

163 1688 393 1743 sissima:
422 1689 852 1746 constitutiones
883 1692 953 1745 de
976 1692 1295 1747 Manichzeis
1325 1694 1693 1761 constituere,
1716 1711 1791 1748 ne

162 1796 357 1836 eorum
383 1783 675 1838 venenatis
705 1784 997 1840 fraudibus
1028 1786 1426 1858 sceleratisque
1456 1787 1794 1842 commentis

1886 571 2155 626 tholicam
2173 574 2433 626 sanctam
2451 571 2625 626 ﬁdem
2646 571 2706 625 in
2728 571 2913 626 Nicaea
2937 571 3161 626 civitate
3188 569 3517 637 fundantes,

1886 666 1975 720 vel
2020 664 2100 719 ita
2145 669 2210 719 ut
2256 668 2355 719 150
2398 665 2492 719 alii
2530 663 2883 719 venerabiles
2922 664 3171 735 episcopi
3200 663 3299 735 qui
3326 663 3386 718 in
3416 665 3521 719 hac

1887 759 2036 812 alma
2063 758 2204 812 urbe
2234 758 2859 829 Constantinopolitana
2884 762 3080 829 postea
3106 761 3516 827 convenerunt,

1889 851 2034 905 sicut
2058 851 2395 906 Athanasius
2435 857 2492 906 et
2529 852 2890 923 Theophilus,
2938 855 2995 906 et
3035 851 3272 923 Cyrillus
3309 854 3519 906 sancta

1888 944 2292 999 recordationis
2336 945 2588 1016 epiSCOpi
2635 945 3035 1000 Alexandrinae
3082 945 3346 1014 civitatis,
3393 960 3516 1000 cre-

1890 1038 2178 1105 diderunt,
2220 1054 2364 1110 quos
2401 1039 2576 1092 etiam
2614 1039 2897 1109 Ephesina
2922 1039 3190 1110 synodus,
3220 1037 3309 1093 cui
3334 1038 3519 1093 beatae

1889 1132 2181 1186 memoriae
2224 1131 2465 1202 Cyrillus
2508 1131 2756 1202 praefuit,
2802 1131 2863 1186 in
2908 1148 3020 1202 qua
3063 1131 3305 1186 Nestorii
3356 1147 3519 1186 error

1890 1225 2154 1295 expulsus
2200 1227 2305 1295 est,
2351 1225 2646 1279 universos
2684 1227 2875 1279 secuta
2904 1242 3045 1294 esse,
3087 1242 3226 1296 quos
3251 1229 3309 1280 et
3330 1241 3520 1297 nuper

1889 1317 2222 1372 venerabilis
2241 1318 2596 1374 Chalcedone
2617 1318 2867 1389 synodus
2888 1321 2971 1371 est
2996 1321 3208 1385 secuta,
3236 1317 3519 1389 prioribus

1890 1411 2140 1466 conciliis
2166 1411 2526 1467 sacerdotum
2556 1428 2623 1466 ex
2649 1410 2804 1466 omni
2831 1427 3061 1482 prorsus
3090 1414 3250 1483 parte
3278 1428 3517 1467 consen-

1891 1506 2187 1575 tientibus,
2218 1504 2475 1576 nihilque
2518 1505 2779 1559 adimens
2806 1521 2840 1559 a
2878 1508 3233 1559 sacrosancto
3264 1505 3520 1575 symbolo

1889 1615 2078 1669 neque
2104 1598 2374 1669 adjiciens
2401 1615 2498 1653 seu
2521 1597 2835 1653 Eutichetis
2855 1599 3131 1669 dogmata
3144 1598 3375 1652 funesta
3396 1615 3522 1654 con-

1893 1692 2172 1748 demnans
2201 1709 2215 1747 :
2249 1692 2430 1747 sciant
2483 1707 2542 1746 se
2599 1709 2719 1747 esse
2774 1691 3119 1762 haereticos;
3177 1691 3523 1762 Apollinaris

1893 1785 2049 1841 enim
2074 1785 2617 1842 facinorosissimam
2639 1789 2847 1840 sectam
2869 1784 3135 1840 Eutiches
3150 1789 3207 1839 et
3229 1784 3525 1840 Dioscorus

163 1873 528 1930 innocentum
591 1877 679 1931 vel
745 1876 1105 1933 inﬁrmorum
1170 1879 1349 1933 animi
1413 1860 1869 1951 decipiantur.B
1893 1883 2026 1933 sunt
2068 1879 2261 1934 secuti.
2307 1879 2552 1949 Ideoque
2599 1895 2797 1933 omnes
2840 1879 2902 1933 hi
2939 1878 3037 1950 qui
3072 1878 3411 1949 Apollinaris
3438 1878 3525 1934 vel
3618 1956 3621 1957 ν

165 1969 562 2040 Comperimus
585 1974 864 2042 praeterea
884 1972 1149 2043 quaedam
1177 1989 1273 2027 eos
1301 1973 1362 2028 in
1387 1975 1794 2029 contumeliam

164 2062 452 2133 religionis
497 2068 554 2118 et
600 2064 873 2119 invidiam
899 2066 1237 2120 venerabilis
1267 2067 1550 2138 synodicae
1579 2067 1790 2122 difﬁni-

162 2155 328 2209 tionis
362 2156 538 2211 fuisse
566 2157 856 2228 mentitos,
886 2159 1330 2233 conscriptisque
1361 2160 1516 2215 libris
1543 2165 1600 2217 et
1622 2162 1791 2216 char—

165 2252 348 2304 tarum
386 2250 558 2304 tomis
606 2251 765 2322 plura
809 2252 1061 2321 ﬁnxisse,
1107 2270 1235 2324 quae
1268 2270 1470 2309 eorum
1505 2255 1794 2310 insaniam

166 2342 426 2397 adversus
453 2359 646 2398 veram
677 2343 851 2399 ﬁdem
877 2347 1075 2417 aperte
1112 2346 1426 2418 signarent,
1463 2350 1634 2419 atque
1663 2348 1793 2402 ideo

166 2436 527 2508 praecipimus
555 2437 883 2509 ubicunque
910 2439 1237 2510 hujusmodi
1268 2440 1544 2511 scriptura
1568 2445 1796 2511 reperta

167 2530 337 2584 fuerit
362 2530 598 2601 ignibus
628 2531 1001 2587 concremari.
1048 2534 1157 2588 Eos
1199 2550 1332 2588 vero
1376 2534 1475 2605 qui
1520 2533 1796 2605 sequendi

169 2623 350 2678 studio
383 2623 674 2679 audierint
702 2624 780 2679 sic
801 2625 1070 2680 scelerata
1091 2626 1484 2695 disserentem,
1513 2628 1793 2682 denarum

167 2716 443 2772 librarum
499 2717 623 2772 auri
674 2719 1014 2773 multatione
1062 2720 1495 2791 compescimus.
1525 2722 1632 2775 Eos
1666 2737 1796 2775 vero

167 2811 259 2881 qui
283 2810 372 2864 vel
406 2811 736 2882 scripserint
764 2813 850 2866 vel
877 2812 1000 2867 aliis
1042 2814 1283 2885 legenda
1312 2814 1653 2869 tradiderint
1694 2814 1795 2868 do-

169 2903 328 2958 cendi
373 2904 561 2959 studio
610 2906 700 2959 vel
749 2905 1022 2976 discendi,
1070 2924 1365 2962 censemus
1406 2907 1799 2979 deportatione

170 2997 391 3067 puniri;
450 2997 692 3052 delenda
736 3001 822 3052 est
868 3000 1022 3054 enim
1074 3000 1196 3055 haec
1245 3000 1488 3055 infausta
1540 3001 1794 3069 haeresis,

171 3091 309 3146 sicut
332 3080 560 3162 pridem
589 3090 785 3146 edictis
824 3094 1149 3149 serenitatis
1194 3097 1404 3149 nostrae
1452 3096 1794 3149 continetur.

167 3183 441 3240 Omnibus
483 3189 677 3240 autem
720 3186 1026 3242 adimimus
1082 3188 1414 3243 facultatem
1443 3206 1554 3260 qua
1601 3188 1798 3242 ultimo

170 3278 446 3349 supplicio
487 3272 896 3335 coércebuntur
925 3281 1025 3352 qui
1066 3280 1263 3336 illicita
1300 3282 1504 3337 docere
1544 3286 1799 3337 tentave-

169 3372 299 3442 rint,
333 3373 416 3427 ita
456 3372 612 3427 enim
657 3375 893 3429 materia
936 3375 1299 3431 subtrahetur
1332 3376 1557 3443 erroris,
1596 3375 1642 3430 si
1668 3393 1798 3447 pec-

169 3469 431 3520 catorum
452 3470 511 3521 et
530 3466 728 3521 doctor
754 3467 998 3523 defuerit
1023 3473 1079 3524 et
1098 3469 1338 3538 auditor,
1363 3469 1577 3524 Palladi
1603 3485 1802 3541 parens

170 3558 503 3614 charissima
545 3564 715 3630 atque
758 3561 1167 3630 amantissime,
1212 3561 1444 3616 illustris
1496 3563 1690 3633 itaque
1745 3566 1804 3617 et

170 3652 479 3723 magniﬁca
506 3653 815 3709 auctoritas
839 3659 937 3709 tua
964 3655 1183 3726 edictis,
1212 3655 1513 3727 propositis
1540 3656 1803 3711 omnibus

168 3746 336 3801 faciat
384 3748 525 3801 nota
567 3763 694 3818 quae
728 3747 1023 3819 jussimus,
1056 3753 1121 3804 ut
1159 3750 1630 3820 cognoscentibus
1682 3767 1804 3805 mo-

171 3839 530 3896 deratoribus
553 3841 973 3911 provinciarum
1009 3858 1322 3915 eorumque
1368 3843 1671 3912 Ofﬁciariis,
1703 3844 1801 3900 de-

170 3933 499 4001 fensoribus
518 3934 692 3989 etiam
717 3934 1027 4003 civitatum,
1051 3936 1207 4008 quod
1227 3941 1481 3993 sanctam
1497 3953 1805 4009 veramque

171 4027 345 4084 ﬁdem
362 4030 562 4083 sancto
583 4029 872 4101 proposito
891 4030 1327 4086 custodiendam
1347 4048 1468 4087 esse
1483 4048 1801 4088 censemus.
1817 4038 1849 4101 LI

174 4121 361 4186 Quam
388 4121 437 4177 si
467 4122 824 4194 neglexerint
866 4127 967 4178 aut
1008 4124 1374 4196 permiserint
1409 4126 1682 4181 temerari
1708 4127 1803 4182 de-

174 4232 382 4271 narum
424 4215 699 4270 librarum
742 4217 867 4271 auri
914 4217 1251 4273 multatione
1276 4220 1546 4291 percussi,
1581 4224 1644 4275 ut
1671 4220 1805 4275 reli-

176 4310 359 4381 gionis
387 4310 702 4381 legumque
743 4311 1085 4382 proditores,
1137 4312 1308 4367 etiam
1335 4314 1404 4368 de
1435 4315 1807 4369 aestimatione

172 4402 542 4460 laborabunt.
592 4404 729 4458 Data
768 4421 841 4459 xv
887 4405 1084 4461 Kalen.
1136 4406 1375 4478 Augusti
1413 4407 1806 4464 Constantino-

177 4497 311 4568 poli,
342 4496 604 4567 Aspirato
631 4501 689 4552 et
711 4496 808 4569 qui
836 4498 1011 4554 fuerit
1036 4500 1329 4555 nuntiatus
1355 4501 1698 4557 consulibus.

1821 3229 1876 3303 C

1892 1972 2197 2028 Eutichetis
2220 1973 2645 2043 perversitatem
2679 1974 3000 2043 sequuntur
3036 1971 3143 2026 illis
3174 1974 3352 2043 poenis
3381 1988 3523 2043 quas

1895 2066 2007 2120 divi
2038 2069 2189 2122 retro
2220 2066 2502 2137 principes
2545 2068 2743 2121 contra
2778 2065 3206 2137 Apollinaristas
3248 2066 3335 2120 vel
3380 2081 3526 2121 sere~

1891 2160 2039 2214 nitas
2098 2162 2294 2215 nostra
2346 2162 2474 2231 post
2533 2160 2771 2215 modum
2832 2163 3028 2214 contra
3094 2158 3527 2214 Eutichianistas

1893 2253 2094 2324 sanxit,
2124 2252 2390 2309 noverint
2432 2269 2491 2309 se
2531 2270 2651 2309 esse
2682 2252 3030 2324 plectendos.
3076 2252 3288 2307 Idcirco
3320 2252 3528 2323 Apolli-

1894 2346 2155 2414 naristas,
2209 2348 2319 2402 hoc
2371 2351 2455 2402 est
2505 2346 2976 2414 Eutichianistas,
3029 2345 3231 2417 quibus
3284 2345 3387 2400 etsi
3446 2352 3529 2401 est

1894 2439 1953 2494 in
1979 2440 2362 2511 appellatione
2391 2440 2703 2510 diversitas,
2729 2457 2848 2495 esse
2872 2444 3068 2495 tamen
3085 2439 3145 2494 in
3164 2440 3370 2494 haresi
3388 2456 3524 2494 con-

1888 2534 2131 2604 junctio,
2164 2538 2221 2588 et
2242 2534 2434 2605 dispar
2458 2533 2689 2605 quidem
2721 2550 2956 2599 nomen,
2985 2533 3084 2587 sed
3107 2533 3263 2587 idem
3287 2532 3519 2588 sacrile-

1896 2626 2078 2697 gium,
2110 2627 2224 2681 sive
2268 2626 2331 2681 in
2373 2626 2476 2681 hac
2522 2626 2672 2680 alma
2712 2627 2872 2688 urbe,
2918 2625 3006 2680 vel
3049 2624 3109 2679 in
3145 2624 3530 2680 Alexandrina

1897 2719 2136 2789 civitate,
2163 2736 2262 2776 seu
2285 2720 2437 2774 intra
2456 2722 2762 2791 Egyptum
2791 2722 2942 2788 sunt,
2970 2734 3161 2789 neque
3181 2718 3262 2772 ita
3289 2718 3528 2773 credunt

1898 2814 2043 2869 sicut
2093 2814 2353 2884 praedicti
2400 2813 2753 2868 venerabiles
2792 2812 3117 2880 credebant,
3169 2828 3356 2883 neque
3405 2812 3525 2865 viro

1896 2906 2373 2962 reverendissimo
2399 2906 2796 2961 Alexandrinae
2838 2905 2994 2960 urbis
3027 2906 3264 2960 antistiti
3292 2905 3524 2960 Prothe-

1895 3001 1981 3055 rio
2007 3000 2184 3056 ﬁdem
2213 3001 2590 3056 orthodoxam
2624 2999 2844 3055 tenenti
2872 2998 3298 3054 communicant
3326 3014 3527 3054 secun-

1897 3095 2034 3148 dum
2054 3094 2313 3149 divorum
2336 3098 2486 3149 retro
2506 3094 2831 3165 principum
2854 3092 3281 3148 constitutiones
3305 3109 3433 3165 quin
3461 3093 3531 3147 de

1898 3187 2307 3258 Apollinaristis
2343 3188 2720 3258 promulgatae
2746 3190 2897 3255 sunt,
2942 3202 3057 3240 non
3086 3185 3333 3241 habeant
3365 3188 3531 3257 pote-

1901 3284 2107 3336 statem
2156 3280 2401 3336 faciendi
2444 3284 2876 3348 testamentum,
2910 3296 3097 3351 neque
3141 3280 3201 3334 id
3238 3279 3534 3351 acquirant

1900 3375 2053 3446 quod
2074 3375 2212 3446 ipsis
2230 3391 2299 3429 ex
2317 3377 2661 3429 testamento
2682 3373 3021 3445 cujusquam
3047 3372 3220 3427 fuerit
3242 3373 3529 3439 relictum,

1902 3469 2045 3523 nihil
2078 3468 2250 3523 etiam
2277 3484 2344 3522 ex
2376 3467 2688 3523 donatione
2717 3467 2908 3538 aliqua
2936 3471 3383 3537 consequantur;
3432 3465 3535 3520 sed

1902 3563 1949 3616 si
1978 3561 2117 3633 quid
2166 3561 2302 3632 ipsis
2348 3561 2436 3615 vel
2482 3558 2821 3615 liberalitate
2849 3558 3135 3625 acciderit,
3173 3560 3260 3613 vel
3296 3557 3534 3613 viventis

1900 3657 1988 3712 vel
2014 3655 2312 3710 morientis
2350 3655 2527 3710 fuerit
2548 3655 2836 3709 voluntate
2866 3654 3151 3721 collatum,
3184 3653 3245 3707 id
3269 3653 3533 3724 protinus

1902 3751 2034 3805 ﬁsco
2066 3752 2256 3804 nostro
2279 3748 2592 3803 addicatur.
2626 3747 2735 3819 Ipsi
2756 3762 2893 3802 vero
2914 3747 2975 3801 in
3001 3747 3191 3802 nullos
3220 3746 3431 3817 aliquid
3463 3762 3531 3802 ex

1905 3844 2073 3899 rebus
2112 3843 2228 3897 suis
2266 3843 2481 3897 donare
2525 3841 2767 3914 possint.
2813 3840 3121 3921 Episcopos
3170 3856 3401 3912 quoque
3445 3839 3533 3896 vel

1902 3938 2266 4011 presbyteros
2305 3936 2559 4008 aliosque
2603 3933 2836 3991 clericos
2877 3935 2987 3989 illis
3026 3950 3219 3990 creare
3245 3936 3305 3988 et
3329 3933 3536 3991 habere

1904 4048 2023 4087 non
2047 4030 2238 4087 liceat.
2271 4030 2523 4086 Scientes
2550 4031 2665 4084 tam
2692 4027 3113 4084 Eutichianistaa
3132 4043 3304 4100 quam
3323 4026 3537 4101 Apolli-

1905 4125 2139 4181 naristae
2169 4125 2269 4196 qui
2308 4123 2432 4178 ausi
2476 4123 2691 4178 fuerint
2719 4123 2985 4195 cuiquam
3013 4122 3263 4195 episcopi
3289 4123 3377 4178 vel
3404 4138 3537 4195 pre‘

1907 4218 2119 4290 sbyteri
2146 4218 2235 4273 vel
2261 4217 2451 4273 clerici
2478 4233 2690 4273 nomen
2709 4216 3027 4289 imponere,
3059 4232 3231 4288 quam
3250 4216 3311 4271 hi
3325 4216 3424 4289 qui
3440 4232 3537 4272 σοι

1906 4311 2024 4368 nati
2061 4310 2275 4366 fuerint
2300 4310 2637 4382 impositum
2665 4328 2877 4367 nomen
2902 4310 3246 4366 sacerdotale
3264 4309 3538 4381 retinere,

1907 4406 2119 4472 exsilio,
2166 4421 2478 4475 rerumque
2541 4421 2771 4459 suarum
2832 4404 3132 4459 amissione
3187 4403 3539 4476 plectendos.

1907 4502 2013 4555 Eos
2054 4515 2185 4553 vero
2225 4496 2323 4569 qui
2368 4496 2438 4551 de
2481 4497 2587 4552 hac
2626 4497 2901 4553 catholica
2949 4499 3133 4553 Roma
3177 4498 3544 4553 ecclesiarum

279 4615 421 4669 Item
449 4615 569 4668 alia
601 4615 868 4671 Martium-
894 4618 1240 4687 impemtom-s
1278 4622 1467 4677 contra
1499 4619 1705 4676 eosdem
1829 4610 1889 4683 D
1912 4591 2198 4648 clericivel
2211 4591 2539 4646 orthodoxae
2559 4589 2693 4646 ﬁdei
2714 4591 2982 4645 monachi
3001 4590 3251 4687 fuerant,
3272 4589 3541 4687 derelicto

856 4688 1146 4744 hereticos.

245 4779 570 4854 Imperator
590 4780 905 4839 Maxumus
928 4783 1220 4854 Augustus
1248 4784 1525 4838 PALLADIO
1556 4782 1811 4854 praetori.

250 4874 409 4931 Licet
469 4875 595 4945 jam
664 4874 1042 4932 sacratissima
1099 4875 1499 4945 constitutione
1546 4893 1812 4931 mansue-

182 4968 397 5024 tudinis
440 4985 588 5023 meae
636 4974 869 5025 cautum
908 4987 972 5025 ac
1015 4971 1313 5026 deﬁnitum
1355 4971 1443 5038 sit,
1474 4970 1604 5042 quia
1632 4969 1692 5025 in
1720 4987 1817 5026 eos

184 5062 456 5117 severitas
481 5063 798 5118 exercenda
838 5063 930 5133 sit,
982 5063 1080 5136 qui
1125 5063 1432 5119 Eutichetis
1474 5064 1562 5119 vel
1599 5064 1816 5135 Apolli-

188 5156 340 5211 naris
381 5155 707 5211 hzereticam
734 5157 1164 5229 perversitatem
1187 5158 1361 5213 secuti
1390 5176 1423 5212 a
1460 5158 1738 5229 religione
1765 5163 1821 5213 et

188 5248 297 5304 ﬁde
327 5248 607 5305 catholica
649 5249 964 5321 deviarunt,
1017 5252 1409 5307 Alexandrinae
1446 5255 1639 5307 tamen
1663 5252 1820 5307 urbis

191 5341 334 5398 cives
387 5347 560 5415 atque
612 5343 956 5400 habitatores
1015 5345 1185 5400 tantis
1237 5346 1577 5418 Apollinaris
1628 5345 1823 5401 infecti

194 5441 323 5491 sunt
345 5436 603 5507 venenis,
650 5442 712 5493 ut
759 5439 1141 5494 necessarium
1185 5439 1358 5494 fuerit
1396 5458 1461 5496 ea
1492 5457 1663 5513 quam
1693 5443 1823 5495 ante

196 5531 524 5599 sanximus,
578 5531 819 5602 repetita
877 5532 1049 5588 etiam
1101 5532 1228 5604 lege
1276 5550 1428 5588 nunc
1493 5535 1819 5589 decernere.

197 5623 527 5696 Quicunque
585 5640 723 5696 ergo
780 5624 869 5681 vel
926 5625 986 5681 in
1036 5629 1144 5681 hac
1196 5644 1350 5682 sacra
1411 5628 1570 5698 urbe,
1625 5627 1714 5681 vel
1766 5625 1827 5681 in

201 5715 579 5772 Alexandrina
608 5716 852 5789 civitate,
895 5720 986 5774 vel
1024 5718 1083 5774 in
1115 5719 1271 5775 omni
1312 5721 1639 5793 Egyptiaca
1688 5720 1823 5775 dioe-

204 5811 313 5864 cesi
353 5815 410 5866 et
451 5811 683 5867 diversis
709 5811 833 5867 aliis
858 5813 1167 5886 provinciis
1192 5814 1500 5871 Eutichetis
1524 5815 1829 5889 profanam

208 5904 631 5975 perversitatem
659 5910 996 5980 sequuntur,
1028 5911 1085 5965 et
1108 5908 1191 5966 ita
1217 5926 1333 5965 non
1359 5909 1598 5965 credunt
1623 5912 1688 5966 ut
1711 5912 1828 5964 tre-

1910 4703 2043 4742 vero
2071 4685 2169 4740 Dei
2200 4685 2376 4754 cultu,
2408 4684 2750 4756 Apollinaris
2796 4684 2885 4739 vel
2923 4682 3230 4739 Eutichetis
3275 4680 3545 4740 haeresim

1914 4778 2111 4836 sectati
2158 4784 2311 4849 sunt,
2351 4778 2443 4833 vel
2496 4781 2626 4849 post
2670 4778 2794 4833 haec
2841 4777 3229 4845 sectabuntur,
3279 4776 3544 4834 omnibus

1913 4874 2095 4947 poenis
2121 4891 2249 4945 quae
2273 4874 2362 4928 vel
2387 4870 2675 4945 prioribus
2697 4869 2918 4943 legibus
2940 4871 3208 4927 adversus
3243 4872 3546 4929 haereticos

1916 4968 2237 5024 constituta:
2262 4971 2397 5023 sunt
2420 4967 2690 5039 jubemus
2714 4966 2919 5034 teneri,
2950 4969 3007 5021 et
3025 4970 3181 5021 extra
3203 4965 3391 5039 ipsum
3410 4984 3547 5040 quo-

1917 5079 2030 5136 que
2057 5062 2303 5118 Romani
2330 5061 2558 5135 imperii
2581 5061 2763 5117 solum
2787 5060 2944 5132 pelli.
2987 5059 3241 5117 Universi
3268 5066 3549 5132 praeterea

1919 5156 2334 5229 Apollinaristae
2377 5157 2466 5211 vel
2508 5154 2925 5211 Eutichianistm
2966 5171 3083 5210 non
3122 5154 3403 5225 ecclesias,
3430 5173 3550 5213 non

1919 5250 2266 5306 monasteria
2309 5250 2415 5304 sibi
2456 5253 2812 5317 construant,
2851 5265 3037 5321 neque
3077 5266 3335 5321 synaxes,
3363 5268 3552 5324 neque

1921 5344 2312 5400 conventicula
2343 5343 2709 5411 contrahant,
2756 5359 2946 5415 neque
2973 5343 3044 5399 ad
3078 5343 3333 5413 domum,
3362 5361 3551 5418 neque

1923 5439 1997 5493 ad
2039 5437 2456 5510 possessionem
2499 5436 2905 5509 cujuscunque,
2947 5452 3136 5509 neque
3165 5439 3239 5493 ad
3263 5444 3550 5496 monaste-

1923 5532 2094 5601 rium,
2128 5547 2317 5602 neque
2344 5529 2417 5584 ad
2452 5545 2855 5602 quemcunque
2884 5530 3116 5586 alterius
3140 5532 3330 5587 locum
3356 5550 3549 5605 opera-

1924 5631 2078 5681 tores
2123 5627 2289 5679 sectae
2342 5622 2747 5678 funestissima:
2799 5630 3241 5696 congregantur.
3294 5626 3454 5690 Quod
3508 5628 3554 5681 si

1926 5717 2183 5785 fecerint,
2230 5722 2286 5772 et
2321 5717 2427 5773 hoc
2452 5716 2669 5773 factum
2702 5717 2875 5774 fuisse
2901 5719 3140 5774 Domino
3165 5720 3391 5773 volente
3415 5734 3551 5775 con-

1929 5813 2150 5885 stiterit,
2212 5815 2498 5885 postremo
2546 5811 2898 5883 judicialiter
2944 5815 3165 5881 notum,
3218 5812 3419 5867 domus
3466 5815 3555 5869 vel

1928 5905 2205 5982 possessio
2221 5907 2283 5965 in
2313 5923 2491 5982 quam
2517 5905 2904 5975 convenerint,
2918 5906 3050 5961 ﬁsco
3075 5903 3335 5975 societur,
3359 5921 3557 5965 mona-

3380 6052 3409 6070 ο
