  <div class='ocr_page' id='page_1' title='image "/cluster/home/n/w/nwhite01/storage/ocr_20150623/130/umn.319510024774230/215.png"; bbox 0 0 4054 6300; ppageno 0'>
   <div class='ocr_carea' id='block_1_1' title="bbox 491 362 593 412">
    <p class='ocr_par' dir='ltr' id='par_1_1' title="bbox 491 362 593 412">
     <span class='ocr_line' id='line_1_1' title="bbox 491 362 593 412; baseline -0.02 0"><span class='ocrx_word' id='word_1_1' title='bbox 491 362 593 412; x_wconf 79' lang='grc'><strong>319</strong></span> 
     </span>
    </p>
   </div>
   <div class='ocr_carea' id='block_1_2' title="bbox 1377 356 2962 415">
    <p class='ocr_par' dir='ltr' id='par_1_2' title="bbox 1377 356 2962 415">
     <span class='ocr_line' id='line_1_2' title="bbox 1377 356 2962 415; baseline -0.001 -1"><span class='ocrx_word' id='word_1_2' title='bbox 1377 358 1657 415; x_wconf 79' lang='grc' dir='ltr'><strong>ΑΡΡΕΝΙ).</strong></span> <span class='ocrx_word' id='word_1_3' title='bbox 1699 360 1786 414; x_wconf 84' lang='lat' dir='ltr'><strong>AD</strong></span> <span class='ocrx_word' id='word_1_4' title='bbox 1824 360 1984 414; x_wconf 73' lang='lat' dir='ltr'><strong>S.-EC.</strong></span> <span class='ocrx_word' id='word_1_5' title='bbox 2027 358 2113 412; x_wconf 77' lang='lat' dir='ltr'><strong>IX.</strong></span> <span class='ocrx_word' id='word_1_6' title='bbox 2146 388 2215 400; x_wconf 89' lang='lat'><strong>—-</strong></span> <span class='ocrx_word' id='word_1_7' title='bbox 2252 356 2494 414; x_wconf 83' lang='lat' dir='ltr'><strong>ISlDORl</strong></span> <span class='ocrx_word' id='word_1_8' title='bbox 2535 358 2962 414; x_wconf 77' lang='lat' dir='ltr'><strong>MERCATURIS</strong></span> 
     </span>
    </p>
   </div>
   <div class='ocr_carea' id='block_1_3' title="bbox 3758 362 3865 410">
    <p class='ocr_par' dir='ltr' id='par_1_3' title="bbox 3758 362 3865 410">
     <span class='ocr_line' id='line_1_3' title="bbox 3758 362 3865 410; baseline -0.009 0"><span class='ocrx_word' id='word_1_9' title='bbox 3758 362 3865 410; x_wconf 77' lang='lat'><strong>320</strong></span> 
     </span>
    </p>
   </div>
   <div class='ocr_carea' id='block_1_4' title="bbox 489 462 3862 551">
    <p class='ocr_par' dir='ltr' id='par_1_4' title="bbox 489 462 3862 551">
     <span class='ocr_line' id='line_1_4' title="bbox 489 462 3862 551; baseline -0.001 -31"><span class='ocrx_word' id='word_1_10' title='bbox 489 465 728 520; x_wconf 85' lang='lat' dir='ltr'><strong>sterium</strong></span> <span class='ocrx_word' id='word_1_11' title='bbox 769 480 903 520; x_wconf 90' lang='lat' dir='ltr'><strong>vero</strong></span> <span class='ocrx_word' id='word_1_12' title='bbox 952 466 1075 537; x_wconf 90' lang='lat' dir='ltr'><strong>ejus</strong></span> <span class='ocrx_word' id='word_1_13' title='bbox 1115 466 1349 521; x_wconf 79' lang='lat' dir='ltr'><strong>civitatis</strong></span> <span class='ocrx_word' id='word_1_14' title='bbox 1394 467 1723 521; x_wconf 66' lang='lat' dir='ltr'><strong>orthodoxae</strong></span> <span class='ocrx_word' id='word_1_15' title='bbox 1762 466 2023 522; x_wconf 78' lang='lat' dir='ltr'><strong>Ecclesiae</strong></span> <span class='ocrx_word' id='word_1_16' title='bbox 2062 465 2120 520; x_wconf 92' lang='lat' dir='ltr'><strong>in</strong></span> <span class='ocrx_word' id='word_1_17' title='bbox 2142 478 2395 551; x_wconf 74' lang='lat' dir='ltr'><strong>Anemo</strong></span> <span class='ocrx_word' id='word_1_18' title='bbox 2424 466 2752 538; x_wconf 90' lang='lat' dir='ltr'><strong>hujusmodi</strong></span> <span class='ocrx_word' id='word_1_19' title='bbox 2797 466 3006 521; x_wconf 87' lang='lat' dir='ltr'><strong>habere</strong></span> <span class='ocrx_word' id='word_1_20' title='bbox 3050 464 3225 520; x_wconf 89' lang='lat' dir='ltr'><strong>libros</strong></span> <span class='ocrx_word' id='word_1_21' title='bbox 3267 464 3489 519; x_wconf 85' lang='lat' dir='ltr'>audeat.</span> <span class='ocrx_word' id='word_1_22' title='bbox 3532 463 3702 527; x_wconf 86' lang='lat' dir='ltr'><strong>Quod</strong></span> <span class='ocrx_word' id='word_1_23' title='bbox 3730 462 3862 517; x_wconf 90' lang='lat' dir='ltr'><strong>siin</strong></span> 
     </span>
    </p>
   </div>
   <div class='ocr_carea' id='block_1_5' title="bbox 490 562 2119 635">
    <p class='ocr_par' dir='ltr' id='par_1_5' title="bbox 490 562 2119 635">
     <span class='ocr_line' id='line_1_5' title="bbox 490 562 2119 635; baseline 0 -19"><span class='ocrx_word' id='word_1_24' title='bbox 490 563 651 633; x_wconf 85' lang='lat' dir='ltr'><strong>cujus</strong></span> <span class='ocrx_word' id='word_1_25' title='bbox 676 562 965 617; x_wconf 87' lang='lat' dir='ltr'><strong>territorio</strong></span> <span class='ocrx_word' id='word_1_26' title='bbox 994 567 1096 631; x_wconf 91' lang='lat' dir='ltr'><strong>est,</strong></span> <span class='ocrx_word' id='word_1_27' title='bbox 1123 564 1391 635; x_wconf 89' lang='lat' dir='ltr'><strong>jubemus</strong></span> <span class='ocrx_word' id='word_1_28' title='bbox 1419 563 1627 619; x_wconf 86' lang='lat' dir='ltr'><strong>addici.</strong></span> <span class='ocrx_word' id='word_1_29' title='bbox 1679 563 1735 620; x_wconf 91' lang='lat' dir='ltr'><strong>Si</strong></span> <span class='ocrx_word' id='word_1_30' title='bbox 1776 581 1907 619; x_wconf 89' lang='lat' dir='ltr'><strong>vero</strong></span> <span class='ocrx_word' id='word_1_31' title='bbox 1954 564 2119 634; x_wconf 90' lang='lat' dir='ltr'><strong>igno-</strong></span> 
     </span>
    </p>
   </div>
   <div class='ocr_carea' id='block_1_6' title="bbox 490 651 2124 723">
    <p class='ocr_par' dir='ltr' id='par_1_6' title="bbox 490 651 2124 723">
     <span class='ocr_line' id='line_1_6' title="bbox 490 651 2124 723; baseline 0.001 -18"><span class='ocrx_word' id='word_1_32' title='bbox 490 656 651 707; x_wconf 88' lang='lat' dir='ltr'><strong>rante</strong></span> <span class='ocrx_word' id='word_1_33' title='bbox 677 651 928 719; x_wconf 91' lang='lat' dir='ltr'><strong>domino,</strong></span> <span class='ocrx_word' id='word_1_34' title='bbox 963 652 1172 707; x_wconf 83' lang='lat' dir='ltr'><strong>sciente</strong></span> <span class='ocrx_word' id='word_1_35' title='bbox 1216 668 1347 706; x_wconf 88' lang='lat' dir='ltr'><strong>vero</strong></span> <span class='ocrx_word' id='word_1_36' title='bbox 1394 652 1493 723; x_wconf 87' lang='lat' dir='ltr'><strong>qui</strong></span> <span class='ocrx_word' id='word_1_37' title='bbox 1540 652 1985 723; x_wconf 89' lang='lat' dir='ltr'><strong>dispensationes</strong></span> <span class='ocrx_word' id='word_1_38' title='bbox 2027 652 2124 707; x_wconf 92' lang='lat' dir='ltr'><strong>do-</strong></span> 
     </span>
    </p>
   </div>
   <div class='ocr_carea' id='block_1_7' title="bbox 489 744 2122 817">
    <p class='ocr_par' dir='ltr' id='par_1_7' title="bbox 489 744 2122 817">
     <span class='ocr_line' id='line_1_7' title="bbox 489 744 2122 817; baseline 0 -18"><span class='ocrx_word' id='word_1_39' title='bbox 489 761 621 800; x_wconf 90' lang='lat' dir='ltr'><strong>mus</strong></span> <span class='ocrx_word' id='word_1_40' title='bbox 665 744 856 816; x_wconf 81' lang='lat' dir='ltr'><strong>exigit,</strong></span> <span class='ocrx_word' id='word_1_41' title='bbox 902 745 991 800; x_wconf 95' lang='lat' dir='ltr'><strong>vel</strong></span> <span class='ocrx_word' id='word_1_42' title='bbox 1040 745 1401 813; x_wconf 85' lang='lat' dir='ltr'><strong>conductore,</strong></span> <span class='ocrx_word' id='word_1_43' title='bbox 1456 747 1545 801; x_wconf 89' lang='lat' dir='ltr'><strong>vel</strong></span> <span class='ocrx_word' id='word_1_44' title='bbox 1596 748 1981 817; x_wconf 81' lang='lat' dir='ltr'><strong>procuratore,</strong></span> <span class='ocrx_word' id='word_1_45' title='bbox 2032 745 2122 800; x_wconf 90' lang='lat' dir='ltr'><strong>vel</strong></span> 
     </span>
    </p>
   </div>
   <div class='ocr_carea' id='block_1_8' title="bbox 492 838 2126 910">
    <p class='ocr_par' dir='ltr' id='par_1_8' title="bbox 492 838 2126 910">
     <span class='ocr_line' id='line_1_8' title="bbox 492 838 2126 910; baseline 0 -17"><span class='ocrx_word' id='word_1_46' title='bbox 492 838 696 910; x_wconf 83' lang='lat' dir='ltr'><strong>praedii</strong></span> <span class='ocrx_word' id='word_1_47' title='bbox 712 838 1053 909; x_wconf 87' lang='lat' dir='ltr'><strong>parasinaxis</strong></span> <span class='ocrx_word' id='word_1_48' title='bbox 1080 839 1468 894; x_wconf 90' lang='lat' dir='ltr'><strong>conventicula</strong></span> <span class='ocrx_word' id='word_1_49' title='bbox 1510 839 1814 895; x_wconf 87' lang='lat' dir='ltr'><strong>interdicta</strong></span> <span class='ocrx_word' id='word_1_50' title='bbox 1852 856 2126 893; x_wconf 90' lang='lat' dir='ltr'><strong>convene-</strong></span> 
     </span>
    </p>
   </div>
   <div class='ocr_carea' id='block_1_9' title="bbox 491 932 2122 1004">
    <p class='ocr_par' dir='ltr' id='par_1_9' title="bbox 491 932 2122 1004">
     <span class='ocr_line' id='line_1_9' title="bbox 491 932 2122 1004; baseline -0.001 -17"><span class='ocrx_word' id='word_1_51' title='bbox 491 932 631 1000; x_wconf 87' lang='lat' dir='ltr'><strong>rint,</strong></span> <span class='ocrx_word' id='word_1_52' title='bbox 660 932 967 987; x_wconf 83' lang='lat' dir='ltr'><strong>conductor</strong></span> <span class='ocrx_word' id='word_1_53' title='bbox 1001 934 1087 987; x_wconf 89' lang='lat' dir='ltr'><strong>vel</strong></span> <span class='ocrx_word' id='word_1_54' title='bbox 1126 936 1458 1003; x_wconf 84' lang='lat' dir='ltr'><strong>procurator</strong></span> <span class='ocrx_word' id='word_1_55' title='bbox 1487 933 1601 988; x_wconf 86' lang='lat' dir='ltr'><strong>sive</strong></span> <span class='ocrx_word' id='word_1_56' title='bbox 1629 937 1845 1001; x_wconf 83' lang='lat' dir='ltr'><strong>auctor,</strong></span> <span class='ocrx_word' id='word_1_57' title='bbox 1875 934 1966 987; x_wconf 87' lang='lat' dir='ltr'><strong>vel</strong></span> <span class='ocrx_word' id='word_1_58' title='bbox 1995 932 2122 1004; x_wconf 91' lang='lat' dir='ltr'><strong>qui-</strong></span> 
     </span>
    </p>
   </div>
   <div class='ocr_carea' id='block_1_10' title="bbox 494 1025 2120 1097">
    <p class='ocr_par' dir='ltr' id='par_1_10' title="bbox 494 1025 2120 1097">
     <span class='ocr_line' id='line_1_10' title="bbox 494 1025 2120 1097; baseline -0.001 -17"><span class='ocrx_word' id='word_1_59' title='bbox 494 1041 715 1096; x_wconf 89' lang='lat' dir='ltr'><strong>cunque</strong></span> <span class='ocrx_word' id='word_1_60' title='bbox 754 1025 813 1078; x_wconf 92' lang='lat' dir='ltr'><strong>in</strong></span> <span class='ocrx_word' id='word_1_61' title='bbox 862 1025 1100 1080; x_wconf 91' lang='lat' dir='ltr'><strong>domum</strong></span> <span class='ocrx_word' id='word_1_62' title='bbox 1143 1026 1233 1081; x_wconf 92' lang='lat' dir='ltr'><strong>vel</strong></span> <span class='ocrx_word' id='word_1_63' title='bbox 1271 1026 1688 1097; x_wconf 88' lang='lat' dir='ltr'><strong>possessionem</strong></span> <span class='ocrx_word' id='word_1_64' title='bbox 1715 1027 1802 1081; x_wconf 88' lang='lat' dir='ltr'><strong>vel</strong></span> <span class='ocrx_word' id='word_1_65' title='bbox 1831 1031 2120 1081; x_wconf 88' lang='lat' dir='ltr'><strong>monaste-</strong></span> 
     </span>
    </p>
   </div>
   <div class='ocr_carea' id='block_1_11' title="bbox 493 1118 2120 1191">
    <p class='ocr_par' dir='ltr' id='par_1_11' title="bbox 493 1118 2120 1191">
     <span class='ocr_line' id='line_1_11' title="bbox 493 1118 2120 1191; baseline -0.001 -18"><span class='ocrx_word' id='word_1_66' title='bbox 493 1120 644 1173; x_wconf 91' lang='lat' dir='ltr'><strong>rium</strong></span> <span class='ocrx_word' id='word_1_67' title='bbox 657 1118 992 1189; x_wconf 86' lang='lat' dir='ltr'><strong>receperint,</strong></span> <span class='ocrx_word' id='word_1_68' title='bbox 1006 1120 1093 1174; x_wconf 88' lang='lat' dir='ltr'><strong>vel</strong></span> <span class='ocrx_word' id='word_1_69' title='bbox 1107 1119 1257 1191; x_wconf 86' lang='lat' dir='ltr'><strong>passi</strong></span> <span class='ocrx_word' id='word_1_70' title='bbox 1268 1119 1481 1174; x_wconf 87' lang='lat' dir='ltr'><strong>fuerint</strong></span> <span class='ocrx_word' id='word_1_71' title='bbox 1492 1120 1713 1175; x_wconf 89' lang='lat' dir='ltr'><strong>illicitas</strong></span> <span class='ocrx_word' id='word_1_72' title='bbox 1726 1136 2120 1191; x_wconf 86' lang='lat' dir='ltr'><strong>parasynaxes,</strong></span> 
     </span>
    </p>
   </div>
   <div class='ocr_carea' id='block_1_12' title="bbox 492 1212 2124 1284">
    <p class='ocr_par' dir='ltr' id='par_1_12' title="bbox 492 1212 2124 1284">
     <span class='ocr_line' id='line_1_12' title="bbox 492 1212 2124 1284; baseline -0.001 -18"><span class='ocrx_word' id='word_1_73' title='bbox 492 1216 910 1284; x_wconf 87' lang='lat' dir='ltr'><strong>conventusque</strong></span> <span class='ocrx_word' id='word_1_74' title='bbox 928 1213 1220 1281; x_wconf 88' lang='lat' dir='ltr'><strong>celebrari,</strong></span> <span class='ocrx_word' id='word_1_75' title='bbox 1238 1212 1284 1266; x_wconf 88' lang='lat' dir='ltr'><strong>si</strong></span> <span class='ocrx_word' id='word_1_76' title='bbox 1303 1212 1429 1267; x_wconf 87' lang='lat' dir='ltr'><strong>vilis</strong></span> <span class='ocrx_word' id='word_1_77' title='bbox 1446 1215 1504 1266; x_wconf 91' lang='lat' dir='ltr'><strong>et</strong></span> <span class='ocrx_word' id='word_1_78' title='bbox 1523 1213 1758 1284; x_wconf 74' lang='lat' dir='ltr'><strong>abjectae</strong></span> <span class='ocrx_word' id='word_1_79' title='bbox 1778 1212 2124 1268; x_wconf 88' lang='lat' dir='ltr'><strong>conditionis</strong></span> 
     </span>
    </p>
   </div>
   <div class='ocr_carea' id='block_1_13' title="bbox 491 1305 2123 1377">
    <p class='ocr_par' dir='ltr' id='par_1_13' title="bbox 491 1305 2123 1377">
     <span class='ocr_line' id='line_1_13' title="bbox 491 1305 2123 1377; baseline 0 -18"><span class='ocrx_word' id='word_1_80' title='bbox 491 1305 604 1360; x_wconf 91' lang='lat' dir='ltr'><strong>sint</strong></span> <span class='ocrx_word' id='word_1_81' title='bbox 627 1306 868 1360; x_wconf 90' lang='lat' dir='ltr'><strong>fustibus</strong></span> <span class='ocrx_word' id='word_1_82' title='bbox 887 1305 1109 1377; x_wconf 90' lang='lat' dir='ltr'><strong>publice</strong></span> <span class='ocrx_word' id='word_1_83' title='bbox 1130 1311 1187 1360; x_wconf 89' lang='lat' dir='ltr'><strong>et</strong></span> <span class='ocrx_word' id='word_1_84' title='bbox 1204 1305 1266 1359; x_wconf 90' lang='lat' dir='ltr'><strong>in</strong></span> <span class='ocrx_word' id='word_1_85' title='bbox 1282 1322 1507 1377; x_wconf 84' lang='lat' dir='ltr'><strong>poenam</strong></span> <span class='ocrx_word' id='word_1_86' title='bbox 1525 1322 1690 1361; x_wconf 91' lang='lat' dir='ltr'><strong>suam</strong></span> <span class='ocrx_word' id='word_1_87' title='bbox 1716 1309 1773 1362; x_wconf 92' lang='lat' dir='ltr'><strong>et</strong></span> <span class='ocrx_word' id='word_1_88' title='bbox 1794 1305 1855 1360; x_wconf 92' lang='lat' dir='ltr'><strong>in</strong></span> <span class='ocrx_word' id='word_1_89' title='bbox 1881 1305 2123 1360; x_wconf 91' lang='lat' dir='ltr'><strong>aliorum</strong></span> 
     </span>
    </p>
   </div>
   <div class='ocr_carea' id='block_1_14' title="bbox 493 1398 2127 1470">
    <p class='ocr_par' dir='ltr' id='par_1_14' title="bbox 493 1398 2127 1470">
     <span class='ocr_line' id='line_1_14' title="bbox 493 1398 2127 1470; baseline -0.001 -16"><span class='ocrx_word' id='word_1_90' title='bbox 493 1403 864 1454; x_wconf 84' lang='lat' dir='ltr'><strong>exerceantur</strong></span> <span class='ocrx_word' id='word_1_91' title='bbox 907 1399 1255 1469; x_wconf 88' lang='lat' dir='ltr'><strong>exemplum.</strong></span> <span class='ocrx_word' id='word_1_92' title='bbox 1306 1398 1362 1454; x_wconf 90' lang='lat' dir='ltr'><strong>Si</strong></span> <span class='ocrx_word' id='word_1_93' title='bbox 1401 1400 1656 1454; x_wconf 84' lang='lat' dir='ltr'><strong>honestae</strong></span> <span class='ocrx_word' id='word_1_94' title='bbox 1695 1415 1830 1453; x_wconf 92' lang='lat' dir='ltr'><strong>vero</strong></span> <span class='ocrx_word' id='word_1_95' title='bbox 1872 1415 2127 1470; x_wconf 67' lang='lat' dir='ltr'><strong>persona:</strong></span> 
     </span>
    </p>
   </div>
   <div class='ocr_carea' id='block_1_15' title="bbox 494 1490 2123 1563">
    <p class='ocr_par' dir='ltr' id='par_1_15' title="bbox 494 1490 2123 1563">
     <span class='ocr_line' id='line_1_15' title="bbox 494 1490 2123 1563; baseline -0.001 -17"><span class='ocrx_word' id='word_1_96' title='bbox 494 1495 647 1559; x_wconf 90' lang='lat' dir='ltr'><strong>sunt,</strong></span> <span class='ocrx_word' id='word_1_97' title='bbox 680 1492 876 1546; x_wconf 90' lang='lat' dir='ltr'><strong>decem</strong></span> <span class='ocrx_word' id='word_1_98' title='bbox 916 1490 1089 1545; x_wconf 91' lang='lat' dir='ltr'><strong>libras</strong></span> <span class='ocrx_word' id='word_1_99' title='bbox 1133 1490 1258 1545; x_wconf 85' lang='lat' dir='ltr'><strong>auri</strong></span> <span class='ocrx_word' id='word_1_100' title='bbox 1296 1492 1430 1546; x_wconf 92' lang='lat' dir='ltr'><strong>ﬁsco</strong></span> <span class='ocrx_word' id='word_1_101' title='bbox 1475 1496 1670 1547; x_wconf 87' lang='lat' dir='ltr'><strong>nostro</strong></span> <span class='ocrx_word' id='word_1_102' title='bbox 1713 1496 1990 1563; x_wconf 81' lang='lat' dir='ltr'><strong>cogantur</strong></span> <span class='ocrx_word' id='word_1_103' title='bbox 2032 1491 2123 1545; x_wconf 91' lang='lat' dir='ltr'><strong>in-</strong></span> 
     </span>
    </p>
   </div>
   <div class='ocr_carea' id='block_1_16' title="bbox 492 1589 2126 1661">
    <p class='ocr_par' dir='ltr' id='par_1_16' title="bbox 492 1589 2126 1661">
     <span class='ocr_line' id='line_1_16' title="bbox 492 1589 2126 1661; baseline -0.001 -16"><span class='ocrx_word' id='word_1_104' title='bbox 492 1591 664 1645; x_wconf 90' lang='lat' dir='ltr'><strong>ferre.</strong></span> <span class='ocrx_word' id='word_1_105' title='bbox 695 1591 922 1644; x_wconf 89' lang='lat' dir='ltr'><strong>Nullum</strong></span> <span class='ocrx_word' id='word_1_106' title='bbox 951 1594 1232 1660; x_wconf 63' lang='lat' dir='ltr'><strong>praeterea</strong></span> <span class='ocrx_word' id='word_1_107' title='bbox 1257 1590 1716 1661; x_wconf 88' lang='lat' dir='ltr'><strong>Apollinaristam</strong></span> <span class='ocrx_word' id='word_1_108' title='bbox 1736 1590 1825 1643; x_wconf 92' lang='lat' dir='ltr'><strong>vel</strong></span> <span class='ocrx_word' id='word_1_109' title='bbox 1847 1589 2126 1644; x_wconf 85' lang='lat' dir='ltr'><strong>Eutichia-</strong></span> 
     </span>
    </p>
   </div>
   <div class='ocr_carea' id='block_1_17' title="bbox 496 1682 2126 1755">
    <p class='ocr_par' dir='ltr' id='par_1_17' title="bbox 496 1682 2126 1755">
     <span class='ocr_line' id='line_1_17' title="bbox 496 1682 2126 1755; baseline 0 -18"><span class='ocrx_word' id='word_1_110' title='bbox 496 1683 556 1737; x_wconf 90' lang='lat' dir='ltr'><strong>ni</strong></span> <span class='ocrx_word' id='word_1_111' title='bbox 586 1688 706 1737; x_wconf 86' lang='lat' dir='ltr'><strong>tam</strong></span> <span class='ocrx_word' id='word_1_112' title='bbox 736 1684 808 1737; x_wconf 88' lang='lat' dir='ltr'><strong>ad</strong></span> <span class='ocrx_word' id='word_1_113' title='bbox 838 1682 1085 1754; x_wconf 86' lang='lat' dir='ltr'><strong>aliquam</strong></span> <span class='ocrx_word' id='word_1_114' title='bbox 1108 1683 1384 1753; x_wconf 90' lang='lat' dir='ltr'><strong>jubemus</strong></span> <span class='ocrx_word' id='word_1_115' title='bbox 1411 1683 1659 1755; x_wconf 87' lang='lat' dir='ltr'><strong>aspirare</strong></span> <span class='ocrx_word' id='word_1_116' title='bbox 1695 1682 1975 1751; x_wconf 87' lang='lat' dir='ltr'><strong>militiam,</strong></span> <span class='ocrx_word' id='word_1_117' title='bbox 2014 1682 2126 1737; x_wconf 90' lang='lat' dir='ltr'><strong>nisi</strong></span> 
     </span>
    </p>
   </div>
   <div class='ocr_carea' id='block_1_18' title="bbox 495 1775 2128 1848">
    <p class='ocr_par' dir='ltr' id='par_1_18' title="bbox 495 1775 2128 1848">
     <span class='ocr_line' id='line_1_18' title="bbox 495 1775 2128 1848; baseline -0.001 -17"><span class='ocrx_word' id='word_1_118' title='bbox 495 1778 566 1831; x_wconf 90' lang='lat' dir='ltr'><strong>ad</strong></span> <span class='ocrx_word' id='word_1_119' title='bbox 592 1776 939 1831; x_wconf 85' lang='lat' dir='ltr'><strong>cohortalem</strong></span> <span class='ocrx_word' id='word_1_120' title='bbox 971 1777 1057 1830; x_wconf 90' lang='lat' dir='ltr'><strong>vel</strong></span> <span class='ocrx_word' id='word_1_121' title='bbox 1098 1775 1480 1846; x_wconf 85' lang='lat' dir='ltr'><strong>limitaneam;</strong></span> <span class='ocrx_word' id='word_1_122' title='bbox 1532 1776 1578 1830; x_wconf 91' lang='lat' dir='ltr'><strong>si</strong></span> <span class='ocrx_word' id='word_1_123' title='bbox 1620 1776 1718 1848; x_wconf 91' lang='lat' dir='ltr'><strong>qui</strong></span> <span class='ocrx_word' id='word_1_124' title='bbox 1759 1792 1891 1831; x_wconf 89' lang='lat' dir='ltr'><strong>vero</strong></span> <span class='ocrx_word' id='word_1_125' title='bbox 1934 1780 2128 1831; x_wconf 87' lang='lat' dir='ltr'><strong>contra</strong></span> 
     </span>
    </p>
   </div>
   <div class='ocr_carea' id='block_1_19' title="bbox 2222 558 3862 630">
    <p class='ocr_par' dir='ltr' id='par_1_19' title="bbox 2222 558 3862 630">
     <span class='ocr_line' id='line_1_19' title="bbox 2222 558 3862 630; baseline -0.002 -15"><span class='ocrx_word' id='word_1_126' title='bbox 2222 560 2310 615; x_wconf 90' lang='lat' dir='ltr'><strong>his</strong></span> <span class='ocrx_word' id='word_1_127' title='bbox 2353 560 2689 615; x_wconf 90' lang='lat' dir='ltr'><strong>criminibus</strong></span> <span class='ocrx_word' id='word_1_128' title='bbox 2730 559 2944 616; x_wconf 89' lang='lat' dir='ltr'><strong>fuerint</strong></span> <span class='ocrx_word' id='word_1_129' title='bbox 2985 558 3218 627; x_wconf 90' lang='lat' dir='ltr'><strong>inventi,</strong></span> <span class='ocrx_word' id='word_1_130' title='bbox 3264 561 3542 630; x_wconf 88' lang='lat' dir='ltr'><strong>perpetua</strong></span> <span class='ocrx_word' id='word_1_131' title='bbox 3593 558 3862 627; x_wconf 80' lang='lat' dir='ltr'><strong>deporta-</strong></span> 
     </span>
    </p>
   </div>
   <div class='ocr_carea' id='block_1_20' title="bbox 2221 650 3861 724">
    <p class='ocr_par' dir='ltr' id='par_1_20' title="bbox 2221 650 3861 724">
     <span class='ocr_line' id='line_1_20' title="bbox 2221 650 3861 724; baseline -0.002 -16"><span class='ocrx_word' id='word_1_132' title='bbox 2221 654 2378 710; x_wconf 90' lang='lat' dir='ltr'><strong>tione</strong></span> <span class='ocrx_word' id='word_1_133' title='bbox 2405 654 2775 721; x_wconf 90' lang='lat' dir='ltr'><strong>damnentur;</strong></span> <span class='ocrx_word' id='word_1_134' title='bbox 2798 653 2858 707; x_wconf 89' lang='lat' dir='ltr'><strong>hi</strong></span> <span class='ocrx_word' id='word_1_135' title='bbox 2884 669 3018 708; x_wconf 89' lang='lat' dir='ltr'><strong>vero</strong></span> <span class='ocrx_word' id='word_1_136' title='bbox 3047 653 3147 724; x_wconf 90' lang='lat' dir='ltr'><strong>qui</strong></span> <span class='ocrx_word' id='word_1_137' title='bbox 3172 651 3422 707; x_wconf 90' lang='lat' dir='ltr'><strong>discendi</strong></span> <span class='ocrx_word' id='word_1_138' title='bbox 3445 650 3631 706; x_wconf 89' lang='lat' dir='ltr'><strong>studio</strong></span> <span class='ocrx_word' id='word_1_139' title='bbox 3659 650 3861 705; x_wconf 89' lang='lat' dir='ltr'><strong>audie-</strong></span> 
     </span>
    </p>
   </div>
   <div class='ocr_carea' id='block_1_21' title="bbox 2225 744 3863 817">
    <p class='ocr_par' dir='ltr' id='par_1_21' title="bbox 2225 744 3863 817">
     <span class='ocr_line' id='line_1_21' title="bbox 2225 744 3863 817; baseline -0.002 -15"><span class='ocrx_word' id='word_1_140' title='bbox 2225 746 2344 802; x_wconf 89' lang='lat' dir='ltr'><strong>rint</strong></span> <span class='ocrx_word' id='word_1_141' title='bbox 2370 747 2439 802; x_wconf 90' lang='lat' dir='ltr'><strong>de</strong></span> <span class='ocrx_word' id='word_1_142' title='bbox 2464 745 2709 801; x_wconf 89' lang='lat' dir='ltr'><strong>infausta</strong></span> <span class='ocrx_word' id='word_1_143' title='bbox 2730 746 2933 801; x_wconf 68' lang='lat' dir='ltr'><strong>hazresi</strong></span> <span class='ocrx_word' id='word_1_144' title='bbox 2957 746 3333 817; x_wconf 88' lang='lat' dir='ltr'><strong>disputantes,</strong></span> <span class='ocrx_word' id='word_1_145' title='bbox 3361 745 3555 801; x_wconf 90' lang='lat' dir='ltr'><strong>decem</strong></span> <span class='ocrx_word' id='word_1_146' title='bbox 3581 744 3863 798; x_wconf 90' lang='lat' dir='ltr'><strong>librarum</strong></span> 
     </span>
    </p>
   </div>
   <div class='ocr_carea' id='block_1_22' title="bbox 2225 837 3868 913">
    <p class='ocr_par' dir='ltr' id='par_1_22' title="bbox 2225 837 3868 913">
     <span class='ocr_line' id='line_1_22' title="bbox 2225 837 3868 913; baseline -0.003 -18"><span class='ocrx_word' id='word_1_147' title='bbox 2225 840 2349 895; x_wconf 88' lang='lat' dir='ltr'><strong>auri</strong></span> <span class='ocrx_word' id='word_1_148' title='bbox 2375 857 2504 913; x_wconf 85' lang='lat' dir='ltr'><strong>quae</strong></span> <span class='ocrx_word' id='word_1_149' title='bbox 2530 840 2667 895; x_wconf 89' lang='lat' dir='ltr'><strong>ﬁsco</strong></span> <span class='ocrx_word' id='word_1_150' title='bbox 2688 843 2881 895; x_wconf 90' lang='lat' dir='ltr'><strong>nostro</strong></span> <span class='ocrx_word' id='word_1_151' title='bbox 2901 839 3361 911; x_wconf 88' lang='lat' dir='ltr'><strong>applicabuntur,</strong></span> <span class='ocrx_word' id='word_1_152' title='bbox 3376 837 3619 893; x_wconf 85' lang='lat' dir='ltr'><strong>subeant</strong></span> <span class='ocrx_word' id='word_1_153' title='bbox 3639 837 3868 908; x_wconf 89' lang='lat' dir='ltr'><strong>dispen-</strong></span> 
     </span>
    </p>
   </div>
   <div class='ocr_carea' id='block_1_23' title="bbox 2224 931 3859 1003">
    <p class='ocr_par' dir='ltr' id='par_1_23' title="bbox 2224 931 3859 1003">
     <span class='ocr_line' id='line_1_23' title="bbox 2224 931 3859 1003; baseline -0.002 -15"><span class='ocrx_word' id='word_1_154' title='bbox 2224 934 2406 989; x_wconf 91' lang='lat' dir='ltr'><strong>dium.</strong></span> <span class='ocrx_word' id='word_1_155' title='bbox 2454 933 2663 989; x_wconf 87' lang='lat' dir='ltr'><strong>Omnes</strong></span> <span class='ocrx_word' id='word_1_156' title='bbox 2711 950 2843 990; x_wconf 88' lang='lat' dir='ltr'><strong>vero</strong></span> <span class='ocrx_word' id='word_1_157' title='bbox 2884 933 3096 988; x_wconf 75' lang='lat' dir='ltr'><strong>chartae</strong></span> <span class='ocrx_word' id='word_1_158' title='bbox 3136 950 3201 987; x_wconf 88' lang='lat' dir='ltr'><strong>ac</strong></span> <span class='ocrx_word' id='word_1_159' title='bbox 3242 932 3371 987; x_wconf 89' lang='lat' dir='ltr'><strong>libri</strong></span> <span class='ocrx_word' id='word_1_160' title='bbox 3417 931 3517 1003; x_wconf 91' lang='lat' dir='ltr'><strong>qui</strong></span> <span class='ocrx_word' id='word_1_161' title='bbox 3568 931 3859 986; x_wconf 91' lang='lat' dir='ltr'><strong>funestum</strong></span> 
     </span>
    </p>
   </div>
   <div class='ocr_carea' id='block_1_24' title="bbox 2223 1026 3858 1098">
    <p class='ocr_par' dir='ltr' id='par_1_24' title="bbox 2223 1026 3858 1098">
     <span class='ocr_line' id='line_1_24' title="bbox 2223 1026 3858 1098; baseline -0.001 -17"><span class='ocrx_word' id='word_1_162' title='bbox 2223 1027 2538 1082; x_wconf 83' lang='lat' dir='ltr'><strong>Eutichetis</strong></span> <span class='ocrx_word' id='word_1_163' title='bbox 2560 1026 2771 1097; x_wconf 83' lang='lat' dir='ltr'><strong>dogma</strong></span> <span class='ocrx_word' id='word_1_164' title='bbox 2809 1027 3022 1083; x_wconf 90' lang='lat' dir='ltr'><strong>fuerint</strong></span> <span class='ocrx_word' id='word_1_165' title='bbox 3052 1026 3360 1098; x_wconf 86' lang='lat' dir='ltr'><strong>complexi,</strong></span> <span class='ocrx_word' id='word_1_166' title='bbox 3393 1029 3858 1080; x_wconf 90' lang='lat' dir='ltr'><strong>concrementur.</strong></span> 
     </span>
    </p>
   </div>
   <div class='ocr_carea' id='block_1_25' title="bbox 2224 1119 3861 1190">
    <p class='ocr_par' dir='ltr' id='par_1_25' title="bbox 2224 1119 3861 1190">
     <span class='ocr_line' id='line_1_25' title="bbox 2224 1119 3861 1190; baseline -0.002 -15"><span class='ocrx_word' id='word_1_167' title='bbox 2224 1122 2434 1175; x_wconf 90' lang='lat' dir='ltr'><strong>Parens</strong></span> <span class='ocrx_word' id='word_1_168' title='bbox 2465 1120 2812 1188; x_wconf 89' lang='lat' dir='ltr'><strong>charissime,</strong></span> <span class='ocrx_word' id='word_1_169' title='bbox 2841 1123 2935 1174; x_wconf 92' lang='lat' dir='ltr'><strong>tua</strong></span> <span class='ocrx_word' id='word_1_170' title='bbox 2954 1120 3184 1175; x_wconf 89' lang='lat' dir='ltr'><strong>illustris</strong></span> <span class='ocrx_word' id='word_1_171' title='bbox 3209 1119 3386 1190; x_wconf 82' lang='lat' dir='ltr'><strong>igitur</strong></span> <span class='ocrx_word' id='word_1_172' title='bbox 3404 1119 3708 1173; x_wconf 88' lang='lat' dir='ltr'><strong>auctoritas</strong></span> <span class='ocrx_word' id='word_1_173' title='bbox 3729 1134 3861 1189; x_wconf 65' lang='lat' dir='ltr'><strong>quae</strong></span> 
     </span>
    </p>
   </div>
   <div class='ocr_carea' id='block_1_26' title="bbox 2224 1212 3861 1269">
    <p class='ocr_par' dir='ltr' id='par_1_26' title="bbox 2224 1212 3861 1269">
     <span class='ocr_line' id='line_1_26' title="bbox 2224 1212 3861 1269; baseline -0.002 -1"><span class='ocrx_word' id='word_1_174' title='bbox 2224 1213 2332 1268; x_wconf 90' lang='lat' dir='ltr'><strong>hac</strong></span> <span class='ocrx_word' id='word_1_175' title='bbox 2342 1214 2718 1269; x_wconf 84' lang='lat' dir='ltr'><strong>sacratissima</strong></span> <span class='ocrx_word' id='word_1_176' title='bbox 2729 1213 3131 1268; x_wconf 90' lang='lat' dir='ltr'><strong>constitutione</strong></span> <span class='ocrx_word' id='word_1_177' title='bbox 3146 1213 3501 1268; x_wconf 90' lang='lat' dir='ltr'><strong>decrevimus</strong></span> <span class='ocrx_word' id='word_1_178' title='bbox 3513 1212 3572 1267; x_wconf 92' lang='lat' dir='ltr'><strong>in</strong></span> <span class='ocrx_word' id='word_1_179' title='bbox 3587 1212 3697 1267; x_wconf 89' lang='lat' dir='ltr'><strong>hac</strong></span> <span class='ocrx_word' id='word_1_180' title='bbox 3709 1212 3861 1266; x_wconf 87' lang='lat' dir='ltr'><strong>alma</strong></span> 
     </span>
    </p>
   </div>
   <div class='ocr_carea' id='block_1_27' title="bbox 2225 1306 3861 1379">
    <p class='ocr_par' dir='ltr' id='par_1_27' title="bbox 2225 1306 3861 1379">
     <span class='ocr_line' id='line_1_27' title="bbox 2225 1306 3861 1379; baseline -0.001 -18"><span class='ocrx_word' id='word_1_181' title='bbox 2225 1307 2387 1375; x_wconf 89' lang='lat' dir='ltr'><strong>urbe,</strong></span> <span class='ocrx_word' id='word_1_182' title='bbox 2417 1307 2762 1379; x_wconf 87' lang='lat' dir='ltr'><strong>diversisque</strong></span> <span class='ocrx_word' id='word_1_183' title='bbox 2797 1306 3104 1379; x_wconf 90' lang='lat' dir='ltr'><strong>provinciis</strong></span> <span class='ocrx_word' id='word_1_184' title='bbox 3132 1324 3195 1361; x_wconf 90' lang='lat' dir='ltr'><strong>ac</strong></span> <span class='ocrx_word' id='word_1_185' title='bbox 3218 1307 3503 1378; x_wconf 66' lang='lat' dir='ltr'><strong>praecipue</strong></span> <span class='ocrx_word' id='word_1_186' title='bbox 3532 1306 3592 1360; x_wconf 90' lang='lat' dir='ltr'><strong>in</strong></span> <span class='ocrx_word' id='word_1_187' title='bbox 3619 1306 3861 1361; x_wconf 86' lang='lat' dir='ltr'><strong>Alexan-</strong></span> 
     </span>
    </p>
   </div>
   <div class='ocr_carea' id='block_1_28' title="bbox 2224 1399 3865 1472">
    <p class='ocr_par' dir='ltr' id='par_1_28' title="bbox 2224 1399 3865 1472">
     <span class='ocr_line' id='line_1_28' title="bbox 2224 1399 3865 1472; baseline -0.001 -17"><span class='ocrx_word' id='word_1_188' title='bbox 2224 1400 2392 1456; x_wconf 89' lang='lat' dir='ltr'><strong>drina</strong></span> <span class='ocrx_word' id='word_1_189' title='bbox 2418 1400 2638 1455; x_wconf 87' lang='lat' dir='ltr'><strong>civitate</strong></span> <span class='ocrx_word' id='word_1_190' title='bbox 2663 1405 2719 1455; x_wconf 91' lang='lat' dir='ltr'><strong>et</strong></span> <span class='ocrx_word' id='word_1_191' title='bbox 2747 1416 2851 1472; x_wconf 88' lang='lat' dir='ltr'><strong>per</strong></span> <span class='ocrx_word' id='word_1_192' title='bbox 2874 1400 3197 1455; x_wconf 88' lang='lat' dir='ltr'><strong>universam</strong></span> <span class='ocrx_word' id='word_1_193' title='bbox 3240 1400 3630 1472; x_wconf 69' lang='lat' dir='ltr'><strong>Egyptiacam</strong></span> <span class='ocrx_word' id='word_1_194' title='bbox 3658 1399 3865 1455; x_wconf 88' lang='lat' dir='ltr'><strong>dioece-</strong></span> 
     </span>
    </p>
   </div>
   <div class='ocr_carea' id='block_1_29' title="bbox 2224 1493 3862 1565">
    <p class='ocr_par' dir='ltr' id='par_1_29' title="bbox 2224 1493 3862 1565">
     <span class='ocr_line' id='line_1_29' title="bbox 2224 1493 3862 1565; baseline 0.001 -17"><span class='ocrx_word' id='word_1_195' title='bbox 2224 1493 2333 1549; x_wconf 91' lang='lat' dir='ltr'><strong>sim</strong></span> <span class='ocrx_word' id='word_1_196' title='bbox 2363 1494 2562 1549; x_wconf 91' lang='lat' dir='ltr'><strong>edictis</strong></span> <span class='ocrx_word' id='word_1_197' title='bbox 2590 1510 2659 1549; x_wconf 90' lang='lat' dir='ltr'><strong>ex</strong></span> <span class='ocrx_word' id='word_1_198' title='bbox 2685 1510 2843 1549; x_wconf 90' lang='lat' dir='ltr'><strong>more</strong></span> <span class='ocrx_word' id='word_1_199' title='bbox 2867 1493 3189 1565; x_wconf 90' lang='lat' dir='ltr'><strong>propositis,</strong></span> <span class='ocrx_word' id='word_1_200' title='bbox 3218 1494 3287 1549; x_wconf 91' lang='lat' dir='ltr'><strong>ad</strong></span> <span class='ocrx_word' id='word_1_201' title='bbox 3311 1494 3569 1549; x_wconf 92' lang='lat' dir='ltr'><strong>omnium</strong></span> <span class='ocrx_word' id='word_1_202' title='bbox 3597 1494 3862 1550; x_wconf 86' lang='lat' dir='ltr'><strong>notitiam</strong></span> 
     </span>
    </p>
   </div>
   <div class='ocr_carea' id='block_1_30' title="bbox 2223 1582 3865 1659">
    <p class='ocr_par' dir='ltr' id='par_1_30' title="bbox 2223 1582 3865 1659">
     <span class='ocr_line' id='line_1_30' title="bbox 2223 1582 3865 1659; baseline -0.001 -17"><span class='ocrx_word' id='word_1_203' title='bbox 2223 1587 2391 1643; x_wconf 89' lang='lat' dir='ltr'><strong>faciat</strong></span> <span class='ocrx_word' id='word_1_204' title='bbox 2425 1588 2744 1659; x_wconf 86' lang='lat' dir='ltr'><strong>pervenire,</strong></span> <span class='ocrx_word' id='word_1_205' title='bbox 2783 1592 2849 1642; x_wconf 93' lang='lat' dir='ltr'><strong>ut</strong></span> <span class='ocrx_word' id='word_1_206' title='bbox 2886 1582 3090 1643; x_wconf 80' lang='lat' dir='ltr'><strong>cuncta</strong></span> <span class='ocrx_word' id='word_1_207' title='bbox 3128 1604 3257 1659; x_wconf 64' lang='lat' dir='ltr'><strong>quae</strong></span> <span class='ocrx_word' id='word_1_208' title='bbox 3301 1587 3620 1659; x_wconf 89' lang='lat' dir='ltr'><strong>statuimus,</strong></span> <span class='ocrx_word' id='word_1_209' title='bbox 3663 1589 3724 1643; x_wconf 92' lang='lat' dir='ltr'><strong>in</strong></span> <span class='ocrx_word' id='word_1_210' title='bbox 3766 1606 3865 1644; x_wconf 88' lang='lat' dir='ltr'><strong>eos</strong></span> 
     </span>
    </p>
   </div>
   <div class='ocr_carea' id='block_1_31' title="bbox 2227 1681 3864 1753">
    <p class='ocr_par' dir='ltr' id='par_1_31' title="bbox 2227 1681 3864 1753">
     <span class='ocr_line' id='line_1_31' title="bbox 2227 1681 3864 1753; baseline 0.001 -18"><span class='ocrx_word' id='word_1_211' title='bbox 2227 1681 2327 1752; x_wconf 92' lang='lat' dir='ltr'><strong>qui</strong></span> <span class='ocrx_word' id='word_1_212' title='bbox 2351 1681 2436 1735; x_wconf 91' lang='lat' dir='ltr'><strong>rei</strong></span> <span class='ocrx_word' id='word_1_213' title='bbox 2458 1682 2672 1736; x_wconf 85' lang='lat' dir='ltr'><strong>fuerint</strong></span> <span class='ocrx_word' id='word_1_214' title='bbox 2703 1681 3065 1752; x_wconf 88' lang='lat' dir='ltr'><strong>deprehensi,</strong></span> <span class='ocrx_word' id='word_1_215' title='bbox 3096 1681 3359 1737; x_wconf 88' lang='lat' dir='ltr'><strong>severitas</strong></span> <span class='ocrx_word' id='word_1_216' title='bbox 3386 1683 3649 1753; x_wconf 89' lang='lat' dir='ltr'><strong>protinus</strong></span> <span class='ocrx_word' id='word_1_217' title='bbox 3696 1699 3864 1738; x_wconf 85' lang='lat' dir='ltr'><strong>exer-</strong></span> 
     </span>
    </p>
   </div>
   <div class='ocr_carea' id='block_1_32' title="bbox 2226 1773 3867 1845">
    <p class='ocr_par' dir='ltr' id='par_1_32' title="bbox 2226 1773 3867 1845">
     <span class='ocr_line' id='line_1_32' title="bbox 2226 1773 3867 1845; baseline 0.002 -18"><span class='ocrx_word' id='word_1_218' title='bbox 2226 1778 2441 1842; x_wconf 85' lang='lat' dir='ltr'><strong>ceatur,</strong></span> <span class='ocrx_word' id='word_1_219' title='bbox 2490 1774 2798 1829; x_wconf 88' lang='lat' dir='ltr'><strong>scientibus</strong></span> <span class='ocrx_word' id='word_1_220' title='bbox 2840 1773 3296 1829; x_wconf 86' lang='lat' dir='ltr'><strong>moderatoribus</strong></span> <span class='ocrx_word' id='word_1_221' title='bbox 3323 1775 3750 1845; x_wconf 89' lang='lat' dir='ltr'><strong>provinciarum</strong></span> <span class='ocrx_word' id='word_1_222' title='bbox 3774 1792 3867 1830; x_wconf 89' lang='lat' dir='ltr'><strong>eo-</strong></span> 
     </span>
    </p>
   </div>
   <div class='ocr_carea' id='block_1_33' title="bbox 494 1856 3869 1940">
    <p class='ocr_par' dir='ltr' id='par_1_33' title="bbox 494 1856 3869 1940">
     <span class='ocr_line' id='line_1_33' title="bbox 494 1856 3869 1940; baseline -0.001 -15"><span class='ocrx_word' id='word_1_223' title='bbox 494 1870 754 1937; x_wconf 91' lang='lat' dir='ltr'><strong>fecerint,</strong></span> <span class='ocrx_word' id='word_1_224' title='bbox 786 1869 968 1923; x_wconf 90' lang='lat' dir='ltr'><strong>soluto</strong></span> <span class='ocrx_word' id='word_1_225' title='bbox 1021 1868 1247 1940; x_wconf 91' lang='lat' dir='ltr'><strong>cingulo</strong></span> <span class='ocrx_word' id='word_1_226' title='bbox 1307 1869 1681 1925; x_wconf 88' lang='lat' dir='ltr'><strong>honestorum</strong></span> <span class='ocrx_word' id='word_1_227' title='bbox 1727 1868 2030 1923; x_wconf 90' lang='lat' dir='ltr'><strong>hominum</strong></span> <span class='ocrx_word' id='word_1_228' title='bbox 2073 1856 2204 1928; x_wconf 88' lang='lat' dir='ltr'><strong>etB</strong></span> <span class='ocrx_word' id='word_1_229' title='bbox 2227 1883 2472 1938; x_wconf 90' lang='lat' dir='ltr'><strong>rumque</strong></span> <span class='ocrx_word' id='word_1_230' title='bbox 2501 1866 2919 1939; x_wconf 88' lang='lat' dir='ltr'><strong>apparitoribus</strong></span> <span class='ocrx_word' id='word_1_231' title='bbox 2944 1866 3043 1939; x_wconf 91' lang='lat' dir='ltr'><strong>qui</strong></span> <span class='ocrx_word' id='word_1_232' title='bbox 3068 1867 3213 1938; x_wconf 86' lang='lat' dir='ltr'><strong>legis</strong></span> <span class='ocrx_word' id='word_1_233' title='bbox 3233 1868 3405 1939; x_wconf 84' lang='lat' dir='ltr'><strong>hujus</strong></span> <span class='ocrx_word' id='word_1_234' title='bbox 3435 1884 3611 1940; x_wconf 90' lang='lat' dir='ltr'><strong>quam</strong></span> <span class='ocrx_word' id='word_1_235' title='bbox 3642 1868 3869 1940; x_wconf 89' lang='lat' dir='ltr'><strong>religio-</strong></span> 
     </span>
    </p>
   </div>
   <div class='ocr_carea' id='block_1_34' title="bbox 496 1961 2127 2035">
    <p class='ocr_par' dir='ltr' id='par_1_34' title="bbox 496 1961 2127 2035">
     <span class='ocr_line' id='line_1_34' title="bbox 496 1961 2127 2035; baseline -0.002 -17"><span class='ocrx_word' id='word_1_236' title='bbox 496 1963 687 2035; x_wconf 89' lang='lat' dir='ltr'><strong>palatii</strong></span> <span class='ocrx_word' id='word_1_237' title='bbox 712 1961 1114 2017; x_wconf 86' lang='lat' dir='ltr'><strong>communione</strong></span> <span class='ocrx_word' id='word_1_238' title='bbox 1139 1961 1455 2033; x_wconf 90' lang='lat' dir='ltr'><strong>priventur,</strong></span> <span class='ocrx_word' id='word_1_239' title='bbox 1483 1979 1590 2017; x_wconf 90' lang='lat' dir='ltr'><strong>nec</strong></span> <span class='ocrx_word' id='word_1_240' title='bbox 1615 1962 1677 2016; x_wconf 91' lang='lat' dir='ltr'><strong>in</strong></span> <span class='ocrx_word' id='word_1_241' title='bbox 1704 1961 1912 2034; x_wconf 91' lang='lat' dir='ltr'><strong>aliqua,</strong></span> <span class='ocrx_word' id='word_1_242' title='bbox 1939 1961 2047 2016; x_wconf 89' lang='lat' dir='ltr'><strong>nisi</strong></span> <span class='ocrx_word' id='word_1_243' title='bbox 2068 1961 2127 2015; x_wconf 92' lang='lat' dir='ltr'><strong>in</strong></span> 
     </span>
    </p>
   </div>
   <div class='ocr_carea' id='block_1_35' title="bbox 497 2055 2129 2128">
    <p class='ocr_par' dir='ltr' id='par_1_35' title="bbox 497 2055 2129 2128">
     <span class='ocr_line' id='line_1_35' title="bbox 497 2055 2129 2128; baseline -0.002 -16"><span class='ocrx_word' id='word_1_244' title='bbox 497 2074 561 2113; x_wconf 89' lang='lat' dir='ltr'><strong>ea</strong></span> <span class='ocrx_word' id='word_1_245' title='bbox 592 2056 652 2111; x_wconf 91' lang='lat' dir='ltr'><strong>in</strong></span> <span class='ocrx_word' id='word_1_246' title='bbox 694 2072 808 2128; x_wconf 92' lang='lat' dir='ltr'><strong>qua</strong></span> <span class='ocrx_word' id='word_1_247' title='bbox 832 2055 951 2110; x_wconf 86' lang='lat' dir='ltr'><strong>nati</strong></span> <span class='ocrx_word' id='word_1_248' title='bbox 976 2058 1109 2109; x_wconf 88' lang='lat' dir='ltr'><strong>sunt</strong></span> <span class='ocrx_word' id='word_1_249' title='bbox 1133 2055 1357 2109; x_wconf 89' lang='lat' dir='ltr'><strong>civitate</strong></span> <span class='ocrx_word' id='word_1_250' title='bbox 1382 2056 1467 2110; x_wconf 90' lang='lat' dir='ltr'><strong>vel</strong></span> <span class='ocrx_word' id='word_1_251' title='bbox 1493 2056 1618 2110; x_wconf 91' lang='lat' dir='ltr'><strong>vico</strong></span> <span class='ocrx_word' id='word_1_252' title='bbox 1648 2071 1715 2110; x_wconf 90' lang='lat' dir='ltr'><strong>ac</strong></span> <span class='ocrx_word' id='word_1_253' title='bbox 1742 2055 1977 2126; x_wconf 87' lang='lat' dir='ltr'><strong>regione</strong></span> <span class='ocrx_word' id='word_1_254' title='bbox 2003 2071 2129 2109; x_wconf 86' lang='lat' dir='ltr'><strong>ver-</strong></span> 
     </span>
    </p>
   </div>
   <div class='ocr_carea' id='block_1_36' title="bbox 498 2148 2127 2221">
    <p class='ocr_par' dir='ltr' id='par_1_36' title="bbox 498 2148 2127 2221">
     <span class='ocr_line' id='line_1_36' title="bbox 498 2148 2127 2221; baseline -0.001 -18"><span class='ocrx_word' id='word_1_255' title='bbox 498 2154 715 2205; x_wconf 89' lang='lat' dir='ltr'><strong>sentur.</strong></span> <span class='ocrx_word' id='word_1_256' title='bbox 747 2149 802 2205; x_wconf 89' lang='lat' dir='ltr'><strong>Si</strong></span> <span class='ocrx_word' id='word_1_257' title='bbox 828 2148 927 2221; x_wconf 90' lang='lat' dir='ltr'><strong>qui</strong></span> <span class='ocrx_word' id='word_1_258' title='bbox 946 2165 1078 2205; x_wconf 92' lang='lat' dir='ltr'><strong>vero</strong></span> <span class='ocrx_word' id='word_1_259' title='bbox 1108 2150 1170 2203; x_wconf 90' lang='lat' dir='ltr'><strong>in</strong></span> <span class='ocrx_word' id='word_1_260' title='bbox 1193 2149 1299 2203; x_wconf 90' lang='lat' dir='ltr'><strong>hac</strong></span> <span class='ocrx_word' id='word_1_261' title='bbox 1330 2149 1480 2204; x_wconf 88' lang='lat' dir='ltr'><strong>alma</strong></span> <span class='ocrx_word' id='word_1_262' title='bbox 1509 2148 1649 2204; x_wconf 91' lang='lat' dir='ltr'><strong>urbe</strong></span> <span class='ocrx_word' id='word_1_263' title='bbox 1685 2148 1803 2204; x_wconf 90' lang='lat' dir='ltr'><strong>nati</strong></span> <span class='ocrx_word' id='word_1_264' title='bbox 1832 2153 1983 2216; x_wconf 89' lang='lat' dir='ltr'><strong>sunt,</strong></span> <span class='ocrx_word' id='word_1_265' title='bbox 2009 2152 2127 2203; x_wconf 89' lang='lat' dir='ltr'><strong>tam</strong></span> 
     </span>
    </p>
   </div>
   <div class='ocr_carea' id='block_1_37' title="bbox 498 2241 2126 2314">
    <p class='ocr_par' dir='ltr' id='par_1_37' title="bbox 498 2241 2126 2314">
     <span class='ocr_line' id='line_1_37' title="bbox 498 2241 2126 2314; baseline -0.002 -16"><span class='ocrx_word' id='word_1_266' title='bbox 498 2242 871 2298; x_wconf 87' lang='lat' dir='ltr'><strong>sacratissimo</strong></span> <span class='ocrx_word' id='word_1_267' title='bbox 898 2242 1166 2297; x_wconf 88' lang='lat' dir='ltr'><strong>comitatu</strong></span> <span class='ocrx_word' id='word_1_268' title='bbox 1208 2258 1385 2313; x_wconf 89' lang='lat' dir='ltr'><strong>quam</strong></span> <span class='ocrx_word' id='word_1_269' title='bbox 1431 2242 1591 2297; x_wconf 92' lang='lat' dir='ltr'><strong>omni</strong></span> <span class='ocrx_word' id='word_1_270' title='bbox 1634 2259 1741 2314; x_wconf 89' lang='lat' dir='ltr'><strong>per</strong></span> <span class='ocrx_word' id='word_1_271' title='bbox 1779 2241 2126 2313; x_wconf 89' lang='lat' dir='ltr'><strong>provinciam</strong></span> 
     </span>
    </p>
   </div>
   <div class='ocr_carea' id='block_1_38' title="bbox 497 2335 2127 2408">
    <p class='ocr_par' dir='ltr' id='par_1_38' title="bbox 497 2335 2127 2408">
     <span class='ocr_line' id='line_1_38' title="bbox 497 2335 2127 2408; baseline -0.001 -17"><span class='ocrx_word' id='word_1_272' title='bbox 497 2336 939 2408; x_wconf 90' lang='lat' dir='ltr'><strong>metropolitana</strong></span> <span class='ocrx_word' id='word_1_273' title='bbox 963 2335 1185 2390; x_wconf 87' lang='lat' dir='ltr'><strong>civitate</strong></span> <span class='ocrx_word' id='word_1_274' title='bbox 1220 2336 1529 2406; x_wconf 91' lang='lat' dir='ltr'><strong>pellantur.</strong></span> <span class='ocrx_word' id='word_1_275' title='bbox 1561 2335 1709 2390; x_wconf 91' lang='lat' dir='ltr'><strong>Nulli</strong></span> <span class='ocrx_word' id='word_1_276' title='bbox 1735 2335 1973 2406; x_wconf 90' lang='lat' dir='ltr'><strong>insuper</strong></span> <span class='ocrx_word' id='word_1_277' title='bbox 2015 2336 2127 2390; x_wconf 88' lang='lat' dir='ltr'><strong>Eu-</strong></span> 
     </span>
    </p>
   </div>
   <div class='ocr_carea' id='block_1_39' title="bbox 495 2428 2128 2501">
    <p class='ocr_par' dir='ltr' id='par_1_39' title="bbox 495 2428 2128 2501">
     <span class='ocr_line' id='line_1_39' title="bbox 495 2428 2128 2501; baseline -0.002 -16"><span class='ocrx_word' id='word_1_278' title='bbox 495 2430 833 2486; x_wconf 73' lang='lat' dir='ltr'><strong>tichianistae</strong></span> <span class='ocrx_word' id='word_1_279' title='bbox 874 2430 962 2483; x_wconf 91' lang='lat' dir='ltr'><strong>vel</strong></span> <span class='ocrx_word' id='word_1_280' title='bbox 1009 2429 1427 2500; x_wconf 75' lang='lat' dir='ltr'><strong>Apollinaristae</strong></span> <span class='ocrx_word' id='word_1_281' title='bbox 1470 2428 1694 2501; x_wconf 90' lang='lat' dir='ltr'><strong>publice</strong></span> <span class='ocrx_word' id='word_1_282' title='bbox 1736 2429 1824 2483; x_wconf 90' lang='lat' dir='ltr'><strong>vel</strong></span> <span class='ocrx_word' id='word_1_283' title='bbox 1858 2428 2128 2500; x_wconf 91' lang='lat' dir='ltr'><strong>privatim</strong></span> 
     </span>
    </p>
   </div>
   <div class='ocr_carea' id='block_1_40' title="bbox 497 2521 2127 2594">
    <p class='ocr_par' dir='ltr' id='par_1_40' title="bbox 497 2521 2127 2594">
     <span class='ocr_line' id='line_1_40' title="bbox 497 2521 2127 2594; baseline -0.001 -16"><span class='ocrx_word' id='word_1_284' title='bbox 497 2523 807 2578; x_wconf 90' lang='lat' dir='ltr'><strong>advocandi</strong></span> <span class='ocrx_word' id='word_1_285' title='bbox 847 2527 1041 2589; x_wconf 69' lang='lat' dir='ltr'><strong>costus,</strong></span> <span class='ocrx_word' id='word_1_286' title='bbox 1072 2526 1171 2576; x_wconf 91' lang='lat' dir='ltr'><strong>aut</strong></span> <span class='ocrx_word' id='word_1_287' title='bbox 1215 2521 1650 2594; x_wconf 87' lang='lat' dir='ltr'><strong>perversitatem</strong></span> <span class='ocrx_word' id='word_1_288' title='bbox 1688 2521 1998 2577; x_wconf 82' lang='lat' dir='ltr'><strong>facinerosi</strong></span> <span class='ocrx_word' id='word_1_289' title='bbox 2028 2522 2127 2576; x_wconf 93' lang='lat' dir='ltr'><strong>do-</strong></span> 
     </span>
    </p>
   </div>
   <div class='ocr_carea' id='block_1_41' title="bbox 498 2614 2131 2687">
    <p class='ocr_par' dir='ltr' id='par_1_41' title="bbox 498 2614 2131 2687">
     <span class='ocr_line' id='line_1_41' title="bbox 498 2614 2131 2687; baseline -0.001 -16"><span class='ocrx_word' id='word_1_290' title='bbox 498 2615 706 2687; x_wconf 88' lang='lat' dir='ltr'><strong>gmatis</strong></span> <span class='ocrx_word' id='word_1_291' title='bbox 753 2614 1040 2671; x_wconf 89' lang='lat' dir='ltr'><strong>asserendi</strong></span> <span class='ocrx_word' id='word_1_292' title='bbox 1088 2614 1159 2668; x_wconf 91' lang='lat' dir='ltr'><strong>sit</strong></span> <span class='ocrx_word' id='word_1_293' title='bbox 1193 2614 1448 2671; x_wconf 89' lang='lat' dir='ltr'><strong>facultas.</strong></span> <span class='ocrx_word' id='word_1_294' title='bbox 1503 2614 1653 2670; x_wconf 93' lang='lat' dir='ltr'><strong>Nulli</strong></span> <span class='ocrx_word' id='word_1_295' title='bbox 1703 2614 1878 2669; x_wconf 89' lang='lat' dir='ltr'><strong>etiam</strong></span> <span class='ocrx_word' id='word_1_296' title='bbox 1932 2618 2131 2670; x_wconf 86' lang='lat' dir='ltr'><strong>contra</strong></span> 
     </span>
    </p>
   </div>
   <div class='ocr_carea' id='block_1_42' title="bbox 497 2707 2128 2780">
    <p class='ocr_par' dir='ltr' id='par_1_42' title="bbox 497 2707 2128 2780">
     <span class='ocr_line' id='line_1_42' title="bbox 497 2707 2128 2780; baseline -0.001 -17"><span class='ocrx_word' id='word_1_297' title='bbox 497 2708 882 2764; x_wconf 86' lang='lat' dir='ltr'><strong>venerabilem</strong></span> <span class='ocrx_word' id='word_1_298' title='bbox 893 2708 1413 2764; x_wconf 87' lang='lat' dir='ltr'><strong>Chalcedonensem</strong></span> <span class='ocrx_word' id='word_1_299' title='bbox 1424 2709 1707 2780; x_wconf 86' lang='lat' dir='ltr'><strong>synodum</strong></span> <span class='ocrx_word' id='word_1_300' title='bbox 1717 2707 2128 2779; x_wconf 87' lang='lat' dir='ltr'><strong>liceataliquid,</strong></span> 
     </span>
    </p>
   </div>
   <div class='ocr_carea' id='block_1_43' title="bbox 499 2801 2127 2874">
    <p class='ocr_par' dir='ltr' id='par_1_43' title="bbox 499 2801 2127 2874">
     <span class='ocr_line' id='line_1_43' title="bbox 499 2801 2127 2874; baseline -0.001 -18"><span class='ocrx_word' id='word_1_301' title='bbox 499 2804 589 2856; x_wconf 91' lang='lat' dir='ltr'><strong>vel</strong></span> <span class='ocrx_word' id='word_1_302' title='bbox 614 2802 845 2872; x_wconf 87' lang='lat' dir='ltr'><strong>dictare,</strong></span> <span class='ocrx_word' id='word_1_303' title='bbox 872 2803 963 2857; x_wconf 89' lang='lat' dir='ltr'><strong>vel</strong></span> <span class='ocrx_word' id='word_1_304' title='bbox 996 2802 1263 2873; x_wconf 88' lang='lat' dir='ltr'><strong>scribere,</strong></span> <span class='ocrx_word' id='word_1_305' title='bbox 1290 2803 1379 2858; x_wconf 89' lang='lat' dir='ltr'><strong>vel</strong></span> <span class='ocrx_word' id='word_1_306' title='bbox 1407 2802 1620 2872; x_wconf 89' lang='lat' dir='ltr'><strong>legere,</strong></span> <span class='ocrx_word' id='word_1_307' title='bbox 1649 2806 1819 2874; x_wconf 89' lang='lat' dir='ltr'><strong>atque</strong></span> <span class='ocrx_word' id='word_1_308' title='bbox 1846 2801 2127 2858; x_wconf 89' lang='lat' dir='ltr'><strong>emittere.</strong></span> 
     </span>
    </p>
   </div>
   <div class='ocr_carea' id='block_1_44' title="bbox 2228 1960 3871 2030">
    <p class='ocr_par' dir='ltr' id='par_1_44' title="bbox 2228 1960 3871 2030">
     <span class='ocr_line' id='line_1_44' title="bbox 2228 1960 3871 2030; baseline 0.001 -15"><span class='ocrx_word' id='word_1_309' title='bbox 2228 1961 2451 2015; x_wconf 89' lang='lat' dir='ltr'><strong>sissima</strong></span> <span class='ocrx_word' id='word_1_310' title='bbox 2515 1961 2807 2016; x_wconf 87' lang='lat' dir='ltr'><strong>sanctione</strong></span> <span class='ocrx_word' id='word_1_311' title='bbox 2864 1960 3298 2016; x_wconf 86' lang='lat' dir='ltr'><strong>custodiendam</strong></span> <span class='ocrx_word' id='word_1_312' title='bbox 3351 1962 3720 2030; x_wconf 89' lang='lat' dir='ltr'><strong>decrevimus,</strong></span> <span class='ocrx_word' id='word_1_313' title='bbox 3766 1967 3871 2017; x_wconf 88' lang='lat' dir='ltr'><strong>aut</strong></span> 
     </span>
    </p>
   </div>
   <div class='ocr_carea' id='block_1_45' title="bbox 2226 2054 3872 2126">
    <p class='ocr_par' dir='ltr' id='par_1_45' title="bbox 2226 2054 3872 2126">
     <span class='ocr_line' id='line_1_45' title="bbox 2226 2054 3872 2126; baseline 0.001 -17"><span class='ocrx_word' id='word_1_314' title='bbox 2226 2054 2609 2126; x_wconf 76' lang='lat' dir='ltr'><strong>neglexerint,</strong></span> <span class='ocrx_word' id='word_1_315' title='bbox 2631 2058 2730 2110; x_wconf 91' lang='lat' dir='ltr'><strong>aut</strong></span> <span class='ocrx_word' id='word_1_316' title='bbox 2747 2054 3002 2126; x_wconf 87' lang='lat' dir='ltr'><strong>aliquam</strong></span> <span class='ocrx_word' id='word_1_317' title='bbox 3023 2054 3395 2125; x_wconf 88' lang='lat' dir='ltr'><strong>permiserint</strong></span> <span class='ocrx_word' id='word_1_318' title='bbox 3416 2054 3735 2111; x_wconf 87' lang='lat' dir='ltr'><strong>temeritate</strong></span> <span class='ocrx_word' id='word_1_319' title='bbox 3751 2057 3872 2111; x_wconf 84' lang='lat' dir='ltr'><strong>vio-</strong></span> 
     </span>
    </p>
   </div>
   <div class='ocr_carea' id='block_1_46' title="bbox 2226 2148 3868 2217">
    <p class='ocr_par' dir='ltr' id='par_1_46' title="bbox 2226 2148 3868 2217">
     <span class='ocr_line' id='line_1_46' title="bbox 2226 2148 3868 2217; baseline 0.002 -16"><span class='ocrx_word' id='word_1_320' title='bbox 2226 2148 2349 2217; x_wconf 87' lang='lat' dir='ltr'><strong>lari,</strong></span> <span class='ocrx_word' id='word_1_321' title='bbox 2382 2148 2662 2202; x_wconf 89' lang='lat' dir='ltr'><strong>denarum</strong></span> <span class='ocrx_word' id='word_1_322' title='bbox 2704 2148 2980 2203; x_wconf 90' lang='lat' dir='ltr'><strong>librarum</strong></span> <span class='ocrx_word' id='word_1_323' title='bbox 3023 2148 3145 2203; x_wconf 88' lang='lat' dir='ltr'><strong>auri</strong></span> <span class='ocrx_word' id='word_1_324' title='bbox 3190 2150 3435 2204; x_wconf 92' lang='lat' dir='ltr'><strong>multam</strong></span> <span class='ocrx_word' id='word_1_325' title='bbox 3483 2150 3618 2205; x_wconf 84' lang='lat' dir='ltr'><strong>ﬁsco</strong></span> <span class='ocrx_word' id='word_1_326' title='bbox 3666 2153 3868 2206; x_wconf 88' lang='lat' dir='ltr'><strong>nostro</strong></span> 
     </span>
    </p>
   </div>
   <div class='ocr_carea' id='block_1_47' title="bbox 2232 2240 3868 2313">
    <p class='ocr_par' dir='ltr' id='par_1_47' title="bbox 2232 2240 3868 2313">
     <span class='ocr_line' id='line_1_47' title="bbox 2232 2240 3868 2313; baseline 0.003 -18"><span class='ocrx_word' id='word_1_327' title='bbox 2232 2245 2509 2313; x_wconf 87' lang='lat' dir='ltr'><strong>cogantur</strong></span> <span class='ocrx_word' id='word_1_328' title='bbox 2540 2241 2769 2312; x_wconf 89' lang='lat' dir='ltr'><strong>inferre,</strong></span> <span class='ocrx_word' id='word_1_329' title='bbox 2810 2240 3045 2313; x_wconf 86' lang='lat' dir='ltr'><strong>insuper</strong></span> <span class='ocrx_word' id='word_1_330' title='bbox 3090 2241 3263 2297; x_wconf 90' lang='lat' dir='ltr'><strong>etiam</strong></span> <span class='ocrx_word' id='word_1_331' title='bbox 3289 2242 3719 2299; x_wconf 86' lang='lat' dir='ltr'><strong>existimationis</strong></span> <span class='ocrx_word' id='word_1_332' title='bbox 3745 2262 3868 2300; x_wconf 65' lang='lat' dir='ltr'><strong>suae</strong></span> 
     </span>
    </p>
   </div>
   <div class='ocr_carea' id='block_1_48' title="bbox 2228 2320 3873 2410">
    <p class='ocr_par' dir='ltr' id='par_1_48' title="bbox 2228 2320 3873 2410">
     <span class='ocr_line' id='line_1_48' title="bbox 2228 2320 3873 2410; baseline 0.004 -22"><span class='ocrx_word' id='word_1_333' title='bbox 2228 2334 2551 2405; x_wconf 90' lang='lat' dir='ltr'><strong>periculum</strong></span> <span class='ocrx_word' id='word_1_334' title='bbox 2591 2335 2980 2403; x_wconf 87' lang='lat' dir='ltr'><strong>sustinebunt;</strong></span> <span class='ocrx_word' id='word_1_335' title='bbox 3027 2352 3093 2391; x_wconf 90' lang='lat' dir='ltr'><strong>ea</strong></span> <span class='ocrx_word' id='word_1_336' title='bbox 3137 2352 3367 2409; x_wconf 89' lang='lat' dir='ltr'><strong>quoque</strong></span> <span class='ocrx_word' id='word_1_337' title='bbox 3396 2337 3466 2393; x_wconf 91' lang='lat' dir='ltr'><strong>de</strong></span> <span class='ocrx_word' id='word_1_338' title='bbox 3491 2320 3731 2410; x_wconf 85' lang='lat' dir='ltr'><strong>paganis</strong></span> <span class='ocrx_word' id='word_1_339' title='bbox 3761 2356 3873 2410; x_wconf 88' lang='lat' dir='ltr'><strong>per</strong></span> 
     </span>
    </p>
   </div>
   <div class='ocr_carea' id='block_1_49' title="bbox 2230 2428 3872 2502">
    <p class='ocr_par' dir='ltr' id='par_1_49' title="bbox 2230 2428 3872 2502">
     <span class='ocr_line' id='line_1_49' title="bbox 2230 2428 3872 2502; baseline 0.003 -20"><span class='ocrx_word' id='word_1_340' title='bbox 2230 2444 2401 2483; x_wconf 90' lang='lat' dir='ltr'><strong>omne</strong></span> <span class='ocrx_word' id='word_1_341' title='bbox 2427 2429 2753 2483; x_wconf 84' lang='lat' dir='ltr'><strong>Romanum</strong></span> <span class='ocrx_word' id='word_1_342' title='bbox 2794 2428 3101 2501; x_wconf 91' lang='lat' dir='ltr'><strong>imperium</strong></span> <span class='ocrx_word' id='word_1_343' title='bbox 3142 2431 3433 2502; x_wconf 74' lang='lat' dir='ltr'><strong>aequaliter</strong></span> <span class='ocrx_word' id='word_1_344' title='bbox 3469 2431 3711 2487; x_wconf 89' lang='lat' dir='ltr'><strong>valitura</strong></span> <span class='ocrx_word' id='word_1_345' title='bbox 3756 2433 3872 2488; x_wconf 88' lang='lat' dir='ltr'><strong>ele-</strong></span> 
     </span>
    </p>
   </div>
   <div class='ocr_carea' id='block_1_50' title="bbox 2232 2521 3871 2597">
    <p class='ocr_par' dir='ltr' id='par_1_50' title="bbox 2232 2521 3871 2597">
     <span class='ocr_line' id='line_1_50' title="bbox 2232 2521 3871 2597; baseline 0.004 -23"><span class='ocrx_word' id='word_1_346' title='bbox 2232 2521 2443 2593; x_wconf 91' lang='lat' dir='ltr'><strong>gimus,</strong></span> <span class='ocrx_word' id='word_1_347' title='bbox 2471 2521 2875 2577; x_wconf 88' lang='lat' dir='ltr'><strong>instantissime</strong></span> <span class='ocrx_word' id='word_1_348' title='bbox 2915 2522 2976 2577; x_wconf 90' lang='lat' dir='ltr'><strong>in</strong></span> <span class='ocrx_word' id='word_1_349' title='bbox 3020 2540 3116 2578; x_wconf 92' lang='lat' dir='ltr'><strong>eos</strong></span> <span class='ocrx_word' id='word_1_350' title='bbox 3161 2529 3531 2580; x_wconf 86' lang='lat' dir='ltr'><strong>exerceantur</strong></span> <span class='ocrx_word' id='word_1_351' title='bbox 3560 2542 3700 2597; x_wconf 88' lang='lat' dir='ltr'><strong>quos</strong></span> <span class='ocrx_word' id='word_1_352' title='bbox 3736 2542 3871 2581; x_wconf 85' lang='lat' dir='ltr'><strong>con-</strong></span> 
     </span>
    </p>
   </div>
   <div class='ocr_carea' id='block_1_51' title="bbox 2231 2615 3866 2687">
    <p class='ocr_par' dir='ltr' id='par_1_51' title="bbox 2231 2615 3866 2687">
     <span class='ocr_line' id='line_1_51' title="bbox 2231 2615 3866 2687; baseline 0.002 -18"><span class='ocrx_word' id='word_1_353' title='bbox 2231 2615 2437 2670; x_wconf 89' lang='lat' dir='ltr'><strong>stiterit</strong></span> <span class='ocrx_word' id='word_1_354' title='bbox 2459 2616 2731 2687; x_wconf 88' lang='lat' dir='ltr'><strong>profanos</strong></span> <span class='ocrx_word' id='word_1_355' title='bbox 2751 2615 2892 2671; x_wconf 91' lang='lat' dir='ltr'><strong>ritus</strong></span> <span class='ocrx_word' id='word_1_356' title='bbox 2917 2617 3224 2673; x_wconf 87' lang='lat' dir='ltr'><strong>celebrare.</strong></span> <span class='ocrx_word' id='word_1_357' title='bbox 3252 2619 3394 2673; x_wconf 90' lang='lat' dir='ltr'><strong>Data</strong></span> <span class='ocrx_word' id='word_1_358' title='bbox 3416 2618 3520 2674; x_wconf 91' lang='lat' dir='ltr'><strong>sub</strong></span> <span class='ocrx_word' id='word_1_359' title='bbox 3547 2619 3637 2675; x_wconf 89' lang='lat' dir='ltr'><strong>die</strong></span> <span class='ocrx_word' id='word_1_360' title='bbox 3665 2618 3866 2675; x_wconf 88' lang='lat' dir='ltr'><strong>Kalen.</strong></span> 
     </span>
    </p>
   </div>
   <div class='ocr_carea' id='block_1_52' title="bbox 2231 2708 3867 2781">
    <p class='ocr_par' dir='ltr' id='par_1_52' title="bbox 2231 2708 3867 2781">
     <span class='ocr_line' id='line_1_52' title="bbox 2231 2708 3867 2781; baseline 0.004 -19"><span class='ocrx_word' id='word_1_361' title='bbox 2231 2708 2491 2780; x_wconf 81' lang='lat' dir='ltr'><strong>Augusti,</strong></span> <span class='ocrx_word' id='word_1_362' title='bbox 2515 2708 3031 2781; x_wconf 87' lang='lat' dir='ltr'><strong>Constantinopoli,</strong></span> <span class='ocrx_word' id='word_1_363' title='bbox 3067 2711 3204 2767; x_wconf 91' lang='lat' dir='ltr'><strong>Divo</strong></span> <span class='ocrx_word' id='word_1_364' title='bbox 3238 2712 3352 2768; x_wconf 88' lang='lat' dir='ltr'><strong>VIII</strong></span> <span class='ocrx_word' id='word_1_365' title='bbox 3395 2717 3453 2769; x_wconf 90' lang='lat' dir='ltr'><strong>et</strong></span> <span class='ocrx_word' id='word_1_366' title='bbox 3493 2713 3753 2769; x_wconf 84' lang='lat' dir='ltr'><strong>Antemio</strong></span> <span class='ocrx_word' id='word_1_367' title='bbox 3773 2714 3867 2770; x_wconf 87' lang='lat' dir='ltr'><strong>IV.</strong></span> 
     </span>
    </p>
   </div>
   <div class='ocr_carea' id='block_1_53' title="bbox 2231 2802 3311 2859">
    <p class='ocr_par' dir='ltr' id='par_1_53' title="bbox 2231 2802 3311 2859">
     <span class='ocr_line' id='line_1_53' title="bbox 2231 2802 3311 2859; baseline -0.002 0"><span class='ocrx_word' id='word_1_368' title='bbox 2231 2802 2334 2859; x_wconf 88' lang='lat' dir='ltr'><strong>CC.</strong></span> <span class='ocrx_word' id='word_1_369' title='bbox 2362 2818 2607 2858; x_wconf 86' lang='lat' dir='ltr'><strong>concess.</strong></span> <span class='ocrx_word' id='word_1_370' title='bbox 3300 2829 3311 2836; x_wconf 54' lang='grc' dir='ltr'><strong>κ</strong></span> 
     </span>
    </p>
   </div>
   <div class='ocr_carea' id='block_1_54' title="bbox 1963 2925 2393 2941">
    <p class='ocr_par' dir='ltr' id='par_1_54' title="bbox 1963 2925 2393 2941">
     <span class='ocr_line' id='line_1_54' title="bbox 1963 2925 2393 2941; baseline -0.002 -2"><span class='ocrx_word' id='word_1_371' title='bbox 1963 2925 2393 2941; x_wconf 43' lang='lat' dir='ltr'>ﬂ</span> 
     </span>
    </p>
   </div>
   <div class='ocr_carea' id='block_1_55' title="bbox 1000 3025 3379 3109">
    <p class='ocr_par' dir='ltr' id='par_1_55' title="bbox 1000 3025 3379 3109">
     <span class='ocr_line' id='line_1_55' title="bbox 1000 3025 3379 3109; baseline 0.002 -16"><span class='ocrx_word' id='word_1_372' title='bbox 1000 3027 1334 3094; x_wconf 87' lang='lat' dir='ltr'><strong>ATTICUS</strong></span> <span class='ocrx_word' id='word_1_373' title='bbox 1378 3025 1825 3108; x_wconf 86' lang='lat' dir='ltr'><strong>EPISCOPUS,</strong></span> <span class='ocrx_word' id='word_1_374' title='bbox 1874 3029 2274 3109; x_wconf 82' lang='lat' dir='ltr'><strong>QUALITER</strong></span> <span class='ocrx_word' id='word_1_375' title='bbox 2316 3028 2701 3097; x_wconf 82' lang='lat' dir='ltr'><strong>FORMATA</strong></span> <span class='ocrx_word' id='word_1_376' title='bbox 2744 3029 3129 3099; x_wconf 84' lang='lat' dir='ltr'><strong>EPISTOLA</strong></span> <span class='ocrx_word' id='word_1_377' title='bbox 3170 3032 3379 3098; x_wconf 87' lang='lat' dir='ltr'><strong>FIAT.</strong></span> 
     </span>
    </p>
   </div>
   <div class='ocr_carea' id='block_1_56' title="bbox 574 3150 2136 3225">
    <p class='ocr_par' dir='ltr' id='par_1_56' title="bbox 574 3150 2136 3225">
     <span class='ocr_line' id='line_1_56' title="bbox 574 3150 2136 3225; baseline 0 0"><span class='ocrx_word' id='word_1_378' title='bbox 574 3150 765 3225; x_wconf 74' lang='lat' dir='ltr'><strong>Graeca</strong></span> <span class='ocrx_word' id='word_1_379' title='bbox 799 3169 1086 3223; x_wconf 89' lang='lat' dir='ltr'><strong>elementa</strong></span> <span class='ocrx_word' id='word_1_380' title='bbox 1124 3166 1441 3223; x_wconf 90' lang='lat' dir='ltr'><strong>litterarum</strong></span> <span class='ocrx_word' id='word_1_381' title='bbox 1490 3184 1760 3224; x_wconf 87' lang='lat' dir='ltr'><strong>numeros</strong></span> <span class='ocrx_word' id='word_1_382' title='bbox 1808 3168 1983 3225; x_wconf 91' lang='lat' dir='ltr'><strong>etiam</strong></span> <span class='ocrx_word' id='word_1_383' title='bbox 2042 3186 2136 3225; x_wconf 85' lang='lat' dir='ltr'><strong>ex-</strong></span> 
     </span>
    </p>
   </div>
   <div class='ocr_carea' id='block_1_57' title="bbox 504 3261 2131 3336">
    <p class='ocr_par' dir='ltr' id='par_1_57' title="bbox 504 3261 2131 3336">
     <span class='ocr_line' id='line_1_57' title="bbox 504 3261 2131 3336; baseline -0.001 -17"><span class='ocrx_word' id='word_1_384' title='bbox 504 3264 750 3336; x_wconf 90' lang='lat' dir='ltr'><strong>primere</strong></span> <span class='ocrx_word' id='word_1_385' title='bbox 774 3262 962 3317; x_wconf 91' lang='lat' dir='ltr'><strong>nullus</strong></span> <span class='ocrx_word' id='word_1_386' title='bbox 992 3261 1091 3333; x_wconf 91' lang='lat' dir='ltr'><strong>qui</strong></span> <span class='ocrx_word' id='word_1_387' title='bbox 1114 3261 1204 3315; x_wconf 89' lang='lat' dir='ltr'><strong>vel</strong></span> <span class='ocrx_word' id='word_1_388' title='bbox 1228 3261 1478 3316; x_wconf 88' lang='lat' dir='ltr'><strong>tenuiter</strong></span> <span class='ocrx_word' id='word_1_389' title='bbox 1514 3262 1695 3316; x_wconf 62' lang='lat' dir='ltr'><strong>Grmci</strong></span> <span class='ocrx_word' id='word_1_390' title='bbox 1722 3263 2000 3318; x_wconf 89' lang='lat' dir='ltr'><strong>sermonis</strong></span> <span class='ocrx_word' id='word_1_391' title='bbox 2023 3279 2131 3318; x_wconf 94' lang='lat' dir='ltr'><strong>no-</strong></span> 
     </span>
    </p>
   </div>
   <div class='ocr_carea' id='block_1_58' title="bbox 505 3354 3867 3431">
    <p class='ocr_par' dir='ltr' id='par_1_58' title="bbox 505 3354 3867 3431">
     <span class='ocr_line' id='line_1_58' title="bbox 505 3354 3867 3431; baseline 0.001 -19"><span class='ocrx_word' id='word_1_392' title='bbox 505 3356 686 3413; x_wconf 90' lang='lat' dir='ltr'><strong>titiam</strong></span> <span class='ocrx_word' id='word_1_393' title='bbox 705 3356 896 3423; x_wconf 84' lang='lat' dir='ltr'><strong>habet,</strong></span> <span class='ocrx_word' id='word_1_394' title='bbox 917 3355 1164 3427; x_wconf 89' lang='lat' dir='ltr'><strong>ignorat.</strong></span> <span class='ocrx_word' id='word_1_395' title='bbox 1191 3355 1269 3409; x_wconf 92' lang='lat' dir='ltr'><strong>Ne</strong></span> <span class='ocrx_word' id='word_1_396' title='bbox 1286 3354 1465 3426; x_wconf 88' lang='lat' dir='ltr'><strong>igitur</strong></span> <span class='ocrx_word' id='word_1_397' title='bbox 1483 3355 1544 3409; x_wconf 92' lang='lat' dir='ltr'><strong>in</strong></span> <span class='ocrx_word' id='word_1_398' title='bbox 1559 3355 1833 3410; x_wconf 90' lang='lat' dir='ltr'><strong>faciendis</strong></span> <span class='ocrx_word' id='word_1_399' title='bbox 1858 3356 2129 3427; x_wconf 89' lang='lat' dir='ltr'><strong>epistolis,</strong></span> <span class='ocrx_word' id='word_1_400' title='bbox 2231 3356 2436 3425; x_wconf 87' lang='lat' dir='ltr'><strong>littera,</strong></span> <span class='ocrx_word' id='word_1_401' title='bbox 2469 3356 2798 3429; x_wconf 88' lang='lat' dir='ltr'><strong>accipientis</strong></span> <span class='ocrx_word' id='word_1_402' title='bbox 2836 3358 3005 3413; x_wconf 89' lang='lat' dir='ltr'><strong>tertia</strong></span> <span class='ocrx_word' id='word_1_403' title='bbox 3029 3358 3233 3427; x_wconf 88' lang='lat' dir='ltr'><strong>littera,</strong></span> <span class='ocrx_word' id='word_1_404' title='bbox 3269 3358 3509 3414; x_wconf 88' lang='lat' dir='ltr'><strong>civitatis</strong></span> <span class='ocrx_word' id='word_1_405' title='bbox 3534 3376 3766 3431; x_wconf 91' lang='lat' dir='ltr'><strong>quoque</strong></span> <span class='ocrx_word' id='word_1_406' title='bbox 3794 3360 3867 3415; x_wconf 88' lang='lat' dir='ltr'><strong>de</strong></span> 
     </span>
    </p>
   </div>
   <div class='ocr_carea' id='block_1_59' title="bbox 504 3448 3872 3550">
    <p class='ocr_par' dir='ltr' id='par_1_59' title="bbox 504 3448 3872 3550">
     <span class='ocr_line' id='line_1_59' title="bbox 504 3448 3872 3550; baseline 0.001 -44"><span class='ocrx_word' id='word_1_407' title='bbox 504 3449 808 3520; x_wconf 90' lang='lat' dir='ltr'><strong>canonicis,</strong></span> <span class='ocrx_word' id='word_1_408' title='bbox 822 3465 958 3521; x_wconf 90' lang='lat' dir='ltr'><strong>quas</strong></span> <span class='ocrx_word' id='word_1_409' title='bbox 973 3448 1334 3503; x_wconf 86' lang='lat' dir='ltr'><strong>mosLatinus</strong></span> <span class='ocrx_word' id='word_1_410' title='bbox 1362 3448 1632 3503; x_wconf 88' lang='lat' dir='ltr'><strong>formatas</strong></span> <span class='ocrx_word' id='word_1_411' title='bbox 1658 3450 1923 3521; x_wconf 81' lang='lat' dir='ltr'><strong>appellat,</strong></span> <span class='ocrx_word' id='word_1_412' title='bbox 1942 3449 2133 3521; x_wconf 89' lang='lat' dir='ltr'><strong>aliqua</strong></span> <span class='ocrx_word' id='word_1_413' title='bbox 2152 3474 2206 3550; x_wconf 64' lang='grc' dir='ltr'>Ο</span> <span class='ocrx_word' id='word_1_414' title='bbox 2234 3465 2345 3521; x_wconf 92' lang='lat' dir='ltr'><strong>qua</strong></span> <span class='ocrx_word' id='word_1_415' title='bbox 2380 3450 2641 3505; x_wconf 89' lang='lat' dir='ltr'><strong>scribitur</strong></span> <span class='ocrx_word' id='word_1_416' title='bbox 2685 3454 2908 3522; x_wconf 89' lang='lat' dir='ltr'><strong>quarta,</strong></span> <span class='ocrx_word' id='word_1_417' title='bbox 2956 3455 3013 3507; x_wconf 89' lang='lat' dir='ltr'><strong>et</strong></span> <span class='ocrx_word' id='word_1_418' title='bbox 3041 3451 3363 3507; x_wconf 91' lang='lat' dir='ltr'><strong>indictionis</strong></span> <span class='ocrx_word' id='word_1_419' title='bbox 3388 3469 3749 3526; x_wconf 69' lang='lat' dir='ltr'><strong>quascunque</strong></span> <span class='ocrx_word' id='word_1_420' title='bbox 3781 3459 3872 3510; x_wconf 90' lang='lat' dir='ltr'><strong>est</strong></span> 
     </span>
    </p>
   </div>
   <div class='ocr_carea' id='block_1_60' title="bbox 503 3542 3871 3620">
    <p class='ocr_par' dir='ltr' id='par_1_60' title="bbox 503 3542 3871 3620">
     <span class='ocr_line' id='line_1_60' title="bbox 503 3542 3871 3620; baseline 0.001 -20"><span class='ocrx_word' id='word_1_421' title='bbox 503 3546 658 3600; x_wconf 88' lang='lat' dir='ltr'><strong>fraus</strong></span> <span class='ocrx_word' id='word_1_422' title='bbox 686 3542 944 3598; x_wconf 87' lang='lat' dir='ltr'><strong>falsitatis</strong></span> <span class='ocrx_word' id='word_1_423' title='bbox 975 3545 1191 3597; x_wconf 89' lang='lat' dir='ltr'><strong>temere</strong></span> <span class='ocrx_word' id='word_1_424' title='bbox 1209 3544 1672 3614; x_wconf 68' lang='lat' dir='ltr'><strong>praasumeretur,</strong></span> <span class='ocrx_word' id='word_1_425' title='bbox 1691 3542 1798 3597; x_wconf 91' lang='lat' dir='ltr'><strong>hoc</strong></span> <span class='ocrx_word' id='word_1_426' title='bbox 1825 3559 1858 3597; x_wconf 91' lang='lat' dir='ltr'><strong>a</strong></span> <span class='ocrx_word' id='word_1_427' title='bbox 1878 3542 2132 3597; x_wconf 86' lang='lat' dir='ltr'><strong>Patribus</strong></span> <span class='ocrx_word' id='word_1_428' title='bbox 2163 3542 2206 3550; x_wconf 69' lang='grc'><strong><em>“</em></strong></span> <span class='ocrx_word' id='word_1_429' title='bbox 2232 3544 2522 3616; x_wconf 88' lang='lat' dir='ltr'><strong>temporis,</strong></span> <span class='ocrx_word' id='word_1_430' title='bbox 2546 3543 2702 3600; x_wconf 91' lang='lat' dir='ltr'><strong>idem</strong></span> <span class='ocrx_word' id='word_1_431' title='bbox 2739 3544 2837 3616; x_wconf 92' lang='lat' dir='ltr'><strong>qui</strong></span> <span class='ocrx_word' id='word_1_432' title='bbox 2865 3544 2975 3599; x_wconf 89' lang='lat' dir='ltr'><strong>fuit</strong></span> <span class='ocrx_word' id='word_1_433' title='bbox 2998 3561 3275 3602; x_wconf 90' lang='lat' dir='ltr'><strong>numerus</strong></span> <span class='ocrx_word' id='word_1_434' title='bbox 3299 3550 3621 3602; x_wconf 87' lang='lat' dir='ltr'><strong>assumatur</strong></span> <span class='ocrx_word' id='word_1_435' title='bbox 3649 3564 3662 3602; x_wconf 90' lang='lat'><strong>:</strong></span> <span class='ocrx_word' id='word_1_436' title='bbox 3694 3552 3871 3620; x_wconf 86' lang='lat' dir='ltr'><strong>atque</strong></span> 
     </span>
    </p>
   </div>
   <div class='ocr_carea' id='block_1_61' title="bbox 2233 3168 3870 3244">
    <p class='ocr_par' dir='ltr' id='par_1_61' title="bbox 2233 3168 3870 3244">
     <span class='ocr_line' id='line_1_61' title="bbox 2233 3168 3870 3244; baseline 0.001 -19"><span class='ocrx_word' id='word_1_437' title='bbox 2233 3174 2336 3237; x_wconf 88' lang='lat' dir='ltr'><strong>est,</strong></span> <span class='ocrx_word' id='word_1_438' title='bbox 2382 3168 2481 3240; x_wconf 90' lang='lat' dir='ltr'><strong>qui</strong></span> <span class='ocrx_word' id='word_1_439' title='bbox 2524 3185 2831 3225; x_wconf 90' lang='lat' dir='ltr'><strong>numerum</strong></span> <span class='ocrx_word' id='word_1_440' title='bbox 2872 3174 2941 3226; x_wconf 89' lang='lat' dir='ltr'><strong>8O</strong></span> <span class='ocrx_word' id='word_1_441' title='bbox 2985 3170 3285 3243; x_wconf 87' lang='lat' dir='ltr'><strong>signiﬁcat,</strong></span> <span class='ocrx_word' id='word_1_442' title='bbox 3331 3171 3453 3243; x_wconf 89' lang='lat' dir='ltr'><strong>ejus</strong></span> <span class='ocrx_word' id='word_1_443' title='bbox 3496 3186 3723 3244; x_wconf 85' lang='lat' dir='ltr'><strong>quoque</strong></span> <span class='ocrx_word' id='word_1_444' title='bbox 3766 3172 3870 3244; x_wconf 89' lang='lat' dir='ltr'><strong>qui</strong></span> 
     </span>
    </p>
   </div>
   <div class='ocr_carea' id='block_1_62' title="bbox 2233 3262 3871 3335">
    <p class='ocr_par' dir='ltr' id='par_1_62' title="bbox 2233 3262 3871 3335">
     <span class='ocr_line' id='line_1_62' title="bbox 2233 3262 3871 3335; baseline 0.002 -18"><span class='ocrx_word' id='word_1_445' title='bbox 2233 3262 2456 3334; x_wconf 88' lang='lat' dir='ltr'><strong>scripsit</strong></span> <span class='ocrx_word' id='word_1_446' title='bbox 2468 3263 2762 3334; x_wconf 87' lang='lat' dir='ltr'><strong>epistolam</strong></span> <span class='ocrx_word' id='word_1_447' title='bbox 2785 3264 2970 3335; x_wconf 90' lang='lat' dir='ltr'><strong>prima</strong></span> <span class='ocrx_word' id='word_1_448' title='bbox 2994 3264 3203 3333; x_wconf 87' lang='lat' dir='ltr'><strong>littera,</strong></span> <span class='ocrx_word' id='word_1_449' title='bbox 3222 3264 3314 3321; x_wconf 92' lang='lat' dir='ltr'><strong>cui</strong></span> <span class='ocrx_word' id='word_1_450' title='bbox 3335 3264 3599 3320; x_wconf 90' lang='lat' dir='ltr'><strong>scribitur</strong></span> <span class='ocrx_word' id='word_1_451' title='bbox 3619 3267 3871 3321; x_wconf 88' lang='lat' dir='ltr'><strong>secunda</strong></span> 
     </span>
    </p>
   </div>
   <div class='ocr_carea' id='block_1_63' title="bbox 502 3636 2133 3707">
    <p class='ocr_par' dir='ltr' id='par_1_63' title="bbox 502 3636 2133 3707">
     <span class='ocr_line' id='line_1_63' title="bbox 502 3636 2133 3707; baseline -0.002 -13"><span class='ocrx_word' id='word_1_452' title='bbox 502 3637 782 3694; x_wconf 82' lang='lat' dir='ltr'><strong>trecentis</strong></span> <span class='ocrx_word' id='word_1_453' title='bbox 794 3637 991 3692; x_wconf 89' lang='lat' dir='ltr'><strong>decem</strong></span> <span class='ocrx_word' id='word_1_454' title='bbox 1017 3640 1076 3691; x_wconf 91' lang='lat' dir='ltr'><strong>et</strong></span> <span class='ocrx_word' id='word_1_455' title='bbox 1104 3641 1228 3692; x_wconf 92' lang='lat' dir='ltr'><strong>octo</strong></span> <span class='ocrx_word' id='word_1_456' title='bbox 1273 3636 1462 3690; x_wconf 68' lang='lat' dir='ltr'><strong>Nicaea</strong></span> <span class='ocrx_word' id='word_1_457' title='bbox 1488 3636 1851 3707; x_wconf 87' lang='lat' dir='ltr'><strong>congregatis</strong></span> <span class='ocrx_word' id='word_1_458' title='bbox 1888 3636 2133 3691; x_wconf 86' lang='lat' dir='ltr'><strong>saluber-</strong></span> 
     </span>
    </p>
   </div>
   <div class='ocr_carea' id='block_1_64' title="bbox 502 3729 2130 3801">
    <p class='ocr_par' dir='ltr' id='par_1_64' title="bbox 502 3729 2130 3801">
     <span class='ocr_line' id='line_1_64' title="bbox 502 3729 2130 3801; baseline -0.003 -13"><span class='ocrx_word' id='word_1_459' title='bbox 502 3733 650 3789; x_wconf 88' lang='lat' dir='ltr'><strong>rime</strong></span> <span class='ocrx_word' id='word_1_460' title='bbox 690 3731 985 3786; x_wconf 90' lang='lat' dir='ltr'><strong>inventum</strong></span> <span class='ocrx_word' id='word_1_461' title='bbox 1015 3733 1100 3784; x_wconf 88' lang='lat' dir='ltr'><strong>est</strong></span> <span class='ocrx_word' id='word_1_462' title='bbox 1126 3734 1182 3784; x_wconf 90' lang='lat' dir='ltr'><strong>et</strong></span> <span class='ocrx_word' id='word_1_463' title='bbox 1204 3729 1595 3797; x_wconf 86' lang='lat' dir='ltr'><strong>constitutum,</strong></span> <span class='ocrx_word' id='word_1_464' title='bbox 1621 3732 1689 3783; x_wconf 91' lang='lat' dir='ltr'><strong>ut</strong></span> <span class='ocrx_word' id='word_1_465' title='bbox 1718 3729 1978 3784; x_wconf 81' lang='lat' dir='ltr'><strong>formatae</strong></span> <span class='ocrx_word' id='word_1_466' title='bbox 2008 3729 2130 3801; x_wconf 88' lang='lat' dir='ltr'><strong>epi-</strong></span> 
     </span>
    </p>
   </div>
   <div class='ocr_carea' id='block_1_65' title="bbox 505 3822 2136 3893">
    <p class='ocr_par' dir='ltr' id='par_1_65' title="bbox 505 3822 2136 3893">
     <span class='ocr_line' id='line_1_65' title="bbox 505 3822 2136 3893; baseline -0.002 -12"><span class='ocrx_word' id='word_1_467' title='bbox 505 3826 665 3881; x_wconf 74' lang='lat' dir='ltr'><strong>stolae</strong></span> <span class='ocrx_word' id='word_1_468' title='bbox 704 3825 855 3879; x_wconf 87' lang='lat' dir='ltr'><strong>hanc</strong></span> <span class='ocrx_word' id='word_1_469' title='bbox 899 3822 1284 3878; x_wconf 88' lang='lat' dir='ltr'><strong>calculationis</strong></span> <span class='ocrx_word' id='word_1_470' title='bbox 1312 3838 1415 3876; x_wconf 90' lang='lat' dir='ltr'><strong>seu</strong></span> <span class='ocrx_word' id='word_1_471' title='bbox 1444 3822 1863 3893; x_wconf 87' lang='lat' dir='ltr'><strong>supputationis</strong></span> <span class='ocrx_word' id='word_1_472' title='bbox 1888 3823 2136 3877; x_wconf 87' lang='lat' dir='ltr'><strong>habeant</strong></span> 
     </span>
    </p>
   </div>
   <div class='ocr_carea' id='block_1_66' title="bbox 504 3914 2134 3987">
    <p class='ocr_par' dir='ltr' id='par_1_66' title="bbox 504 3914 2134 3987">
     <span class='ocr_line' id='line_1_66' title="bbox 504 3914 2134 3987; baseline -0.002 -13"><span class='ocrx_word' id='word_1_473' title='bbox 504 3918 804 3983; x_wconf 86' lang='lat' dir='ltr'><strong>rationem,</strong></span> <span class='ocrx_word' id='word_1_474' title='bbox 832 3916 889 3970; x_wconf 94' lang='lat' dir='ltr'><strong>id</strong></span> <span class='ocrx_word' id='word_1_475' title='bbox 922 3918 1026 3985; x_wconf 91' lang='lat' dir='ltr'><strong>est,</strong></span> <span class='ocrx_word' id='word_1_476' title='bbox 1074 3919 1137 3969; x_wconf 90' lang='lat' dir='ltr'><strong>ut</strong></span> <span class='ocrx_word' id='word_1_477' title='bbox 1179 3917 1541 3969; x_wconf 87' lang='lat' dir='ltr'><strong>assumantur</strong></span> <span class='ocrx_word' id='word_1_478' title='bbox 1584 3914 1645 3968; x_wconf 92' lang='lat' dir='ltr'><strong>in</strong></span> <span class='ocrx_word' id='word_1_479' title='bbox 1673 3916 2134 3987; x_wconf 86' lang='lat' dir='ltr'><strong>supputationem</strong></span> 
     </span>
    </p>
   </div>
   <div class='ocr_carea' id='block_1_67' title="bbox 503 4007 2133 4089">
    <p class='ocr_par' dir='ltr' id='par_1_67' title="bbox 503 4007 2133 4089">
     <span class='ocr_line' id='line_1_67' title="bbox 503 4007 2133 4089; baseline -0.001 -22"><span class='ocrx_word' id='word_1_480' title='bbox 503 4012 690 4084; x_wconf 89' lang='lat' dir='ltr'><strong>prima</strong></span> <span class='ocrx_word' id='word_1_481' title='bbox 729 4010 920 4065; x_wconf 83' lang='lat' dir='ltr'><strong>Graeca</strong></span> <span class='ocrx_word' id='word_1_482' title='bbox 961 4008 1260 4077; x_wconf 90' lang='lat' dir='ltr'><strong>elementa,</strong></span> <span class='ocrx_word' id='word_1_483' title='bbox 1311 4008 1490 4062; x_wconf 89' lang='lat' dir='ltr'><strong>Patris</strong></span> <span class='ocrx_word' id='word_1_484' title='bbox 1535 4012 1593 4064; x_wconf 82' lang='lat' dir='ltr'><strong>et</strong></span> <span class='ocrx_word' id='word_1_485' title='bbox 1637 4007 1762 4063; x_wconf 90' lang='lat' dir='ltr'><strong>Filii</strong></span> <span class='ocrx_word' id='word_1_486' title='bbox 1799 4014 1857 4064; x_wconf 88' lang='lat' dir='ltr'><strong>et</strong></span> <span class='ocrx_word' id='word_1_487' title='bbox 1895 4009 2133 4089; x_wconf 88' lang='lat' dir='ltr'><strong>Spiritus</strong></span> 
     </span>
    </p>
   </div>
   <div class='ocr_carea' id='block_1_68' title="bbox 503 4102 2129 4175">
    <p class='ocr_par' dir='ltr' id='par_1_68' title="bbox 503 4102 2129 4175">
     <span class='ocr_line' id='line_1_68' title="bbox 503 4102 2129 4175; baseline -0.002 -13"><span class='ocrx_word' id='word_1_488' title='bbox 503 4104 706 4173; x_wconf 87' lang='lat' dir='ltr'><strong>sancti,</strong></span> <span class='ocrx_word' id='word_1_489' title='bbox 734 4103 845 4159; x_wconf 93' lang='lat' dir='ltr'><strong>hoc</strong></span> <span class='ocrx_word' id='word_1_490' title='bbox 869 4106 973 4171; x_wconf 87' lang='lat' dir='ltr'><strong>est,</strong></span> <span class='ocrx_word' id='word_1_491' title='bbox 1003 4111 1067 4169; x_wconf 91' lang='grc' dir='ltr'><strong>Π,</strong></span> <span class='ocrx_word' id='word_1_492' title='bbox 1090 4111 1145 4171; x_wconf 83' lang='grc' dir='ltr'><strong>Υ,</strong></span> <span class='ocrx_word' id='word_1_493' title='bbox 1169 4112 1228 4159; x_wconf 79' lang='grc' dir='ltr'><strong>Α.</strong></span> <span class='ocrx_word' id='word_1_494' title='bbox 1253 4102 1390 4165; x_wconf 80' lang='lat' dir='ltr'><strong>Quae</strong></span> <span class='ocrx_word' id='word_1_495' title='bbox 1417 4102 1699 4158; x_wconf 89' lang='lat' dir='ltr'><strong>elementa</strong></span> <span class='ocrx_word' id='word_1_496' title='bbox 1732 4105 1790 4157; x_wconf 92' lang='lat' dir='ltr'><strong>et</strong></span> <span class='ocrx_word' id='word_1_497' title='bbox 1823 4106 2129 4175; x_wconf 89' lang='lat' dir='ltr'><strong>octogena-</strong></span> 
     </span>
    </p>
   </div>
   <div class='ocr_carea' id='block_1_69' title="bbox 503 4195 2135 4270">
    <p class='ocr_par' dir='ltr' id='par_1_69' title="bbox 503 4195 2135 4270">
     <span class='ocr_line' id='line_1_69' title="bbox 503 4195 2135 4270; baseline -0.001 -15"><span class='ocrx_word' id='word_1_498' title='bbox 503 4200 656 4256; x_wconf 91' lang='lat' dir='ltr'><strong>rium</strong></span> <span class='ocrx_word' id='word_1_499' title='bbox 682 4202 739 4254; x_wconf 89' lang='lat' dir='ltr'><strong>et</strong></span> <span class='ocrx_word' id='word_1_500' title='bbox 762 4195 1395 4270; x_wconf 86' lang='lat' dir='ltr'><strong>quadringentesimum</strong></span> <span class='ocrx_word' id='word_1_501' title='bbox 1432 4198 1489 4251; x_wconf 89' lang='lat' dir='ltr'><strong>et</strong></span> <span class='ocrx_word' id='word_1_502' title='bbox 1515 4196 1768 4268; x_wconf 90' lang='lat' dir='ltr'><strong>primum</strong></span> <span class='ocrx_word' id='word_1_503' title='bbox 1812 4195 2135 4269; x_wconf 86' lang='lat' dir='ltr'><strong>signiﬁcant</strong></span> 
     </span>
    </p>
   </div>
   <div class='ocr_carea' id='block_1_70' title="bbox 505 4289 2134 4363">
    <p class='ocr_par' dir='ltr' id='par_1_70' title="bbox 505 4289 2134 4363">
     <span class='ocr_line' id='line_1_70' title="bbox 505 4289 2134 4363; baseline -0.002 -14"><span class='ocrx_word' id='word_1_504' title='bbox 505 4308 833 4351; x_wconf 87' lang='lat' dir='ltr'><strong>numerum.</strong></span> <span class='ocrx_word' id='word_1_505' title='bbox 872 4290 1024 4348; x_wconf 88' lang='lat' dir='ltr'><strong>Petri</strong></span> <span class='ocrx_word' id='word_1_506' title='bbox 1067 4306 1293 4363; x_wconf 90' lang='lat' dir='ltr'><strong>quoque</strong></span> <span class='ocrx_word' id='word_1_507' title='bbox 1330 4290 1569 4363; x_wconf 86' lang='lat' dir='ltr'><strong>apostoli</strong></span> <span class='ocrx_word' id='word_1_508' title='bbox 1607 4289 1796 4362; x_wconf 90' lang='lat' dir='ltr'><strong>prima</strong></span> <span class='ocrx_word' id='word_1_509' title='bbox 1834 4291 2041 4363; x_wconf 89' lang='lat' dir='ltr'><strong>littera,</strong></span> <span class='ocrx_word' id='word_1_510' title='bbox 2076 4291 2134 4346; x_wconf 91' lang='lat' dir='ltr'><strong>id</strong></span> 
     </span>
    </p>
   </div>
   <div class='ocr_carea' id='block_1_71' title="bbox 2231 3635 3868 3712">
    <p class='ocr_par' dir='ltr' id='par_1_71' title="bbox 2231 3635 3868 3712">
     <span class='ocr_line' id='line_1_71' title="bbox 2231 3635 3868 3712; baseline 0.004 -21"><span class='ocrx_word' id='word_1_511' title='bbox 2231 3635 2309 3691; x_wconf 88' lang='lat' dir='ltr'><strong>ita</strong></span> <span class='ocrx_word' id='word_1_512' title='bbox 2352 3636 2440 3692; x_wconf 91' lang='lat' dir='ltr'><strong>his</strong></span> <span class='ocrx_word' id='word_1_513' title='bbox 2483 3637 2748 3693; x_wconf 90' lang='lat' dir='ltr'><strong>omnibus</strong></span> <span class='ocrx_word' id='word_1_514' title='bbox 2789 3638 2995 3693; x_wconf 83' lang='lat' dir='ltr'><strong>Graecis</strong></span> <span class='ocrx_word' id='word_1_515' title='bbox 3037 3639 3237 3695; x_wconf 89' lang='lat' dir='ltr'><strong>litteris</strong></span> <span class='ocrx_word' id='word_1_516' title='bbox 3282 3656 3432 3712; x_wconf 83' lang='lat' dir='ltr'><strong>quae,</strong></span> <span class='ocrx_word' id='word_1_517' title='bbox 3482 3644 3543 3695; x_wconf 91' lang='lat' dir='ltr'><strong>ut</strong></span> <span class='ocrx_word' id='word_1_518' title='bbox 3592 3641 3868 3712; x_wconf 88' lang='lat' dir='ltr'><strong>diximus,</strong></span> 
     </span>
    </p>
   </div>
   <div class='ocr_carea' id='block_1_72' title="bbox 2230 3730 3872 3807">
    <p class='ocr_par' dir='ltr' id='par_1_72' title="bbox 2230 3730 3872 3807">
     <span class='ocr_line' id='line_1_72' title="bbox 2230 3730 3872 3807; baseline 0.005 -23"><span class='ocrx_word' id='word_1_519' title='bbox 2230 3745 2505 3785; x_wconf 90' lang='lat' dir='ltr'><strong>numeros</strong></span> <span class='ocrx_word' id='word_1_520' title='bbox 2530 3730 2861 3803; x_wconf 90' lang='lat' dir='ltr'><strong>exprimunt</strong></span> <span class='ocrx_word' id='word_1_521' title='bbox 2891 3731 2951 3786; x_wconf 91' lang='lat' dir='ltr'><strong>in</strong></span> <span class='ocrx_word' id='word_1_522' title='bbox 2974 3747 3156 3787; x_wconf 91' lang='lat' dir='ltr'><strong>unum</strong></span> <span class='ocrx_word' id='word_1_523' title='bbox 3177 3733 3380 3803; x_wconf 91' lang='lat' dir='ltr'><strong>ductis,</strong></span> <span class='ocrx_word' id='word_1_524' title='bbox 3403 3750 3581 3789; x_wconf 90' lang='lat' dir='ltr'><strong>unam</strong></span> <span class='ocrx_word' id='word_1_525' title='bbox 3600 3751 3872 3807; x_wconf 59' lang='lat' dir='ltr'><strong>quascun-</strong></span> 
     </span>
    </p>
   </div>
   <div class='ocr_carea' id='block_1_73' title="bbox 2232 3823 3870 3897">
    <p class='ocr_par' dir='ltr' id='par_1_73' title="bbox 2232 3823 3870 3897">
     <span class='ocr_line' id='line_1_73' title="bbox 2232 3823 3870 3897; baseline 0.005 -20"><span class='ocrx_word' id='word_1_526' title='bbox 2232 3839 2341 3894; x_wconf 91' lang='lat' dir='ltr'><strong>que</strong></span> <span class='ocrx_word' id='word_1_527' title='bbox 2361 3823 2534 3879; x_wconf 87' lang='lat' dir='ltr'><strong>fuerit</strong></span> <span class='ocrx_word' id='word_1_528' title='bbox 2553 3825 2800 3895; x_wconf 90' lang='lat' dir='ltr'><strong>collecta,</strong></span> <span class='ocrx_word' id='word_1_529' title='bbox 2830 3841 3117 3881; x_wconf 89' lang='lat' dir='ltr'><strong>summam</strong></span> <span class='ocrx_word' id='word_1_530' title='bbox 3147 3826 3443 3897; x_wconf 88' lang='lat' dir='ltr'><strong>epistolam</strong></span> <span class='ocrx_word' id='word_1_531' title='bbox 3475 3830 3687 3897; x_wconf 91' lang='lat' dir='ltr'><strong>teneat,</strong></span> <span class='ocrx_word' id='word_1_532' title='bbox 3717 3829 3870 3885; x_wconf 88' lang='lat' dir='ltr'><strong>hanc</strong></span> 
     </span>
    </p>
   </div>
   <div class='ocr_carea' id='block_1_74' title="bbox 2232 3916 3873 3994">
    <p class='ocr_par' dir='ltr' id='par_1_74' title="bbox 2232 3916 3873 3994">
     <span class='ocr_line' id='line_1_74' title="bbox 2232 3916 3873 3994; baseline 0.005 -24"><span class='ocrx_word' id='word_1_533' title='bbox 2232 3917 2331 3988; x_wconf 89' lang='lat' dir='ltr'><strong>qui</strong></span> <span class='ocrx_word' id='word_1_534' title='bbox 2346 3916 2596 3989; x_wconf 87' lang='lat' dir='ltr'><strong>suscipit,</strong></span> <span class='ocrx_word' id='word_1_535' title='bbox 2615 3918 2773 3973; x_wconf 91' lang='lat' dir='ltr'><strong>omni</strong></span> <span class='ocrx_word' id='word_1_536' title='bbox 2792 3936 2923 3975; x_wconf 90' lang='lat' dir='ltr'><strong>cum</strong></span> <span class='ocrx_word' id='word_1_537' title='bbox 2942 3921 3166 3975; x_wconf 88' lang='lat' dir='ltr'><strong>cautela</strong></span> <span class='ocrx_word' id='word_1_538' title='bbox 3184 3921 3443 3993; x_wconf 89' lang='lat' dir='ltr'><strong>requirat</strong></span> <span class='ocrx_word' id='word_1_539' title='bbox 3463 3937 3746 3994; x_wconf 87' lang='lat' dir='ltr'><strong>expresse,</strong></span> <span class='ocrx_word' id='word_1_540' title='bbox 3774 3924 3873 3979; x_wconf 86' lang='lat' dir='ltr'><strong>ad-</strong></span> 
     </span>
    </p>
   </div>
   <div class='ocr_carea' id='block_1_75' title="bbox 2231 4010 3874 4088">
    <p class='ocr_par' dir='ltr' id='par_1_75' title="bbox 2231 4010 3874 4088">
     <span class='ocr_line' id='line_1_75' title="bbox 2231 4010 3874 4088; baseline 0.004 -21"><span class='ocrx_word' id='word_1_541' title='bbox 2231 4010 2329 4067; x_wconf 89' lang='lat' dir='ltr'><strong>dat</strong></span> <span class='ocrx_word' id='word_1_542' title='bbox 2354 4015 2636 4083; x_wconf 83' lang='lat' dir='ltr'><strong>praeterea</strong></span> <span class='ocrx_word' id='word_1_543' title='bbox 2665 4014 2968 4085; x_wconf 86' lang='lat' dir='ltr'><strong>separatim</strong></span> <span class='ocrx_word' id='word_1_544' title='bbox 2986 4013 3047 4069; x_wconf 91' lang='lat' dir='ltr'><strong>in</strong></span> <span class='ocrx_word' id='word_1_545' title='bbox 3069 4014 3305 4086; x_wconf 89' lang='lat' dir='ltr'><strong>epistola</strong></span> <span class='ocrx_word' id='word_1_546' title='bbox 3332 4017 3790 4088; x_wconf 90' lang='lat' dir='ltr'><strong>nonagenarium</strong></span> <span class='ocrx_word' id='word_1_547' title='bbox 3813 4022 3874 4075; x_wconf 89' lang='lat' dir='ltr'><strong>et</strong></span> 
     </span>
    </p>
   </div>
   <div class='ocr_carea' id='block_1_76' title="bbox 2232 4107 3872 4181">
    <p class='ocr_par' dir='ltr' id='par_1_76' title="bbox 2232 4107 3872 4181">
     <span class='ocr_line' id='line_1_76' title="bbox 2232 4107 3872 4181; baseline 0.005 -22"><span class='ocrx_word' id='word_1_548' title='bbox 2232 4120 2445 4160; x_wconf 88' lang='lat' dir='ltr'><strong>novum</strong></span> <span class='ocrx_word' id='word_1_549' title='bbox 2476 4123 2782 4163; x_wconf 90' lang='lat' dir='ltr'><strong>numerum</strong></span> <span class='ocrx_word' id='word_1_550' title='bbox 2805 4107 2904 4181; x_wconf 88' lang='lat' dir='ltr'><strong>qui</strong></span> <span class='ocrx_word' id='word_1_551' title='bbox 2932 4108 3249 4164; x_wconf 86' lang='lat' dir='ltr'><strong>secundum</strong></span> <span class='ocrx_word' id='word_1_552' title='bbox 3275 4110 3465 4165; x_wconf 64' lang='lat' dir='ltr'><strong>Graeca</strong></span> <span class='ocrx_word' id='word_1_553' title='bbox 3495 4110 3777 4169; x_wconf 74' lang='lat' dir='ltr'><strong>elementa</strong></span> <span class='ocrx_word' id='word_1_554' title='bbox 3798 4113 3872 4168; x_wconf 85' lang='lat' dir='ltr'><strong>si-</strong></span> 
     </span>
    </p>
   </div>
   <div class='ocr_carea' id='block_1_77' title="bbox 2233 4198 3120 4271">
    <p class='ocr_par' dir='ltr' id='par_1_77' title="bbox 2233 4198 3120 4271">
     <span class='ocr_line' id='line_1_77' title="bbox 2233 4198 3120 4271; baseline 0.006 -18"><span class='ocrx_word' id='word_1_555' title='bbox 2233 4198 2524 4271; x_wconf 85' lang='lat' dir='ltr'><strong>gniﬁcant.</strong></span> <span class='ocrx_word' id='word_1_556' title='bbox 2555 4201 2742 4257; x_wconf 83' lang='lat' dir='ltr'><strong>Valete</strong></span> <span class='ocrx_word' id='word_1_557' title='bbox 2770 4202 2827 4256; x_wconf 92' lang='lat' dir='ltr'><strong>in</strong></span> <span class='ocrx_word' id='word_1_558' title='bbox 2858 4203 3120 4259; x_wconf 91' lang='lat' dir='ltr'><strong>Domino.</strong></span> 
     </span>
    </p>
   </div>
   <div class='ocr_carea' id='block_1_78' title="bbox 2578 4295 3518 4368">
    <p class='ocr_par' dir='ltr' id='par_1_78' title="bbox 2578 4295 3518 4368">
     <span class='ocr_line' id='line_1_78' title="bbox 2578 4295 3518 4368; baseline 0.007 -19"><span class='ocrx_word' id='word_1_559' title='bbox 2578 4295 2877 4368; x_wconf 87' lang='lat' dir='ltr'><strong>Hucusque</strong></span> <span class='ocrx_word' id='word_1_560' title='bbox 2900 4296 3149 4353; x_wconf 88' lang='lat' dir='ltr'><strong>Concilia</strong></span> <span class='ocrx_word' id='word_1_561' title='bbox 3173 4297 3518 4356; x_wconf 66' lang='lat' dir='ltr'><strong>Graecorum.</strong></span> 
     </span>
    </p>
   </div>
   <div class='ocr_carea' id='block_1_79' title="bbox 503 4448 3866 4493">
    <p class='ocr_par' dir='ltr' id='par_1_79' title="bbox 503 4448 3866 4493">
     <span class='ocr_line' id='line_1_79' title="bbox 503 4448 3866 4493; baseline 0.002 -8"><span class='ocrx_word' id='word_1_562' title='bbox 503 4448 3866 4493; x_wconf 48' lang='grc' dir='ltr'><em>Μ</em></span> 
     </span>
    </p>
   </div>
   <div class='ocr_carea' id='block_1_80' title="bbox 1117 4626 3224 4780">
    <p class='ocr_par' dir='ltr' id='par_1_80' title="bbox 1117 4626 3224 4780">
     <span class='ocr_line' id='line_1_80' title="bbox 1117 4626 3224 4780; baseline 0.002 -7"><span class='ocrx_word' id='word_1_563' title='bbox 1117 4637 1243 4713; x_wconf 71' lang='grc'><strong>’⁷6</strong></span> <span class='ocrx_word' id='word_1_564' title='bbox 1308 4626 2108 4774; x_wconf 86' lang='lat' dir='ltr'><strong>CONCILIA</strong></span> <span class='ocrx_word' id='word_1_565' title='bbox 2164 4632 3224 4780; x_wconf 82' lang='lat' dir='ltr'><strong>LATINOBUM</strong></span> 
     </span>
    </p>
   </div>
   <div class='ocr_carea' id='block_1_81' title="bbox 1985 4861 2390 4925">
    <p class='ocr_par' dir='ltr' id='par_1_81' title="bbox 1985 4861 2390 4925">
     <span class='ocr_line' id='line_1_81' title="bbox 1985 4861 2390 4925; baseline 0.007 -9"><span class='ocrx_word' id='word_1_566' title='bbox 1985 4861 2390 4925; x_wconf 82' lang='lat' dir='ltr'><strong>SEQUUNTUR</strong></span> 
     </span>
    </p>
   </div>
   <div class='ocr_carea' id='block_1_82' title="bbox 892 5010 3475 5117">
    <p class='ocr_par' dir='ltr' id='par_1_82' title="bbox 892 5010 3475 5117">
     <span class='ocr_line' id='line_1_82' title="bbox 892 5010 3475 5117; baseline 0.002 -14"><span class='ocrx_word' id='word_1_567' title='bbox 892 5015 1442 5117; x_wconf 85' lang='lat' dir='ltr'><strong>QUORUM</strong></span> <span class='ocrx_word' id='word_1_568' title='bbox 1541 5010 1929 5102; x_wconf 84' lang='lat' dir='ltr'><strong>PRIUS</strong></span> <span class='ocrx_word' id='word_1_569' title='bbox 2026 5017 2257 5103; x_wconf 92' lang='lat' dir='ltr'><strong>EST</strong></span> <span class='ocrx_word' id='word_1_570' title='bbox 2355 5019 3475 5109; x_wconf 84' lang='lat' dir='ltr'><strong>CARTHAGINENSE.</strong></span> 
     </span>
    </p>
   </div>
   <div class='ocr_carea' id='block_1_83' title="bbox 1097 5342 3274 5445">
    <p class='ocr_par' dir='ltr' id='par_1_83' title="bbox 1097 5342 3274 5445">
     <span class='ocr_line' id='line_1_83' title="bbox 1097 5342 3274 5445; baseline 0.006 -42"><span class='ocrx_word' id='word_1_571' title='bbox 1097 5343 1485 5408; x_wconf 84' lang='lat' dir='ltr'><strong>INCIPIUNT</strong></span> <span class='ocrx_word' id='word_1_572' title='bbox 1528 5342 1907 5409; x_wconf 86' lang='lat' dir='ltr'><strong>CAPITULA</strong></span> <span class='ocrx_word' id='word_1_573' title='bbox 1950 5344 2283 5411; x_wconf 84' lang='lat' dir='ltr'><strong>CONCILII</strong></span> <span class='ocrx_word' id='word_1_574' title='bbox 2326 5346 2541 5445; x_wconf 78' lang='lat' dir='ltr'><strong>PRlMI</strong></span> <span class='ocrx_word' id='word_1_575' title='bbox 2585 5348 3274 5416; x_wconf 83' lang='lat' dir='ltr'><strong>CARTHAGINENSIS.</strong></span> 
     </span>
    </p>
   </div>
   <div class='ocr_carea' id='block_1_84' title="bbox 574 5613 3860 5706">
    <p class='ocr_par' dir='ltr' id='par_1_84' title="bbox 574 5613 3860 5706">
     <span class='ocr_line' id='line_1_84' title="bbox 574 5613 3860 5706; baseline 0.004 -34"><span class='ocrx_word' id='word_1_576' title='bbox 574 5620 624 5672; x_wconf 79' lang='lat' dir='ltr'><strong>l.</strong></span> <span class='ocrx_word' id='word_1_577' title='bbox 640 5616 710 5672; x_wconf 87' lang='lat' dir='ltr'><strong>Ut</strong></span> <span class='ocrx_word' id='word_1_578' title='bbox 723 5614 992 5687; x_wconf 90' lang='lat' dir='ltr'><strong>baptism.</strong></span> <span class='ocrx_word' id='word_1_579' title='bbox 1018 5613 1077 5669; x_wconf 92' lang='lat' dir='ltr'><strong>in</strong></span> <span class='ocrx_word' id='word_1_580' title='bbox 1095 5615 1365 5671; x_wconf 86' lang='lat' dir='ltr'><strong>Trinitate</strong></span> <span class='ocrx_word' id='word_1_581' title='bbox 1387 5622 1711 5690; x_wconf 86' lang='lat' dir='ltr'><strong>susceptum</strong></span> <span class='ocrx_word' id='word_1_582' title='bbox 1727 5633 1843 5676; x_wconf 89' lang='lat' dir='ltr'><strong>non</strong></span> <span class='ocrx_word' id='word_1_583' title='bbox 1864 5619 2122 5679; x_wconf 83' lang='lat' dir='ltr'><strong>iteratur.</strong></span> <span class='ocrx_word' id='word_1_584' title='bbox 2143 5634 2203 5706; x_wconf 84' lang='lat' dir='ltr'><strong>D</strong></span> <span class='ocrx_word' id='word_1_585' title='bbox 2296 5623 2349 5677; x_wconf 91' lang='grc'><strong>4.</strong></span> <span class='ocrx_word' id='word_1_586' title='bbox 2388 5624 2459 5679; x_wconf 89' lang='lat' dir='ltr'><strong>Ut</strong></span> <span class='ocrx_word' id='word_1_587' title='bbox 2498 5639 2629 5679; x_wconf 91' lang='lat' dir='ltr'><strong>cum</strong></span> <span class='ocrx_word' id='word_1_588' title='bbox 2676 5623 2862 5681; x_wconf 88' lang='lat' dir='ltr'><strong>viduis</strong></span> <span class='ocrx_word' id='word_1_589' title='bbox 2888 5626 2979 5682; x_wconf 90' lang='lat' dir='ltr'><strong>vel</strong></span> <span class='ocrx_word' id='word_1_590' title='bbox 3004 5625 3127 5682; x_wconf 89' lang='lat' dir='ltr'><strong>aliis</strong></span> <span class='ocrx_word' id='word_1_591' title='bbox 3153 5626 3437 5684; x_wconf 87' lang='lat' dir='ltr'><strong>extraneis</strong></span> <span class='ocrx_word' id='word_1_592' title='bbox 3462 5627 3717 5699; x_wconf 87' lang='lat' dir='ltr'><strong>personis</strong></span> <span class='ocrx_word' id='word_1_593' title='bbox 3745 5645 3860 5684; x_wconf 90' lang='lat' dir='ltr'><strong>non</strong></span> 
     </span>
    </p>
   </div>
   <div class='ocr_carea' id='block_1_85' title="bbox 569 5709 1960 5781">
    <p class='ocr_par' dir='ltr' id='par_1_85' title="bbox 569 5709 1960 5781">
     <span class='ocr_line' id='line_1_85' title="bbox 569 5709 1960 5781; baseline 0.004 -16"><span class='ocrx_word' id='word_1_594' title='bbox 569 5713 623 5765; x_wconf 80' lang='lat'><strong>2.</strong></span> <span class='ocrx_word' id='word_1_595' title='bbox 649 5710 728 5764; x_wconf 90' lang='lat' dir='ltr'><strong>De</strong></span> <span class='ocrx_word' id='word_1_596' title='bbox 751 5712 1069 5781; x_wconf 82' lang='lat' dir='ltr'><strong>martyrum</strong></span> <span class='ocrx_word' id='word_1_597' title='bbox 1097 5709 1408 5780; x_wconf 88' lang='lat' dir='ltr'><strong>sepulchris</strong></span> <span class='ocrx_word' id='word_1_598' title='bbox 1434 5714 1491 5765; x_wconf 86' lang='lat' dir='ltr'><strong>et</strong></span> <span class='ocrx_word' id='word_1_599' title='bbox 1514 5712 1960 5770; x_wconf 89' lang='lat' dir='ltr'><strong>honoriﬁcentia.</strong></span> 
     </span>
    </p>
   </div>
   <div class='ocr_carea' id='block_1_86' title="bbox 568 5801 2121 5866">
    <p class='ocr_par' dir='ltr' id='par_1_86' title="bbox 568 5801 2121 5866">
     <span class='ocr_line' id='line_1_86' title="bbox 568 5801 2121 5866; baseline 0.004 -7"><span class='ocrx_word' id='word_1_600' title='bbox 568 5805 620 5859; x_wconf 89' lang='lat'><strong>3.</strong></span> <span class='ocrx_word' id='word_1_601' title='bbox 647 5804 722 5858; x_wconf 92' lang='lat' dir='ltr'><strong>Ut</strong></span> <span class='ocrx_word' id='word_1_602' title='bbox 745 5802 931 5857; x_wconf 90' lang='lat' dir='ltr'><strong>clerici</strong></span> <span class='ocrx_word' id='word_1_603' title='bbox 958 5806 1015 5856; x_wconf 89' lang='lat' dir='ltr'><strong>et</strong></span> <span class='ocrx_word' id='word_1_604' title='bbox 1036 5801 1490 5858; x_wconf 88' lang='lat' dir='ltr'><strong>sanctimoniales</strong></span> <span class='ocrx_word' id='word_1_605' title='bbox 1512 5803 1745 5861; x_wconf 81' lang='lat' dir='ltr'><strong>feminae</strong></span> <span class='ocrx_word' id='word_1_606' title='bbox 1769 5822 1900 5862; x_wconf 91' lang='lat' dir='ltr'><strong>cum</strong></span> <span class='ocrx_word' id='word_1_607' title='bbox 1931 5813 2121 5866; x_wconf 87' lang='lat' dir='ltr'><strong>extra-</strong></span> 
     </span>
    </p>
   </div>
   <div class='ocr_carea' id='block_1_87' title="bbox 500 5894 1595 5953">
    <p class='ocr_par' dir='ltr' id='par_1_87' title="bbox 500 5894 1595 5953">
     <span class='ocr_line' id='line_1_87' title="bbox 500 5894 1595 5953; baseline 0.001 -1"><span class='ocrx_word' id='word_1_608' title='bbox 500 5894 621 5952; x_wconf 87' lang='lat' dir='ltr'><strong>neis</strong></span> <span class='ocrx_word' id='word_1_609' title='bbox 648 5895 778 5952; x_wconf 88' lang='lat' dir='ltr'><strong>viris</strong></span> <span class='ocrx_word' id='word_1_610' title='bbox 805 5896 897 5953; x_wconf 89' lang='lat' dir='ltr'><strong>vel</strong></span> <span class='ocrx_word' id='word_1_611' title='bbox 924 5894 1151 5953; x_wconf 87' lang='lat' dir='ltr'><strong>feminis</strong></span> <span class='ocrx_word' id='word_1_612' title='bbox 1174 5910 1291 5951; x_wconf 91' lang='lat' dir='ltr'><strong>non</strong></span> <span class='ocrx_word' id='word_1_613' title='bbox 1318 5895 1595 5953; x_wconf 87' lang='lat' dir='ltr'><strong>habitent.</strong></span> 
     </span>
    </p>
   </div>
   <div class='ocr_carea' id='block_1_88' title="bbox 2225 5720 2668 5773">
    <p class='ocr_par' dir='ltr' id='par_1_88' title="bbox 2225 5720 2668 5773">
     <span class='ocr_line' id='line_1_88' title="bbox 2225 5720 2668 5773; baseline 0.007 -3"><span class='ocrx_word' id='word_1_614' title='bbox 2225 5720 2668 5773; x_wconf 81' lang='lat' dir='ltr'><strong>commorantur.</strong></span> 
     </span>
    </p>
   </div>
   <div class='ocr_carea' id='block_1_89' title="bbox 2291 5811 3859 5873">
    <p class='ocr_par' dir='ltr' id='par_1_89' title="bbox 2291 5811 3859 5873">
     <span class='ocr_line' id='line_1_89' title="bbox 2291 5811 3859 5873; baseline 0.005 -8"><span class='ocrx_word' id='word_1_615' title='bbox 2291 5814 2343 5865; x_wconf 83' lang='lat'><strong>5.</strong></span> <span class='ocrx_word' id='word_1_616' title='bbox 2377 5812 2446 5866; x_wconf 90' lang='lat' dir='ltr'><strong>Ut</strong></span> <span class='ocrx_word' id='word_1_617' title='bbox 2464 5811 2648 5868; x_wconf 89' lang='lat' dir='ltr'><strong>clerici</strong></span> <span class='ocrx_word' id='word_1_618' title='bbox 2676 5812 2765 5869; x_wconf 89' lang='lat' dir='ltr'><strong>vel</strong></span> <span class='ocrx_word' id='word_1_619' title='bbox 2785 5812 2916 5870; x_wconf 90' lang='lat' dir='ltr'><strong>laici</strong></span> <span class='ocrx_word' id='word_1_620' title='bbox 2947 5813 3009 5869; x_wconf 90' lang='lat' dir='ltr'><strong>in</strong></span> <span class='ocrx_word' id='word_1_621' title='bbox 3038 5812 3270 5872; x_wconf 87' lang='lat' dir='ltr'><strong>alterius</strong></span> <span class='ocrx_word' id='word_1_622' title='bbox 3295 5815 3537 5873; x_wconf 87' lang='lat' dir='ltr'><strong>Ecclesia</strong></span> <span class='ocrx_word' id='word_1_623' title='bbox 3565 5832 3681 5871; x_wconf 91' lang='lat' dir='ltr'><strong>non</strong></span> <span class='ocrx_word' id='word_1_624' title='bbox 3708 5816 3859 5873; x_wconf 89' lang='lat' dir='ltr'><strong>ordi-</strong></span> 
     </span>
    </p>
   </div>
   <div class='ocr_carea' id='block_1_90' title="bbox 2221 5906 2455 5963">
    <p class='ocr_par' dir='ltr' id='par_1_90' title="bbox 2221 5906 2455 5963">
     <span class='ocr_line' id='line_1_90' title="bbox 2221 5906 2455 5963; baseline 0.017 -5"><span class='ocrx_word' id='word_1_625' title='bbox 2221 5906 2455 5963; x_wconf 86' lang='lat' dir='ltr'><strong>nentur.</strong></span> 
     </span>
    </p>
   </div>
  </div>
