4054 6334
200 331 296 383 :z2l

1440 333 1912 390 DECRETALIUM
1949 334 2332 390 CULLEC'I‘IO.

3454 344 3552 393 322

271 440 324 490 6.
370 437 436 490 Ut
470 436 657 490 clerici
694 440 850 526 actus
889 438 1247 492 saecularium
1289 440 1377 492 vel
1409 441 1833 510 procurationes
1854 455 1912 526 Α
2007 445 2091 496 1ο.
2123 442 2202 495 Ne
2225 421 2517 512 episcopus
2542 441 2774 495 alterius
2800 441 3050 513 episc0pi
3080 442 3274 512 plebes
3300 444 3383 498 vel
3415 447 3554 498 linus

199 545 315 582 non
345 527 671 598 suscipiant.
683 518 706 608 ι’

272 625 326 674 7.
363 622 431 675 Ut
451 621 642 674 clerici
674 622 758 675 vel
782 621 906 676 laici
935 623 995 676 in
1030 621 1215 676 aliena
1243 624 1489 679 Ecclesia
1520 641 1633 678 non
1669 642 1825 680 com-

198 713 497 767 municent
522 715 626 767 sub
654 714 854 768 litteris
885 714 970 768 sui
995 715 1263 786 episcopi.

271 807 326 859 8.
395 807 466 858 Ut
509 806 782 876 implicati
833 807 1081 877 negotiis
1131 807 1330 862 alienis
1382 813 1510 862 ante
1553 810 1829 864 redditam

201 898 485 952 rationem
515 897 700 952 clerici
727 914 841 951 non
864 898 1220 954 ordinentur.

270 992 324 1043 9.
358 991 430 1043 Ut
457 989 585 1043 laici
624 990 854 1044 clericos
881 995 1101 1046 actores
1134 992 1221 1046 vel
1257 991 1686 1047 ratiocinatores
1725 994 1830 1047 sibi

196 1097 315 1136 non
341 1081 702 1136 constituant.

1929 538 2186 604 usurpet.

2003 630 2086 679 Η.
2119 627 2192 679 De
2223 625 2437 679 clericis
2473 625 2906 681 contumacibus
2941 629 2997 680 et
3033 627 3103 680 de
3137 643 3374 681 numero
3397 628 3551 698 judi-

1927 717 2178 771 cantium
2208 718 2667 787 presbyterorum
2699 721 2757 771 et
2785 718 3176 773 diaconorum.

2003 812 2085 862 12.
2119 811 2190 863 Ut
2214 813 2375 877 pacta
2402 809 2550 862 inter
2579 809 2866 879 episcopos
2890 810 3032 864 inita
3057 811 3466 866 custodiantur.

2003 903 2088 953 l3.
2122 901 2192 954 Ut
2216 917 2329 953 non
2355 899 2525 954 liceat
2551 901 2769 954 clericis
2792 901 3072 956 fenerare.

2003 993 2088 1046 14.
2125 993 2196 1045 Ut
2224 991 2355 1045 laici
2389 997 2808 1063 contemptores
2846 1010 3128 1048 canonum
3167 996 3551 1050 excommuni-

1930 1085 2151 1152 centur,
2181 1081 2370 1136 clerici
2395 1099 2529 1136 vero
2556 1084 2772 1138 honore
2801 1085 3109 1154 priventur.

557 1281 968 1373 INCIPIT
1040 1284 1650 1376 CONCILIUM
1720 1285 2156 1377 PRIMUM
2224 1281 3168 1376 CARTHAGINENSE

264 1443 407 1495 Cum
451 1443 652 1497 Gratus
695 1443 993 1514 episcopus
1036 1445 1469 1516 Carthaginensi
1503 1448 1561 1500 in
1597 1449 1829 1504 concilio
1929 1446 2060 1500 licet
2086 1449 2270 1501 vestra
2288 1444 2592 1516 prudentia
2623 1445 2695 1498 sit
2725 1444 2997 1498 instructa
3021 1460 3055 1497 a
3081 1445 3215 1514 Deo,
3251 1451 3307 1500 et
3333 1463 3546 1502 merea-

194 1550 313 1587 una
342 1551 476 1587 cum
507 1535 734 1606 collegis
763 1535 877 1588 suis
895 1536 1264 1603 consedisset,
1292 1541 1348 1592 et
1375 1537 1471 1608 qui
1500 1556 1568 1592 ex
1596 1541 1828 1595 diversis
1929 1544 2022 1593 tur
2055 1538 2114 1592 in
2165 1555 2324 1609 pace,
2366 1542 2422 1592 et
2457 1538 2675 1592 unitate
2716 1536 2984 1606 consequi
3029 1536 3274 1607 desuper
3313 1555 3551 1594 munera

192 1625 501 1696 provinciis
546 1627 819 1680 Africanis
858 1627 932 1680 ad
976 1628 1379 1698 Carthaginem
1422 1637 1826 1700 convenerunt,
1927 1631 2106 1700 larga,
2134 1635 2330 1684 tamen
2369 1633 2426 1683 et
2465 1645 2572 1699 ego
2603 1645 2747 1684 unus
2796 1645 2862 1683 ex
2888 1628 3068 1695 vobis,
3115 1633 3172 1682 et
3206 1646 3318 1700 quo
3358 1647 3552 1701 parem

194 1719 378 1772 Felice
438 1719 754 1785 Baianensi,
811 1719 1216 1774 Fortunatiano
1267 1723 1614 1792 Ramptano,
1665 1725 1826 1778 Cres-
1927 1722 2213 1776 vobiscum
2232 1721 2667 1776 sollicitudinem
2688 1725 3096 1791 gero,propter
3114 1721 3552 1778 ecclesiasticum

192 1813 355 1864 cente
389 1810 631 1878 Baiensi,
669 1811 1000 1865 Vindiciano
1040 1813 1421 1880 Lacubaiensi,
1465 1800 1904 1870 AbundantioB
1929 1815 2191 1868 ordinem
2214 1814 2355 1868 illud
2378 1813 2670 1867 insinuare
2700 1813 2929 1867 curabo.

188 1902 565 1955 Adrumetino
586 1944 599 1970 ,
644 1903 832 1957 Priato
875 1904 1282 1975 Begesilitano,
1330 1907 1650 1961 Gaudentio
1687 1909 1828 1962 Tur-
1999 1909 2063 1962 ll.
2096 1907 2406 1976 Martyrum
2435 1905 2772 1976 dignitatem
2802 1921 2971 1959 nemo
2995 1905 3267 1976 profanus
3293 1905 3552 1976 infamet,

189 1993 486 2048 retaliensi
519 2036 532 2061 ,
597 1994 835 2048 Patricio
913 1995 1164 2050 Sincensi
1195 2038 1208 2066 ,
1285 1997 1487 2061 Quieto
1542 1999 1826 2070 Uticensi,
1929 2015 2114 2069 neque
2140 1997 2358 2073 passiva
2390 2013 2628 2068 corpora
2663 2013 2792 2068 quae
2827 1997 3131 2068 sepulturae
3169 2000 3385 2052 tantum
3419 2015 3552 2069 pro-

189 2086 441 2139 Rumulo
471 2086 822 2152 Tebestiano,
854 2093 910 2140 et
933 2089 1152 2142 caeteris
1182 2105 1425 2158 quorum
1453 2106 1657 2144 manus
1695 2108 1824 2146 con-
1929 2095 2055 2160 pter
2097 2083 2436 2145 memoriam
2485 2089 2916 2144 ecclesiasticam
2961 2089 3350 2144 commendari
3391 2107 3554 2144 man-

187 2178 473 2246 tinentur,
511 2178 664 2231 idem
696 2179 898 2232 Gratus
930 2179 1225 2250 episcopus
1255 2181 1433 2235 dixit:
1467 2183 1682 2238 Gratias
1714 2186 1826 2238 Deo
1931 2183 2128 2236 datum
2177 2187 2278 2249 est,
2330 2182 2608 2252 redigant,
2669 2186 2729 2235 ut
2766 2185 2864 2234 aut
2901 2181 3116 2235 insania
3152 2182 3556 2251 praecipitatos,

188 2269 577 2340 omnipotenti
603 2273 660 2324 et
683 2270 902 2324 Christo
941 2272 1090 2340 Jesu,
1133 2272 1231 2342 qui
1263 2272 1421 2326 dedit
1460 2275 1619 2328 malis
1656 2275 1824 2329 schis-
1928 2277 2026 2328 aut
2051 2274 2162 2327 alia
2197 2273 2417 2328 ratione
2451 2272 2670 2343 peccati
2712 2271 3017 2342 disjunctos
3057 2289 3170 2325 non
3212 2273 3426 2326 ratione
3469 2273 3557 2326 vel

189 2361 440 2415 matibus
503 2362 699 2431 ﬁnem,
750 2367 806 2415 et
843 2363 1084 2434 respexit
1119 2364 1421 2418 Ecclesiam
1453 2383 1632 2435 suam,
1674 2373 1736 2421 ut
1770 2367 1829 2421 in
1931 2369 2188 2435 tempore
2213 2364 2578 2435 competenti,
2603 2381 2714 2434 quo
2735 2364 3008 2434 martyria
3035 2364 3396 2418 celebrentur
3413 2381 3558 2418 mar-

189 2454 314 2523 ejus
353 2454 639 2524 gremium
681 2454 928 2525 erigeret
959 2455 1219 2510 universa
1253 2458 1515 2512 membra
1553 2459 1825 2530 dispersa,
1929 2461 2116 2527 tyrum
2172 2457 2410 2510 nomina
2460 2435 2886 2547 appellent,{ut
2929 2455 2976 2508 si
3011 2455 3137 2525 quis
3183 2456 3255 2508 ad
3288 2455 3555 2526 injuriam

187 2546 288 2615 qui
321 2545 625 2616 imperavit
670 2545 1093 2616 religiosissimo
1121 2548 1450 2604 Constantio
1477 2549 1824 2620 imperatori,
1929 2553 2249 2619 martyrum
2274 2547 2540 2602 claritatis
2569 2563 2768 2601 eorum
2791 2545 3070 2616 adjungat
3093 2547 3341 2613 insanos,
3373 2547 3556 2616 placet

188 2643 252 2690 ut
300 2639 497 2690 votum
558 2643 784 2708 gereret
830 2639 1082 2705 unitatis,
1131 2643 1188 2693 et
1245 2641 1496 2695 mitteret
1541 2641 1828 2696 ministros
1928 2657 2043 2708 eos,
2078 2641 2121 2694 si
2152 2641 2280 2694 laici
2310 2639 2443 2705 sint,
2473 2640 2545 2693 ad
2581 2638 2979 2710 paenitentiam
3018 2637 3224 2708 redigi.
3267 2638 3321 2692 Si
3361 2641 3556 2692 autem

189 2730 370 2784 sancti
403 2730 588 2800 operis
637 2730 876 2784 famulos
902 2732 1022 2797 Dei,
1071 2732 1312 2786 Paulum
1360 2739 1415 2786 et
1456 2734 1825 2790 Macharium.
1928 2736 2061 2786 sunt
2083 2732 2293 2799 clerici,
2323 2735 2451 2802 post
2483 2731 2986 2784 commonitionem
3019 2735 3074 2784 et
3110 2733 3238 2799 post
3272 2730 3554 2799 cognitio-

187 2822 290 2876 Dei
322 2838 462 2892 ergo
500 2825 643 2875 nutu
684 2822 1018 2894 congregati
1057 2824 1130 2877 ad
1177 2825 1476 2891 unitatem,
1524 2831 1584 2880 ut
1610 2843 1712 2896 per
1742 2827 1824 2881 die
1927 2841 2060 2879 nem
2086 2825 2303 2878 honore
2342 2823 2570 2893 privari.
2615 2823 2871 2876 Universi
2913 2823 3198 2888 dixerunt,
3245 2826 3396 2875 recte
3442 2825 3552 2875 sta-

189 2930 382 2968 versas
418 2913 736 2983 provincias
771 2915 1418 2986 conciliacelebremus,
1454 2921 1512 2970 et
1548 2918 1828 2972 universae
1927 2916 2052 2969 bilit
2071 2915 2338 2970 sanctitas
2373 2921 2576 2981 vestra,
2606 2915 2712 2968 hoc
2743 2917 2801 2968 et
2828 2913 3067 2984 singulis
3093 2913 3341 2967 conciliis
3380 2917 3554 2966 statu-

187 3007 500 3076 provinciae
524 3006 726 3060 Africae
757 3007 1036 3061 hodierna
1070 3008 1160 3062 die
1187 3009 1492 3063 concilium
1521 3009 1702 3080 gratia
1732 3011 1826 3064 Dei
1928 3014 2049 3062 tum
2080 3011 2188 3063 est.

186 3099 598 3169 Carthaginem
655 3099 891 3165 veniret,
949 3100 1102 3154 unde
1154 3100 1636 3156 considerantibus
1670 3102 1828 3157 vobis
1851 3148 1899 3171 η
1997 3101 2084 3154 ΙΙΙ.
2114 3102 2315 3155 Gratus
2353 3101 2654 3171 episcopus
2685 3099 2823 3154 dixit
2851 3115 2864 3153 :
2897 3099 2967 3152 Et
3001 3098 3142 3152 illud
3175 3097 3481 3169 prmoipue,
3512 3098 3560 3151 si

195 3148 598 3169 -w--_wo-_---_
667 3148 891 3165 .-ω-π,
954 3148 1100 3154 κη-
1158 3148 1634 3156 ----_-_--_----__-
1685 3148 1826 3157 η---
1997 3148 2084 3154 ----
2120 3148 2313 3155 ,-_-_-
2357 3148 2652 3171 Ὕπηρ-
2689 3148 2821 3154 _-__-
2851 3148 2863 3153 -
2897 3148 2966 3152 _-
3001 3148 3141 3152 ψη
3175 3148 3481 3169 ,_--__,__,
3514 3148 3558 3151 --

187 3207 322 3244 cum
352 3207 485 3244 mea
523 3190 916 3244 mediocritate
957 3195 1271 3247 tractentur
1313 3193 1461 3246 tituli
1503 3195 1825 3265 necessarii,
1848 3148 1904 3222 Ο
1929 3192 2150 3247 videtur
2176 3195 2374 3247 vestrae
2404 3191 2709 3258 dilectioni,
2747 3190 3060 3244 cavendum
3090 3194 3192 3256 est,
3226 3195 3289 3245 ut
3315 3192 3558 3260 pastoris

188 3283 261 3336 de
286 3283 497 3353 quibus
537 3298 764 3336 necesse
809 3286 894 3336 est
939 3300 1044 3338 nos
1089 3300 1376 3338 memores
1415 3291 1828 3356 praeceptorum
1930 3301 2061 3339 cura
2095 3289 2375 3356 quantum
2409 3284 2579 3338 debet
2605 3287 2662 3336 et
2689 3287 2874 3354 potest
2899 3282 3177 3353 regularis
3207 3282 3559 3353 providentia

188 3374 521 3428 divinorum
574 3379 630 3429 et
683 3375 996 3446 magisterii
1049 3375 1370 3431 divinarum
1412 3378 1827 3448 Scripturarum
1927 3383 2298 3448 praemoneat,
2327 3382 2393 3431 ut
2419 3376 2589 3430 nullis
2616 3375 2782 3429 liceat
2811 3375 2882 3428 ab
2914 3374 3120 3428 affectu
3143 3374 3557 3429 abstinentibus

188 3467 650 3536 contemplantes
681 3467 909 3521 unitatis
938 3471 1184 3538 tempus,
1225 3469 1281 3522 id
1316 3470 1385 3523 de
1425 3469 1662 3540 singulis
1687 3471 1824 3524 deﬁ-

187 3560 318 3614 nire
351 3560 506 3630 quod
554 3575 656 3612 nec
699 3559 983 3630 Carthago
1025 3561 1282 3631 vigorem
1332 3561 1474 3632 legis
1535 3562 1824 3632 infringat,

187 3668 299 3706 nec
319 3655 517 3705 tamen
538 3656 795 3721 tempore
824 3651 1057 3706 unitatis
1087 3653 1303 3724 aliquid
1329 3654 1698 3709 durissimum
1711 3659 1822 3709 sta-

188 3747 443 3798 tuamus.

258 3837 389 3892 CAP.
422 3836 462 3890 Ι.
499 3836 647 3907 Ergo
690 3834 736 3890 si
790 3837 944 3891 vobis
987 3838 1192 3908 placet,
1238 3837 1661 3894 consideremus
1707 3839 1822 3909 pri-

190 3945 356 3983 mum
380 3928 614 3983 titulum
644 3929 1129 4000 rebaptizationis,
1157 3930 1312 3985 unde
1338 3932 1695 3986 sanctitatem
1723 3948 1822 3986 ve-

189 4024 372 4076 stram
409 4022 634 4091 postulo
671 4027 736 4076 ut
777 4022 983 4077 mentis
1026 4027 1225 4077 vestrae
1268 4023 1471 4094 placita
1505 4024 1825 4094 producatis

189 4116 260 4169 ad
309 4113 750 4169 descendentem
794 4114 856 4167 in
897 4131 1139 4186 aquam,
1189 4119 1247 4170 et
1297 4115 1718 4186 interrogatum
1763 4116 1824 4170 in

1927 3469 2144 3524 carnali
2188 3469 2341 3539 apud
2385 3471 2684 3521 extraneos
2729 3466 2942 3537 pariter
2988 3467 3356 3530 commorari;
3400 3482 3556 3519 occa-

1927 3562 2114 3616 siones
2159 3560 2314 3614 enim
2349 3559 2716 3630 amputandae
2758 3561 2892 3612 sunt
2926 3561 3310 3628 peccatorum,
3355 3561 3414 3610 et
3449 3558 3552 3611 tol-

1926 3654 2108 3709 lendae.
2156 3667 2357 3706 omnes
2400 3651 2745 3722 suspiciones
2773 3649 2976 3720 quibus
3013 3648 3292 3703 subtilitas
3339 3649 3553 3704 diaboli

1924 3746 2029 3800 sub
2059 3747 2342 3816 praetextu
2370 3741 2658 3798 charitatis
2691 3745 2749 3796 et
2777 3741 3098 3796 dilectionis
3137 3741 3392 3795 incautas
3426 3742 3551 3795 ani-

1926 3855 2046 3892 mas
2087 3839 2173 3892 vel
2218 3837 2449 3908 ignaras
2491 3834 2713 3889 irretire
2767 3833 3080 3888 consuevit.
3142 3833 3340 3887 Nullus
3379 3833 3555 3904 igitur

1925 3931 2198 4001 nullaque
2226 3927 2618 3984 sanctimonia:
2650 3930 2709 3981 et
2735 3927 3044 3998 virginitati
3073 3926 3392 3982 deserviens
3421 3941 3555 3996 pro.

1926 4027 2052 4095 pter
2079 4021 2497 4094 blasphemiam
2542 4019 2822 4089 Ecclesiae,
2852 4019 2900 4072 si
2932 4019 3088 4074 vobis
3114 4020 3319 4090 placet,
3355 4019 3414 4073 in
3440 4035 3557 4073 una

1925 4116 2095 4170 domo
2114 4132 2242 4170 cum
2266 4113 2547 4168 extraneis
2564 4112 2791 4184 penitus
2809 4111 3152 4168 commorari
3173 4111 3387 4166 debent
3400 4111 3558 4178 ;.uni-

189 4205 468 4262 Trinitate
499 4206 813 4261 secundum
832 4207 1122 4278 Evangelii
1139 4207 1336 4278 fidem,
1359 4213 1418 4263 et
1435 4209 1823 4280 apostolorum
1923 4209 2071 4262 versi
2127 4208 2430 4262 dixerunt:
2481 4206 2587 4274 Qui
2639 4206 2842 4260 nolunt
2892 4204 3128 4272 nubere,
3169 4209 3226 4259 et
3269 4202 3556 4275 pudicitia:

192 4299 537 4368 doctrinam,
579 4304 636 4354 et
678 4300 1005 4354 confessum
1047 4300 1263 4354 bonam
1309 4301 1715 4356 conscientiam
1767 4302 1824 4356 in
1923 4300 2223 4355 meliorem
2261 4299 2483 4368 eligunt
2524 4301 2767 4368 partem,
2812 4297 2937 4351 hinc
2989 4297 3168 4352 vitare
3214 4295 3459 4364 debent,
3499 4298 3556 4350 et

191 4392 399 4462 Deum,
429 4391 498 4446 de
530 4392 945 4446 resurrectione
984 4393 1116 4448 Jesu
1153 4392 1381 4460 Christi,
1429 4394 1476 4447 si
1515 4394 1681 4449 liceat
1715 4395 1820 4449 ite-

1925 4410 2042 4447 non
2074 4393 2254 4446 solum
2301 4391 2558 4444 habitare
2605 4389 2794 4457 simul,
2841 4389 2940 4444 sed
2984 4405 3090 4443 nec
3130 4388 3341 4444 habere
3383 4388 3455 4441 ad
3495 4403 3552 4442 se

191 4501 326 4539 rum
355 4484 702 4554 interrogari
740 4485 800 4538 in
829 4485 1028 4539 eadem
1074 4485 1207 4551 ﬁde,
1250 4488 1309 4539 et
1355 4485 1415 4540 in
1441 4502 1588 4557 aqua
1611 4487 1899 4568 iterumD
1921 4486 2169 4556 aliquem
2198 4499 2516 4549 accessum;
2562 4483 2670 4536 hoc
2705 4498 2841 4553 ergo
2882 4485 2941 4536 et
2989 4482 3074 4536 lex
3109 4481 3293 4551 jubet,
3334 4485 3390 4534 et
3419 4497 3553 4533 san-

192 4576 426 4647 intingi,
470 4574 720 4630 universi
765 4577 1010 4648 episcopi
1055 4577 1320 4632 dixerunt
1360 4594 1374 4631 :
1425 4579 1619 4647 Absit,
1658 4581 1822 4635 absit.

194 4670 420 4725 lllicitas
447 4685 568 4722 esse
607 4668 891 4723 sancimus
926 4669 1417 4741 rebaptizationes,
1451 4674 1508 4724 et
1545 4672 1678 4726 satis
1707 4689 1826 4727 esse

197 4762 450 4816 alienum
476 4778 510 4815 a
535 4759 757 4816 sincera
783 4762 917 4831 ﬁde,
949 4766 1008 4816 et
1044 4761 1318 4816 catholica
1346 4763 1663 4833 disciplina.
1691 4766 1823 4819 Gra-

195 4860 288 4909 tus
320 4854 622 4925 episcopus
647 4853 786 4910 dixit
819 4871 831 4908 :
865 4850 1064 4925 Magna
1098 4854 1386 4909 beatitudo
1433 4872 1466 4910 a
1497 4857 1605 4909 Deo
1640 4858 1824 4923 Patre,

196 4963 300 5018 per
324 4946 631 5000 Dominum
671 4947 958 5001 Christum
1001 4963 1266 5002 concessa
1306 4951 1391 5002 est
1425 4952 1687 5018 tempore
1720 4965 1824 5004 no-

198 5044 331 5106 stro,
358 5044 424 5092 ut
459 5039 631 5093 liceat
672 5039 952 5109 religiosis
992 5039 1279 5095 mentibus
1325 5039 1616 5095 insinuare
1649 5041 1826 5095 eccle-

198 5131 481 5186 siasticam
509 5131 882 5202 disciplinam,
917 5137 977 5186 ut
1013 5132 1300 5187 auditores
1333 5133 1710 5204 percipientes
1737 5149 1826 5189 re-

201 5224 392 5296 gulam
422 5227 636 5278 rectam
663 5229 720 5278 et
743 5225 860 5278 Deo
887 5225 1229 5296 placentem,
1261 5225 1494 5296 praemia
1513 5227 1828 5281 multorum

201 5317 486 5372 bonorum
521 5315 859 5387 percipiant,
899 5316 1054 5372 utin
1089 5316 1224 5388 ipsis
1268 5321 1411 5373 Deus
1449 5318 1508 5372 in
1542 5319 1828 5388 omnibus,

203 5415 257 5464 et
282 5427 385 5480 pro
412 5405 677 5463 omnibus
703 5409 1036 5479 honoretur,
1055 5411 1360 5480 discussus
1389 5414 1476 5465 est
1505 5412 1701 5466 titulus
1728 5428 1828 5467 ne-

205 5502 476 5556 cessarius
533 5474 1134 5574 rebaptizationis,/in
1179 5520 1294 5574 quo
1338 5504 1465 5574 plus
1515 5504 1833 5560 schismatis

206 5594 386 5648 rabies
435 5547 820 5664 delitescebat,
876 5600 933 5649 et
993 5547 1216 5650 li/abita‘1
1249 5547 1640 5652 morderatione
1695 5597 1836 5668 legis

206 5686 417 5757 vigore,
447 5691 506 5740 et
541 5686 877 5741 auctoritate
915 5687 1052 5743 ﬁdes
1091 5689 1370 5743 custodita
1404 5691 1507 5743 est.
1531 5690 1671 5744 Illud
1698 5706 1834 5744 sane

208 5777 633 5852 sapientissimis
671 5778 872 5833 vestris
917 5779 1173 5836 sensibus
1210 5779 1501 5836 insinuare
1529 5783 1834 5852 contendo,

613 5875 884 5940 PATBOL.
935 5875 1160 5943 CXXX.

1926 4579 2088 4633 ctitas
2143 4581 2329 4630 vestra
2373 4573 2776 4641 commendat,
2817 4579 2877 4629 ut
2926 4573 2984 4627 in
3032 4573 3265 4643 singulis
3310 4570 3557 4626 conciliis

1926 4673 2196 4725 statutum
2229 4673 2333 4722 est.
2374 4668 2577 4722 Gratus
2612 4667 2908 4737 episcopus
2940 4665 3111 4720 dixit:
3141 4666 3291 4735 Ergo
3331 4680 3560 4734 persua-

1929 4764 2008 4817 sio
2039 4761 2326 4816 interdum
2352 4760 2661 4831 prudentes
2688 4759 2828 4813 solet
2847 4773 3038 4812 arcere
3066 4775 3100 4811 a
3126 4756 3388 4827 peccatis,
3419 4753 3558 4810 dum

1927 4855 2320 4926 imprudentes
2364 4852 2530 4907 debet
2573 4855 2756 4906 metus
2786 4850 3115 4921 hujusmodi
3141 4849 3557 4920 constringere,

1929 4947 1973 5001 si
2010 4963 2218 5002 sanum
2262 4945 2562 5001 consilium
2610 4948 2900 5014 respuunt,
2941 4948 2997 4996 et
3031 4939 3274 4996 salutare
3317 4941 3559 4997 manda-

1928 5047 2074 5096 tum.
2118 5037 2174 5094 Si
2217 5056 2355 5110 ergo
2396 5037 2528 5093 laici
2568 5041 2719 5104 sunt,
2760 5038 2885 5107 post
2941 5034 3443 5089 commonitionem
3490 5033 3558 5103 si,

1930 5131 2402 5202 contempserint,
2426 5147 2461 5184 a
2488 5129 2891 5184 communione
2919 5131 3278 5199 separentur.
3305 5125 3562 5182 Universi

1931 5225 2215 5304 dixerunt,
2243 5224 2448 5294 placet.

2002 5319 2088 5371 IV.
2143 5317 2344 5371 Gratus
2387 5314 2685 5386 episcopus
2731 5311 2898 5381 dixit,
2946 5317 3003 5368 et
3043 5313 3090 5367 si
3137 5313 3362 5370 inﬁnita
3399 5317 3563 5382 sunt,

1934 5426 2062 5481 quas
2087 5409 2215 5480 lege
2243 5408 2556 5480 perscripta
2588 5405 2945 5478 proﬁcientia
2970 5405 3306 5478 discipline,
3338 5413 3396 5462 et
3421 5423 3565 5462 unus

1933 5501 2172 5573 quisque
2198 5503 2462 5556 nostrum
2485 5502 2731 5554 tractatu
2768 5498 2993 5554 assiduo
3023 5503 3081 5553 et
3117 5499 3565 5554 commonitione

1934 5593 2222 5666 frequenti
2255 5609 2359 5664 per
2395 5591 2650 5664 singulas
2675 5607 2926 5663 quasque
2964 5591 3178 5662 species
3213 5590 3571 5663 proﬁcientes

1933 5687 2004 5743 ad
2035 5686 2391 5757 disciplinam
2429 5685 2641 5757 poterit
2673 5685 2914 5757 populos
2942 5683 3207 5754 invitare,
3247 5687 3442 5737 tamen
3467 5681 3570 5736 all-

1937 5797 2052 5854 qua
2081 5797 2146 5835 ex
2171 5779 2253 5834 eis
2286 5786 2518 5851 propter
2556 5777 2936 5851 blasphemias
2980 5773 3337 5849 suggerenda
3376 5781 3510 5831 sunt
3535 5789 3569 5835 a

3134 5875 3204 5934 11
