4054 6312
509 352 611 405 323

1388 346 1672 403 APPEND.
1714 346 1803 399 AD
1840 346 1998 400 saec.
2043 345 2126 398 Ix.
2158 373 2226 382 -
2264 317 2503 401 Ismeni
2542 340 2963 401 MERCATORIS

3762 340 3869 393 324

513 456 678 511 nobis
708 459 762 509 et
788 456 848 509 in
873 453 1108 509 concilio
1142 454 1458 520 statuenda,
1502 455 1547 506 si
1579 452 1801 507 videtur
1825 451 1983 506 vobis
2012 451 2136 521 pari
2157 461 2215 534 Α
2235 454 2406 508 bitur.
2434 452 2691 507 Universi
2726 451 3011 518 dixerunt,
3059 446 3450 501 saluberrimae
3484 445 3871 516 professiones

513 548 793 604 sententia
820 552 1126 602 teneantur
1163 547 1337 601 etiam
1374 545 1434 598 hi
1471 545 1570 615 qui
1608 561 1738 599 cum
1769 543 1947 599 viduis
1983 559 2133 598 com-

512 644 832 707 morantur,
889 641 946 693 et
995 638 1149 693 nulla
1189 653 1385 692 secum
1429 636 1800 707 germanitate
1850 634 2138 707 conjuncti

514 735 664 787 sunt.
729 730 985 785 Universi
1037 730 1321 798 dixerunt,
1370 730 1536 799 juxta
1591 728 1789 783 viduos
1836 728 2138 784 etviduas

514 824 713 879 eadem
741 823 835 876 lex
859 824 1085 876 maneat
1113 825 1169 876 et
1191 821 1494 876 sententia.

584 917 648 970 V.
692 915 975 969 Primatus
1026 913 1322 985 episcopus
1364 912 1762 984 Begisilitanus
1799 911 1956 979 dixit,
2003 927 2136 981 sug-

516 1009 654 1079 gero
682 1006 966 1061 sanctitati
991 1009 1212 1075 vestras,
1244 1010 1311 1060 ut
1338 1005 1601 1061 statuatis
1628 1022 1747 1059 non
1785 1004 1954 1059 licere
1979 1003 2137 1057 cleri-

515 1116 647 1154 cum
672 1098 924 1153 alienum
949 1096 1020 1152 ab
1048 1097 1237 1168 aliquo
1268 1097 1478 1168 suscipi
1508 1097 1626 1152 sine
1656 1095 1858 1151 litteris
1890 1093 2140 1166 episcopi

511 1191 617 1259 sui,
654 1207 836 1262 neque
864 1191 1015 1261 apud
1055 1206 1112 1244 se
1150 1190 1422 1257 retinere,
1468 1205 1572 1245 nec
1607 1189 1820 1243 laicum
1865 1203 2140 1257 usurpare

512 1283 619 1338 sibi
644 1283 712 1338 de
737 1283 900 1353 plebe
927 1282 1136 1352 aliena,
1174 1284 1238 1336 ut
1263 1297 1394 1337 eum
1430 1282 1653 1337 ordinet
1693 1281 1813 1336 sine
1850 1278 2171 1361 conscien-I

513 1376 598 1429 tia
623 1375 747 1446 ejus
776 1374 1046 1445 episcopi,
1084 1375 1155 1428 de
1185 1374 1345 1445 cujus
1374 1374 1539 1444 plebe
1566 1376 1668 1428 est.
1696 1373 1896 1427 Gratus
1921 1372 2139 1442 episco-

514 1484 622 1538 pus
650 1466 806 1536 dixit,
839 1467 962 1520 haec
996 1465 1348 1521 observantia
1383 1482 1582 1536 pacem
1614 1465 1876 1545 custodit.
1914 1465 2055 1518 Nam
2088 1467 2145 1517 et

516 1558 761 1613 memini
787 1558 846 1611 in
877 1557 1227 1612 sanctissimo
1251 1557 1486 1612 concilio
1508 1557 1825 1613 Sardicensi
1847 1559 2139 1624 statutum,

515 1656 585 1705 ut
618 1666 790 1705 nemo
833 1650 1063 1704 alterius
1099 1650 1279 1721 plebis
1320 1650 1616 1704 hominem
1661 1652 1916 1720 usurpet,
1948 1648 2047 1703 sed
2096 1646 2143 1701 si

2237 546 2560 600 debuerunt
2590 562 2623 599 a
2651 548 2803 598 tanto
2824 541 3057 597 concedi
3083 538 3337 595 consilio.

2306 639 2368 692 X.
2413 637 2565 692 Felix
2602 637 2897 707 episcopus
2942 632 3191 687 Baiensis
3236 630 3421 685 dixit.:
3459 630 3653 685 Nullus
3700 629 3874 684 debet

2236 730 2467 801 collegae
2489 746 2589 784 suo
2617 729 2802 783 facere
2830 728 2910 798 inj
2921 726 3123 793 uriam,
3149 724 3319 779 multi
3339 723 3492 778 enim
3513 726 3570 777 et
3586 727 3875 777 transcen-

2238 824 2381 878 dunt
2419 839 2539 890 sua,
2592 824 2650 876 et
2684 822 2968 891 usurpant
3009 818 3193 873 aliena
3235 816 3371 887 ipsis
3411 815 3623 870 invitis.
3667 816 3872 870 Gratus

2238 915 2537 987 episcopus
2564 914 2722 983 dixit,
2754 912 3005 967 avaritia:
3048 908 3420 981 cupiditatem
3461 908 3711 987 radicem
3741 924 3869 961 om-

2238 924 2537 987 episcopus
2564 924 2722 983 dixit,
2754 924 3005 967 avaritiae
3048 924 3420 981 cupiditatem
3461 924 3580 962 ram
3618 924 3711 962 em
3741 924 3869 961 om-

2236 1007 2400 1062 nium
2429 1007 2711 1061 malorum
2736 1021 2855 1061 esse
2898 1019 3069 1058 nemo
3097 1005 3195 1057 'est
3222 1001 3321 1073 qui
3356 924 3614 1091 dubitetj
3627 1000 3873 1054 Proinde

2237 1099 2620 1154 inhibendum
2647 1102 2752 1165 est,
2785 1113 2857 1151 ne
2891 1096 3019 1171 quis
3054 1095 3272 1150 alienos
3308 1094 3451 1148 ﬁnes
3487 1096 3742 1164 usurpet,
3770 1094 3874 1146 aut

2236 1191 2599 1247 transcendat
2625 1190 2952 1261 episcopum
2975 1187 3248 1258 collegam
3280 1201 3467 1253 suum,
3506 1187 3604 1238 aut
3632 1187 3876 1254 usurpet

2239 1284 2469 1353 alterius
2506 1282 2701 1354 plebes
2746 1281 2868 1337 sine
2905 1282 3028 1352 ejus
3069 1279 3271 1351 petitu,
3317 1278 3454 1349 quia
3490 1277 3625 1331 inde
3665 1281 3876 1331 caetera

2239 1376 2391 1431 mala
2419 1375 2617 1430 omnia
2657 1377 3025 1446 generantur.
3055 1370 3307 1428 Universi
3351 1370 3638 1439 dixerunt,
3664 1368 3871 1440 placet,

2239 1468 2444 1539 placet.

2311 1560 2395 1613 Xl.
2454 1559 2870 1630 Elpidophorus
2918 1555 3300 1612 Cuicalitanus
3358 1553 3655 1625 episcopus
3709 1552 3872 1621 dixit,

2242 1653 2454 1706 statuat
2511 1651 2776 1707 sanctitas
2812 1652 2999 1706 vestra
3042 1652 3109 1702 ut
3146 1646 3335 1703 clerici
3374 1646 3474 1718 qui
3517 1644 3743 1717 superbi
3784 1645 3877 1698 vel

515 1744 666 1798 forte
706 1741 815 1797 erit
852 1741 1217 1809 necessarius,
1263 1744 1418 1812 petat
1452 1759 1486 1796 a
1530 1742 1742 1813 collega
1775 1757 1897 1809 suo,
1940 1744 1996 1795 et
2041 1755 2203 1813 per_
2243 1746 2604 1799 contumaces
2664 1746 2814 1811 sunt,
2887 1743 3275 1807 coerceantur,
3337 1740 3402 1794 ut
3464 1737 3563 1809 qui
3620 1736 3878 1791 minores

515 1849 853 1889 consensum
882 1833 1111 1889 habeat.

587 1927 673 1981 VI.
724 1925 971 1980 Nicasius
1017 1924 1311 1997 episcopus
1344 1924 1730 1981 Culustitanus
1775 1925 1933 1995 dixit,
1979 1925 2144 1978 credo

517 2018 741 2088 placere
787 2004 1213 2089 suggestionem
1268 2033 1454 2073 meam
1518 2017 1798 2073 sanctitati
1846 2020 2046 2071 vestrae
2089 2019 2147 2071 et

517 2109 815 2180 displicere
867 2088 1183 2189 vobis,jut
1223 2110 1324 2180 qui
1364 2110 1618 2165 serviunt
1664 2110 1778 2164 Deo
1821 2113 1877 2164 et
1939 2108 2146 2163 annexi

519 2206 654 2257 sunt
672 2203 839 2271 clero,
872 2219 987 2256 non
1016 2202 1289 2257 accedant
1312 2201 1385 2256 ad
1405 2206 1562 2257 actus
1589 2218 1690 2256 seu
1713 2199 2146 2256 administratio-

515 2309 651 2348 nem
677 2293 763 2348 vel
782 2293 1241 2364 procurationem
1266 2295 1589 2350 domorum.
1613 2294 1819 2348 Gratus
1847 2292 2144 2364 episcopus

521 2384 682 2454 dixit,
705 2388 763 2438 et
789 2386 1167 2455 apostolorum
1192 2389 1399 2441 statuta
1425 2390 1557 2440 sunt
1575 2401 1702 2456 quae
1730 2384 1944 2451 dicunt,
1975 2400 2145 2438 nemo

515 2476 766 2531 militans
793 2477 905 2530 Deo
936 2476 1147 2547 ingerit
1175 2494 1234 2532 se
1264 2477 1509 2547 negotiis
1536 2476 1932 2544 saecularibus;
1960 2476 2146 2547 proin-

516 2567 584 2623 de
636 2570 736 2622 aut
775 2568 963 2623 clerici
1004 2569 1115 2623 sint
1156 2569 1277 2623 sine
1325 2568 1642 2624 actionibus
1685 2569 2007 2636 domorum,
2049 2572 2147 2623 aut

522 2664 737 2715 actores
776 2660 896 2714 sine
936 2660 1123 2715 ofﬁcio
1175 2661 1530 2717 clericorum.
1565 2660 1823 2716 Universi
1862 2661 2144 2727 dixerunt,

517 2753 627 2807 hoc
650 2751 1028 2807 observemus.

1054 2804 1344 2898 Usulensis
1391 2843 1693 2916 episcopus
1733 2844 1895 2911 dixit,
1936 2846 2149 2901 statuat

522 2934 767 3007 gravitas
795 2937 995 3004 vestra,
1028 2938 1091 2989 ut
1127 2935 1540 3006 unusquisque,
1580 2935 1812 2991 clericus
1850 2936 1937 2991 vel
1976 2937 2147 2990 laicus

523 3043 640 3082 non
668 3026 1055 3081 communicet
1070 3025 1129 3080 in
1143 3027 1328 3080 aliena
1343 3027 1512 3098 plebe
1534 3027 1654 3082 sine
1675 3027 1878 3082 litteris
1898 3027 2150 3099 episcopi

522 3118 630 3174 sui.
652 3118 855 3174 Gratus
871 3118 1169 3190 episcopus
1187 3119 1350 3188 dixit,
1368 3118 1477 3173 nisi
1487 3119 1594 3174 hoc
1605 3119 1964 3175 observatum
1974 3119 2150 3175 fuerit
2167 3159 2224 3232 C

531 3210 846 3232 -____.-__..2_
871 3209 964 3232 (2-1.
992 3209 1201 3232 .x___2..-
1257 3210 1389 3232 17-...
1435 3211 1473 3232 ..ἔ
1516 3228 1629 3232 _____
1662 3212 1863 3232 i211--_3_
1892 3229 1945 3232 ___
1964 3216 2147 3232 --__l_-_

522 3210 852 3266 communio
871 3209 966 3266 ﬁet
991 3209 1228 3281 passiva.
1257 3210 1396 3265 Nam
1431 3211 1478 3265 si
1508 3228 1639 3267 cum
1662 3212 1867 3267 litteris
1891 3216 2150 3284 receptus

521 3303 711 3372 fuerit,
767 3307 824 3359 et
874 3301 1179 3358 concordia
1229 3302 1379 3359 inter
1430 3303 1723 3375 episcopos
1768 3308 2041 3373 servatur,
2095 3306 2153 3361 et

522 3412 691 3463 nemo
713 3395 930 3450 subtilis
955 3394 1189 3450 alterius
1218 3394 1450 3466 fugiens
1469 3396 1933 3452 communionem
1964 3398 2035 3452 ad
2066 3398 2147 3452 al-

522 3492 714 3543 terum
742 3488 984 3543 latenter
1007 3487 1242 3543 accedit.
1272 3488 1527 3543 Universi
1559 3489 1851 3557 dixerunt,
1886 3490 2152 3544 omnibus

524 3582 783 3653 provides
813 3584 871 3635 et
891 3581 1042 3636 clero
1069 3585 1127 3636 et
1152 3580 1309 3636 laicis
1336 3578 1601 3637 consulis.

595 3674 727 3729 VIII.
773 3674 1008 3745 Magnus
1047 3672 1348 3745 episcopus
1400 3675 1763 3745 Astuagensis
1805 3674 1962 3744 dixit,
2017 3674 2154 3745 quid

525 3764 811 3821 dilectioni
862 3767 1061 3819 vestra:
1115 3765 1336 3819 videtur
1394 3770 1788 3835 procuratores
1830 3772 1885 3821 et
1937 3771 2154 3822 actores

528 3858 703 3911 etiam
730 3856 829 3926 per
845 3873 903 3910 se
916 3858 1138 3910 tutores
1158 3855 1508 3926 pupillorum
1527 3856 1573 3909 si
1593 3857 1837 3912 debeant
1857 3857 2154 3912 ordinari?

528 3948 727 4002 Gratus
750 3947 1051 4018 episcopus
1082 3946 1244 4013 dixit,
1273 3946 1323 4000 si
1356 3949 1487 4018 post
1513 3947 1764 4018 deposita
1792 3942 2070 4019 universa,
2100 3955 2156 4005 et

529 4038 750 4095 reddita
797 4036 1112 4106 ratiocinia,
1158 4038 1205 4093 si
1247 4042 1406 4093 actus
1466 4039 1596 4094 vitae
1647 4039 1899 4110 ipsorum
1946 4041 2158 4097 fuerint

530 4130 757 4203 probati
798 4129 859 4184 in
899 4129 1185 4200 omnibus,
1230 4130 1440 4186 debent
1480 4147 1611 4186 cum
1651 4131 1820 4187 laude
1864 4133 2069 4202 clerici,
2112 4134 2157 4188 si

530 4222 798 4296 postulati
813 4222 1027 4277 fuerint
1036 4223 1257 4278 honore
1270 4224 1579 4279 munerari.
1595 4223 1653 4279 Si
1665 4224 1821 4279 enim
1834 4229 1965 4280 ante
1984 4222 2173 4281 liber?

530 4320 709 4372 tatem
730 4314 1091 4386 negotiorum
1110 4317 1198 4370 vel
1227 4316 1542 4372 officiorum
1571 4318 1641 4372 ab
1661 4318 1853 4389 aliquo
1874 4318 1997 4373 sine
2020 4336 2155 4374 con-

533 4408 875 4464 sideratione
929 4408 1100 4463 fuerit
1155 4408 1467 4477 ordinatus,
1537 4410 1783 4465 Ecclesia
1830 4410 2155 4467 infamatur.

2161 1810 2548 1907 Bmajoribus
2602 1834 2980 1906 irrogaverint
3027 1832 3283 1903 injurias,
3337 1834 3558 1885 metum
3604 1829 3873 1884 habeant.

2241 1928 2441 1983 Gratus
2475 1927 2775 1999 episcopus
2811 1926 2970 1994 dixit,
3022 1924 3390 1979 manifestum
3430 1926 3515 1977 est
3554 1921 3718 1977 illum
3758 1937 3878 1975 non

2244 2036 2364 2075 esse
2390 2020 2509 2087 Dei,
2551 2020 2651 2090 qui
2688 2018 3073 2074 humilitatem
3119 2015 3450 2083 contemnit,
3493 2014 3589 2069 sed
3629 2012 3877 2079 diaboli,

2245 2111 2344 2183 qui
2370 2111 2649 2183 superbiae
2679 2110 2946 2165 inventor
2975 2113 3031 2163 et
3055 2108 3320 2180 princeps
3342 2110 3453 2176 est;
3493 2106 3640 2161 unde
3670 2104 3718 2158 si
3750 2105 3882 2175 quis

2242 2204 2496 2258 tumidus
2547 2204 2635 2259 vel
2682 2201 3122 2258 contumeliosus
3170 2198 3448 2255 exstiterit
3494 2198 3554 2251 in
3597 2198 3880 2267 majorem

2245 2300 2401 2364 natu,
2433 2297 2521 2350 vel
2549 2295 2794 2368 aliquam
2826 2310 3053 2367 causam
3089 2291 3371 2359 habuerit,
3400 2308 3434 2344 a
3471 2290 3651 2344 tribus
3678 2289 3884 2343 vicinis

2245 2388 2541 2460 episcopis,
2571 2388 2615 2442 si
2653 2387 2921 2442 diaconus
2969 2391 3053 2441 est
3093 2388 3384 2456 arguatur,
3421 2383 3465 2436 si
3511 2381 3814 2454 presbyter
3850 2399 3883 2434 a

2246 2497 2361 2548 sex,
2392 2481 2437 2535 si
2477 2480 2774 2552 episcopus
2818 2497 2851 2533 a
2891 2478 3197 2534 duodecim
3236 2474 3732 2531 consacerdotibus
3777 2491 3881 2528 au-

2246 2572 2455 2627 diatur.
2479 2571 2734 2627 Universi
2756 2571 3024 2627 dixerunt
3044 2569 3311 2642 episcopi,
3334 2571 3695 2638 contemptus
3710 2565 3884 2621 debet

2245 2665 2617 2719 contumaciae
2653 2667 2711 2718 et
2735 2664 3016 2735 superbia:
3064 2663 3122 2716 in
3162 2661 3425 2716 omnibus
3454 2658 3661 2729 frangi,
3711 2675 3885 2713 causa

2244 2772 2378 2810 vero
2402 2772 2507 2826 pro
2537 2756 2791 2827 personis
2823 2756 2893 2809 ab
2921 2758 3129 2810 statuto
3159 2769 3400 2809 numero
3428 2750 3709 2807 audiatur.

2316 2849 2429 2904 XII.
2488 2849 2809 2919 Antigonus
2846 2847 3139 2919 episcopus
3180 2844 3492 2901 Matirensis
3530 2844 3693 2911 dixit,
3749 2860 3883 2914 gra-

2245 2956 2373 2995 vem
2398 2939 2670 3010 injuriam
2713 2940 2923 3010 patior,
2972 2942 3043 2994 et‘
3070 2938 3238 2994 credo
3286 2938 3478 2993 dolere
3523 2935 3884 2991 sanctitatem

2245 3037 2491 3087 vestram
2516 3032 2922 3087 contumeliam
2947 3047 3157 3101 meam,
3192 3035 3249 3085 et
3267 3034 3594 3101 computare
3619 3044 3883 3082 commu-

2245 3140 2381 3179 nem
2411 3125 2703 3194 injuriam.
2737 3123 3038 3195 Optantius
3068 3139 3199 3178 cum
3233 3139 3289 3178 se
3309 3124 3767 3193 repraesentaret,
3788 3136 3888 3191 pa-

2249 3219 2405 3271 ctum
2434 3232 2633 3270 meum
2658 3216 2881 3284 habuit,
2906 3218 2963 3270 et
2979 3215 3222 3270 divisum
3255 3217 3360 3281 est,
3391 3216 3454 3268 ut
3479 3212 3679 3267 illiciat
3693 3228 3886 3283 popu-

2248 3307 2443 3364 lorum
2473 3308 2868 3380 imperitorum
2889 3307 3109 3362 animas
3139 3310 3334 3362 contra
3357 3305 3733 3376 disciplinam,
3754 3308 3890 3359 eon-

2250 3403 2342 3455 tra
2375 3398 2499 3472 77
2558 3400 2941 3472 evangelicam
2998 3399 3391 3468 traditionem,
3443 3401 3639 3453 contra
3681 3413 3890 3468 pacem

2255 3493 2539 3564 placitam.
2575 3492 2714 3547 Nam
2740 3492 2786 3547 si
2808 3492 2912 3547 sibi
2940 3509 3101 3564 posse
3125 3491 3456 3562 contingere
3478 3489 3892 3544 arbitrarentur

2251 3600 2550 3656 nunquam
2603 3585 2858 3656 profecto
2906 3585 2966 3639 in
3010 3584 3245 3639 fratrem
3289 3582 3491 3654 aliquis
3533 3581 3886 3652 deliquisset,

2256 3676 2407 3731 unde
2435 3682 2534 3732 aut
2559 3676 2760 3731 initam
2788 3676 2942 3748 pacti
2981 3675 3067 3729 sui
3105 3675 3359 3730 obtineat
3392 3674 3743 3742 firmitatem,
3790 3678 3893 3728 aut

2253 3773 2567 3823 conventus
2584 3770 2628 3823 si
2652 3785 2709 3822 se
2731 3785 2843 3823 non
2864 3767 3205 3837 cohibuerit,
3230 3765 3664 3822 ecclesiasticam
3683 3764 3891 3820 sentiat

2255 3859 2634 3931 disciplinam.
2666 3860 2921 3916 Universi
2963 3860 3249 3928 dixerunt,
3278 3876 3385 3930 pax
3414 3860 3686 3925 servetur,
3719 3860 3889 3929 pacta

2255 3951 2663 4008 custodiantur.

2326 4044 2458 4100 Xlll.
2489 4045 2884 4101 Abundantius
2904 4045 3200 4116 episcopus
3231 4042 3608 4098 Adumetinus
3635 4041 3798 4109 dixit,
3825 4042 3889 4097 in

2255 4139 2449 4192 nostro
2476 4137 2713 4192 concilio
2732 4140 3003 4193 statutum
3040 4140 3144 4205 est,
3198 4142 3262 4191 ut
3310 4153 3423 4190 non
3464 4135 3627 4189 liceat
3668 4134 3893 4190 clericis

2256 4228 2546 4295 fenerare;
2578 4229 2728 4301 quod
2748 4229 3029 4284 sanctitati
3057 4233 3171 4283 tua:
3202 4234 3258 4283 et
3284 4228 3418 4283 huic
3438 4226 3674 4282 concilio
3704 4226 3891 4282 videa-

2256 4323 2350 4374 tur
2387 4319 2653 4391 praesenti
2695 4320 2903 4391 placito
2952 4320 3305 4391 designetur.
3351 4319 3550 4375 Gratus
3586 4319 3892 4390 episcopus

2258 4409 2422 4480 dixit,
2451 4411 2686 4467 novellae
2725 4412 3123 4484 suggestiones
3160 4428 3289 4482 qua:
3326 4411 3411 4466 vel
3454 4411 3707 4465 obscurze
3733 4415 3888 4477 sunt,

534 4500 789 4559 Universi
817 4501 1103 4567 dixerunt,
1126 4505 1279 4557 recte
1313 4502 1504 4557 omnia
1534 4503 1728 4557 statuit
1755 4503 2015 4559 sanctitas
2042 4509 2156 4573 tua,
2176 4510 2239 4582 Β
2259 4504 2349 4557 vel
2379 4503 2482 4557 sub
2512 4520 2717 4574 genere
2742 4505 2920 4559 latent
2963 4505 3232 4576 inspectae
3262 4521 3292 4559 a
3328 4504 3490 4559 nobis
3520 4504 3765 4557 formam
3795 4520 3894 4557 ac-

533 4595 773 4666 ideoque
799 4593 875 4647 ita
900 4596 985 4648 est
1009 4596 1067 4647 et
1094 4596 1287 4648 nostra
1315 4599 1399 4649 est
1423 4611 1650 4666 quoque
1681 4596 1980 4651 sententia.

606 4689 687 4742 IX.
716 4685 890 4741 Metus
914 4686 1264 4741 Canonensis
1292 4687 1584 4758 episcopus
1610 4688 1774 4756 dixit,
1802 4691 1956 4744 recte
1983 4691 2160 4743 statu-

536 4783 662 4835 tum
693 4784 797 4848 est,
841 4782 909 4833 ut
949 4778 1174 4832 obnoxii
1212 4778 1411 4833 alienis
1451 4780 1696 4851 negotiis
1736 4796 1849 4835 non
1892 4780 2162 4836 ordinen-

535 4876 649 4925 tur.
676 4872 889 4924 Tamen
914 4869 1133 4924 dimissi
1179 4873 1237 4923 et
1278 4870 1485 4939 gratias
1525 4871 1736 4927 referre
1774 4872 2000 4941 debent,
2047 4878 2103 4929 et
2132 4890 2166 4928 a

539 4962 873 5017 clericorum
926 4961 1139 5033 injuria
1176 4967 1512 5032 temperare,
1563 4966 1620 5017 et
1656 4963 1793 5034 ipsis
1842 4982 1957 5020 non
2002 4965 2166 5021 liceat

539 5054 770 5109 clericos
803 5056 1025 5108 nostros
1051 5054 1259 5125 eligere
1303 5054 1693 5125 apothecarios
1735 5057 1820 5111 vel
1864 5057 2163 5112 ratiocina-

540 5149 712 5200 tores.
735 5147 939 5200 Gratus
960 5146 1257 5217 cpiscopus
1279 5145 1452 5202 dixit:
1483 5147 1629 5202 Nulli
1658 5149 1896 5203 dubium
1912 5153 1997 5204 est
2013 5150 2166 5221 quod

543 5250 762 5305 omnes,
805 5234 893 5287 vel
935 5232 1172 5303 domini,
1213 5235 1299 5289 vel
1342 5238 1752 5306 procuratores,
1796 5238 1884 5291 vel
1927 5237 2162 5308 quicun-

542 5343 653 5399 que
692 5329 964 5397 prazsunt,
1011 5342 1140 5380 eum
1172 5327 1457 5384 audierint
1500 5328 1872 5384 saluberrima
1909 5329 2169 5386 instituta

542 5419 788 5486 concilii,
826 5424 883 5474 et
924 5418 1029 5473 sibi
1079 5423 1227 5474 esset
1270 5421 1613 5489 consultum,
1662 5440 1767 5477 nec
1804 5422 2165 5493 impeditum,

540 5513 829 5586 propriam
857 5512 1146 5568 debebunt
1186 5519 1504 5584 temperare
1544 5513 1818 5587 injuriam
1864 5515 1920 5569 in
1952 5517 2168 5572 clericis

540 5607 770 5673 nostris,
811 5605 961 5676 quod
1000 5605 1047 5659 si
1087 5603 1295 5676 injuria
1331 5606 1745 5663 constitutionis
1787 5607 2170 5680 imperatorias

542 5699 773 5753 clericos
796 5697 1196 5769 inquietandos
1239 5699 1584 5766 putaverint,
1624 5700 1670 5754 si
1707 5700 1960 5756 defensio
1996 5704 2171 5757 eccle—

544 5790 767 5845 siastica
808 5806 911 5844 nos
950 5774 1066 5843 non
1108 5788 1347 5856 deridet,
1388 5789 1576 5858 pudor
1617 5791 1877 5862 publicus
1914 5794 2169 5849 vindica-

2262 4595 2489 4666 cipient.
2522 4596 2807 4651 (laterum
2834 4597 2903 4652 de
2930 4596 3133 4668 quibus
3160 4597 3510 4667 apertissime
3532 4596 3725 4651 divina
3754 4595 3897 4675 Scri-

2263 4690 2432 4759 ptura
2458 4688 2648 4742 sanxit
2671 4705 2789 4743 non
2819 4688 3135 4744 differenda
3156 4689 3439 4755 sententia
3462 4691 3562 4755 est,
3590 4688 3689 4742 sed
3706 4686 3898 4759 potius

2263 4780 2644 4851 exsequenda,
2684 4781 2921 4852 proinde
2948 4782 3103 4852 quod
3139 4781 3198 4835 in
3241 4781 3395 4835 laicis
3431 4779 3895 4851 reprehenditur,

2265 4872 2320 4927 id
2357 4874 2540 4928 multo
2570 4873 2754 4944 magis
2792 4872 3008 4929 clericis
3049 4877 3275 4944 oportet
3310 4872 3729 4944 praedamnari;
3761 4873 3895 4926 uni-

2266 4964 2407 5019 versi
2437 4964 2718 5034 dixerunt,
2741 4980 2908 5021 nemo
2930 4971 3129 5021 contra
3142 4966 3466 5037 prophetas,
3499 4981 3674 5019 nemo
3695 4970 3893 5019 contra

2265 5057 2569 5129 Evangelia
2596 5058 2732 5112 facit
2758 5059 2880 5112 sine
2906 5059 3176 5129 periculo.

2336 5151 2465 5204 XIV.
2498 5151 2699 5205 Gratus
2724 5150 3017 5223 episcopus
3046 5150 3206 5220 dixit,
3234 5150 3401 5222 juxta
3434 5152 3642 5205 statuta
3672 5151 3901 5205 concilii

2268 5246 2323 5297 et
2340 5259 2487 5297 meas
2502 5242 2905 5298 mediocritatis
2921 5243 3260 5299 sententiam
3271 5283 3284 5309 ,
3302 5243 3484 5314 placet
3499 5243 3687 5297 facere
3703 5260 3897 5298 rerum

2270 5335 2532 5389 omnium
2578 5335 3017 5405 conclusionem,
3051 5335 3296 5389 universi
3346 5335 3495 5389 tituli
3531 5335 3811 5406 designati
3843 5342 3899 5389 et

2267 5426 2471 5498 digesti
2498 5432 2730 5483 teneant
2759 5428 3070 5483 sententias
3095 5444 3245 5482 suas.
3278 5428 3423 5482 Sane
3449 5428 3616 5481 credo
3638 5443 3735 5482 vos
3762 5429 3898 5482 reti-

2269 5536 2403 5575 nere
2432 5521 2623 5574 multis
2648 5520 2903 5575 conciliis
2930 5537 2962 5575 a
3000 5520 3253 5591 patribus
3290 5520 3517 5587 nostris,
3554 5523 3611 5573 et
3637 5520 3898 5575 traditio-

2270 5628 2399 5665 nem
2430 5612 2793 5667 temerariam
2822 5628 2940 5667 esse
2973 5612 3327 5678 damnatam,
3353 5616 3409 5666 et
3438 5611 3901 5684 rebaptizationis

2267 5703 2620 5776 impietatem
2653 5722 2774 5759 esse
2801 5705 3172 5776 puniendam,
3206 5722 3348 5776 quas
3374 5721 3462 5759 res
3493 5704 3664 5759 etiam
3702 5708 3898 5759 nostro

2270 5797 2504 5852 concilio
2537 5799 2706 5853 credo
2720 5798 2843 5868 jam
2863 5799 3175 5853 terminum
3200 5798 3496 5869 accepisse,
3524 5798 3749 5868 reliqua
3768 5815 3900 5855 vero
