  <div class='ocr_page' id='page_1' title='image "/cluster/home/n/w/nwhite01/storage/ocr_20150623/130/umn.319510024774230/218.png"; bbox 0 0 4054 6300; ppageno 0'>
   <div class='ocr_carea' id='block_1_1' title="bbox 201 349 298 401">
    <p class='ocr_par' dir='ltr' id='par_1_1' title="bbox 201 349 298 401">
     <span class='ocr_line' id='line_1_1' title="bbox 201 349 298 401; baseline -0.01 0"><span class='ocrx_word' id='word_1_1' title='bbox 201 349 298 401; x_wconf 78' lang='lat'><strong>3‘25</strong></span> 
     </span>
    </p>
   </div>
   <div class='ocr_carea' id='block_1_2' title="bbox 1401 349 2330 404">
    <p class='ocr_par' dir='ltr' id='par_1_2' title="bbox 1401 349 2330 404">
     <span class='ocr_line' id='line_1_2' title="bbox 1401 349 2330 404; baseline 0.002 -2"><span class='ocrx_word' id='word_1_2' title='bbox 1401 349 1870 404; x_wconf 80' lang='lat' dir='ltr'><strong>DECRETALIUM</strong></span> <span class='ocrx_word' id='word_1_3' title='bbox 1907 349 2289 404; x_wconf 84' lang='lat' dir='ltr'><strong>COLLECTIU.</strong></span> <span class='ocrx_word' id='word_1_4' title='bbox 2319 394 2330 404; x_wconf 63' lang='grc' dir='ltr'><strong><em>ρ</em></strong></span> 
     </span>
    </p>
   </div>
   <div class='ocr_carea' id='block_1_3' title="bbox 3441 361 3541 412">
    <p class='ocr_par' dir='ltr' id='par_1_3' title="bbox 3441 361 3541 412">
     <span class='ocr_line' id='line_1_3' title="bbox 3441 361 3541 412; baseline 0.01 -1"><span class='ocrx_word' id='word_1_5' title='bbox 3441 361 3541 412; x_wconf 84' lang='lat'><strong>326</strong></span> 
     </span>
    </p>
   </div>
   <div class='ocr_carea' id='block_1_4' title="bbox 197 452 3545 538">
    <p class='ocr_par' dir='ltr' id='par_1_4' title="bbox 197 452 3545 538">
     <span class='ocr_line' id='line_1_4' title="bbox 197 452 3545 538; baseline 0.004 -34"><span class='ocrx_word' id='word_1_6' title='bbox 197 469 321 523; x_wconf 68' lang='lat' dir='ltr'><strong>quae</strong></span> <span class='ocrx_word' id='word_1_7' title='bbox 350 452 440 506; x_wconf 89' lang='lat' dir='ltr'><strong>vel</strong></span> <span class='ocrx_word' id='word_1_8' title='bbox 465 452 611 507; x_wconf 85' lang='lat' dir='ltr'><strong>facta</strong></span> <span class='ocrx_word' id='word_1_9' title='bbox 636 454 720 507; x_wconf 87' lang='lat' dir='ltr'><strong>vel</strong></span> <span class='ocrx_word' id='word_1_10' title='bbox 744 453 890 508; x_wconf 86' lang='lat' dir='ltr'><strong>dicta</strong></span> <span class='ocrx_word' id='word_1_11' title='bbox 924 455 1183 524; x_wconf 83' lang='lat' dir='ltr'><strong>superius</strong></span> <span class='ocrx_word' id='word_1_12' title='bbox 1213 455 1630 524; x_wconf 91' lang='lat' dir='ltr'><strong>comprehensa</strong></span> <span class='ocrx_word' id='word_1_13' title='bbox 1669 457 1820 521; x_wconf 90' lang='lat' dir='ltr'><strong>sunt,</strong></span> <span class='ocrx_word' id='word_1_14' title='bbox 1845 467 1904 538; x_wconf 74' lang='grc' dir='ltr'><strong>Α</strong></span> <span class='ocrx_word' id='word_1_15' title='bbox 1923 455 2122 509; x_wconf 83' lang='lat' dir='ltr'><strong>Gratus</strong></span> <span class='ocrx_word' id='word_1_16' title='bbox 2151 455 2449 525; x_wconf 90' lang='lat' dir='ltr'><strong>episcopus</strong></span> <span class='ocrx_word' id='word_1_17' title='bbox 2470 455 2632 521; x_wconf 92' lang='lat' dir='ltr'><strong>dixit,</strong></span> <span class='ocrx_word' id='word_1_18' title='bbox 2665 461 2927 526; x_wconf 91' lang='lat' dir='ltr'><strong>superest</strong></span> <span class='ocrx_word' id='word_1_19' title='bbox 2949 458 3068 528; x_wconf 89' lang='lat' dir='ltr'><strong>jam</strong></span> <span class='ocrx_word' id='word_1_20' title='bbox 3098 463 3159 513; x_wconf 89' lang='lat' dir='ltr'><strong>ut</strong></span> <span class='ocrx_word' id='word_1_21' title='bbox 3186 461 3388 530; x_wconf 87' lang='lat' dir='ltr'><strong>placita</strong></span> <span class='ocrx_word' id='word_1_22' title='bbox 3415 481 3545 517; x_wconf 88' lang='lat' dir='ltr'><strong>om-</strong></span> 
     </span>
    </p>
   </div>
   <div class='ocr_carea' id='block_1_5' title="bbox 197 544 1824 617">
    <p class='ocr_par' dir='ltr' id='par_1_5' title="bbox 197 544 1824 617">
     <span class='ocr_line' id='line_1_5' title="bbox 197 544 1824 617; baseline 0.001 -20"><span class='ocrx_word' id='word_1_23' title='bbox 197 545 276 598; x_wconf 82' lang='lat' dir='ltr'><strong>vel</strong></span> <span class='ocrx_word' id='word_1_24' title='bbox 309 544 438 598; x_wconf 90' lang='lat' dir='ltr'><strong>aliis</strong></span> <span class='ocrx_word' id='word_1_25' title='bbox 465 544 715 598; x_wconf 88' lang='lat' dir='ltr'><strong>conciliis</strong></span> <span class='ocrx_word' id='word_1_26' title='bbox 747 545 1086 616; x_wconf 89' lang='lat' dir='ltr'><strong>conscripta,</strong></span> <span class='ocrx_word' id='word_1_27' title='bbox 1125 562 1253 616; x_wconf 83' lang='lat' dir='ltr'><strong>quae</strong></span> <span class='ocrx_word' id='word_1_28' title='bbox 1297 545 1612 600; x_wconf 92' lang='lat' dir='ltr'><strong>secundum</strong></span> <span class='ocrx_word' id='word_1_29' title='bbox 1639 547 1824 617; x_wconf 83' lang='lat' dir='ltr'><strong>legem</strong></span> 
     </span>
    </p>
   </div>
   <div class='ocr_carea' id='block_1_6' title="bbox 197 635 1822 708">
    <p class='ocr_par' dir='ltr' id='par_1_6' title="bbox 197 635 1822 708">
     <span class='ocr_line' id='line_1_6' title="bbox 197 635 1822 708; baseline 0.001 -18"><span class='ocrx_word' id='word_1_30' title='bbox 197 635 580 704; x_wconf 88' lang='lat' dir='ltr'><strong>inveniuntur,</strong></span> <span class='ocrx_word' id='word_1_31' title='bbox 613 637 893 692; x_wconf 78' lang='lat' dir='ltr'><strong>custodire</strong></span> <span class='ocrx_word' id='word_1_32' title='bbox 919 653 1025 692; x_wconf 92' lang='lat' dir='ltr'><strong>nos</strong></span> <span class='ocrx_word' id='word_1_33' title='bbox 1054 640 1295 708; x_wconf 80' lang='lat' dir='ltr'><strong>oportet.</strong></span> <span class='ocrx_word' id='word_1_34' title='bbox 1315 637 1370 693; x_wconf 95' lang='lat' dir='ltr'><strong>Si</strong></span> <span class='ocrx_word' id='word_1_35' title='bbox 1401 637 1527 708; x_wconf 88' lang='lat' dir='ltr'><strong>quis</strong></span> <span class='ocrx_word' id='word_1_36' title='bbox 1553 654 1688 692; x_wconf 86' lang='lat' dir='ltr'><strong>vero</strong></span> <span class='ocrx_word' id='word_1_37' title='bbox 1710 643 1822 692; x_wconf 89' lang='lat' dir='ltr'><strong>sta-</strong></span> 
     </span>
    </p>
   </div>
   <div class='ocr_carea' id='block_1_7' title="bbox 197 729 1828 800">
    <p class='ocr_par' dir='ltr' id='par_1_7' title="bbox 197 729 1828 800">
     <span class='ocr_line' id='line_1_7' title="bbox 197 729 1828 800; baseline 0.002 -19"><span class='ocrx_word' id='word_1_38' title='bbox 197 731 313 782; x_wconf 86' lang='lat' dir='ltr'><strong>tuta</strong></span> <span class='ocrx_word' id='word_1_39' title='bbox 339 744 740 799; x_wconf 78' lang='lat' dir='ltr'><strong>supergressus</strong></span> <span class='ocrx_word' id='word_1_40' title='bbox 767 729 1087 800; x_wconf 78' lang='lat' dir='ltr'><strong>corruperit</strong></span> <span class='ocrx_word' id='word_1_41' title='bbox 1106 730 1190 783; x_wconf 90' lang='lat' dir='ltr'><strong>vel</strong></span> <span class='ocrx_word' id='word_1_42' title='bbox 1220 746 1322 800; x_wconf 92' lang='lat' dir='ltr'><strong>pro</strong></span> <span class='ocrx_word' id='word_1_43' title='bbox 1353 729 1532 784; x_wconf 91' lang='lat' dir='ltr'><strong>nihilo</strong></span> <span class='ocrx_word' id='word_1_44' title='bbox 1561 729 1828 784; x_wconf 87' lang='lat' dir='ltr'><strong>habenda</strong></span> 
     </span>
    </p>
   </div>
   <div class='ocr_carea' id='block_1_8' title="bbox 198 813 1822 892">
    <p class='ocr_par' dir='ltr' id='par_1_8' title="bbox 198 813 1822 892">
     <span class='ocr_line' id='line_1_8' title="bbox 198 813 1822 892; baseline 0.002 -20"><span class='ocrx_word' id='word_1_45' title='bbox 198 820 500 891; x_wconf 79' lang='lat' dir='ltr'><strong>putaverit,</strong></span> <span class='ocrx_word' id='word_1_46' title='bbox 534 821 580 874; x_wconf 90' lang='lat' dir='ltr'><strong>si</strong></span> <span class='ocrx_word' id='word_1_47' title='bbox 606 821 782 876; x_wconf 79' lang='lat' dir='ltr'><strong>laicus</strong></span> <span class='ocrx_word' id='word_1_48' title='bbox 813 824 917 892; x_wconf 90' lang='lat' dir='ltr'><strong>est,</strong></span> <span class='ocrx_word' id='word_1_49' title='bbox 942 821 1363 892; x_wconf 89' lang='lat' dir='ltr'><strong>communione,</strong></span> <span class='ocrx_word' id='word_1_50' title='bbox 1397 821 1445 875; x_wconf 89' lang='lat' dir='ltr'><strong>si</strong></span> <span class='ocrx_word' id='word_1_51' title='bbox 1463 821 1700 876; x_wconf 88' lang='lat' dir='ltr'><strong>clericus</strong></span> <span class='ocrx_word' id='word_1_52' title='bbox 1719 813 1822 889; x_wconf 81' lang='lat' dir='ltr'><strong>est,</strong></span> 
     </span>
    </p>
   </div>
   <div class='ocr_carea' id='block_1_9' title="bbox 197 911 1822 985">
    <p class='ocr_par' dir='ltr' id='par_1_9' title="bbox 197 911 1822 985">
     <span class='ocr_line' id='line_1_9' title="bbox 197 911 1822 985; baseline 0.001 -19"><span class='ocrx_word' id='word_1_53' title='bbox 197 911 411 967; x_wconf 86' lang='lat' dir='ltr'><strong>honore</strong></span> <span class='ocrx_word' id='word_1_54' title='bbox 456 913 733 983; x_wconf 79' lang='lat' dir='ltr'><strong>privetur.</strong></span> <span class='ocrx_word' id='word_1_55' title='bbox 773 913 1027 969; x_wconf 89' lang='lat' dir='ltr'><strong>Universi</strong></span> <span class='ocrx_word' id='word_1_56' title='bbox 1071 913 1335 970; x_wconf 84' lang='lat' dir='ltr'><strong>dixerunt</strong></span> <span class='ocrx_word' id='word_1_57' title='bbox 1373 915 1576 985; x_wconf 83' lang='lat' dir='ltr'><strong>placet,</strong></span> <span class='ocrx_word' id='word_1_58' title='bbox 1621 915 1822 984; x_wconf 88' lang='lat' dir='ltr'><strong>placet.</strong></span> 
     </span>
    </p>
   </div>
   <div class='ocr_carea' id='block_1_10' title="bbox 1922 547 3549 618">
    <p class='ocr_par' dir='ltr' id='par_1_10' title="bbox 1922 547 3549 618">
     <span class='ocr_line' id='line_1_10' title="bbox 1922 547 3549 618; baseline 0.007 -19"><span class='ocrx_word' id='word_1_59' title='bbox 1922 547 2084 601; x_wconf 92' lang='lat' dir='ltr'><strong>nium</strong></span> <span class='ocrx_word' id='word_1_60' title='bbox 2122 550 2448 601; x_wconf 87' lang='lat' dir='ltr'><strong>nostrorum</strong></span> <span class='ocrx_word' id='word_1_61' title='bbox 2474 563 2601 618; x_wconf 65' lang='lat' dir='ltr'><strong>quae</strong></span> <span class='ocrx_word' id='word_1_62' title='bbox 2636 547 2710 602; x_wconf 86' lang='lat' dir='ltr'><strong>ad</strong></span> <span class='ocrx_word' id='word_1_63' title='bbox 2752 565 3088 605; x_wconf 89' lang='lat' dir='ltr'><strong>consensum</strong></span> <span class='ocrx_word' id='word_1_64' title='bbox 3132 557 3382 608; x_wconf 89' lang='lat' dir='ltr'><strong>vestrum</strong></span> <span class='ocrx_word' id='word_1_65' title='bbox 3416 563 3549 611; x_wconf 91' lang='lat' dir='ltr'><strong>sunt</strong></span> 
     </span>
    </p>
   </div>
   <div class='ocr_carea' id='block_1_11' title="bbox 1925 639 3548 712">
    <p class='ocr_par' dir='ltr' id='par_1_11' title="bbox 1925 639 3548 712">
     <span class='ocr_line' id='line_1_11' title="bbox 1925 639 3548 712; baseline 0.006 -20"><span class='ocrx_word' id='word_1_66' title='bbox 1925 639 2152 709; x_wconf 87' lang='lat' dir='ltr'><strong>scripta,</strong></span> <span class='ocrx_word' id='word_1_67' title='bbox 2197 643 2376 693; x_wconf 89' lang='lat' dir='ltr'><strong>vestra.</strong></span> <span class='ocrx_word' id='word_1_68' title='bbox 2414 655 2636 710; x_wconf 89' lang='lat' dir='ltr'><strong>quoque</strong></span> <span class='ocrx_word' id='word_1_69' title='bbox 2679 640 3087 712; x_wconf 82' lang='lat' dir='ltr'><strong>subscriptione</strong></span> <span class='ocrx_word' id='word_1_70' title='bbox 3128 644 3383 700; x_wconf 83' lang='lat' dir='ltr'><strong>ﬁrmatis.</strong></span> <span class='ocrx_word' id='word_1_71' title='bbox 3421 647 3548 701; x_wconf 88' lang='lat' dir='ltr'><strong>Uni-</strong></span> 
     </span>
    </p>
   </div>
   <div class='ocr_carea' id='block_1_12' title="bbox 1924 729 3548 809">
    <p class='ocr_par' dir='ltr' id='par_1_12' title="bbox 1924 729 3548 809">
     <span class='ocr_line' id='line_1_12' title="bbox 1924 729 3548 809; baseline 0.006 -26"><span class='ocrx_word' id='word_1_72' title='bbox 1924 730 2070 784; x_wconf 88' lang='lat' dir='ltr'><strong>versi</strong></span> <span class='ocrx_word' id='word_1_73' title='bbox 2120 729 2407 798; x_wconf 85' lang='lat' dir='ltr'><strong>dixerunt,</strong></span> <span class='ocrx_word' id='word_1_74' title='bbox 2453 736 2508 786; x_wconf 88' lang='lat' dir='ltr'><strong>et</strong></span> <span class='ocrx_word' id='word_1_75' title='bbox 2553 732 2896 803; x_wconf 59' lang='lat' dir='ltr'><strong>consensisse</strong></span> <span class='ocrx_word' id='word_1_76' title='bbox 2945 750 3050 788; x_wconf 90' lang='lat' dir='ltr'><strong>nos</strong></span> <span class='ocrx_word' id='word_1_77' title='bbox 3109 737 3332 790; x_wconf 91' lang='lat' dir='ltr'><strong>concilii</strong></span> <span class='ocrx_word' id='word_1_78' title='bbox 3377 737 3548 809; x_wconf 88' lang='lat' dir='ltr'><strong>hujus</strong></span> 
     </span>
    </p>
   </div>
   <div class='ocr_carea' id='block_1_13' title="bbox 1925 822 3549 896">
    <p class='ocr_par' dir='ltr' id='par_1_13' title="bbox 1925 822 3549 896">
     <span class='ocr_line' id='line_1_13' title="bbox 1925 822 3549 896; baseline 0.006 -19"><span class='ocrx_word' id='word_1_79' title='bbox 1925 822 2135 892; x_wconf 90' lang='lat' dir='ltr'><strong>scripta</strong></span> <span class='ocrx_word' id='word_1_80' title='bbox 2163 825 2461 890; x_wconf 83' lang='lat' dir='ltr'><strong>testantur,</strong></span> <span class='ocrx_word' id='word_1_81' title='bbox 2496 827 2550 878; x_wconf 91' lang='lat' dir='ltr'><strong>et</strong></span> <span class='ocrx_word' id='word_1_82' title='bbox 2575 824 2979 896; x_wconf 84' lang='lat' dir='ltr'><strong>subscriptione</strong></span> <span class='ocrx_word' id='word_1_83' title='bbox 3015 831 3207 883; x_wconf 87' lang='lat' dir='ltr'><strong>nostra</strong></span> <span class='ocrx_word' id='word_1_84' title='bbox 3240 845 3549 887; x_wconf 87' lang='lat' dir='ltr'><strong>consensus</strong></span> 
     </span>
    </p>
   </div>
   <div class='ocr_carea' id='block_1_14' title="bbox 1929 913 3143 989">
    <p class='ocr_par' dir='ltr' id='par_1_14' title="bbox 1929 913 3143 989">
     <span class='ocr_line' id='line_1_14' title="bbox 1929 913 3143 989; baseline 0.006 -20"><span class='ocrx_word' id='word_1_85' title='bbox 1929 913 2309 970; x_wconf 87' lang='lat' dir='ltr'><strong>declarabitur</strong></span> <span class='ocrx_word' id='word_1_86' title='bbox 2335 919 2554 986; x_wconf 81' lang='lat' dir='ltr'><strong>noster;</strong></span> <span class='ocrx_word' id='word_1_87' title='bbox 2587 919 2645 970; x_wconf 94' lang='lat' dir='ltr'><strong>et</strong></span> <span class='ocrx_word' id='word_1_88' title='bbox 2672 917 3143 989; x_wconf 87' lang='lat' dir='ltr'><strong>subscripserunt.</strong></span> 
     </span>
    </p>
   </div>
   <div class='ocr_carea' id='block_1_15' title="bbox 702 1234 3032 1306">
    <p class='ocr_par' dir='ltr' id='par_1_15' title="bbox 702 1234 3032 1306">
     <span class='ocr_line' id='line_1_15' title="bbox 702 1234 3032 1306; baseline 0.003 -10"><span class='ocrx_word' id='word_1_89' title='bbox 702 1234 1100 1301; x_wconf 88' lang='lat' dir='ltr'><strong>INCIPIUNT</strong></span> <span class='ocrx_word' id='word_1_90' title='bbox 1144 1237 1533 1302; x_wconf 81' lang='lat' dir='ltr'><strong>CAPITULA</strong></span> <span class='ocrx_word' id='word_1_91' title='bbox 1576 1237 1907 1303; x_wconf 91' lang='lat' dir='ltr'><strong>CONCILII</strong></span> <span class='ocrx_word' id='word_1_92' title='bbox 1951 1238 2636 1306; x_wconf 82' lang='lat' dir='ltr'><strong>CARTHAGINENSIS</strong></span> <span class='ocrx_word' id='word_1_93' title='bbox 2681 1240 3032 1306; x_wconf 91' lang='lat' dir='ltr'><strong>SECUNDI.</strong></span> 
     </span>
    </p>
   </div>
   <div class='ocr_carea' id='block_1_16' title="bbox 267 1399 1558 1476">
    <p class='ocr_par' dir='ltr' id='par_1_16' title="bbox 267 1399 1558 1476">
     <span class='ocr_line' id='line_1_16' title="bbox 267 1399 1558 1476; baseline 0.005 -23"><span class='ocrx_word' id='word_1_94' title='bbox 267 1403 316 1454; x_wconf 80' lang='lat' dir='ltr'><strong>t.</strong></span> <span class='ocrx_word' id='word_1_95' title='bbox 351 1399 424 1454; x_wconf 90' lang='lat' dir='ltr'><strong>Ut</strong></span> <span class='ocrx_word' id='word_1_96' title='bbox 448 1400 689 1456; x_wconf 89' lang='lat' dir='ltr'><strong>Trinitas</strong></span> <span class='ocrx_word' id='word_1_97' title='bbox 719 1405 775 1456; x_wconf 91' lang='lat' dir='ltr'><strong>et</strong></span> <span class='ocrx_word' id='word_1_98' title='bbox 798 1403 1082 1474; x_wconf 89' lang='lat' dir='ltr'><strong>credatur,</strong></span> <span class='ocrx_word' id='word_1_99' title='bbox 1113 1409 1171 1460; x_wconf 91' lang='lat' dir='ltr'><strong>et</strong></span> <span class='ocrx_word' id='word_1_100' title='bbox 1197 1405 1558 1476; x_wconf 71' lang='lat' dir='ltr'><strong>praedicetur.</strong></span> 
     </span>
    </p>
   </div>
   <div class='ocr_carea' id='block_1_17' title="bbox 263 1493 1711 1553">
    <p class='ocr_par' dir='ltr' id='par_1_17' title="bbox 263 1493 1711 1553">
     <span class='ocr_line' id='line_1_17' title="bbox 263 1493 1711 1553; baseline 0.003 -7"><span class='ocrx_word' id='word_1_101' title='bbox 263 1496 315 1546; x_wconf 83' lang='lat'><strong>2.</strong></span> <span class='ocrx_word' id='word_1_102' title='bbox 343 1493 416 1547; x_wconf 89' lang='lat' dir='ltr'><strong>Ut</strong></span> <span class='ocrx_word' id='word_1_103' title='bbox 445 1494 674 1548; x_wconf 88' lang='lat' dir='ltr'><strong>castitas</strong></span> <span class='ocrx_word' id='word_1_104' title='bbox 698 1511 732 1548; x_wconf 91' lang='lat' dir='ltr'><strong>a</strong></span> <span class='ocrx_word' id='word_1_105' title='bbox 756 1495 938 1550; x_wconf 89' lang='lat' dir='ltr'><strong>levitis</strong></span> <span class='ocrx_word' id='word_1_106' title='bbox 962 1501 1018 1551; x_wconf 92' lang='lat' dir='ltr'><strong>et</strong></span> <span class='ocrx_word' id='word_1_107' title='bbox 1041 1513 1075 1550; x_wconf 87' lang='lat' dir='ltr'><strong>a</strong></span> <span class='ocrx_word' id='word_1_108' title='bbox 1101 1498 1314 1552; x_wconf 91' lang='lat' dir='ltr'><strong>sacerd.</strong></span> <span class='ocrx_word' id='word_1_109' title='bbox 1344 1498 1711 1553; x_wconf 85' lang='lat' dir='ltr'><strong>custodiatur.</strong></span> 
     </span>
    </p>
   </div>
   <div class='ocr_carea' id='block_1_18' title="bbox 265 1585 1822 1660">
    <p class='ocr_par' dir='ltr' id='par_1_18' title="bbox 265 1585 1822 1660">
     <span class='ocr_line' id='line_1_18' title="bbox 265 1585 1822 1660; baseline 0.004 -23"><span class='ocrx_word' id='word_1_110' title='bbox 265 1586 317 1638; x_wconf 86' lang='lat'><strong>3.</strong></span> <span class='ocrx_word' id='word_1_111' title='bbox 346 1585 419 1639; x_wconf 87' lang='lat' dir='ltr'><strong>Ut</strong></span> <span class='ocrx_word' id='word_1_112' title='bbox 441 1585 692 1641; x_wconf 85' lang='lat' dir='ltr'><strong>chrisma</strong></span> <span class='ocrx_word' id='word_1_113' title='bbox 715 1590 772 1641; x_wconf 91' lang='lat' dir='ltr'><strong>et</strong></span> <span class='ocrx_word' id='word_1_114' title='bbox 795 1587 1110 1643; x_wconf 88' lang='lat' dir='ltr'><strong>benedictio</strong></span> <span class='ocrx_word' id='word_1_115' title='bbox 1137 1591 1477 1660; x_wconf 89' lang='lat' dir='ltr'><strong>puellarum,</strong></span> <span class='ocrx_word' id='word_1_116' title='bbox 1502 1595 1556 1645; x_wconf 88' lang='lat' dir='ltr'><strong>et</strong></span> <span class='ocrx_word' id='word_1_117' title='bbox 1576 1589 1822 1645; x_wconf 88' lang='lat' dir='ltr'><strong>reconci-</strong></span> 
     </span>
    </p>
   </div>
   <div class='ocr_carea' id='block_1_19' title="bbox 199 1663 1580 1751">
    <p class='ocr_par' dir='ltr' id='par_1_19' title="bbox 199 1663 1580 1751">
     <span class='ocr_line' id='line_1_19' title="bbox 199 1663 1580 1751; baseline 0.008 -25"><span class='ocrx_word' id='word_1_118' title='bbox 199 1673 351 1730; x_wconf 89' lang='lat' dir='ltr'><strong>liatio</strong></span> <span class='ocrx_word' id='word_1_119' title='bbox 377 1677 778 1747; x_wconf 84' lang='lat' dir='ltr'><strong>pcenitentium</strong></span> <span class='ocrx_word' id='word_1_120' title='bbox 805 1695 838 1733; x_wconf 87' lang='lat' dir='ltr'><strong>a</strong></span> <span class='ocrx_word' id='word_1_121' title='bbox 866 1680 1216 1751; x_wconf 85' lang='lat' dir='ltr'><strong>presbyteris</strong></span> <span class='ocrx_word' id='word_1_122' title='bbox 1246 1697 1363 1736; x_wconf 91' lang='lat' dir='ltr'><strong>non</strong></span> <span class='ocrx_word' id='word_1_123' title='bbox 1384 1682 1545 1736; x_wconf 82' lang='lat' dir='ltr'><strong>ﬁant.</strong></span> <span class='ocrx_word' id='word_1_124' title='bbox 1575 1663 1580 1672; x_wconf 44' lang='grc'><em>“</em></span> 
     </span>
    </p>
   </div>
   <div class='ocr_carea' id='block_1_20' title="bbox 264 1769 1820 1846">
    <p class='ocr_par' dir='ltr' id='par_1_20' title="bbox 264 1769 1820 1846">
     <span class='ocr_line' id='line_1_20' title="bbox 264 1769 1820 1846; baseline 0.005 -25"><span class='ocrx_word' id='word_1_125' title='bbox 264 1769 319 1822; x_wconf 77' lang='grc'><strong>4.</strong></span> <span class='ocrx_word' id='word_1_126' title='bbox 350 1769 424 1822; x_wconf 93' lang='lat' dir='ltr'><strong>Ut</strong></span> <span class='ocrx_word' id='word_1_127' title='bbox 469 1769 768 1841; x_wconf 75' lang='lat' dir='ltr'><strong>presbyter</strong></span> <span class='ocrx_word' id='word_1_128' title='bbox 805 1772 1173 1842; x_wconf 81' lang='lat' dir='ltr'><strong>pcenitentem</strong></span> <span class='ocrx_word' id='word_1_129' title='bbox 1209 1773 1400 1844; x_wconf 88' lang='lat' dir='ltr'><strong>jussus</strong></span> <span class='ocrx_word' id='word_1_130' title='bbox 1447 1774 1519 1828; x_wconf 87' lang='lat' dir='ltr'><strong>ab</strong></span> <span class='ocrx_word' id='word_1_131' title='bbox 1559 1775 1820 1846; x_wconf 91' lang='lat' dir='ltr'><strong>episcopo</strong></span> 
     </span>
    </p>
   </div>
   <div class='ocr_carea' id='block_1_21' title="bbox 196 1862 663 1918">
    <p class='ocr_par' dir='ltr' id='par_1_21' title="bbox 196 1862 663 1918">
     <span class='ocr_line' id='line_1_21' title="bbox 196 1862 663 1918; baseline 0.009 -6"><span class='ocrx_word' id='word_1_132' title='bbox 196 1875 294 1913; x_wconf 90' lang='lat' dir='ltr'><strong>suo</strong></span> <span class='ocrx_word' id='word_1_133' title='bbox 318 1862 663 1918; x_wconf 90' lang='lat' dir='ltr'><strong>reconciliet.</strong></span> 
     </span>
    </p>
   </div>
   <div class='ocr_carea' id='block_1_22' title="bbox 1991 1406 3544 1479">
    <p class='ocr_par' dir='ltr' id='par_1_22' title="bbox 1991 1406 3544 1479">
     <span class='ocr_line' id='line_1_22' title="bbox 1991 1406 3544 1479; baseline 0.005 -19"><span class='ocrx_word' id='word_1_134' title='bbox 1991 1409 2043 1460; x_wconf 91' lang='lat'><strong>8.</strong></span> <span class='ocrx_word' id='word_1_135' title='bbox 2101 1407 2170 1461; x_wconf 90' lang='lat' dir='ltr'><strong>Ut</strong></span> <span class='ocrx_word' id='word_1_136' title='bbox 2218 1406 2265 1461; x_wconf 93' lang='lat' dir='ltr'><strong>si</strong></span> <span class='ocrx_word' id='word_1_137' title='bbox 2314 1407 2608 1479; x_wconf 89' lang='lat' dir='ltr'><strong>presbyter</strong></span> <span class='ocrx_word' id='word_1_138' title='bbox 2659 1409 3181 1464; x_wconf 88' lang='lat' dir='ltr'><strong>excommunicatus</strong></span> <span class='ocrx_word' id='word_1_139' title='bbox 3239 1411 3544 1468; x_wconf 85' lang='lat' dir='ltr'><strong>sacrificare</strong></span> 
     </span>
    </p>
   </div>
   <div class='ocr_carea' id='block_1_23' title="bbox 1918 1499 2920 1569">
    <p class='ocr_par' dir='ltr' id='par_1_23' title="bbox 1918 1499 2920 1569">
     <span class='ocr_line' id='line_1_23' title="bbox 1918 1499 2920 1569; baseline 0.006 -20"><span class='ocrx_word' id='word_1_140' title='bbox 1918 1499 2362 1569; x_wconf 60' lang='lat' dir='ltr'><strong>praesumpserit,</strong></span> <span class='ocrx_word' id='word_1_141' title='bbox 2392 1501 2920 1556; x_wconf 89' lang='lat' dir='ltr'><strong>anathematizetur.</strong></span> 
     </span>
    </p>
   </div>
   <div class='ocr_carea' id='block_1_24' title="bbox 1990 1591 3541 1666">
    <p class='ocr_par' dir='ltr' id='par_1_24' title="bbox 1990 1591 3541 1666">
     <span class='ocr_line' id='line_1_24' title="bbox 1990 1591 3541 1666; baseline 0.005 -24"><span class='ocrx_word' id='word_1_142' title='bbox 1990 1592 2041 1642; x_wconf 92' lang='lat'><strong>9.</strong></span> <span class='ocrx_word' id='word_1_143' title='bbox 2073 1591 2145 1644; x_wconf 90' lang='lat' dir='ltr'><strong>Ut</strong></span> <span class='ocrx_word' id='word_1_144' title='bbox 2168 1591 2214 1644; x_wconf 91' lang='lat' dir='ltr'><strong>si</strong></span> <span class='ocrx_word' id='word_1_145' title='bbox 2239 1591 2534 1662; x_wconf 83' lang='lat' dir='ltr'><strong>presbyter</strong></span> <span class='ocrx_word' id='word_1_146' title='bbox 2559 1593 2879 1648; x_wconf 89' lang='lat' dir='ltr'><strong>inconsulto</strong></span> <span class='ocrx_word' id='word_1_147' title='bbox 2907 1594 3171 1665; x_wconf 88' lang='lat' dir='ltr'><strong>episcopo</strong></span> <span class='ocrx_word' id='word_1_148' title='bbox 3204 1595 3426 1666; x_wconf 87' lang='lat' dir='ltr'><strong>agenda</strong></span> <span class='ocrx_word' id='word_1_149' title='bbox 3452 1612 3541 1650; x_wconf 89' lang='lat' dir='ltr'><strong>ce-</strong></span> 
     </span>
    </p>
   </div>
   <div class='ocr_carea' id='block_1_25' title="bbox 1921 1679 2794 1755">
    <p class='ocr_par' dir='ltr' id='par_1_25' title="bbox 1921 1679 2794 1755">
     <span class='ocr_line' id='line_1_25' title="bbox 1921 1679 2794 1755; baseline 0.008 -22"><span class='ocrx_word' id='word_1_150' title='bbox 1921 1679 2244 1751; x_wconf 90' lang='lat' dir='ltr'><strong>lebraverit,</strong></span> <span class='ocrx_word' id='word_1_151' title='bbox 2277 1683 2491 1738; x_wconf 90' lang='lat' dir='ltr'><strong>honore</strong></span> <span class='ocrx_word' id='word_1_152' title='bbox 2518 1684 2794 1755; x_wconf 88' lang='lat' dir='ltr'><strong>privetur.</strong></span> 
     </span>
    </p>
   </div>
   <div class='ocr_carea' id='block_1_26' title="bbox 2002 1775 3546 1852">
    <p class='ocr_par' dir='ltr' id='par_1_26' title="bbox 2002 1775 3546 1852">
     <span class='ocr_line' id='line_1_26' title="bbox 2002 1775 3546 1852; baseline 0 -18"><span class='ocrx_word' id='word_1_153' title='bbox 2002 1782 2088 1834; x_wconf 80' lang='grc'><strong>10.</strong></span> <span class='ocrx_word' id='word_1_154' title='bbox 2131 1775 2340 1839; x_wconf 84' lang='lat' dir='ltr'><strong>Quanti</strong></span> <span class='ocrx_word' id='word_1_155' title='bbox 2386 1776 2637 1831; x_wconf 89' lang='lat' dir='ltr'><strong>debeant</strong></span> <span class='ocrx_word' id='word_1_156' title='bbox 2672 1777 2934 1847; x_wconf 87' lang='lat' dir='ltr'><strong>judicare</strong></span> <span class='ocrx_word' id='word_1_157' title='bbox 2981 1778 3332 1835; x_wconf 87' lang='lat' dir='ltr'><strong>sacerdotem</strong></span> <span class='ocrx_word' id='word_1_158' title='bbox 3380 1782 3546 1852; x_wconf 87' lang='lat' dir='ltr'><strong>atque</strong></span> 
     </span>
    </p>
   </div>
   <div class='ocr_carea' id='block_1_27' title="bbox 1919 1871 2170 1925">
    <p class='ocr_par' dir='ltr' id='par_1_27' title="bbox 1919 1871 2170 1925">
     <span class='ocr_line' id='line_1_27' title="bbox 1919 1871 2170 1925; baseline -0.004 0"><span class='ocrx_word' id='word_1_159' title='bbox 1919 1871 2170 1925; x_wconf 90' lang='lat' dir='ltr'><strong>levitem.</strong></span> 
     </span>
    </p>
   </div>
   <div class='ocr_carea' id='block_1_28' title="bbox 271 1954 3384 2034">
    <p class='ocr_par' dir='ltr' id='par_1_28' title="bbox 271 1954 3384 2034">
     <span class='ocr_line' id='line_1_28' title="bbox 271 1954 3384 2034; baseline 0.003 -25"><span class='ocrx_word' id='word_1_160' title='bbox 271 1959 321 2009; x_wconf 82' lang='lat'><strong>5.</strong></span> <span class='ocrx_word' id='word_1_161' title='bbox 352 1956 425 2010; x_wconf 91' lang='lat' dir='ltr'><strong>Ut</strong></span> <span class='ocrx_word' id='word_1_162' title='bbox 450 1954 705 2009; x_wconf 89' lang='lat' dir='ltr'><strong>dioecesis</strong></span> <span class='ocrx_word' id='word_1_163' title='bbox 737 1971 866 2026; x_wconf 75' lang='lat' dir='ltr'><strong>quae</strong></span> <span class='ocrx_word' id='word_1_164' title='bbox 895 1956 1220 2028; x_wconf 89' lang='lat' dir='ltr'><strong>episcopum</strong></span> <span class='ocrx_word' id='word_1_165' title='bbox 1266 1974 1562 2030; x_wconf 89' lang='lat' dir='ltr'><strong>nunquam</strong></span> <span class='ocrx_word' id='word_1_166' title='bbox 1605 1959 1819 2027; x_wconf 83' lang='lat' dir='ltr'><strong>habuit,</strong></span> <span class='ocrx_word' id='word_1_167' title='bbox 1841 1957 1899 2028; x_wconf 90' lang='lat' dir='ltr'><strong>B</strong></span> <span class='ocrx_word' id='word_1_168' title='bbox 1998 1967 2082 2018; x_wconf 81' lang='grc' dir='ltr'><strong>Η.</strong></span> <span class='ocrx_word' id='word_1_169' title='bbox 2113 1963 2186 2016; x_wconf 88' lang='lat' dir='ltr'><strong>Ut</strong></span> <span class='ocrx_word' id='word_1_170' title='bbox 2209 1961 2395 2016; x_wconf 90' lang='lat' dir='ltr'><strong>nullus</strong></span> <span class='ocrx_word' id='word_1_171' title='bbox 2423 1961 2755 2032; x_wconf 87' lang='lat' dir='ltr'><strong>parochiam</strong></span> <span class='ocrx_word' id='word_1_172' title='bbox 2786 1963 3032 2017; x_wconf 90' lang='lat' dir='ltr'><strong>alienam</strong></span> <span class='ocrx_word' id='word_1_173' title='bbox 3056 1969 3384 2034; x_wconf 73' lang='lat' dir='ltr'><strong>praesumat.</strong></span> 
     </span>
    </p>
   </div>
   <div class='ocr_carea' id='block_1_29' title="bbox 199 2047 565 2104">
    <p class='ocr_par' dir='ltr' id='par_1_29' title="bbox 199 2047 565 2104">
     <span class='ocr_line' id='line_1_29' title="bbox 199 2047 565 2104; baseline -0.011 0"><span class='ocrx_word' id='word_1_174' title='bbox 199 2065 312 2104; x_wconf 92' lang='lat' dir='ltr'><strong>non</strong></span> <span class='ocrx_word' id='word_1_175' title='bbox 337 2047 565 2101; x_wconf 88' lang='lat' dir='ltr'><strong>habeat.</strong></span> 
     </span>
    </p>
   </div>
   <div class='ocr_carea' id='block_1_30' title="bbox 266 2139 1820 2212">
    <p class='ocr_par' dir='ltr' id='par_1_30' title="bbox 266 2139 1820 2212">
     <span class='ocr_line' id='line_1_30' title="bbox 266 2139 1820 2212; baseline 0.002 -17"><span class='ocrx_word' id='word_1_176' title='bbox 266 2144 318 2195; x_wconf 86' lang='lat'><strong>6.</strong></span> <span class='ocrx_word' id='word_1_177' title='bbox 347 2141 418 2195; x_wconf 92' lang='lat' dir='ltr'><strong>Ut</strong></span> <span class='ocrx_word' id='word_1_178' title='bbox 460 2139 558 2210; x_wconf 86' lang='lat' dir='ltr'><strong>qui</strong></span> <span class='ocrx_word' id='word_1_179' title='bbox 588 2139 918 2194; x_wconf 90' lang='lat' dir='ltr'><strong>criminibus</strong></span> <span class='ocrx_word' id='word_1_180' title='bbox 952 2140 1219 2212; x_wconf 89' lang='lat' dir='ltr'><strong>implicati</strong></span> <span class='ocrx_word' id='word_1_181' title='bbox 1256 2147 1404 2210; x_wconf 90' lang='lat' dir='ltr'><strong>sunt,</strong></span> <span class='ocrx_word' id='word_1_182' title='bbox 1443 2144 1672 2199; x_wconf 88' lang='lat' dir='ltr'><strong>clericos</strong></span> <span class='ocrx_word' id='word_1_183' title='bbox 1708 2159 1820 2199; x_wconf 90' lang='lat' dir='ltr'><strong>non</strong></span> 
     </span>
    </p>
   </div>
   <div class='ocr_carea' id='block_1_31' title="bbox 201 2236 480 2288">
    <p class='ocr_par' dir='ltr' id='par_1_31' title="bbox 201 2236 480 2288">
     <span class='ocr_line' id='line_1_31' title="bbox 201 2236 480 2288; baseline 0 -2"><span class='ocrx_word' id='word_1_184' title='bbox 201 2236 480 2288; x_wconf 85' lang='lat' dir='ltr'><strong>accusent.</strong></span> 
     </span>
    </p>
   </div>
   <div class='ocr_carea' id='block_1_32' title="bbox 1992 2053 3543 2125">
    <p class='ocr_par' dir='ltr' id='par_1_32' title="bbox 1992 2053 3543 2125">
     <span class='ocr_line' id='line_1_32' title="bbox 1992 2053 3543 2125; baseline 0.001 -15"><span class='ocrx_word' id='word_1_185' title='bbox 1992 2059 2078 2110; x_wconf 78' lang='lat' dir='ltr'><strong>l2.</strong></span> <span class='ocrx_word' id='word_1_186' title='bbox 2107 2055 2178 2109; x_wconf 94' lang='lat' dir='ltr'><strong>Ut</strong></span> <span class='ocrx_word' id='word_1_187' title='bbox 2205 2053 2326 2108; x_wconf 90' lang='lat' dir='ltr'><strong>sine</strong></span> <span class='ocrx_word' id='word_1_188' title='bbox 2359 2054 2616 2108; x_wconf 89' lang='lat' dir='ltr'><strong>consultu</strong></span> <span class='ocrx_word' id='word_1_189' title='bbox 2648 2054 3071 2125; x_wconf 84' lang='lat' dir='ltr'><strong>metropolitani</strong></span> <span class='ocrx_word' id='word_1_190' title='bbox 3099 2055 3290 2110; x_wconf 89' lang='lat' dir='ltr'><strong>nullus</strong></span> <span class='ocrx_word' id='word_1_191' title='bbox 3316 2055 3543 2112; x_wconf 84' lang='lat' dir='ltr'><strong>ordine-</strong></span> 
     </span>
    </p>
   </div>
   <div class='ocr_carea' id='block_1_33' title="bbox 1920 2146 2358 2218">
    <p class='ocr_par' dir='ltr' id='par_1_33' title="bbox 1920 2146 2358 2218">
     <span class='ocr_line' id='line_1_33' title="bbox 1920 2146 2358 2218; baseline -0.005 -17"><span class='ocrx_word' id='word_1_192' title='bbox 1920 2151 2014 2202; x_wconf 91' lang='lat' dir='ltr'><strong>tur</strong></span> <span class='ocrx_word' id='word_1_193' title='bbox 2042 2146 2358 2218; x_wconf 90' lang='lat' dir='ltr'><strong>episcopus.</strong></span> 
     </span>
    </p>
   </div>
   <div class='ocr_carea' id='block_1_34' title="bbox 1996 2237 3547 2311">
    <p class='ocr_par' dir='ltr' id='par_1_34' title="bbox 1996 2237 3547 2311">
     <span class='ocr_line' id='line_1_34' title="bbox 1996 2237 3547 2311; baseline 0.001 -19"><span class='ocrx_word' id='word_1_194' title='bbox 1996 2243 2078 2294; x_wconf 80' lang='lat' dir='ltr'><strong>l3.</strong></span> <span class='ocrx_word' id='word_1_195' title='bbox 2111 2239 2183 2293; x_wconf 88' lang='lat' dir='ltr'><strong>Ut</strong></span> <span class='ocrx_word' id='word_1_196' title='bbox 2207 2237 2306 2309; x_wconf 90' lang='lat' dir='ltr'><strong>qui</strong></span> <span class='ocrx_word' id='word_1_197' title='bbox 2331 2243 2527 2293; x_wconf 92' lang='lat' dir='ltr'><strong>contra</strong></span> <span class='ocrx_word' id='word_1_198' title='bbox 2556 2239 2967 2309; x_wconf 88' lang='lat' dir='ltr'><strong>professionem</strong></span> <span class='ocrx_word' id='word_1_199' title='bbox 3000 2243 3056 2295; x_wconf 90' lang='lat' dir='ltr'><strong>et</strong></span> <span class='ocrx_word' id='word_1_200' title='bbox 3079 2240 3547 2311; x_wconf 86' lang='lat' dir='ltr'><strong>subscriptionem</strong></span> 
     </span>
    </p>
   </div>
   <div class='ocr_carea' id='block_1_35' title="bbox 267 2325 3062 2403">
    <p class='ocr_par' dir='ltr' id='par_1_35' title="bbox 267 2325 3062 2403">
     <span class='ocr_line' id='line_1_35' title="bbox 267 2325 3062 2403; baseline 0.003 -25"><span class='ocrx_word' id='word_1_201' title='bbox 267 2330 316 2378; x_wconf 87' lang='lat'><strong>7.</strong></span> <span class='ocrx_word' id='word_1_202' title='bbox 356 2325 430 2379; x_wconf 90' lang='lat' dir='ltr'><strong>Ut</strong></span> <span class='ocrx_word' id='word_1_203' title='bbox 477 2325 576 2395; x_wconf 89' lang='lat' dir='ltr'><strong>qui</strong></span> <span class='ocrx_word' id='word_1_204' title='bbox 633 2325 1184 2380; x_wconf 86' lang='lat' dir='ltr'><strong>excommunicatum</strong></span> <span class='ocrx_word' id='word_1_205' title='bbox 1237 2328 1465 2383; x_wconf 89' lang='lat' dir='ltr'><strong>alterius</strong></span> <span class='ocrx_word' id='word_1_206' title='bbox 1515 2328 1825 2401; x_wconf 87' lang='lat' dir='ltr'><strong>susceperit</strong></span> <span class='ocrx_word' id='word_1_207' title='bbox 1923 2347 2083 2386; x_wconf 90' lang='lat' dir='ltr'><strong>suam</strong></span> <span class='ocrx_word' id='word_1_208' title='bbox 2113 2329 2332 2386; x_wconf 87' lang='lat' dir='ltr'><strong>venerit</strong></span> <span class='ocrx_word' id='word_1_209' title='bbox 2357 2329 2415 2385; x_wconf 91' lang='lat' dir='ltr'><strong>in</strong></span> <span class='ocrx_word' id='word_1_210' title='bbox 2447 2331 2704 2398; x_wconf 89' lang='lat' dir='ltr'><strong>concilio,</strong></span> <span class='ocrx_word' id='word_1_211' title='bbox 2729 2331 3062 2403; x_wconf 85' lang='lat' dir='ltr'><strong>deponatur.</strong></span> 
     </span>
    </p>
   </div>
   <div class='ocr_carea' id='block_1_36' title="bbox 203 2415 740 2472">
    <p class='ocr_par' dir='ltr' id='par_1_36' title="bbox 203 2415 740 2472">
     <span class='ocr_line' id='line_1_36' title="bbox 203 2415 740 2472; baseline -0.002 -2"><span class='ocrx_word' id='word_1_212' title='bbox 203 2415 740 2472; x_wconf 85' lang='lat' dir='ltr'><strong>excommunicetur.</strong></span> 
     </span>
    </p>
   </div>
   <div class='ocr_carea' id='block_1_37' title="bbox 465 2673 3274 2770">
    <p class='ocr_par' dir='ltr' id='par_1_37' title="bbox 465 2673 3274 2770">
     <span class='ocr_line' id='line_1_37' title="bbox 465 2673 3274 2770; baseline 0.002 -8"><span class='ocrx_word' id='word_1_213' title='bbox 465 2673 878 2763; x_wconf 86' lang='lat' dir='ltr'><strong>INCIPIT</strong></span> <span class='ocrx_word' id='word_1_214' title='bbox 955 2673 1563 2767; x_wconf 91' lang='lat' dir='ltr'><strong>CONCILIUM</strong></span> <span class='ocrx_word' id='word_1_215' title='bbox 1651 2677 2247 2769; x_wconf 86' lang='lat' dir='ltr'><strong>SECUNDUM</strong></span> <span class='ocrx_word' id='word_1_216' title='bbox 2332 2677 3274 2770; x_wconf 81' lang='lat' dir='ltr'><strong>CARTHAGINENSE</strong></span> 
     </span>
    </p>
   </div>
   <div class='ocr_carea' id='block_1_38' title="bbox 1432 2857 2301 2922">
    <p class='ocr_par' dir='ltr' id='par_1_38' title="bbox 1432 2857 2301 2922">
     <span class='ocr_line' id='line_1_38' title="bbox 1432 2857 2301 2922; baseline 0.002 -7"><span class='ocrx_word' id='word_1_217' title='bbox 1432 2857 1740 2921; x_wconf 73' lang='lat' dir='ltr'><strong>Habitum</strong></span> <span class='ocrx_word' id='word_1_218' title='bbox 1769 2876 1906 2922; x_wconf 69' lang='lat' dir='ltr'><strong>aera</strong></span> <span class='ocrx_word' id='word_1_219' title='bbox 1936 2877 2301 2922; x_wconf 83' lang='lat' dir='ltr'><strong>ccccxxvm.</strong></span> 
     </span>
    </p>
   </div>
   <div class='ocr_carea' id='block_1_39' title="bbox 268 3031 3548 3114">
    <p class='ocr_par' dir='ltr' id='par_1_39' title="bbox 268 3031 3548 3114">
     <span class='ocr_line' id='line_1_39' title="bbox 268 3031 3548 3114; baseline 0.003 -28"><span class='ocrx_word' id='word_1_220' title='bbox 268 3031 679 3089; x_wconf 87' lang='lat' dir='ltr'><strong>Gloriosissimo</strong></span> <span class='ocrx_word' id='word_1_221' title='bbox 727 3034 1064 3107; x_wconf 89' lang='lat' dir='ltr'><strong>imperatore</strong></span> <span class='ocrx_word' id='word_1_222' title='bbox 1118 3037 1509 3095; x_wconf 87' lang='lat' dir='ltr'><strong>Valentiniano</strong></span> <span class='ocrx_word' id='word_1_223' title='bbox 1568 3044 1823 3112; x_wconf 88' lang='lat' dir='ltr'><strong>Augusto</strong></span> <span class='ocrx_word' id='word_1_224' title='bbox 1925 3041 2202 3098; x_wconf 84' lang='lat' dir='ltr'><strong>castitatis</strong></span> <span class='ocrx_word' id='word_1_225' title='bbox 2219 3057 2322 3114; x_wconf 93' lang='lat' dir='ltr'><strong>per</strong></span> <span class='ocrx_word' id='word_1_226' title='bbox 2347 3041 2802 3097; x_wconf 87' lang='lat' dir='ltr'><strong>consecrationes</strong></span> <span class='ocrx_word' id='word_1_227' title='bbox 2816 3039 3024 3096; x_wconf 81' lang='lat' dir='ltr'><strong>annexi</strong></span> <span class='ocrx_word' id='word_1_228' title='bbox 3051 3043 3200 3095; x_wconf 90' lang='lat' dir='ltr'><strong>sunt.</strong></span> <span class='ocrx_word' id='word_1_229' title='bbox 3223 3039 3548 3112; x_wconf 82' lang='lat' dir='ltr'><strong>Episcopos,</strong></span> 
     </span>
    </p>
   </div>
   <div class='ocr_carea' id='block_1_40' title="bbox 201 3127 3547 3206">
    <p class='ocr_par' dir='ltr' id='par_1_40' title="bbox 201 3127 3547 3206">
     <span class='ocr_line' id='line_1_40' title="bbox 201 3127 3547 3206; baseline 0.003 -27"><span class='ocrx_word' id='word_1_230' title='bbox 201 3129 402 3194; x_wconf 87' lang='lat' dir='ltr'><strong>quarto</strong></span> <span class='ocrx_word' id='word_1_231' title='bbox 446 3130 504 3181; x_wconf 93' lang='lat' dir='ltr'><strong>et</strong></span> <span class='ocrx_word' id='word_1_232' title='bbox 544 3127 877 3199; x_wconf 91' lang='lat' dir='ltr'><strong>Theodosio,</strong></span> <span class='ocrx_word' id='word_1_233' title='bbox 925 3130 1060 3186; x_wconf 89' lang='lat' dir='ltr'><strong>viris</strong></span> <span class='ocrx_word' id='word_1_234' title='bbox 1106 3131 1434 3187; x_wconf 89' lang='lat' dir='ltr'><strong>clarissimis</strong></span> <span class='ocrx_word' id='word_1_235' title='bbox 1477 3133 1820 3202; x_wconf 87' lang='lat' dir='ltr'><strong>consulibus,</strong></span> <span class='ocrx_word' id='word_1_236' title='bbox 1923 3135 2182 3206; x_wconf 89' lang='lat' dir='ltr'><strong>inquam,</strong></span> <span class='ocrx_word' id='word_1_237' title='bbox 2213 3133 2572 3206; x_wconf 85' lang='lat' dir='ltr'><strong>presbyteros</strong></span> <span class='ocrx_word' id='word_1_238' title='bbox 2597 3135 2654 3188; x_wconf 92' lang='lat' dir='ltr'><strong>et</strong></span> <span class='ocrx_word' id='word_1_239' title='bbox 2673 3133 2938 3188; x_wconf 84' lang='lat' dir='ltr'><strong>diaconos</strong></span> <span class='ocrx_word' id='word_1_240' title='bbox 2962 3133 3041 3189; x_wconf 91' lang='lat' dir='ltr'><strong>ita</strong></span> <span class='ocrx_word' id='word_1_241' title='bbox 3069 3131 3297 3203; x_wconf 89' lang='lat' dir='ltr'><strong>placuit,</strong></span> <span class='ocrx_word' id='word_1_242' title='bbox 3317 3135 3386 3188; x_wconf 92' lang='lat' dir='ltr'><strong>ut</strong></span> <span class='ocrx_word' id='word_1_243' title='bbox 3410 3149 3547 3188; x_wconf 87' lang='lat' dir='ltr'><strong>con-</strong></span> 
     </span>
    </p>
   </div>
   <div class='ocr_carea' id='block_1_41' title="bbox 203 3218 3548 3298">
    <p class='ocr_par' dir='ltr' id='par_1_41' title="bbox 203 3218 3548 3298">
     <span class='ocr_line' id='line_1_41' title="bbox 203 3218 3548 3298; baseline 0.004 -29"><span class='ocrx_word' id='word_1_244' title='bbox 203 3233 286 3270; x_wconf 78' lang='lat' dir='ltr'><strong>xiv</strong></span> <span class='ocrx_word' id='word_1_245' title='bbox 316 3218 558 3274; x_wconf 84' lang='lat' dir='ltr'><strong>Kalend.</strong></span> <span class='ocrx_word' id='word_1_246' title='bbox 597 3221 748 3275; x_wconf 83' lang='lat' dir='ltr'><strong>Junii</strong></span> <span class='ocrx_word' id='word_1_247' title='bbox 796 3222 1142 3296; x_wconf 81' lang='lat' dir='ltr'><strong>Carthagine</strong></span> <span class='ocrx_word' id='word_1_248' title='bbox 1178 3225 1239 3279; x_wconf 94' lang='lat' dir='ltr'><strong>in</strong></span> <span class='ocrx_word' id='word_1_249' title='bbox 1284 3225 1512 3280; x_wconf 87' lang='lat' dir='ltr'><strong>basilica</strong></span> <span class='ocrx_word' id='word_1_250' title='bbox 1551 3232 1826 3298; x_wconf 87' lang='lat' dir='ltr'><strong>perpetua</strong></span> <span class='ocrx_word' id='word_1_251' title='bbox 1848 3275 1896 3298; x_wconf 61' lang='grc' dir='ltr'>η</span> <span class='ocrx_word' id='word_1_252' title='bbox 1926 3226 2091 3282; x_wconf 90' lang='lat' dir='ltr'><strong>decet</strong></span> <span class='ocrx_word' id='word_1_253' title='bbox 2133 3230 2511 3280; x_wconf 86' lang='lat' dir='ltr'><strong>sacrosanctos</strong></span> <span class='ocrx_word' id='word_1_254' title='bbox 2570 3224 2847 3280; x_wconf 87' lang='lat' dir='ltr'><strong>antistites</strong></span> <span class='ocrx_word' id='word_1_255' title='bbox 2915 3229 2972 3280; x_wconf 92' lang='lat' dir='ltr'><strong>et</strong></span> <span class='ocrx_word' id='word_1_256' title='bbox 3019 3224 3120 3278; x_wconf 90' lang='lat' dir='ltr'><strong>Dei</strong></span> <span class='ocrx_word' id='word_1_257' title='bbox 3181 3223 3501 3281; x_wconf 80' lang='lat' dir='ltr'><strong>sacerdotes</strong></span> <span class='ocrx_word' id='word_1_258' title='bbox 3532 3266 3548 3292; x_wconf 94' lang='lat'><strong>,</strong></span> 
     </span>
    </p>
   </div>
   <div class='ocr_carea' id='block_1_42' title="bbox 202 3275 3551 3386">
    <p class='ocr_par' dir='ltr' id='par_1_42' title="bbox 202 3275 3551 3386">
     <span class='ocr_line' id='line_1_42' title="bbox 810 3275 3548 3298; baseline 0.001 -9"><span class='ocrx_word' id='word_1_259' title='bbox 810 3275 1137 3296; x_wconf 42' lang='grc' dir='ltr'><strong>κ-ηρ-ηπο--τ</strong></span> <span class='ocrx_word' id='word_1_260' title='bbox 1178 3275 1239 3279; x_wconf 81' lang='grc'><strong><em>--</em></strong></span> <span class='ocrx_word' id='word_1_261' title='bbox 1284 3275 1511 3280; x_wconf 51' lang='grc' dir='ltr'><strong>ημ--ηνμ</strong></span> <span class='ocrx_word' id='word_1_262' title='bbox 1552 3275 1825 3298; x_wconf 39' lang='lat' dir='ltr'><strong>raw-“</strong></span> <span class='ocrx_word' id='word_1_263' title='bbox 1931 3275 2091 3282; x_wconf 61' lang='grc' dir='ltr'><strong>πη-</strong></span> <span class='ocrx_word' id='word_1_264' title='bbox 2133 3275 2506 3280; x_wconf 52' lang='lat' dir='ltr'><strong>&quot;nn—mm</strong></span> <span class='ocrx_word' id='word_1_265' title='bbox 2573 3275 2842 3280; x_wconf 61' lang='grc' dir='ltr'><strong><em>--η-ν-η-</em></strong></span> <span class='ocrx_word' id='word_1_266' title='bbox 2922 3275 2970 3280; x_wconf 61' lang='grc' dir='ltr'><strong>-ν</strong></span> <span class='ocrx_word' id='word_1_267' title='bbox 3020 3275 3119 3278; x_wconf 87' lang='grc'><strong>---</strong></span> <span class='ocrx_word' id='word_1_268' title='bbox 3183 3275 3497 3281; x_wconf 51' lang='lat' dir='ltr'><strong>mnu-~-</strong></span> <span class='ocrx_word' id='word_1_269' title='bbox 3532 3275 3548 3292; x_wconf 67' lang='grc' dir='ltr'><em>ι</em></span> 
     </span>
     <span class='ocr_line' id='line_1_43' title="bbox 202 3275 3551 3386; baseline 0.004 -28"><span class='ocrx_word' id='word_1_270' title='bbox 202 3305 457 3360; x_wconf 86' lang='lat' dir='ltr'><strong>restituta</strong></span> <span class='ocrx_word' id='word_1_271' title='bbox 477 3322 607 3362; x_wconf 90' lang='lat' dir='ltr'><strong>cum</strong></span> <span class='ocrx_word' id='word_1_272' title='bbox 635 3308 921 3365; x_wconf 88' lang='lat' dir='ltr'><strong>Genedius</strong></span> <span class='ocrx_word' id='word_1_273' title='bbox 949 3311 1246 3384; x_wconf 89' lang='lat' dir='ltr'><strong>episcopus</strong></span> <span class='ocrx_word' id='word_1_274' title='bbox 1287 3329 1404 3368; x_wconf 90' lang='lat' dir='ltr'><strong>una</strong></span> <span class='ocrx_word' id='word_1_275' title='bbox 1438 3329 1569 3369; x_wconf 91' lang='lat' dir='ltr'><strong>cum</strong></span> <span class='ocrx_word' id='word_1_276' title='bbox 1605 3315 1826 3370; x_wconf 86' lang='lat' dir='ltr'><strong>Victore</strong></span> <span class='ocrx_word' id='word_1_277' title='bbox 1845 3275 1900 3350; x_wconf 71' lang='grc' dir='ltr'>Ο</span> <span class='ocrx_word' id='word_1_278' title='bbox 1924 3334 2152 3373; x_wconf 91' lang='lat' dir='ltr'><strong>necnon</strong></span> <span class='ocrx_word' id='word_1_279' title='bbox 2183 3323 2241 3372; x_wconf 88' lang='lat' dir='ltr'><strong>et</strong></span> <span class='ocrx_word' id='word_1_280' title='bbox 2260 3317 2478 3385; x_wconf 83' lang='lat' dir='ltr'><strong>levitas,</strong></span> <span class='ocrx_word' id='word_1_281' title='bbox 2505 3317 2595 3370; x_wconf 88' lang='lat' dir='ltr'><strong>vel</strong></span> <span class='ocrx_word' id='word_1_282' title='bbox 2620 3315 2720 3386; x_wconf 89' lang='lat' dir='ltr'><strong>qui</strong></span> <span class='ocrx_word' id='word_1_283' title='bbox 2744 3315 3114 3370; x_wconf 88' lang='lat' dir='ltr'><strong>sacramentis</strong></span> <span class='ocrx_word' id='word_1_284' title='bbox 3142 3315 3348 3370; x_wconf 85' lang='lat' dir='ltr'><strong>divinis</strong></span> <span class='ocrx_word' id='word_1_285' title='bbox 3371 3316 3551 3372; x_wconf 80' lang='lat' dir='ltr'><strong>inser-</strong></span> 
     </span>
    </p>
   </div>
   <div class='ocr_carea' id='block_1_43' title="bbox 201 3396 3551 3478">
    <p class='ocr_par' dir='ltr' id='par_1_43' title="bbox 201 3396 3551 3478">
     <span class='ocr_line' id='line_1_44' title="bbox 201 3396 3551 3478; baseline 0.004 -28"><span class='ocrx_word' id='word_1_286' title='bbox 201 3396 441 3453; x_wconf 82' lang='lat' dir='ltr'><strong>Adriano</strong></span> <span class='ocrx_word' id='word_1_287' title='bbox 495 3401 551 3454; x_wconf 89' lang='lat' dir='ltr'><strong>et</strong></span> <span class='ocrx_word' id='word_1_288' title='bbox 606 3400 716 3456; x_wconf 90' lang='lat' dir='ltr'><strong>alio</strong></span> <span class='ocrx_word' id='word_1_289' title='bbox 765 3401 983 3458; x_wconf 88' lang='lat' dir='ltr'><strong>Victore</strong></span> <span class='ocrx_word' id='word_1_290' title='bbox 1035 3405 1452 3476; x_wconf 91' lang='lat' dir='ltr'><strong>Pupinianense</strong></span> <span class='ocrx_word' id='word_1_291' title='bbox 1495 3409 1553 3462; x_wconf 93' lang='lat' dir='ltr'><strong>et</strong></span> <span class='ocrx_word' id='word_1_292' title='bbox 1605 3407 1827 3462; x_wconf 80' lang='lat' dir='ltr'><strong>caeteris</strong></span> <span class='ocrx_word' id='word_1_293' title='bbox 1923 3410 2103 3478; x_wconf 91' lang='lat' dir='ltr'><strong>viunt,</strong></span> <span class='ocrx_word' id='word_1_294' title='bbox 2130 3409 2481 3464; x_wconf 85' lang='lat' dir='ltr'><strong>continentes</strong></span> <span class='ocrx_word' id='word_1_295' title='bbox 2511 3424 2632 3464; x_wconf 90' lang='lat' dir='ltr'><strong>esse</strong></span> <span class='ocrx_word' id='word_1_296' title='bbox 2657 3409 2716 3462; x_wconf 92' lang='lat' dir='ltr'><strong>in</strong></span> <span class='ocrx_word' id='word_1_297' title='bbox 2747 3407 3012 3462; x_wconf 86' lang='lat' dir='ltr'><strong>omnibus</strong></span> <span class='ocrx_word' id='word_1_298' title='bbox 3036 3423 3151 3478; x_wconf 90' lang='lat' dir='ltr'><strong>quo</strong></span> <span class='ocrx_word' id='word_1_299' title='bbox 3176 3409 3390 3478; x_wconf 89' lang='lat' dir='ltr'><strong>possint</strong></span> <span class='ocrx_word' id='word_1_300' title='bbox 3418 3409 3551 3463; x_wconf 86' lang='lat' dir='ltr'><strong>sim-</strong></span> 
     </span>
    </p>
   </div>
   <div class='ocr_carea' id='block_1_44' title="bbox 202 3490 3549 3576">
    <p class='ocr_par' dir='ltr' id='par_1_44' title="bbox 202 3490 3549 3576">
     <span class='ocr_line' id='line_1_45' title="bbox 202 3490 3549 3576; baseline 0.004 -33"><span class='ocrx_word' id='word_1_301' title='bbox 202 3490 548 3562; x_wconf 85' lang='lat' dir='ltr'><strong>coepiscopis</strong></span> <span class='ocrx_word' id='word_1_302' title='bbox 597 3493 713 3549; x_wconf 90' lang='lat' dir='ltr'><strong>suis</strong></span> <span class='ocrx_word' id='word_1_303' title='bbox 757 3495 1180 3565; x_wconf 88' lang='lat' dir='ltr'><strong>provinciarum</strong></span> <span class='ocrx_word' id='word_1_304' title='bbox 1236 3497 1588 3554; x_wconf 88' lang='lat' dir='ltr'><strong>diversarum</strong></span> <span class='ocrx_word' id='word_1_305' title='bbox 1632 3516 1826 3554; x_wconf 89' lang='lat' dir='ltr'><strong>conse-</strong></span> <span class='ocrx_word' id='word_1_306' title='bbox 1923 3503 2147 3576; x_wconf 89' lang='lat' dir='ltr'><strong>pliciter</strong></span> <span class='ocrx_word' id='word_1_307' title='bbox 2174 3501 2325 3573; x_wconf 91' lang='lat' dir='ltr'><strong>quod</strong></span> <span class='ocrx_word' id='word_1_308' title='bbox 2366 3517 2401 3554; x_wconf 92' lang='lat' dir='ltr'><strong>a</strong></span> <span class='ocrx_word' id='word_1_309' title='bbox 2445 3502 2556 3556; x_wconf 90' lang='lat' dir='ltr'><strong>Deo</strong></span> <span class='ocrx_word' id='word_1_310' title='bbox 2590 3500 2880 3571; x_wconf 90' lang='lat' dir='ltr'><strong>postulant</strong></span> <span class='ocrx_word' id='word_1_311' title='bbox 2916 3499 3238 3569; x_wconf 89' lang='lat' dir='ltr'><strong>impetrare,</strong></span> <span class='ocrx_word' id='word_1_312' title='bbox 3287 3504 3350 3554; x_wconf 89' lang='lat' dir='ltr'><strong>ut</strong></span> <span class='ocrx_word' id='word_1_313' title='bbox 3392 3501 3549 3571; x_wconf 87' lang='lat' dir='ltr'><strong>quod</strong></span> 
     </span>
    </p>
   </div>
   <div class='ocr_carea' id='block_1_45' title="bbox 204 3580 1236 3660">
    <p class='ocr_par' dir='ltr' id='par_1_45' title="bbox 204 3580 1236 3660">
     <span class='ocr_line' id='line_1_46' title="bbox 204 3580 1236 3660; baseline 0.01 -25"><span class='ocrx_word' id='word_1_314' title='bbox 204 3580 392 3652; x_wconf 88' lang='lat' dir='ltr'><strong>disset,</strong></span> <span class='ocrx_word' id='word_1_315' title='bbox 423 3584 704 3641; x_wconf 89' lang='lat' dir='ltr'><strong>Genedius</strong></span> <span class='ocrx_word' id='word_1_316' title='bbox 729 3588 1024 3660; x_wconf 89' lang='lat' dir='ltr'><strong>episcopus</strong></span> <span class='ocrx_word' id='word_1_317' title='bbox 1051 3589 1193 3645; x_wconf 82' lang='lat' dir='ltr'><strong>dixit</strong></span> <span class='ocrx_word' id='word_1_318' title='bbox 1223 3607 1236 3645; x_wconf 88' lang='lat'><strong>:</strong></span> 
     </span>
    </p>
   </div>
   <div class='ocr_carea' id='block_1_46' title="bbox 277 3678 1820 3755">
    <p class='ocr_par' dir='ltr' id='par_1_46' title="bbox 277 3678 1820 3755">
     <span class='ocr_line' id='line_1_47' title="bbox 277 3678 1820 3755; baseline 0.003 -21"><span class='ocrx_word' id='word_1_319' title='bbox 277 3680 408 3735; x_wconf 76' lang='lat' dir='ltr'><strong>CAP.</strong></span> <span class='ocrx_word' id='word_1_320' title='bbox 443 3679 482 3734; x_wconf 90' lang='grc' dir='ltr'><strong>Ι.</strong></span> <span class='ocrx_word' id='word_1_321' title='bbox 517 3678 912 3751; x_wconf 89' lang='lat' dir='ltr'><strong>Omnipotenti</strong></span> <span class='ocrx_word' id='word_1_322' title='bbox 936 3682 1050 3736; x_wconf 92' lang='lat' dir='ltr'><strong>Deo</strong></span> <span class='ocrx_word' id='word_1_323' title='bbox 1077 3682 1285 3753; x_wconf 89' lang='lat' dir='ltr'><strong>gratias</strong></span> <span class='ocrx_word' id='word_1_324' title='bbox 1321 3683 1529 3754; x_wconf 83' lang='lat' dir='ltr'><strong>refero,</strong></span> <span class='ocrx_word' id='word_1_325' title='bbox 1558 3684 1656 3755; x_wconf 91' lang='lat' dir='ltr'><strong>qui</strong></span> <span class='ocrx_word' id='word_1_326' title='bbox 1691 3699 1820 3755; x_wconf 89' lang='lat' dir='ltr'><strong>per-</strong></span> 
     </span>
    </p>
   </div>
   <div class='ocr_carea' id='block_1_47' title="bbox 201 3773 1822 3831">
    <p class='ocr_par' dir='ltr' id='par_1_47' title="bbox 201 3773 1822 3831">
     <span class='ocr_line' id='line_1_48' title="bbox 201 3773 1822 3831; baseline 0.001 -3"><span class='ocrx_word' id='word_1_327' title='bbox 201 3773 352 3829; x_wconf 89' lang='lat' dir='ltr'><strong>misit</strong></span> <span class='ocrx_word' id='word_1_328' title='bbox 375 3777 440 3828; x_wconf 90' lang='lat' dir='ltr'><strong>ut</strong></span> <span class='ocrx_word' id='word_1_329' title='bbox 463 3773 773 3828; x_wconf 88' lang='lat' dir='ltr'><strong>secundum</strong></span> <span class='ocrx_word' id='word_1_330' title='bbox 800 3789 1103 3830; x_wconf 90' lang='lat' dir='ltr'><strong>commune</strong></span> <span class='ocrx_word' id='word_1_331' title='bbox 1141 3774 1438 3830; x_wconf 88' lang='lat' dir='ltr'><strong>consilium</strong></span> <span class='ocrx_word' id='word_1_332' title='bbox 1474 3774 1735 3830; x_wconf 90' lang='lat' dir='ltr'><strong>habitum</strong></span> <span class='ocrx_word' id='word_1_333' title='bbox 1764 3775 1822 3831; x_wconf 91' lang='lat' dir='ltr'><strong>in</strong></span> 
     </span>
    </p>
   </div>
   <div class='ocr_carea' id='block_1_48' title="bbox 199 3865 1823 3939">
    <p class='ocr_par' dir='ltr' id='par_1_48' title="bbox 199 3865 1823 3939">
     <span class='ocr_line' id='line_1_49' title="bbox 199 3865 1823 3939; baseline 0.001 -16"><span class='ocrx_word' id='word_1_334' title='bbox 199 3865 466 3938; x_wconf 80' lang='lat' dir='ltr'><strong>praetorio</strong></span> <span class='ocrx_word' id='word_1_335' title='bbox 487 3865 658 3920; x_wconf 83' lang='lat' dir='ltr'><strong>etiam</strong></span> <span class='ocrx_word' id='word_1_336' title='bbox 677 3865 1186 3936; x_wconf 89' lang='lat' dir='ltr'><strong>itajuxtatenorem</strong></span> <span class='ocrx_word' id='word_1_337' title='bbox 1204 3868 1823 3939; x_wconf 86' lang='lat' dir='ltr'><strong>petitionislitterarum</strong></span> 
     </span>
    </p>
   </div>
   <div class='ocr_carea' id='block_1_49' title="bbox 198 3957 1822 4033">
    <p class='ocr_par' dir='ltr' id='par_1_49' title="bbox 198 3957 1822 4033">
     <span class='ocr_line' id='line_1_50' title="bbox 198 3957 1822 4033; baseline 0.001 -19"><span class='ocrx_word' id='word_1_338' title='bbox 198 3974 456 4014; x_wconf 87' lang='lat' dir='ltr'><strong>mearum</strong></span> <span class='ocrx_word' id='word_1_339' title='bbox 477 3958 548 4013; x_wconf 89' lang='lat' dir='ltr'><strong>ad</strong></span> <span class='ocrx_word' id='word_1_340' title='bbox 601 3957 1002 4029; x_wconf 89' lang='lat' dir='ltr'><strong>Carthaginem</strong></span> <span class='ocrx_word' id='word_1_341' title='bbox 1053 3977 1155 4030; x_wconf 90' lang='lat' dir='ltr'><strong>pro</strong></span> <span class='ocrx_word' id='word_1_342' title='bbox 1197 3961 1310 4016; x_wconf 85' lang='lat' dir='ltr'><strong>fide</strong></span> <span class='ocrx_word' id='word_1_343' title='bbox 1367 3964 1538 4033; x_wconf 88' lang='lat' dir='ltr'><strong>atque</strong></span> <span class='ocrx_word' id='word_1_344' title='bbox 1584 3959 1822 4016; x_wconf 88' lang='lat' dir='ltr'><strong>utilitate</strong></span> 
     </span>
    </p>
   </div>
   <div class='ocr_carea' id='block_1_50' title="bbox 198 4050 1819 4126">
    <p class='ocr_par' dir='ltr' id='par_1_50' title="bbox 198 4050 1819 4126">
     <span class='ocr_line' id='line_1_51' title="bbox 198 4050 1819 4126; baseline 0 -18"><span class='ocrx_word' id='word_1_345' title='bbox 198 4051 575 4108; x_wconf 86' lang='lat' dir='ltr'><strong>ecclesiastica</strong></span> <span class='ocrx_word' id='word_1_346' title='bbox 600 4050 886 4120; x_wconf 88' lang='lat' dir='ltr'><strong>veniretis,</strong></span> <span class='ocrx_word' id='word_1_347' title='bbox 915 4051 1050 4108; x_wconf 91' lang='lat' dir='ltr'><strong>licet</strong></span> <span class='ocrx_word' id='word_1_348' title='bbox 1073 4069 1190 4108; x_wconf 93' lang='lat' dir='ltr'><strong>non</strong></span> <span class='ocrx_word' id='word_1_349' title='bbox 1216 4070 1434 4123; x_wconf 90' lang='lat' dir='ltr'><strong>omnes,</strong></span> <span class='ocrx_word' id='word_1_350' title='bbox 1455 4059 1654 4110; x_wconf 87' lang='lat' dir='ltr'><strong>tamen</strong></span> <span class='ocrx_word' id='word_1_351' title='bbox 1683 4070 1819 4126; x_wconf 87' lang='lat' dir='ltr'><strong>quo-</strong></span> 
     </span>
    </p>
   </div>
   <div class='ocr_carea' id='block_1_51' title="bbox 199 4143 1824 4217">
    <p class='ocr_par' dir='ltr' id='par_1_51' title="bbox 199 4143 1824 4217">
     <span class='ocr_line' id='line_1_52' title="bbox 199 4143 1824 4217; baseline 0 -17"><span class='ocrx_word' id='word_1_352' title='bbox 199 4145 352 4201; x_wconf 88' lang='lat' dir='ltr'><strong>niam</strong></span> <span class='ocrx_word' id='word_1_353' title='bbox 383 4143 632 4199; x_wconf 88' lang='lat' dir='ltr'><strong>charitas</strong></span> <span class='ocrx_word' id='word_1_354' title='bbox 660 4146 844 4199; x_wconf 86' lang='lat' dir='ltr'><strong>totum</strong></span> <span class='ocrx_word' id='word_1_355' title='bbox 869 4144 1196 4216; x_wconf 89' lang='lat' dir='ltr'><strong>persuadet,</strong></span> <span class='ocrx_word' id='word_1_356' title='bbox 1221 4149 1290 4201; x_wconf 91' lang='lat' dir='ltr'><strong>ut</strong></span> <span class='ocrx_word' id='word_1_357' title='bbox 1314 4146 1412 4217; x_wconf 91' lang='lat' dir='ltr'><strong>qui</strong></span> <span class='ocrx_word' id='word_1_358' title='bbox 1437 4162 1672 4217; x_wconf 91' lang='lat' dir='ltr'><strong>corpore</strong></span> <span class='ocrx_word' id='word_1_359' title='bbox 1693 4147 1824 4200; x_wconf 90' lang='lat' dir='ltr'><strong>sunt</strong></span> 
     </span>
    </p>
   </div>
   <div class='ocr_carea' id='block_1_52' title="bbox 196 4235 1821 4308">
    <p class='ocr_par' dir='ltr' id='par_1_52' title="bbox 196 4235 1821 4308">
     <span class='ocr_line' id='line_1_53' title="bbox 196 4235 1821 4308; baseline 0 -15"><span class='ocrx_word' id='word_1_360' title='bbox 196 4237 473 4304; x_wconf 85' lang='lat' dir='ltr'><strong>absentes,</strong></span> <span class='ocrx_word' id='word_1_361' title='bbox 504 4235 792 4291; x_wconf 89' lang='lat' dir='ltr'><strong>nobiscum</strong></span> <span class='ocrx_word' id='word_1_362' title='bbox 837 4237 896 4291; x_wconf 92' lang='lat' dir='ltr'><strong>in</strong></span> <span class='ocrx_word' id='word_1_363' title='bbox 947 4237 1148 4308; x_wconf 87' lang='lat' dir='ltr'><strong>spiritu</strong></span> <span class='ocrx_word' id='word_1_364' title='bbox 1191 4238 1490 4293; x_wconf 88' lang='lat' dir='ltr'><strong>videantur</strong></span> <span class='ocrx_word' id='word_1_365' title='bbox 1526 4255 1646 4294; x_wconf 91' lang='lat' dir='ltr'><strong>esse</strong></span> <span class='ocrx_word' id='word_1_366' title='bbox 1684 4254 1821 4293; x_wconf 92' lang='lat' dir='ltr'><strong>con-</strong></span> 
     </span>
    </p>
   </div>
   <div class='ocr_carea' id='block_1_53' title="bbox 193 4329 1825 4402">
    <p class='ocr_par' dir='ltr' id='par_1_53' title="bbox 193 4329 1825 4402">
     <span class='ocr_line' id='line_1_54' title="bbox 193 4329 1825 4402; baseline -0.001 -16"><span class='ocrx_word' id='word_1_367' title='bbox 193 4330 394 4400; x_wconf 87' lang='lat' dir='ltr'><strong>juncti,</strong></span> <span class='ocrx_word' id='word_1_368' title='bbox 438 4329 649 4385; x_wconf 90' lang='lat' dir='ltr'><strong>idcirco</strong></span> <span class='ocrx_word' id='word_1_369' title='bbox 692 4330 805 4384; x_wconf 90' lang='lat' dir='ltr'><strong>Deo</strong></span> <span class='ocrx_word' id='word_1_370' title='bbox 844 4329 1117 4402; x_wconf 86' lang='lat' dir='ltr'><strong>prepitio,</strong></span> <span class='ocrx_word' id='word_1_371' title='bbox 1163 4330 1296 4402; x_wconf 89' lang='lat' dir='ltr'><strong>quia</strong></span> <span class='ocrx_word' id='word_1_372' title='bbox 1341 4335 1646 4402; x_wconf 81' lang='lat' dir='ltr'><strong>praesentes</strong></span> <span class='ocrx_word' id='word_1_373' title='bbox 1690 4331 1825 4386; x_wconf 88' lang='lat' dir='ltr'><strong>estis</strong></span> 
     </span>
    </p>
   </div>
   <div class='ocr_carea' id='block_1_54' title="bbox 198 4420 1822 4495">
    <p class='ocr_par' dir='ltr' id='par_1_54' title="bbox 198 4420 1822 4495">
     <span class='ocr_line' id='line_1_55' title="bbox 198 4420 1822 4495; baseline 0 -17"><span class='ocrx_word' id='word_1_374' title='bbox 198 4424 317 4495; x_wconf 89' lang='lat' dir='ltr'><strong>pari</strong></span> <span class='ocrx_word' id='word_1_375' title='bbox 346 4421 702 4495; x_wconf 85' lang='lat' dir='ltr'><strong>professione</strong></span> <span class='ocrx_word' id='word_1_376' title='bbox 727 4421 865 4478; x_wconf 79' lang='lat' dir='ltr'><strong>ﬁdes</strong></span> <span class='ocrx_word' id='word_1_377' title='bbox 894 4420 1269 4478; x_wconf 89' lang='lat' dir='ltr'><strong>ecclesiastica</strong></span> <span class='ocrx_word' id='word_1_378' title='bbox 1291 4439 1420 4495; x_wconf 82' lang='lat' dir='ltr'><strong>quae</strong></span> <span class='ocrx_word' id='word_1_379' title='bbox 1452 4440 1554 4495; x_wconf 92' lang='lat' dir='ltr'><strong>per</strong></span> <span class='ocrx_word' id='word_1_380' title='bbox 1577 4439 1682 4478; x_wconf 87' lang='lat' dir='ltr'><strong>nos</strong></span> <span class='ocrx_word' id='word_1_381' title='bbox 1702 4427 1822 4478; x_wconf 89' lang='lat' dir='ltr'><strong>tra-</strong></span> 
     </span>
    </p>
   </div>
   <div class='ocr_carea' id='block_1_55' title="bbox 193 4514 1819 4586">
    <p class='ocr_par' dir='ltr' id='par_1_55' title="bbox 193 4514 1819 4586">
     <span class='ocr_line' id='line_1_56' title="bbox 193 4514 1819 4586; baseline -0.001 -14"><span class='ocrx_word' id='word_1_382' title='bbox 193 4517 344 4572; x_wconf 90' lang='lat' dir='ltr'><strong>ditur</strong></span> <span class='ocrx_word' id='word_1_383' title='bbox 365 4515 428 4570; x_wconf 90' lang='lat' dir='ltr'><strong>in</strong></span> <span class='ocrx_word' id='word_1_384' title='bbox 458 4515 566 4570; x_wconf 91' lang='lat' dir='ltr'><strong>hoc</strong></span> <span class='ocrx_word' id='word_1_385' title='bbox 595 4519 742 4570; x_wconf 67' lang='lat' dir='ltr'><strong>coetu</strong></span> <span class='ocrx_word' id='word_1_386' title='bbox 780 4514 1024 4586; x_wconf 90' lang='lat' dir='ltr'><strong>glorioso</strong></span> <span class='ocrx_word' id='word_1_387' title='bbox 1061 4515 1325 4586; x_wconf 90' lang='lat' dir='ltr'><strong>primitus</strong></span> <span class='ocrx_word' id='word_1_388' title='bbox 1367 4516 1688 4572; x_wconf 88' lang='lat' dir='ltr'><strong>confitenda</strong></span> <span class='ocrx_word' id='word_1_389' title='bbox 1717 4519 1819 4583; x_wconf 90' lang='lat' dir='ltr'><strong>est,</strong></span> 
     </span>
    </p>
   </div>
   <div class='ocr_carea' id='block_1_56' title="bbox 1924 3589 3550 3666">
    <p class='ocr_par' dir='ltr' id='par_1_56' title="bbox 1924 3589 3550 3666">
     <span class='ocr_line' id='line_1_57' title="bbox 1924 3589 3550 3666; baseline -0.001 -16"><span class='ocrx_word' id='word_1_390' title='bbox 1924 3594 2160 3666; x_wconf 87' lang='lat' dir='ltr'><strong>apostoli</strong></span> <span class='ocrx_word' id='word_1_391' title='bbox 2183 3595 2502 3649; x_wconf 90' lang='lat' dir='ltr'><strong>docuerunt</strong></span> <span class='ocrx_word' id='word_1_392' title='bbox 2531 3595 2588 3647; x_wconf 89' lang='lat' dir='ltr'><strong>et</strong></span> <span class='ocrx_word' id='word_1_393' title='bbox 2629 3591 2753 3662; x_wconf 89' lang='lat' dir='ltr'><strong>ipsa</strong></span> <span class='ocrx_word' id='word_1_394' title='bbox 2776 3589 3018 3645; x_wconf 85' lang='lat' dir='ltr'><strong>servavit</strong></span> <span class='ocrx_word' id='word_1_395' title='bbox 3052 3590 3374 3662; x_wconf 86' lang='lat' dir='ltr'><strong>antiquitas,</strong></span> <span class='ocrx_word' id='word_1_396' title='bbox 3421 3609 3550 3649; x_wconf 90' lang='lat' dir='ltr'><strong>nos-</strong></span> 
     </span>
    </p>
   </div>
   <div class='ocr_carea' id='block_1_57' title="bbox 1923 3682 3545 3759">
    <p class='ocr_par' dir='ltr' id='par_1_57' title="bbox 1923 3682 3545 3759">
     <span class='ocr_line' id='line_1_58' title="bbox 1923 3682 3545 3759; baseline -0.001 -17"><span class='ocrx_word' id='word_1_397' title='bbox 1923 3704 2036 3759; x_wconf 88' lang='lat' dir='ltr'><strong>que</strong></span> <span class='ocrx_word' id='word_1_398' title='bbox 2066 3685 2468 3756; x_wconf 89' lang='lat' dir='ltr'><strong>custodiamus,</strong></span> <span class='ocrx_word' id='word_1_399' title='bbox 2500 3684 2570 3739; x_wconf 90' lang='lat' dir='ltr'><strong>ab</strong></span> <span class='ocrx_word' id='word_1_400' title='bbox 2599 3682 2873 3739; x_wconf 89' lang='lat' dir='ltr'><strong>universis</strong></span> <span class='ocrx_word' id='word_1_401' title='bbox 2908 3682 3188 3754; x_wconf 84' lang='lat' dir='ltr'><strong>episcopis</strong></span> <span class='ocrx_word' id='word_1_402' title='bbox 3215 3682 3427 3738; x_wconf 90' lang='lat' dir='ltr'><strong>dictum</strong></span> <span class='ocrx_word' id='word_1_403' title='bbox 3441 3691 3545 3741; x_wconf 90' lang='lat' dir='ltr'><strong>est.</strong></span> 
     </span>
    </p>
   </div>
   <div class='ocr_carea' id='block_1_58' title="bbox 1926 3774 3546 3850">
    <p class='ocr_par' dir='ltr' id='par_1_58' title="bbox 1926 3774 3546 3850">
     <span class='ocr_line' id='line_1_59' title="bbox 1926 3774 3546 3850; baseline -0.002 -15"><span class='ocrx_word' id='word_1_404' title='bbox 1926 3779 2202 3835; x_wconf 89' lang='lat' dir='ltr'><strong>Omnibus</strong></span> <span class='ocrx_word' id='word_1_405' title='bbox 2224 3779 2429 3850; x_wconf 89' lang='lat' dir='ltr'><strong>placet,</strong></span> <span class='ocrx_word' id='word_1_406' title='bbox 2451 3779 2517 3832; x_wconf 89' lang='lat' dir='ltr'><strong>ut</strong></span> <span class='ocrx_word' id='word_1_407' title='bbox 2541 3774 2810 3849; x_wconf 86' lang='lat' dir='ltr'><strong>episcopi,</strong></span> <span class='ocrx_word' id='word_1_408' title='bbox 2838 3774 3172 3847; x_wconf 86' lang='lat' dir='ltr'><strong>presbyteri,</strong></span> <span class='ocrx_word' id='word_1_409' title='bbox 3211 3781 3268 3831; x_wconf 90' lang='lat' dir='ltr'><strong>et</strong></span> <span class='ocrx_word' id='word_1_410' title='bbox 3299 3776 3546 3846; x_wconf 89' lang='lat' dir='ltr'><strong>diaconi,</strong></span> 
     </span>
    </p>
   </div>
   <div class='ocr_carea' id='block_1_59' title="bbox 1923 3866 3550 3943">
    <p class='ocr_par' dir='ltr' id='par_1_59' title="bbox 1923 3866 3550 3943">
     <span class='ocr_line' id='line_1_60' title="bbox 1923 3866 3550 3943; baseline -0.001 -17"><span class='ocrx_word' id='word_1_411' title='bbox 1923 3872 2008 3928; x_wconf 90' lang='lat' dir='ltr'><strong>vel</strong></span> <span class='ocrx_word' id='word_1_412' title='bbox 2035 3871 2134 3943; x_wconf 90' lang='lat' dir='ltr'><strong>qui</strong></span> <span class='ocrx_word' id='word_1_413' title='bbox 2174 3873 2529 3926; x_wconf 90' lang='lat' dir='ltr'><strong>sacramenta</strong></span> <span class='ocrx_word' id='word_1_414' title='bbox 2570 3870 2928 3924; x_wconf 86' lang='lat' dir='ltr'><strong>contrectant</strong></span> <span class='ocrx_word' id='word_1_415' title='bbox 2966 3866 3252 3938; x_wconf 67' lang='lat' dir='ltr'><strong>pudicitiae</strong></span> <span class='ocrx_word' id='word_1_416' title='bbox 3287 3870 3550 3925; x_wconf 83' lang='lat' dir='ltr'><strong>custodes</strong></span> 
     </span>
    </p>
   </div>
   <div class='ocr_carea' id='block_1_60' title="bbox 1893 3959 3547 4027">
    <p class='ocr_par' dir='ltr' id='par_1_60' title="bbox 1893 3959 3547 4027">
     <span class='ocr_line' id='line_1_61' title="bbox 1893 3959 3547 4027; baseline 0.001 -12"><span class='ocrx_word' id='word_1_417' title='bbox 1893 4007 1901 4014; x_wconf 92' lang='lat'><strong>.</strong></span> <span class='ocrx_word' id='word_1_418' title='bbox 1925 3965 2101 4020; x_wconf 90' lang='lat' dir='ltr'><strong>etiam</strong></span> <span class='ocrx_word' id='word_1_419' title='bbox 2125 3965 2195 4019; x_wconf 89' lang='lat' dir='ltr'><strong>ab</strong></span> <span class='ocrx_word' id='word_1_420' title='bbox 2215 3963 2488 4020; x_wconf 88' lang='lat' dir='ltr'><strong>uxoribus</strong></span> <span class='ocrx_word' id='word_1_421' title='bbox 2503 3977 2562 4016; x_wconf 90' lang='lat' dir='ltr'><strong>se</strong></span> <span class='ocrx_word' id='word_1_422' title='bbox 2580 3960 2918 4027; x_wconf 87' lang='lat' dir='ltr'><strong>abstineant,</strong></span> <span class='ocrx_word' id='word_1_423' title='bbox 2951 3959 3021 4014; x_wconf 90' lang='lat' dir='ltr'><strong>ab</strong></span> <span class='ocrx_word' id='word_1_424' title='bbox 3045 3960 3310 4016; x_wconf 88' lang='lat' dir='ltr'><strong>omnibus</strong></span> <span class='ocrx_word' id='word_1_425' title='bbox 3335 3961 3547 4018; x_wconf 88' lang='lat' dir='ltr'><strong>dictum</strong></span> 
     </span>
    </p>
   </div>
   <div class='ocr_carea' id='block_1_61' title="bbox 1923 4053 3548 4130">
    <p class='ocr_par' dir='ltr' id='par_1_61' title="bbox 1923 4053 3548 4130">
     <span class='ocr_line' id='line_1_62' title="bbox 1923 4053 3548 4130; baseline -0.001 -17"><span class='ocrx_word' id='word_1_426' title='bbox 1923 4062 2028 4127; x_wconf 89' lang='lat' dir='ltr'><strong>est,</strong></span> <span class='ocrx_word' id='word_1_427' title='bbox 2061 4057 2265 4130; x_wconf 88' lang='lat' dir='ltr'><strong>placet,</strong></span> <span class='ocrx_word' id='word_1_428' title='bbox 2295 4060 2351 4112; x_wconf 93' lang='lat' dir='ltr'><strong>et</strong></span> <span class='ocrx_word' id='word_1_429' title='bbox 2387 4058 2454 4111; x_wconf 89' lang='lat' dir='ltr'><strong>ut</strong></span> <span class='ocrx_word' id='word_1_430' title='bbox 2484 4056 2543 4110; x_wconf 91' lang='lat' dir='ltr'><strong>in</strong></span> <span class='ocrx_word' id='word_1_431' title='bbox 2571 4054 2855 4124; x_wconf 89' lang='lat' dir='ltr'><strong>omnibus,</strong></span> <span class='ocrx_word' id='word_1_432' title='bbox 2889 4056 2947 4109; x_wconf 86' lang='lat' dir='ltr'><strong>et</strong></span> <span class='ocrx_word' id='word_1_433' title='bbox 2974 4053 3046 4107; x_wconf 88' lang='lat' dir='ltr'><strong>ab</strong></span> <span class='ocrx_word' id='word_1_434' title='bbox 3083 4053 3347 4110; x_wconf 91' lang='lat' dir='ltr'><strong>omnibus</strong></span> <span class='ocrx_word' id='word_1_435' title='bbox 3382 4055 3548 4126; x_wconf 80' lang='lat' dir='ltr'><strong>pudi-</strong></span> 
     </span>
    </p>
   </div>
   <div class='ocr_carea' id='block_1_62' title="bbox 1923 4145 3179 4219">
    <p class='ocr_par' dir='ltr' id='par_1_62' title="bbox 1923 4145 3179 4219">
     <span class='ocr_line' id='line_1_63' title="bbox 1923 4145 3179 4219; baseline -0.004 -14"><span class='ocrx_word' id='word_1_436' title='bbox 1923 4150 2056 4205; x_wconf 89' lang='lat' dir='ltr'><strong>citia</strong></span> <span class='ocrx_word' id='word_1_437' title='bbox 2081 4148 2452 4218; x_wconf 90' lang='lat' dir='ltr'><strong>custodiatur,</strong></span> <span class='ocrx_word' id='word_1_438' title='bbox 2484 4146 2582 4219; x_wconf 91' lang='lat' dir='ltr'><strong>qui</strong></span> <span class='ocrx_word' id='word_1_439' title='bbox 2608 4146 2809 4202; x_wconf 87' lang='lat' dir='ltr'><strong>altario</strong></span> <span class='ocrx_word' id='word_1_440' title='bbox 2835 4145 3179 4201; x_wconf 87' lang='lat' dir='ltr'><strong>deserviunt.</strong></span> 
     </span>
    </p>
   </div>
   <div class='ocr_carea' id='block_1_63' title="bbox 1992 4236 3549 4310">
    <p class='ocr_par' dir='ltr' id='par_1_63' title="bbox 1992 4236 3549 4310">
     <span class='ocr_line' id='line_1_64' title="bbox 1992 4236 3549 4310; baseline -0.001 -12"><span class='ocrx_word' id='word_1_441' title='bbox 1992 4244 2080 4298; x_wconf 89' lang='lat' dir='ltr'><strong>III.</strong></span> <span class='ocrx_word' id='word_1_442' title='bbox 2110 4242 2447 4297; x_wconf 88' lang='lat' dir='ltr'><strong>Fortunatus</strong></span> <span class='ocrx_word' id='word_1_443' title='bbox 2482 4239 2775 4310; x_wconf 89' lang='lat' dir='ltr'><strong>episcopus</strong></span> <span class='ocrx_word' id='word_1_444' title='bbox 2813 4236 2975 4304; x_wconf 88' lang='lat' dir='ltr'><strong>dixit,</strong></span> <span class='ocrx_word' id='word_1_445' title='bbox 3017 4237 3062 4290; x_wconf 93' lang='lat' dir='ltr'><strong>si</strong></span> <span class='ocrx_word' id='word_1_446' title='bbox 3092 4237 3259 4308; x_wconf 88' lang='lat' dir='ltr'><strong>jubet</strong></span> <span class='ocrx_word' id='word_1_447' title='bbox 3289 4239 3549 4296; x_wconf 82' lang='lat' dir='ltr'><strong>sanctitas</strong></span> 
     </span>
    </p>
   </div>
   <div class='ocr_carea' id='block_1_64' title="bbox 1922 4330 3548 4405">
    <p class='ocr_par' dir='ltr' id='par_1_64' title="bbox 1922 4330 3548 4405">
     <span class='ocr_line' id='line_1_65' title="bbox 1922 4330 3548 4405; baseline 0.001 -17"><span class='ocrx_word' id='word_1_448' title='bbox 1922 4337 2106 4390; x_wconf 89' lang='lat' dir='ltr'><strong>vestra</strong></span> <span class='ocrx_word' id='word_1_449' title='bbox 2116 4351 2178 4388; x_wconf 91' lang='lat' dir='ltr'><strong>su</strong></span> <span class='ocrx_word' id='word_1_450' title='bbox 2186 4349 2380 4405; x_wconf 91' lang='lat' dir='ltr'><strong>ggero,</strong></span> <span class='ocrx_word' id='word_1_451' title='bbox 2401 4348 2535 4386; x_wconf 90' lang='lat' dir='ltr'><strong>nam</strong></span> <span class='ocrx_word' id='word_1_452' title='bbox 2554 4331 2793 4386; x_wconf 89' lang='lat' dir='ltr'><strong>memini</strong></span> <span class='ocrx_word' id='word_1_453' title='bbox 2813 4330 3104 4402; x_wconf 70' lang='lat' dir='ltr'><strong>praeterito</strong></span> <span class='ocrx_word' id='word_1_454' title='bbox 3121 4331 3360 4386; x_wconf 89' lang='lat' dir='ltr'><strong>concilio</strong></span> <span class='ocrx_word' id='word_1_455' title='bbox 3377 4333 3548 4389; x_wconf 86' lang='lat' dir='ltr'><strong>fuisse</strong></span> 
     </span>
    </p>
   </div>
   <div class='ocr_carea' id='block_1_65' title="bbox 1923 4421 3544 4494">
    <p class='ocr_par' dir='ltr' id='par_1_65' title="bbox 1923 4421 3544 4494">
     <span class='ocr_line' id='line_1_66' title="bbox 1923 4421 3544 4494; baseline -0.002 -12"><span class='ocrx_word' id='word_1_456' title='bbox 1923 4429 2214 4494; x_wconf 88' lang='lat' dir='ltr'><strong>statutum,</strong></span> <span class='ocrx_word' id='word_1_457' title='bbox 2232 4429 2296 4479; x_wconf 94' lang='lat' dir='ltr'><strong>ut</strong></span> <span class='ocrx_word' id='word_1_458' title='bbox 2321 4424 2588 4493; x_wconf 90' lang='lat' dir='ltr'><strong>chrisma,</strong></span> <span class='ocrx_word' id='word_1_459' title='bbox 2618 4424 2706 4478; x_wconf 92' lang='lat' dir='ltr'><strong>vel</strong></span> <span class='ocrx_word' id='word_1_460' title='bbox 2730 4421 3110 4478; x_wconf 89' lang='lat' dir='ltr'><strong>reconciliatio</strong></span> <span class='ocrx_word' id='word_1_461' title='bbox 3125 4423 3544 4494; x_wconf 84' lang='lat' dir='ltr'><strong>pcenitentium,</strong></span> 
     </span>
    </p>
   </div>
   <div class='ocr_carea' id='block_1_66' title="bbox 1921 4515 3546 4589">
    <p class='ocr_par' dir='ltr' id='par_1_66' title="bbox 1921 4515 3546 4589">
     <span class='ocr_line' id='line_1_67' title="bbox 1921 4515 3546 4589; baseline -0.002 -14"><span class='ocrx_word' id='word_1_462' title='bbox 1921 4535 2143 4575; x_wconf 90' lang='lat' dir='ltr'><strong>necnon</strong></span> <span class='ocrx_word' id='word_1_463' title='bbox 2199 4517 2516 4589; x_wconf 89' lang='lat' dir='ltr'><strong>puellarum</strong></span> <span class='ocrx_word' id='word_1_464' title='bbox 2560 4515 2909 4570; x_wconf 89' lang='lat' dir='ltr'><strong>consecratio</strong></span> <span class='ocrx_word' id='word_1_465' title='bbox 2960 4532 2993 4570; x_wconf 89' lang='lat' dir='ltr'><strong>a</strong></span> <span class='ocrx_word' id='word_1_466' title='bbox 3041 4515 3380 4586; x_wconf 87' lang='lat' dir='ltr'><strong>presbyteris</strong></span> <span class='ocrx_word' id='word_1_467' title='bbox 3429 4533 3546 4571; x_wconf 87' lang='lat' dir='ltr'><strong>non</strong></span> 
     </span>
    </p>
   </div>
   <div class='ocr_carea' id='block_1_67' title="bbox 192 4607 3544 4702">
    <p class='ocr_par' dir='ltr' id='par_1_67' title="bbox 192 4607 3544 4702">
     <span class='ocr_line' id='line_1_68' title="bbox 192 4607 3544 4702; baseline -0 -37"><span class='ocrx_word' id='word_1_468' title='bbox 192 4609 342 4665; x_wconf 88' lang='lat' dir='ltr'><strong>unde</strong></span> <span class='ocrx_word' id='word_1_469' title='bbox 376 4623 531 4663; x_wconf 90' lang='lat' dir='ltr'><strong>nunc</strong></span> <span class='ocrx_word' id='word_1_470' title='bbox 569 4607 708 4662; x_wconf 91' lang='lat' dir='ltr'><strong>ordo</strong></span> <span class='ocrx_word' id='word_1_471' title='bbox 757 4607 1165 4663; x_wconf 89' lang='lat' dir='ltr'><strong>ecclesiasticus</strong></span> <span class='ocrx_word' id='word_1_472' title='bbox 1206 4607 1563 4678; x_wconf 90' lang='lat' dir='ltr'><strong>singulorum</strong></span> <span class='ocrx_word' id='word_1_473' title='bbox 1596 4625 1663 4664; x_wconf 86' lang='lat' dir='ltr'><strong>ex</strong></span> <span class='ocrx_word' id='word_1_474' title='bbox 1695 4624 1899 4702; x_wconf 84' lang='lat' dir='ltr'><strong>con-D</strong></span> <span class='ocrx_word' id='word_1_475' title='bbox 1921 4612 2092 4680; x_wconf 84' lang='lat' dir='ltr'><strong>fiant;</strong></span> <span class='ocrx_word' id='word_1_476' title='bbox 2122 4610 2168 4665; x_wconf 92' lang='lat' dir='ltr'><strong>si</strong></span> <span class='ocrx_word' id='word_1_477' title='bbox 2197 4609 2525 4681; x_wconf 89' lang='lat' dir='ltr'><strong>quisautem</strong></span> <span class='ocrx_word' id='word_1_478' title='bbox 2552 4607 2849 4662; x_wconf 88' lang='lat' dir='ltr'><strong>emerserit</strong></span> <span class='ocrx_word' id='word_1_479' title='bbox 2863 4608 2971 4661; x_wconf 90' lang='lat' dir='ltr'><strong>hoc</strong></span> <span class='ocrx_word' id='word_1_480' title='bbox 2990 4607 3220 4674; x_wconf 90' lang='lat' dir='ltr'><strong>faciens,</strong></span> <span class='ocrx_word' id='word_1_481' title='bbox 3243 4607 3378 4678; x_wconf 89' lang='lat' dir='ltr'><strong>quid</strong></span> <span class='ocrx_word' id='word_1_482' title='bbox 3393 4607 3463 4662; x_wconf 93' lang='lat' dir='ltr'><strong>de</strong></span> <span class='ocrx_word' id='word_1_483' title='bbox 3475 4622 3544 4664; x_wconf 92' lang='lat' dir='ltr'><strong>eo</strong></span> 
     </span>
    </p>
   </div>
   <div class='ocr_carea' id='block_1_68' title="bbox 193 4699 1823 4771">
    <p class='ocr_par' dir='ltr' id='par_1_68' title="bbox 193 4699 1823 4771">
     <span class='ocr_line' id='line_1_69' title="bbox 193 4699 1823 4771; baseline -0.002 -14"><span class='ocrx_word' id='word_1_484' title='bbox 193 4718 358 4758; x_wconf 87' lang='lat' dir='ltr'><strong>sensu</strong></span> <span class='ocrx_word' id='word_1_485' title='bbox 385 4699 642 4756; x_wconf 89' lang='lat' dir='ltr'><strong>omnium</strong></span> <span class='ocrx_word' id='word_1_486' title='bbox 663 4703 747 4754; x_wconf 87' lang='lat' dir='ltr'><strong>est</strong></span> <span class='ocrx_word' id='word_1_487' title='bbox 765 4700 1139 4756; x_wconf 89' lang='lat' dir='ltr'><strong>exstruendus</strong></span> <span class='ocrx_word' id='word_1_488' title='bbox 1165 4704 1336 4771; x_wconf 89' lang='lat' dir='ltr'><strong>atque</strong></span> <span class='ocrx_word' id='word_1_489' title='bbox 1359 4700 1735 4770; x_wconf 88' lang='lat' dir='ltr'><strong>roborandus,</strong></span> <span class='ocrx_word' id='word_1_490' title='bbox 1759 4703 1823 4754; x_wconf 90' lang='lat' dir='ltr'><strong>ut</strong></span> 
     </span>
    </p>
   </div>
   <div class='ocr_carea' id='block_1_69' title="bbox 194 4791 1822 4864">
    <p class='ocr_par' dir='ltr' id='par_1_69' title="bbox 194 4791 1822 4864">
     <span class='ocr_line' id='line_1_70' title="bbox 194 4791 1822 4864; baseline -0.003 -13"><span class='ocrx_word' id='word_1_491' title='bbox 194 4795 433 4850; x_wconf 77' lang='lat' dir='ltr'><strong>fratrum</strong></span> <span class='ocrx_word' id='word_1_492' title='bbox 446 4795 506 4848; x_wconf 93' lang='lat' dir='ltr'><strong>et</strong></span> <span class='ocrx_word' id='word_1_493' title='bbox 516 4791 978 4863; x_wconf 90' lang='lat' dir='ltr'><strong>coepiscoporum</strong></span> <span class='ocrx_word' id='word_1_494' title='bbox 989 4809 1174 4864; x_wconf 90' lang='lat' dir='ltr'><strong>nuper</strong></span> <span class='ocrx_word' id='word_1_495' title='bbox 1182 4796 1574 4864; x_wconf 89' lang='lat' dir='ltr'><strong>promotorum</strong></span> <span class='ocrx_word' id='word_1_496' title='bbox 1601 4796 1822 4848; x_wconf 90' lang='lat' dir='ltr'><strong>mentes</strong></span> 
     </span>
    </p>
   </div>
   <div class='ocr_carea' id='block_1_70' title="bbox 193 4884 1824 4958">
    <p class='ocr_par' dir='ltr' id='par_1_70' title="bbox 193 4884 1824 4958">
     <span class='ocr_line' id='line_1_71' title="bbox 193 4884 1824 4958; baseline -0.002 -16"><span class='ocrx_word' id='word_1_497' title='bbox 193 4887 259 4942; x_wconf 90' lang='lat' dir='ltr'><strong>de</strong></span> <span class='ocrx_word' id='word_1_498' title='bbox 277 4886 370 4942; x_wconf 86' lang='lat' dir='ltr'><strong>his</strong></span> <span class='ocrx_word' id='word_1_499' title='bbox 396 4901 528 4958; x_wconf 64' lang='lat' dir='ltr'><strong>quae</strong></span> <span class='ocrx_word' id='word_1_500' title='bbox 561 4885 930 4957; x_wconf 90' lang='lat' dir='ltr'><strong>proponenda</strong></span> <span class='ocrx_word' id='word_1_501' title='bbox 959 4887 1111 4956; x_wconf 89' lang='lat' dir='ltr'><strong>sunt,</strong></span> <span class='ocrx_word' id='word_1_502' title='bbox 1144 4885 1505 4941; x_wconf 91' lang='lat' dir='ltr'><strong>roborentur.</strong></span> <span class='ocrx_word' id='word_1_503' title='bbox 1537 4886 1605 4940; x_wconf 90' lang='lat' dir='ltr'><strong>Et</strong></span> <span class='ocrx_word' id='word_1_504' title='bbox 1629 4884 1772 4939; x_wconf 91' lang='lat' dir='ltr'><strong>sicut</strong></span> <span class='ocrx_word' id='word_1_505' title='bbox 1791 4901 1824 4939; x_wconf 90' lang='lat' dir='ltr'><strong>a</strong></span> 
     </span>
    </p>
   </div>
   <div class='ocr_carea' id='block_1_71' title="bbox 191 4976 1820 5050">
    <p class='ocr_par' dir='ltr' id='par_1_71' title="bbox 191 4976 1820 5050">
     <span class='ocr_line' id='line_1_72' title="bbox 191 4976 1820 5050; baseline -0.001 -16"><span class='ocrx_word' id='word_1_506' title='bbox 191 4979 445 5050; x_wconf 79' lang='lat' dir='ltr'><strong>patribus</strong></span> <span class='ocrx_word' id='word_1_507' title='bbox 463 4981 620 5033; x_wconf 89' lang='lat' dir='ltr'><strong>certa</strong></span> <span class='ocrx_word' id='word_1_508' title='bbox 660 4976 1027 5048; x_wconf 88' lang='lat' dir='ltr'><strong>dispositione</strong></span> <span class='ocrx_word' id='word_1_509' title='bbox 1052 4977 1373 5049; x_wconf 89' lang='lat' dir='ltr'><strong>accepimus</strong></span> <span class='ocrx_word' id='word_1_510' title='bbox 1399 4980 1465 5034; x_wconf 93' lang='lat' dir='ltr'><strong>ut</strong></span> <span class='ocrx_word' id='word_1_511' title='bbox 1487 4977 1820 5032; x_wconf 89' lang='lat' dir='ltr'><strong>Trinitatem</strong></span> 
     </span>
    </p>
   </div>
   <div class='ocr_carea' id='block_1_72' title="bbox 194 5069 1822 5143">
    <p class='ocr_par' dir='ltr' id='par_1_72' title="bbox 194 5069 1822 5143">
     <span class='ocr_line' id='line_1_73' title="bbox 194 5069 1822 5143; baseline -0.002 -15"><span class='ocrx_word' id='word_1_512' title='bbox 194 5087 363 5143; x_wconf 88' lang='lat' dir='ltr'><strong>quam</strong></span> <span class='ocrx_word' id='word_1_513' title='bbox 423 5071 484 5125; x_wconf 93' lang='lat' dir='ltr'><strong>in</strong></span> <span class='ocrx_word' id='word_1_514' title='bbox 529 5069 741 5125; x_wconf 88' lang='lat' dir='ltr'><strong>nostris</strong></span> <span class='ocrx_word' id='word_1_515' title='bbox 787 5069 1000 5126; x_wconf 89' lang='lat' dir='ltr'><strong>sinibus</strong></span> <span class='ocrx_word' id='word_1_516' title='bbox 1069 5075 1452 5126; x_wconf 89' lang='lat' dir='ltr'><strong>consecratam</strong></span> <span class='ocrx_word' id='word_1_517' title='bbox 1503 5071 1822 5127; x_wconf 89' lang='lat' dir='ltr'><strong>retinemus</strong></span> 
     </span>
    </p>
   </div>
   <div class='ocr_carea' id='block_1_73' title="bbox 193 5162 1819 5237">
    <p class='ocr_par' dir='ltr' id='par_1_73' title="bbox 193 5162 1819 5237">
     <span class='ocr_line' id='line_1_74' title="bbox 193 5162 1819 5237; baseline 0 -18"><span class='ocrx_word' id='word_1_518' title='bbox 193 5164 370 5220; x_wconf 87' lang='lat' dir='ltr'><strong>Patris</strong></span> <span class='ocrx_word' id='word_1_519' title='bbox 397 5167 456 5220; x_wconf 89' lang='lat' dir='ltr'><strong>et</strong></span> <span class='ocrx_word' id='word_1_520' title='bbox 481 5162 604 5219; x_wconf 89' lang='lat' dir='ltr'><strong>Filii</strong></span> <span class='ocrx_word' id='word_1_521' title='bbox 636 5166 696 5218; x_wconf 90' lang='lat' dir='ltr'><strong>et</strong></span> <span class='ocrx_word' id='word_1_522' title='bbox 723 5162 960 5233; x_wconf 88' lang='lat' dir='ltr'><strong>Spiritus</strong></span> <span class='ocrx_word' id='word_1_523' title='bbox 996 5163 1177 5219; x_wconf 82' lang='lat' dir='ltr'><strong>sancti</strong></span> <span class='ocrx_word' id='word_1_524' title='bbox 1202 5164 1498 5232; x_wconf 89' lang='lat' dir='ltr'><strong>unitatem,</strong></span> <span class='ocrx_word' id='word_1_525' title='bbox 1529 5181 1658 5237; x_wconf 77' lang='lat' dir='ltr'><strong>quae</strong></span> <span class='ocrx_word' id='word_1_526' title='bbox 1691 5163 1819 5220; x_wconf 86' lang='lat' dir='ltr'><strong>nul-</strong></span> 
     </span>
    </p>
   </div>
   <div class='ocr_carea' id='block_1_74' title="bbox 194 5255 1823 5328">
    <p class='ocr_par' dir='ltr' id='par_1_74' title="bbox 194 5255 1823 5328">
     <span class='ocr_line' id='line_1_75' title="bbox 194 5255 1823 5328; baseline 0.002 -18"><span class='ocrx_word' id='word_1_527' title='bbox 194 5256 304 5312; x_wconf 85' lang='lat' dir='ltr'><strong>lam</strong></span> <span class='ocrx_word' id='word_1_528' title='bbox 326 5256 586 5312; x_wconf 88' lang='lat' dir='ltr'><strong>noscitur</strong></span> <span class='ocrx_word' id='word_1_529' title='bbox 611 5255 821 5311; x_wconf 89' lang='lat' dir='ltr'><strong>habere</strong></span> <span class='ocrx_word' id='word_1_530' title='bbox 858 5256 1146 5325; x_wconf 89' lang='lat' dir='ltr'><strong>notitiam,</strong></span> <span class='ocrx_word' id='word_1_531' title='bbox 1186 5257 1329 5312; x_wconf 89' lang='lat' dir='ltr'><strong>sicut</strong></span> <span class='ocrx_word' id='word_1_532' title='bbox 1367 5257 1688 5328; x_wconf 90' lang='lat' dir='ltr'><strong>didicimus,</strong></span> <span class='ocrx_word' id='word_1_533' title='bbox 1719 5259 1823 5315; x_wconf 91' lang='lat' dir='ltr'><strong>Dei</strong></span> 
     </span>
    </p>
   </div>
   <div class='ocr_carea' id='block_1_75' title="bbox 197 5349 1822 5422">
    <p class='ocr_par' dir='ltr' id='par_1_75' title="bbox 197 5349 1822 5422">
     <span class='ocr_line' id='line_1_76' title="bbox 197 5349 1822 5422; baseline 0.002 -17"><span class='ocrx_word' id='word_1_534' title='bbox 197 5350 428 5422; x_wconf 87' lang='lat' dir='ltr'><strong>populos</strong></span> <span class='ocrx_word' id='word_1_535' title='bbox 465 5349 834 5418; x_wconf 87' lang='lat' dir='ltr'><strong>instruamus,</strong></span> <span class='ocrx_word' id='word_1_536' title='bbox 871 5349 940 5404; x_wconf 91' lang='lat' dir='ltr'><strong>ab</strong></span> <span class='ocrx_word' id='word_1_537' title='bbox 978 5349 1257 5407; x_wconf 87' lang='lat' dir='ltr'><strong>universis</strong></span> <span class='ocrx_word' id='word_1_538' title='bbox 1292 5350 1572 5422; x_wconf 90' lang='lat' dir='ltr'><strong>episcopis</strong></span> <span class='ocrx_word' id='word_1_539' title='bbox 1608 5352 1822 5409; x_wconf 90' lang='lat' dir='ltr'><strong>dictum</strong></span> 
     </span>
    </p>
   </div>
   <div class='ocr_carea' id='block_1_76' title="bbox 200 5442 1824 5517">
    <p class='ocr_par' dir='ltr' id='par_1_76' title="bbox 200 5442 1824 5517">
     <span class='ocr_line' id='line_1_77' title="bbox 200 5442 1824 5517; baseline 0.002 -20"><span class='ocrx_word' id='word_1_540' title='bbox 200 5446 296 5510; x_wconf 89' lang='lat' dir='ltr'><strong>est,</strong></span> <span class='ocrx_word' id='word_1_541' title='bbox 318 5443 490 5516; x_wconf 89' lang='lat' dir='ltr'><strong>plane</strong></span> <span class='ocrx_word' id='word_1_542' title='bbox 518 5442 597 5498; x_wconf 90' lang='lat' dir='ltr'><strong>sic</strong></span> <span class='ocrx_word' id='word_1_543' title='bbox 615 5442 952 5514; x_wconf 90' lang='lat' dir='ltr'><strong>accepimus,</strong></span> <span class='ocrx_word' id='word_1_544' title='bbox 985 5443 1063 5499; x_wconf 90' lang='lat' dir='ltr'><strong>sic</strong></span> <span class='ocrx_word' id='word_1_545' title='bbox 1084 5445 1349 5500; x_wconf 90' lang='lat' dir='ltr'><strong>tenemus</strong></span> <span class='ocrx_word' id='word_1_546' title='bbox 1367 5443 1542 5500; x_wconf 84' lang='lat' dir='ltr'><strong>ﬁdem</strong></span> <span class='ocrx_word' id='word_1_547' title='bbox 1561 5444 1824 5517; x_wconf 80' lang='lat' dir='ltr'><strong>apostoli-</strong></span> 
     </span>
    </p>
   </div>
   <div class='ocr_carea' id='block_1_77' title="bbox 201 5539 661 5608">
    <p class='ocr_par' dir='ltr' id='par_1_77' title="bbox 201 5539 661 5608">
     <span class='ocr_line' id='line_1_78' title="bbox 201 5539 661 5608; baseline -0.002 -16"><span class='ocrx_word' id='word_1_548' title='bbox 201 5551 316 5592; x_wconf 82' lang='lat' dir='ltr'><strong>cam</strong></span> <span class='ocrx_word' id='word_1_549' title='bbox 336 5539 661 5608; x_wconf 89' lang='lat' dir='ltr'><strong>sequentes.</strong></span> 
     </span>
    </p>
   </div>
   <div class='ocr_carea' id='block_1_78' title="bbox 262 5627 1824 5704">
    <p class='ocr_par' dir='ltr' id='par_1_78' title="bbox 262 5627 1824 5704">
     <span class='ocr_line' id='line_1_79' title="bbox 262 5627 1824 5704; baseline 0.001 -20"><span class='ocrx_word' id='word_1_550' title='bbox 262 5629 327 5685; x_wconf 86' lang='lat' dir='ltr'><strong>Il.</strong></span> <span class='ocrx_word' id='word_1_551' title='bbox 381 5628 649 5685; x_wconf 80' lang='lat' dir='ltr'><strong>Aurelius</strong></span> <span class='ocrx_word' id='word_1_552' title='bbox 697 5627 973 5702; x_wconf 87' lang='lat' dir='ltr'><strong>episcopis</strong></span> <span class='ocrx_word' id='word_1_553' title='bbox 1024 5627 1168 5686; x_wconf 85' lang='lat' dir='ltr'><strong>dixit</strong></span> <span class='ocrx_word' id='word_1_554' title='bbox 1187 5671 1201 5700; x_wconf 94' lang='lat'><strong>,</strong></span> <span class='ocrx_word' id='word_1_555' title='bbox 1253 5647 1383 5687; x_wconf 91' lang='lat' dir='ltr'><strong>cum</strong></span> <span class='ocrx_word' id='word_1_556' title='bbox 1431 5629 1491 5687; x_wconf 88' lang='lat' dir='ltr'><strong>in</strong></span> <span class='ocrx_word' id='word_1_557' title='bbox 1537 5631 1824 5704; x_wconf 85' lang='lat' dir='ltr'><strong>praeterito</strong></span> 
     </span>
    </p>
   </div>
   <div class='ocr_carea' id='block_1_79' title="bbox 203 5719 1825 5782">
    <p class='ocr_par' dir='ltr' id='par_1_79' title="bbox 203 5719 1825 5782">
     <span class='ocr_line' id='line_1_80' title="bbox 203 5719 1825 5782; baseline 0.002 -5"><span class='ocrx_word' id='word_1_558' title='bbox 203 5719 432 5778; x_wconf 88' lang='lat' dir='ltr'><strong>concilio</strong></span> <span class='ocrx_word' id='word_1_559' title='bbox 460 5722 531 5778; x_wconf 91' lang='lat' dir='ltr'><strong>de</strong></span> <span class='ocrx_word' id='word_1_560' title='bbox 578 5721 947 5779; x_wconf 73' lang='lat' dir='ltr'><strong>continentiae</strong></span> <span class='ocrx_word' id='word_1_561' title='bbox 998 5727 1054 5779; x_wconf 91' lang='lat' dir='ltr'><strong>et</strong></span> <span class='ocrx_word' id='word_1_562' title='bbox 1109 5723 1383 5781; x_wconf 87' lang='lat' dir='ltr'><strong>castitatis</strong></span> <span class='ocrx_word' id='word_1_563' title='bbox 1435 5725 1825 5782; x_wconf 88' lang='lat' dir='ltr'><strong>moderamine</strong></span> 
     </span>
    </p>
   </div>
   <div class='ocr_carea' id='block_1_80' title="bbox 204 5815 1824 5890">
    <p class='ocr_par' dir='ltr' id='par_1_80' title="bbox 204 5815 1824 5890">
     <span class='ocr_line' id='line_1_81' title="bbox 204 5815 1824 5890; baseline 0.002 -22"><span class='ocrx_word' id='word_1_564' title='bbox 204 5818 552 5886; x_wconf 78' lang='lat' dir='ltr'><strong>tractaretur,</strong></span> <span class='ocrx_word' id='word_1_565' title='bbox 588 5815 798 5888; x_wconf 89' lang='lat' dir='ltr'><strong>gradus</strong></span> <span class='ocrx_word' id='word_1_566' title='bbox 840 5816 931 5870; x_wconf 88' lang='lat' dir='ltr'><strong>isti</strong></span> <span class='ocrx_word' id='word_1_567' title='bbox 971 5820 1084 5872; x_wconf 86' lang='lat' dir='ltr'><strong>tres</strong></span> <span class='ocrx_word' id='word_1_568' title='bbox 1127 5817 1540 5890; x_wconf 86' lang='lat' dir='ltr'><strong>conscriptione</strong></span> <span class='ocrx_word' id='word_1_569' title='bbox 1579 5819 1824 5889; x_wconf 83' lang='lat' dir='ltr'><strong>quadam</strong></span> 
     </span>
    </p>
   </div>
   <div class='ocr_carea' id='block_1_81' title="bbox 1921 4698 3547 4770">
    <p class='ocr_par' dir='ltr' id='par_1_81' title="bbox 1921 4698 3547 4770">
     <span class='ocr_line' id='line_1_82' title="bbox 1921 4698 3547 4770; baseline -0.003 -11"><span class='ocrx_word' id='word_1_570' title='bbox 1921 4703 2288 4760; x_wconf 87' lang='lat' dir='ltr'><strong>statuendum</strong></span> <span class='ocrx_word' id='word_1_571' title='bbox 2330 4701 2438 4756; x_wconf 84' lang='lat' dir='ltr'><strong>sit?</strong></span> <span class='ocrx_word' id='word_1_572' title='bbox 2483 4699 2746 4754; x_wconf 89' lang='lat' dir='ltr'><strong>Aurelius</strong></span> <span class='ocrx_word' id='word_1_573' title='bbox 2793 4698 3086 4770; x_wconf 91' lang='lat' dir='ltr'><strong>episcopus</strong></span> <span class='ocrx_word' id='word_1_574' title='bbox 3134 4698 3296 4768; x_wconf 86' lang='lat' dir='ltr'><strong>dixit,</strong></span> <span class='ocrx_word' id='word_1_575' title='bbox 3335 4699 3547 4754; x_wconf 88' lang='lat' dir='ltr'><strong>audivit</strong></span> 
     </span>
    </p>
   </div>
   <div class='ocr_carea' id='block_1_82' title="bbox 1921 4790 3545 4868">
    <p class='ocr_par' dir='ltr' id='par_1_82' title="bbox 1921 4790 3545 4868">
     <span class='ocr_line' id='line_1_83' title="bbox 1921 4790 3545 4868; baseline -0.004 -15"><span class='ocrx_word' id='word_1_576' title='bbox 1921 4797 2176 4868; x_wconf 91' lang='lat' dir='ltr'><strong>dignatio</strong></span> <span class='ocrx_word' id='word_1_577' title='bbox 2219 4798 2399 4850; x_wconf 88' lang='lat' dir='ltr'><strong>vestra</strong></span> <span class='ocrx_word' id='word_1_578' title='bbox 2437 4791 2866 4864; x_wconf 90' lang='lat' dir='ltr'><strong>suggestionem</strong></span> <span class='ocrx_word' id='word_1_579' title='bbox 2906 4790 3093 4845; x_wconf 87' lang='lat' dir='ltr'><strong>fratris</strong></span> <span class='ocrx_word' id='word_1_580' title='bbox 3132 4794 3189 4846; x_wconf 90' lang='lat' dir='ltr'><strong>et</strong></span> <span class='ocrx_word' id='word_1_581' title='bbox 3229 4790 3545 4863; x_wconf 88' lang='lat' dir='ltr'><strong>coepiscopi</strong></span> 
     </span>
    </p>
   </div>
   <div class='ocr_carea' id='block_1_83' title="bbox 1921 4881 3546 4958">
    <p class='ocr_par' dir='ltr' id='par_1_83' title="bbox 1921 4881 3546 4958">
     <span class='ocr_line' id='line_1_84' title="bbox 1921 4881 3546 4958; baseline -0.003 -14"><span class='ocrx_word' id='word_1_582' title='bbox 1921 4887 2102 4945; x_wconf 90' lang='lat' dir='ltr'><strong>nostri</strong></span> <span class='ocrx_word' id='word_1_583' title='bbox 2129 4885 2438 4955; x_wconf 88' lang='lat' dir='ltr'><strong>Fortunati,</strong></span> <span class='ocrx_word' id='word_1_584' title='bbox 2471 4885 2607 4958; x_wconf 89' lang='lat' dir='ltr'><strong>quid</strong></span> <span class='ocrx_word' id='word_1_585' title='bbox 2643 4884 2712 4940; x_wconf 89' lang='lat' dir='ltr'><strong>ad</strong></span> <span class='ocrx_word' id='word_1_586' title='bbox 2746 4883 2867 4938; x_wconf 71' lang='lat' dir='ltr'><strong>haec</strong></span> <span class='ocrx_word' id='word_1_587' title='bbox 2910 4882 3132 4938; x_wconf 83' lang='lat' dir='ltr'><strong>dicitis?</strong></span> <span class='ocrx_word' id='word_1_588' title='bbox 3163 4881 3233 4937; x_wconf 90' lang='lat' dir='ltr'><strong>ab</strong></span> <span class='ocrx_word' id='word_1_589' title='bbox 3268 4883 3546 4939; x_wconf 88' lang='lat' dir='ltr'><strong>universis</strong></span> 
     </span>
    </p>
   </div>
   <div class='ocr_carea' id='block_1_84' title="bbox 1920 4973 3547 5055">
    <p class='ocr_par' dir='ltr' id='par_1_84' title="bbox 1920 4973 3547 5055">
     <span class='ocr_line' id='line_1_85' title="bbox 1920 4973 3547 5055; baseline -0.003 -18"><span class='ocrx_word' id='word_1_590' title='bbox 1920 4980 2195 5055; x_wconf 90' lang='lat' dir='ltr'><strong>episcopis</strong></span> <span class='ocrx_word' id='word_1_591' title='bbox 2215 4981 2429 5036; x_wconf 91' lang='lat' dir='ltr'><strong>dictum</strong></span> <span class='ocrx_word' id='word_1_592' title='bbox 2456 4982 2577 5034; x_wconf 88' lang='lat' dir='ltr'><strong>est:</strong></span> <span class='ocrx_word' id='word_1_593' title='bbox 2606 4973 2942 5032; x_wconf 64' lang='lat' dir='ltr'><strong>Chrismatis&#39;</strong></span> <span class='ocrx_word' id='word_1_594' title='bbox 2966 4975 3266 5045; x_wconf 89' lang='lat' dir='ltr'><strong>confectio,</strong></span> <span class='ocrx_word' id='word_1_595' title='bbox 3309 4980 3366 5032; x_wconf 88' lang='lat' dir='ltr'><strong>et</strong></span> <span class='ocrx_word' id='word_1_596' title='bbox 3391 4978 3547 5048; x_wconf 89' lang='lat' dir='ltr'><strong>puel-</strong></span> 
     </span>
    </p>
   </div>
   <div class='ocr_carea' id='block_1_85' title="bbox 1919 5067 3616 5142">
    <p class='ocr_par' dir='ltr' id='par_1_85' title="bbox 1919 5067 3616 5142">
     <span class='ocr_line' id='line_1_86' title="bbox 1919 5067 3616 5142; baseline -0.003 -12"><span class='ocrx_word' id='word_1_597' title='bbox 1919 5076 2106 5130; x_wconf 89' lang='lat' dir='ltr'><strong>larum</strong></span> <span class='ocrx_word' id='word_1_598' title='bbox 2130 5071 2476 5129; x_wconf 88' lang='lat' dir='ltr'><strong>consecratio</strong></span> <span class='ocrx_word' id='word_1_599' title='bbox 2503 5089 2533 5127; x_wconf 88' lang='lat' dir='ltr'><strong>a</strong></span> <span class='ocrx_word' id='word_1_600' title='bbox 2571 5069 2915 5142; x_wconf 86' lang='lat' dir='ltr'><strong>presbyteris</strong></span> <span class='ocrx_word' id='word_1_601' title='bbox 2938 5084 3056 5123; x_wconf 91' lang='lat' dir='ltr'><strong>non</strong></span> <span class='ocrx_word' id='word_1_602' title='bbox 3084 5067 3201 5134; x_wconf 84' lang='lat' dir='ltr'><strong>ﬂat,</strong></span> <span class='ocrx_word' id='word_1_603' title='bbox 3227 5069 3315 5124; x_wconf 91' lang='lat' dir='ltr'><strong>vel</strong></span> <span class='ocrx_word' id='word_1_604' title='bbox 3339 5086 3544 5125; x_wconf 61' lang='lat' dir='ltr'><strong>recono</strong></span> <span class='ocrx_word' id='word_1_605' title='bbox 3569 5117 3576 5126; x_wconf 85' lang='lat'><strong>.</strong></span> <span class='ocrx_word' id='word_1_606' title='bbox 3611 5101 3616 5104; x_wconf 96' lang='lat'><strong><em>-</em></strong></span> 
     </span>
    </p>
   </div>
   <div class='ocr_carea' id='block_1_86' title="bbox 1919 5149 3543 5237">
    <p class='ocr_par' dir='ltr' id='par_1_86' title="bbox 1919 5149 3543 5237">
     <span class='ocr_line' id='line_1_87' title="bbox 1919 5149 3543 5237; baseline -0.002 -14"><span class='ocrx_word' id='word_1_607' title='bbox 1919 5166 2114 5223; x_wconf 89' lang='lat' dir='ltr'><strong>ciliare</strong></span> <span class='ocrx_word' id='word_1_608' title='bbox 2141 5179 2426 5237; x_wconf 90' lang='lat' dir='ltr'><strong>quemque</strong></span> <span class='ocrx_word' id='word_1_609' title='bbox 2463 5163 2523 5218; x_wconf 94' lang='lat' dir='ltr'><strong>in</strong></span> <span class='ocrx_word' id='word_1_610' title='bbox 2566 5149 2789 5234; x_wconf 87' lang='lat' dir='ltr'><strong>publica</strong></span> <span class='ocrx_word' id='word_1_611' title='bbox 2835 5161 3010 5215; x_wconf 87' lang='lat' dir='ltr'><strong>missa</strong></span> <span class='ocrx_word' id='word_1_612' title='bbox 3054 5161 3382 5233; x_wconf 87' lang='lat' dir='ltr'><strong>presbytero</strong></span> <span class='ocrx_word' id='word_1_613' title='bbox 3427 5180 3543 5219; x_wconf 89' lang='lat' dir='ltr'><strong>non</strong></span> 
     </span>
    </p>
   </div>
   <div class='ocr_carea' id='block_1_87' title="bbox 1919 5256 2747 5330">
    <p class='ocr_par' dir='ltr' id='par_1_87' title="bbox 1919 5256 2747 5330">
     <span class='ocr_line' id='line_1_88' title="bbox 1919 5256 2747 5330; baseline -0.008 -16"><span class='ocrx_word' id='word_1_614' title='bbox 1919 5259 2108 5330; x_wconf 92' lang='lat' dir='ltr'><strong>licere,</strong></span> <span class='ocrx_word' id='word_1_615' title='bbox 2136 5260 2244 5314; x_wconf 92' lang='lat' dir='ltr'><strong>hoc</strong></span> <span class='ocrx_word' id='word_1_616' title='bbox 2272 5257 2534 5312; x_wconf 88' lang='lat' dir='ltr'><strong>omnibus</strong></span> <span class='ocrx_word' id='word_1_617' title='bbox 2549 5256 2747 5326; x_wconf 89' lang='lat' dir='ltr'><strong>placet.</strong></span> 
     </span>
    </p>
   </div>
   <div class='ocr_carea' id='block_1_88' title="bbox 1993 5345 3548 5424">
    <p class='ocr_par' dir='ltr' id='par_1_88' title="bbox 1993 5345 3548 5424">
     <span class='ocr_line' id='line_1_89' title="bbox 1993 5345 3548 5424; baseline 0 -16"><span class='ocrx_word' id='word_1_618' title='bbox 1993 5354 2080 5408; x_wconf 91' lang='lat' dir='ltr'><strong>1V.</strong></span> <span class='ocrx_word' id='word_1_619' title='bbox 2110 5350 2369 5407; x_wconf 81' lang='lat' dir='ltr'><strong>Aurelius</strong></span> <span class='ocrx_word' id='word_1_620' title='bbox 2395 5348 2693 5420; x_wconf 89' lang='lat' dir='ltr'><strong>episcopus</strong></span> <span class='ocrx_word' id='word_1_621' title='bbox 2723 5345 2887 5416; x_wconf 90' lang='lat' dir='ltr'><strong>dixit,</strong></span> <span class='ocrx_word' id='word_1_622' title='bbox 2908 5347 2954 5402; x_wconf 90' lang='lat' dir='ltr'><strong>si</strong></span> <span class='ocrx_word' id='word_1_623' title='bbox 2982 5345 3284 5420; x_wconf 87' lang='lat' dir='ltr'><strong>quisquam</strong></span> <span class='ocrx_word' id='word_1_624' title='bbox 3314 5350 3374 5405; x_wconf 89' lang='lat' dir='ltr'><strong>in</strong></span> <span class='ocrx_word' id='word_1_625' title='bbox 3401 5351 3548 5424; x_wconf 86' lang='lat' dir='ltr'><strong>peri-</strong></span> 
     </span>
    </p>
   </div>
   <div class='ocr_carea' id='block_1_89' title="bbox 1921 5440 3548 5508">
    <p class='ocr_par' dir='ltr' id='par_1_89' title="bbox 1921 5440 3548 5508">
     <span class='ocr_line' id='line_1_90' title="bbox 1921 5440 3548 5508; baseline -0.001 -7"><span class='ocrx_word' id='word_1_626' title='bbox 1921 5445 2048 5501; x_wconf 91' lang='lat' dir='ltr'><strong>culo</strong></span> <span class='ocrx_word' id='word_1_627' title='bbox 2099 5443 2274 5500; x_wconf 82' lang='lat' dir='ltr'><strong>fuerit</strong></span> <span class='ocrx_word' id='word_1_628' title='bbox 2321 5440 2678 5508; x_wconf 87' lang='lat' dir='ltr'><strong>constitutus,</strong></span> <span class='ocrx_word' id='word_1_629' title='bbox 2732 5442 2789 5494; x_wconf 93' lang='lat' dir='ltr'><strong>et</strong></span> <span class='ocrx_word' id='word_1_630' title='bbox 2836 5455 2896 5496; x_wconf 88' lang='lat' dir='ltr'><strong>se</strong></span> <span class='ocrx_word' id='word_1_631' title='bbox 2943 5441 3296 5497; x_wconf 90' lang='lat' dir='ltr'><strong>reconciliari</strong></span> <span class='ocrx_word' id='word_1_632' title='bbox 3344 5443 3548 5500; x_wconf 89' lang='lat' dir='ltr'><strong>divinis</strong></span> 
     </span>
    </p>
   </div>
   <div class='ocr_carea' id='block_1_90' title="bbox 1923 5532 3548 5606">
    <p class='ocr_par' dir='ltr' id='par_1_90' title="bbox 1923 5532 3548 5606">
     <span class='ocr_line' id='line_1_91' title="bbox 1923 5532 3548 5606; baseline -0.001 -13"><span class='ocrx_word' id='word_1_633' title='bbox 1923 5535 2198 5593; x_wconf 84' lang='lat' dir='ltr'><strong>altaribus</strong></span> <span class='ocrx_word' id='word_1_634' title='bbox 2223 5533 2471 5606; x_wconf 87' lang='lat' dir='ltr'><strong>petierit,</strong></span> <span class='ocrx_word' id='word_1_635' title='bbox 2512 5533 2559 5587; x_wconf 89' lang='lat' dir='ltr'><strong>si</strong></span> <span class='ocrx_word' id='word_1_636' title='bbox 2588 5532 2883 5604; x_wconf 90' lang='lat' dir='ltr'><strong>episcopus</strong></span> <span class='ocrx_word' id='word_1_637' title='bbox 2921 5532 3121 5588; x_wconf 89' lang='lat' dir='ltr'><strong>absens</strong></span> <span class='ocrx_word' id='word_1_638' title='bbox 3149 5535 3341 5603; x_wconf 88' lang='lat' dir='ltr'><strong>fuerit,</strong></span> <span class='ocrx_word' id='word_1_639' title='bbox 3379 5536 3548 5591; x_wconf 88' lang='lat' dir='ltr'><strong>debet</strong></span> 
     </span>
    </p>
   </div>
   <div class='ocr_carea' id='block_1_91' title="bbox 1921 5625 3547 5707">
    <p class='ocr_par' dir='ltr' id='par_1_91' title="bbox 1921 5625 3547 5707">
     <span class='ocr_line' id='line_1_92' title="bbox 1921 5625 3547 5707; baseline -0.002 -21"><span class='ocrx_word' id='word_1_640' title='bbox 1921 5629 2117 5701; x_wconf 89' lang='lat' dir='ltr'><strong>utique</strong></span> <span class='ocrx_word' id='word_1_641' title='bbox 2147 5627 2440 5700; x_wconf 87' lang='lat' dir='ltr'><strong>presbyter</strong></span> <span class='ocrx_word' id='word_1_642' title='bbox 2477 5625 2772 5682; x_wconf 89' lang='lat' dir='ltr'><strong>consulere</strong></span> <span class='ocrx_word' id='word_1_643' title='bbox 2807 5625 3155 5697; x_wconf 90' lang='lat' dir='ltr'><strong>episcopum,</strong></span> <span class='ocrx_word' id='word_1_644' title='bbox 3196 5631 3254 5681; x_wconf 89' lang='lat' dir='ltr'><strong>et</strong></span> <span class='ocrx_word' id='word_1_645' title='bbox 3282 5627 3358 5682; x_wconf 87' lang='lat' dir='ltr'><strong>sic</strong></span> <span class='ocrx_word' id='word_1_646' title='bbox 3393 5629 3547 5707; x_wconf 41' lang='lat' dir='ltr'><strong>peri.</strong></span> 
     </span>
    </p>
   </div>
   <div class='ocr_carea' id='block_1_92' title="bbox 1924 5718 3552 5792">
    <p class='ocr_par' dir='ltr' id='par_1_92' title="bbox 1924 5718 3552 5792">
     <span class='ocr_line' id='line_1_93' title="bbox 1924 5718 3552 5792; baseline -0.001 -13"><span class='ocrx_word' id='word_1_647' title='bbox 1924 5723 2213 5779; x_wconf 86' lang='lat' dir='ltr'><strong>clitantem</strong></span> <span class='ocrx_word' id='word_1_648' title='bbox 2235 5721 2356 5792; x_wconf 90' lang='lat' dir='ltr'><strong>ejus</strong></span> <span class='ocrx_word' id='word_1_649' title='bbox 2380 5721 2668 5792; x_wconf 58' lang='lat' dir='ltr'><strong>pracepto</strong></span> <span class='ocrx_word' id='word_1_650' title='bbox 2691 5718 3080 5789; x_wconf 83' lang='lat' dir='ltr'><strong>reconciliare;</strong></span> <span class='ocrx_word' id='word_1_651' title='bbox 3110 5733 3284 5790; x_wconf 87' lang='lat' dir='ltr'><strong>quam</strong></span> <span class='ocrx_word' id='word_1_652' title='bbox 3307 5733 3431 5775; x_wconf 89' lang='lat' dir='ltr'><strong>rem</strong></span> <span class='ocrx_word' id='word_1_653' title='bbox 3456 5719 3552 5777; x_wconf 40' lang='lat' dir='ltr'><strong>des</strong></span> 
     </span>
    </p>
   </div>
   <div class='ocr_carea' id='block_1_93' title="bbox 1923 5807 3555 5877">
    <p class='ocr_par' dir='ltr' id='par_1_93' title="bbox 1923 5807 3555 5877">
     <span class='ocr_line' id='line_1_94' title="bbox 1923 5807 3555 5877; baseline -0.003 -6"><span class='ocrx_word' id='word_1_654' title='bbox 1923 5816 2127 5870; x_wconf 88' lang='lat' dir='ltr'><strong>bemus</strong></span> <span class='ocrx_word' id='word_1_655' title='bbox 2172 5813 2386 5870; x_wconf 85' lang='lat' dir='ltr'><strong>salubri</strong></span> <span class='ocrx_word' id='word_1_656' title='bbox 2429 5813 2665 5869; x_wconf 90' lang='lat' dir='ltr'><strong>consilio</strong></span> <span class='ocrx_word' id='word_1_657' title='bbox 2705 5807 3091 5877; x_wconf 83' lang='lat' dir='ltr'><strong>corroborare,</strong></span> <span class='ocrx_word' id='word_1_658' title='bbox 3152 5809 3223 5863; x_wconf 87' lang='lat' dir='ltr'><strong>ab</strong></span> <span class='ocrx_word' id='word_1_659' title='bbox 3275 5811 3555 5868; x_wconf 76' lang='lat' dir='ltr'><strong>universis</strong></span> 
     </span>
    </p>
   </div>
  </div>
