4054 6330
512 361 610 414 327

1401 351 1682 407 APPEND.
1725 349 1810 404 AD
1848 349 2007 404 SIEC.
2051 348 2136 402 IX.
2170 375 2236 386 --
2274 345 2518 400 ISIDORI
2556 343 2978 399 MERCATORIS

3755 349 3860 399 328

510 464 782 536 episcopis
825 462 1038 517 dictum
1078 467 1180 526 est,
1223 459 1405 528 placet
1444 456 1595 526 quod
1640 455 1908 508 sanctitas
1946 457 2133 507 vestra
2153 467 2212 538 Α
2233 455 2523 522 correptus
2545 451 2733 517 fuerit,
2757 451 2920 504 decet
2947 449 3140 521 utique
3160 451 3312 520 apud
3333 449 3543 504 vicinos
3569 450 3862 521 episcopos

509 556 830 613 necessario
859 572 964 609 nos
991 554 1266 607 instruere
1289 549 1521 619 dignata
1553 552 1652 600 est.

579 652 641 703 V.
675 649 823 702 Felix
862 647 1155 716 episcopus
1186 640 1645 697 Selemselitanus
1674 638 1830 706 dixit,
1878 637 2047 692 etiam
2084 636 2130 690 si

509 743 618 796 hoc
664 741 846 810 placet
891 735 1174 790 sanctitati
1214 738 1411 786 vestrae
1457 731 1682 784 insinuo
1707 771 1721 797 ,
1760 734 1822 783 ut
1864 728 2130 782 dioeceses

509 849 636 902 quae
664 846 956 900 nunquam
983 828 1270 898 episcopos
1303 825 1665 893 acceperunt,
1703 836 1819 875 non
1857 821 2126 888 habeant,

509 929 568 978 et
590 924 686 978 illa
721 920 970 976 dioecesis
1001 935 1129 988 quas
1166 915 1465 986 aliquando
1504 913 1724 980 habuit,
1763 912 1967 966 habeat
1993 928 2126 980 pro-

506 1016 717 1087 prium,
755 1018 809 1067 et
834 1012 876 1065 si
905 1011 1208 1065 accedente
1239 1011 1518 1077 tempore,
1551 1008 1834 1060 crescente
1866 1004 1976 1057 ﬁde
2002 1003 2121 1069 Dei,

502 1108 742 1178 populus
762 1103 1169 1174 multiplicatus
1187 1098 1587 1155 desideraverit
1600 1097 1896 1167 proprium
1918 1095 2126 1149 habere

502 1202 798 1263 rectorem,
830 1196 950 1265 ejus
975 1193 1239 1248 videlicet
1257 1193 1562 1256 voluntate,
1588 1190 1645 1242 in
1668 1189 1826 1259 cujus
1852 1189 2127 1257 potestate

502 1294 586 1344 est
610 1286 1196 1353 diceeesisconstituta,
1217 1284 1424 1337 habeat
1445 1282 1788 1352 episcopum,
1811 1278 2127 1333 secundum

500 1387 690 1436 autem
721 1381 865 1434 hanc
902 1376 1365 1449 prosecutionem
1395 1374 1655 1428 sanctitas
1679 1377 1862 1425 vestra
1887 1370 2128 1425 aestimet

502 1474 638 1544 quid
663 1472 786 1526 ﬁeri
817 1470 1042 1525 debeat.
1072 1467 1350 1524 Genedius
1386 1466 1680 1536 episcopus
1719 1464 1879 1527 dixit,
1913 1461 1958 1515 si
1998 1461 2122 1532 pla-

499 1569 608 1632 cet,
642 1562 946 1618 insinuatio
977 1546 1164 1615 fratris
1193 1565 1248 1614 et
1279 1557 1598 1628 coepiscOpi
1626 1555 1800 1609 nostri
1831 1554 2022 1607 Felicis
2054 1553 2124 1606 ab

499 1656 763 1710 omnibus
792 1654 1188 1719 confirmetur;
1211 1653 1280 1705 ab
1308 1649 1589 1704 universis
1609 1646 1884 1718 episcopis
1909 1645 2124 1699 dictum

497 1753 583 1832 est
605 1748 808 1818 placet.

2233 543 2502 614 conqueri
2555 548 2617 596 ut
2660 542 2730 595 ab
2774 543 2907 612 ipsis
2946 542 3068 612 ejus
3114 559 3281 596 causa
3325 542 3502 612 possit
3545 543 3747 608 audiri,
3795 559 3862 595 ac

2227 652 2330 705 per
2352 636 2504 704 ipsos
2525 651 2625 688 suo
2653 634 2918 704 episcopo
2941 634 3324 704 reconciliari;
3351 634 3502 704 quod
3533 633 3640 687 nisi
3660 635 3862 688 fecerit

2228 727 2327 780 sed
2354 727 2635 796 superbia,
2685 726 2838 795 quod
2880 727 3044 792 absit,
3086 726 3314 780 inflatus
3359 727 3768 781 secernendum
3797 744 3860 780 se

2227 819 2296 872 ab
2329 817 2576 889 episcopi
2607 818 2688 870 sui
2727 818 3130 872 communione
3160 819 3407 887 duxerit,
3451 836 3514 872 ac
3553 819 3857 888 separatim

2228 927 2358 964 cum
2385 910 2661 980 aliquibus
2685 910 2927 964 schisma
2951 911 3162 964 faciens
3185 911 3524 964 sacriﬁcium
3553 913 3666 964 Deo
3688 911 3855 965 obtu—

2225 1003 2374 1070 lerit,
2420 1003 2540 1055 loco
2591 1003 2801 1056 amisso
2857 1003 3166 1056 anathema
3221 1003 3518 1071 habeatur,
3565 1007 3623 1056 et
3663 1004 3852 1057 locum

2229 1093 2470 1159 amittat,
2494 1093 2865 1148 nihilominus
2892 1098 2950 1147 et
2980 1096 3049 1148 de
3077 1095 3295 1148 civitate
3329 1100 3384 1148 et
3411 1096 3856 1165 congregatione

2225 1186 2285 1240 in
2311 1203 2419 1256 qua
2449 1186 2641 1254 fuerit,
2675 1187 2899 1256 longius
2925 1187 3251 1256 repellatur,
3280 1203 3352 1241 ne
3389 1188 3474 1240 vel
3503 1187 3853 1257 ignorantes,

2227 1280 2315 1331 vel
2341 1279 2671 1348 simpliciter
2699 1279 2967 1343 viventes,
3004 1279 3330 1348 serpentina
3359 1279 3556 1332 fraude
3585 1279 3854 1352 decipiat,

2227 1371 2498 1441 quoniam
2529 1371 2840 1424 secundum
2858 1372 3207 1441 Apostolum,
3227 1371 3468 1425 Ecclesia
3487 1388 3597 1424 una
3617 1376 3720 1440 est,
3743 1388 3858 1425 una

2224 1463 2383 1530 ﬁdes,
2427 1479 2607 1516 unum
2649 1462 2947 1532 baptisma,
2997 1469 3053 1515 et
3094 1462 3139 1515 si
3186 1461 3604 1532 querimoniam
3638 1464 3856 1532 justam

2224 1555 2490 1609 adversus
2544 1554 2873 1625 episcopum
2926 1571 3042 1608 non
3100 1555 3388 1624 habuerit,
3442 1555 3855 1626 inquirendum

2225 1647 2350 1702 erit.

2294 1740 2376 1794 IX.
2431 1738 2723 1793 Numidius
2791 1733 3084 1810 episcopus
3145 1739 3516 1794 Massilitanus
3565 1740 3736 1806 dixit,
3793 1741 3856 1795 in

568 1816 654 1894 Vl.
708 1837 1003 1893 Numidius
1051 1835 1345 1906 episcopus
1369 1832 1738 1888 Massilitanus
1774 1830 1928 1896 dixit,
1973 1845 2119 1900 prae-
2140 1816 2197 1888 B
2221 1831 2562 1901 quibusdam
2589 1831 2728 1885 locis
2767 1837 2899 1884 sunt
2922 1832 3238 1902 presbyteri
3270 1832 3368 1902 qui
3402 1837 3498 1885 aut
3527 1833 3856 1902 ignorantes

494 1939 650 1988 terea
693 1934 823 1984 sunt
864 1927 1270 2000 quamplurimi
1310 1943 1427 1980 non
1473 1925 1636 1978 bonae
1678 1921 2118 1978 conversationis

494 2025 592 2096 qui
635 2023 958 2078 existimant
997 2021 1238 2089 majores
1277 2021 1416 2071 natu
1452 2017 1538 2071 vel
1578 2016 1866 2086 episcopos
1905 2012 2115 2084 passim

493 2131 748 2187 vageque
790 2115 849 2168 in
887 2111 1306 2167 accusationem
1365 2107 1691 2179 pulsandos,
1749 2106 1958 2160 debent
1997 2107 2117 2158 tam

493 2209 656 2263 facile
699 2205 921 2260 admitti
989 2203 1206 2257 necne?
1268 2201 1524 2255 Aurelius
1585 2201 1883 2269 episcopus
1927 2197 2112 2262 dixit,

489 2301 677 2370 placet
699 2315 834 2368 ergo
861 2295 1124 2350 charitati
1151 2297 1370 2359 vestrae,
1405 2296 1468 2346 ut
1490 2293 1536 2345 is
1556 2291 1652 2362 qui
1680 2290 1960 2360 aliquibus
1990 2304 2112 2342 sce-

491 2391 701 2446 leribus
732 2389 988 2443 irretitus
1029 2392 1113 2440 est
1156 2401 1352 2440 vocem
1401 2383 1666 2438 adversus
1712 2381 1954 2451 majores
1977 2384 2114 2434 natu

493 2498 609 2538 non
637 2481 841 2536 habeat
865 2477 1186 2544 accusandi,
1209 2477 1278 2531 ab
1303 2476 1576 2530 universis
1595 2473 1870 2544 episcopis
1897 2473 2110 2526 dictum

490 2579 594 2642 est,
646 2575 690 2627 si
741 2572 1078 2627 criminosus
1123 2575 1234 2637 est,
1283 2585 1396 2623 non
1443 2567 1796 2635 admittatur,
1848 2564 2114 2620 omnibus

487 2668 710 2775 “€331

557 2759 664 2812 VII.
699 2747 868 2810 'Felix
913 2755 1213 2825 episcopus
1257 2751 1710 2806 Selemselitanus
1755 2749 1916 2814 dixit,
1973 2747 2112 2802 illud

486 2855 677 2905 autem
696 2853 897 2901 vestrae
929 2861 1174 2915 suggero
1205 2843 1507 2911 sanctitati,
1541 2845 1603 2895 ut
1631 2842 1690 2895 hi
1725 2841 1824 2912 qui
1851 2857 1953 2911 pro
1980 2839 2112 2893 faci-

487 2941 724 2995 noribus
751 2938 863 2992 suis
889 2938 959 2992 de
987 2935 1234 2990 Ecclesia
1253 2935 1564 3004 pelluntur,
1589 2934 1778 2987 etausi
1798 2930 2009 2986 fuerint
2037 2931 2110 2984 ad

487 3033 821 3087 comitatum
849 3044 1112 3099 pergere,
1145 3032 1242 3080 aut
1257 3027 1326 3080 ad
1340 3025 1553 3095 judicia
1582 3025 1807 3095 publica
1826 3024 2105 3093 prosilire,

486 3130 585 3178 aut
630 3123 676 3178 si
714 3122 952 3176 forsitan
998 3118 1257 3174 Ecclesiae
1302 3117 1593 3171 catholicae
1631 3117 1828 3171 limina
1871 3121 2106 3170 contur-

485 3217 640 3282 bare,
689 3214 987 3285 episcopus
1031 3212 1119 3264 vel
1172 3210 1407 3264 clericus
1454 3209 1753 3278 cujuslibet
1791 3208 1971 3278 plebis
2014 3223 2110 3261 eos

484 3310 603 3363 sine
655 3321 928 3361 consensu
983 3303 1309 3373 susceperit,
1377 3301 1446 3356 de
1504 3301 1590 3354 his
1642 3301 1777 3372 quid
1835 3299 2110 3354 censetis?

484 3398 796 3471 Epigonius
821 3395 1116 3467 episcopus
1148 3393 1496 3448 Bullensium
1530 3393 1834 3463 regionum
1872 3391 2036 3459 dixit,
2065 3391 2110 3444 si

484 3492 608 3564 quis
646 3490 940 3561 episcopus
1001 3486 1465 3543 communionem
1516 3491 1714 3540 tenens
1777 3484 2110 3538 catholicam

481 3582 806 3655 hujusmodi
839 3582 1106 3637 homines
1145 3579 1302 3634 vanis
1333 3577 1742 3632 blandimentis
1782 3576 2110 3630 incedentes

479 3681 696 3732 temere
733 3673 1064 3744 susceperit,
1103 3671 1240 3726 sciat
1275 3687 1406 3724 eum
1446 3670 1535 3724 his
1570 3686 1628 3723 se
1665 3669 1974 3724 rectissime
2009 3668 2106 3721 de-

479 3772 777 3839 pravatum
800 3766 888 3818 vel
913 3765 1264 3818 damnatum.
1306 3762 1592 3816 Genedius
1619 3761 1918 3831 episcopus
1949 3759 2106 3824 dixit,

482 3875 617 3929 ergo
639 3861 790 3912 recte
835 3859 1153 3925 suggerunt
1195 3855 1398 3907 fratres
1436 3857 1493 3905 et
1529 3852 1867 3922 coepiscopi,
1909 3856 1974 3905 ut
2012 3851 2109 3921 qui

481 3951 687 4010 merito
731 3945 1049 4002 facinorum
1089 3961 1326 3999 suorum
1373 3945 1444 3998 ab
1489 3944 1731 3998 Ecclesia
1769 3943 1916 4014 pulsi
1955 3947 2105 4011 sunt,

482 4044 531 4097 si
566 4042 637 4095 ab
670 4040 857 4109 aliquo
898 4039 1161 4108 episcopo
1202 4037 1531 4108 presbytero
1557 4037 1642 4089 vel
1664 4036 1868 4090 clerico
1894 4035 2111 4089 fuerint

479 4135 541 4188 in
590 4131 992 4188 communione
1029 4130 1292 4200 suscepti,
1320 4129 1492 4184 etiam
1534 4129 1654 4200 ipse
1695 4128 1818 4199 pari
1865 4143 1996 4182 cum
2031 4127 2108 4182 eis

483 4225 726 4281 crimine
753 4227 1014 4278 teneatur
1039 4222 1334 4289 obnoxius,
1365 4221 1714 4292 refugientes
1745 4221 1831 4274 sui
1859 4220 2108 4291 episcOpi

481 4319 744 4389 regulare
785 4315 1100 4385 judicium;
1154 4315 1225 4369 ab
1267 4314 1540 4369 universis
1583 4314 1856 4385 episcopis
1891 4313 2106 4368 dictum

483 4415 589 4479 est,
619 4409 882 4464 omnibus
911 4409 1114 4478 placet.

2130 3161 2184 3234 C

2218 1923 2550 1994 simpliciter
2586 1929 2684 1977 aut
2721 1923 3140 1977 dissimulantes
3175 1925 3461 1978 audaciter
3490 1929 3768 1994 praesente
3797 1930 3857 1978 et

2217 2015 2535 2069 inconsulto
2557 2015 2819 2086 episcopo
2848 2016 3238 2086 complurimis
3267 2017 3323 2069 in
3358 2015 3657 2070 domiciliis
3678 2021 3854 2086 agant

2215 2107 2457 2178 agenda,
2488 2107 2638 2178 quod
2665 2108 2977 2178 disciplina:
3003 2109 3379 2179 incongruum
3411 2109 3701 2180 cognoscit
3723 2126 3850 2163 esse

2216 2199 2479 2254 sanctitas
2523 2205 2728 2254 vestra.
2783 2201 3068 2254 Genedius
3114 2201 3407 2271 episcopus
3453 2201 3611 2267 dixit,
3660 2201 3853 2254 fratris

2216 2294 2274 2344 et
2306 2291 2623 2362 coepiscopi
2666 2292 2842 2345 nostri
2873 2293 3045 2363 digna
3085 2293 3462 2346 satisfactione
3504 2293 3852 2362 respondere

2214 2399 2330 2437 non
2361 2399 2684 2448 moremur;
2735 2383 2804 2436 ab
2848 2384 3123 2437 universis
3167 2383 3443 2454 episcopis
3490 2385 3702 2438 dictum
3742 2389 3848 2453 est,

2215 2475 2472 2545 quisquis
2509 2476 2810 2545 presbyter
2852 2476 3167 2530 inconsulto
3207 2477 3468 2546 episcopo
3509 2476 3733 2545 agenda
3790 2478 3848 2530 in

2215 2567 2466 2636 quolibet
2506 2569 2626 2621 loco
2678 2568 2916 2622 voluerit
2968 2569 3280 2633 celebrare,
3331 2569 3450 2639 ipse
3493 2569 3694 2623 honori
3744 2586 3848 2623 suo

2212 2659 2527 2713 contrarius
2557 2658 2766 2714 existit.

2283 2753 2343 2805 X.
2401 2751 2549 2804 Felix
2593 2752 2890 2822 episcopus
2937 2753 3395 2808 Selemselitanus
3440 2754 3610 2820 dixit,
3669 2754 3847 2809 etiam

2211 2843 2316 2897 hoc
2341 2844 2543 2912 adjicio
2579 2845 2892 2898 secundum
2923 2850 3133 2899 statuta
3160 2849 3411 2901 veterum
3449 2847 3846 2911 conciliorum,

2213 2941 2274 2990 ut
2301 2935 2346 2989 si
2373 2935 2499 3005 quis
2520 2937 2832 3008 epiSCOpus,
2862 2939 3008 3008 quod
3040 2954 3155 2991 non
3183 2938 3505 3008 opinamur,
3537 2939 3594 2991 in
3617 2943 3844 2993 reatum

2211 3028 2458 3098 aliquem
2511 3028 2851 3096 incurrerit,
2908 3036 2964 3084 et
3008 3030 3181 3083 fuerit
3229 3031 3280 3084 ei
3334 3031 3509 3084 nimia
3545 3031 3849 3084 necessitas

2209 3137 2324 3173 non
2353 3136 2517 3189 posse
2556 3120 2831 3190 plurimos
2870 3137 3235 3192 congregare,
3276 3139 3348 3176 ne
3384 3123 3442 3176 in
3481 3123 3718 3176 crimine
3750 3139 3845 3177 re-

2210 3216 2456 3278 maneat,
2499 3229 2532 3265 a
2581 3213 2882 3267 duodecim
2925 3214 3198 3284 episcopis
3237 3214 3518 3282 audiatur,
3563 3221 3619 3270 et
3668 3232 3700 3268 a
3743 3231 3846 3270 sex

2209 3304 2572 3374 presbyteris,
2602 3309 2660 3358 et
2687 3322 2720 3358 a
2755 3306 2934 3360 tribus
2959 3306 3292 3360 diaconibus
3317 3324 3446 3361 cum
3484 3307 3713 3378 proprio
3739 3325 3845 3361 suo

2210 3397 2495 3466 episcopo.
2549 3397 2837 3452 Genedius
2889 3399 3186 3470 episcOpus
3225 3399 3385 3466 dixit,
3431 3399 3568 3469 quid
3612 3400 3685 3453 ad
3734 3399 3843 3453 hoe

2211 3489 2344 3543 dicit
2373 3489 2635 3544 sanctitas
2663 3492 2888 3545 vestra?
2906 3491 2990 3544 Ab
3019 3492 3289 3546 universis
3319 3491 3591 3564 episcopis
3620 3491 3840 3548 dictum

2209 3589 2312 3650 est,
2342 3598 2373 3635 a
2402 3581 2567 3635 nobis
2586 3586 2842 3636 veterum
2869 3587 3079 3638 statuta
3105 3584 3311 3639 debere
3333 3584 3560 3639 servari.

2281 3674 2362 3728 XI.
2399 3671 2524 3746 '78
2555 3673 2742 3728 Victor
2770 3675 3065 3746 episcopus
3091 3675 3500 3731 Abziriditanus
3541 3676 3702 3747 dixit,
3742 3694 3836 3733 ro-

2208 3765 2464 3818 boranda
2500 3769 2586 3818 est
2613 3766 3002 3820 ecclesiastica
3045 3767 3358 3838 disciplina,
3405 3785 3477 3823 ne
3525 3769 3834 3840 quisquam

2209 3857 2602 3927 episcoporum
2629 3858 2860 3912 alterius
2876 3860 3064 3929 plebes
3091 3861 3176 3914 vel
3196 3860 3485 3915 dioecesim
3503 3878 3605 3916 sua
3627 3861 3841 3931 impor-

2208 3949 2450 4003 tunitate
2492 3949 2717 4019 pulsare
2763 3951 2987 4018 debeat,
3021 3952 3120 4022 qui
3163 3952 3272 4006 hoc
3315 3953 3501 4008 facere
3533 3953 3840 4008 tentaverit

2210 4041 2692 4111 quemadmodum
2718 4044 3060 4097 coercendus
3081 4044 3204 4099 est?
3225 4045 3508 4099 Genedius
3537 4046 3838 4117 episcopus

2208 4132 2368 4200 dixit,
2401 4139 2456 4188 et
2485 4135 2572 4188 lex
2601 4139 2787 4189 sancta
2827 4136 3108 4205 prohibet,
3147 4139 3204 4190 et
3234 4136 3355 4206 ipsa
3391 4137 3599 4191 Veritas
3637 4138 3842 4192 deﬁnit

2207 4242 2324 4280 non
2353 4226 2560 4280 debere
2580 4243 2929 4298 quemquam
2947 4229 3132 4282 aliena
3152 4229 3570 4298 concupiscere.
3593 4229 3840 4285 Proinde

2208 4317 2345 4388 quid
2377 4317 2552 4371 etiam
2578 4318 2735 4372 vobis
2779 4319 3042 4373 omnibus
3078 4321 3297 4390 placeat
3330 4321 3563 4391 propria
3597 4337 3731 4375 voce
3758 4322 3838 4376 si-

2210 4413 2411 4480 gnate;
2445 4411 2514 4464 ab
2546 4410 2824 4464 universis
2845 4411 3121 4482 episcopis
3147 4412 3362 4466 dictum
3402 4418 3504 4480 est,
3533 4414 3718 4484 placet
3749 4431 3834 4469 se-

549 4505 676 4558 Vlll.
719 4501 979 4572 Aliphius
1014 4499 1309 4570 episcopus
1342 4500 1600 4554 Ecclesiae
1630 4498 1986 4571 Tagastensis
2022 4501 2104 4554 le-
2126 4514 2186 4587 D
2210 4501 2458 4556 cundum
2473 4501 2676 4557 divinae
2688 4503 2830 4574 legis
2843 4506 2901 4556 et
2915 4505 3091 4558 sancti
3113 4506 3400 4576 Evangelii
3417 4506 3835 4573 auctoritatem,

485 4593 976 4669 gatusprovinciae
995 4593 1271 4647 Numidiae
1297 4593 1451 4659 dixit,
1481 4609 1582 4647 nec
1600 4593 1740 4647 illud
1765 4592 2104 4663 praetermit-

479 4689 719 4744 tendum
766 4691 870 4753 est,
903 4690 969 4740 ut
1002 4685 1048 4738 si
1077 4686 1201 4756 quis
1236 4685 1384 4739 forte
1414 4685 1710 4756 presbyter
1740 4684 1810 4738 ab
1844 4683 2105 4754 episcopo

483 4797 586 4836 suo
611 4783 906 4850 correptus
934 4782 1033 4833 aut
1058 4777 1602 4847 excommunicatus,
1634 4782 1855 4832 tumore
1891 4777 1980 4830 vel
2009 4792 2103 4830 su-

483 4872 936 4945 perbiainﬂatus,
952 4871 1236 4941 putaverit
1253 4871 1562 4941 separatim
1582 4870 1822 4923 Domino
1837 4869 2108 4924 sacriﬁcia

484 4964 796 5030 offerenda,
822 4965 911 5017 vel
947 4963 1102 5016 aliud
1130 4962 1470 5033 erigendum
1497 4964 1672 5016 altare
1708 4966 1903 5016 contra
1927 4962 2104 5015 eccle-

485 5057 764 5112 siasticam
792 5055 966 5109 ﬁdem
992 5055 1456 5126 disciplinamque
1473 5054 1773 5109 crediderit
1797 5054 2102 5124 agendum,

485 5164 600 5205 non
631 5153 793 5204 exeat
831 5147 1164 5218 impunitus.
1206 5148 1534 5202 Valentinus
1566 5147 1768 5217 primae
1802 5145 1948 5200 sedis
1971 5161 2103 5215 pro-

488 5243 684 5299 vincies
710 5241 986 5296 Numidiae
1026 5241 1185 5307 dixit,
1234 5240 1546 5296 necessario
1591 5239 1901 5309 disciplinae
1937 5239 2108 5292 eccle-

484 5335 718 5391 siasticas
765 5338 822 5388 et
867 5332 996 5388 ﬁdei
1043 5349 1293 5402 congrua
1341 5336 1470 5387 sunt
1516 5349 1642 5404 quae
1692 5333 1865 5386 frater
1917 5334 2108 5384 noster

487 5427 742 5500 Aliphius
784 5431 1112 5497 prosecutus
1154 5429 1273 5488 est,
1319 5425 1561 5495 proinde
1610 5425 1749 5496 quid
1792 5424 1996 5479 exinde
2033 5424 2107 5477 vi-

481 5523 669 5588 detur,
704 5525 906 5575 vestrae
954 5515 1245 5572 dilectioni
1291 5517 1511 5584 edicite,
1562 5517 1605 5570 si
1645 5517 1770 5588 quis
1813 5516 2108 5588 presbyter

479 5620 680 5671 contra
715 5612 1046 5682 episcopum
1093 5624 1260 5663 suum
1307 5608 1537 5663 inﬂatus
1589 5611 1833 5666 schisma
1875 5611 2103 5679 fecerit,

477 5705 792 5759 anathema
818 5701 908 5768 sit,
932 5699 1003 5753 ab
1043 5698 1316 5752 universis
1360 5699 1632 5770 episcopis
1659 5700 1874 5756 dictum
1910 5707 2010 5756 est.
2050 5701 2105 5756 Si

476 5797 600 5870 quis
622 5794 918 5867 presbyter
948 5809 978 5843 a
1006 5790 1305 5862 prreposito
1336 5806 1436 5842 suo
1463 5792 1988 5848 excommunicatus
2021 5794 2104 5848 vel

2210 4600 2270 4648 ut
2296 4610 2467 4648 nemo
2498 4600 2755 4649 nostrum
2790 4595 2999 4650 alienos
3023 4597 3232 4650 limites
3252 4597 3724 4668 transgrediatur.

2277 4687 2380 4740 XII.
2411 4687 2706 4742 Numidius
2731 4688 3028 4759 episcopus
3064 4690 3430 4744 Massilitanus
3465 4691 3628 4760 dixit,
3659 4689 3834 4761 aliqui

2207 4779 2457 4849 episcopi
2483 4779 2852 4850 usurpatione
2883 4783 3029 4850 quad
3041 4798 3135 4836 am
3157 4783 3481 4837 existimant
3502 4787 3834 4854 contempto

2205 4872 2451 4941 primate
2474 4872 2770 4942 cujuslibet
2784 4873 3104 4943 provinciis,
3129 4874 3241 4929 sive
3265 4877 3334 4928 ad
3357 4875 3700 4929 desiderium
3727 4893 3831 4946 po-

2206 4964 2323 5034 puli
2345 4964 2670 5034 episcopum
2689 4965 2953 5019 ordinare
2981 4965 3101 5020 sine
3122 4967 3325 5020 litteris
3344 4968 3416 5020 ad
3445 4983 3502 5021 se
3529 4965 3730 5037 primm
3747 4986 3836 5022 ca-

2205 5057 2421 5110 thedrae
2451 5057 2828 5122 manantibus,
2853 5074 3038 5128 neque
3065 5063 3256 5128 postea
3283 5060 3522 5130 acceptis
3543 5077 3559 5127 ;
3597 5061 3736 5130 quid
3765 5061 3834 5115 de

2206 5150 2315 5202 hoc
2371 5149 2567 5203 statuit
2621 5150 2884 5203 sanctitas
2934 5152 3157 5204 vestra?
3209 5152 3495 5206 Genedius
3538 5152 3835 5224 episcopus

2207 5240 2366 5310 dixit,
2389 5242 2657 5311 quoniam
2675 5243 2993 5297 communis
3013 5247 3097 5297 est
3117 5244 3545 5299 honoriﬁcentia
3563 5262 3690 5316 qua
3713 5247 3836 5299 uni-

2207 5333 2410 5404 cuique
2451 5335 2657 5387 servari
2691 5338 2929 5406 oportet,
2971 5335 3210 5406 idipsum
3254 5335 3596 5391 fraternitati
3635 5344 3833 5392 vestra:

2207 5427 2468 5480 convenit
2497 5428 2896 5496 pronuntiare;
2917 5428 2986 5482 ab
3013 5429 3289 5482 universis
3310 5429 3589 5500 episcopis
3615 5429 3829 5484 dictum

2206 5523 2309 5588 est,
2341 5519 2527 5588 placet
2554 5520 2836 5586 omnibus,
2880 5523 2942 5573 ut
2978 5521 3297 5575 inconsulto
3332 5522 3574 5590 primate
3607 5523 3832 5592 cujusli-

2206 5611 2304 5665 bet
2332 5611 2654 5682 provincim,
2677 5617 2794 5666 tam
2815 5611 2974 5666 facile
2994 5629 3162 5668 nemo
3193 5619 3522 5683 praesumat,
3545 5614 3677 5668 licet
3701 5633 3830 5670 cum

2206 5703 2399 5758 multis
2435 5705 2710 5775 episcopis
2758 5705 2818 5758 in
2859 5722 3197 5777 quocunque
3243 5707 3368 5760 loco
3415 5706 3535 5760 sine
3579 5708 3718 5777 ejus,
3771 5717 3834 5763 ut

2207 5796 2416 5850 dictum
2450 5801 2551 5860 est,
2583 5802 2860 5867 praecepto
2896 5799 3218 5868 episcopum
3250 5799 3529 5870 ordinare,
3564 5799 3609 5853 si
3637 5803 3833 5867 autem
