4054 6302
220 365 318 422 329

1438 366 1910 424 DECRETALIUM
1946 361 2331 423 COLLECTIO.

3466 355 3566 414 330

219 481 530 536 necessitas
557 479 746 547 fuerit,
777 483 892 535 tres
933 480 1203 552 episcopi,
1235 481 1294 536 in
1334 497 1678 554 quocunque
1718 483 1844 538 loco
1866 499 1924 572 Α
1944 482 2019 538 sis
2044 481 2324 560 episcopis.
2351 479 2566 534 dictum
2597 483 2700 546 est,
2730 477 2826 550 qui
2854 477 3054 533 contra
3079 489 3244 531 suam
3274 472 3568 547 professio-

216 573 348 640 sint,
379 589 510 627 cum
549 572 808 644 primatis
837 579 1122 648 praecepto
1152 574 1415 630 ordinare
1454 576 1697 631 debeant
1723 575 1842 648 epi-

215 683 470 736 scopum.

282 759 418 812 Xlll.
449 758 734 812 Genedius
778 758 1072 828 episcopus
1103 757 1261 826 dixit,
1294 759 1488 812 omnia
1535 775 1671 829 ergo
1719 775 1846 829 quae

210 866 242 903 a
267 855 454 904 vestro
484 852 632 904 ccetu
656 850 1069 920 gloriosissimo
1100 853 1309 905 statuta
1337 854 1487 917 sunt,
1508 851 1691 920 placet
1727 867 1845 904 om-

211 941 380 996 nibus
426 942 716 1009 custodiri,
750 943 821 995 ab
853 941 1126 996 universis
1171 941 1452 1012 episcopis
1491 943 1703 996 dictum
1735 945 1839 1012 est,

141 1107 143 1110 p
212 1034 401 1104 placet
423 1037 488 1088 ut
513 1033 905 1088 custodiantur
931 1034 1000 1087 ab
1025 1034 1304 1088 omnibus.
1336 1033 1617 1088 Genedius
1636 1034 1844 1104 episco-

212 1141 318 1194 pus
343 1125 484 1179 dixit
512 1142 525 1179 :
551 1125 631 1192 Si,
649 1125 802 1196 quod
827 1142 943 1180 non
970 1125 1298 1196 opinamur,
1314 1127 1384 1180 ab
1411 1125 1601 1196 aliquo
1627 1126 1844 1180 fuerint

211 1217 441 1284 violata,
465 1217 604 1288 quid
633 1218 876 1272 statuitis
901 1218 1055 1289 quod
1075 1218 1197 1272 ﬁeri
1227 1217 1476 1272 debeat?
1501 1217 1584 1271 Ab
1615 1217 1838 1272 univer-

1944 592 2077 630 nem
2121 576 2206 630 vel
2263 569 2735 644 subscriptionem
2784 569 3021 636 venerit,
3074 569 3195 639 ipse
3243 584 3301 622 se
3342 567 3413 620 ab
3456 567 3566 620 hoc

1944 671 2091 724 coetu
2121 666 2418 738 separabit.
2471 664 2753 720 Genedius
2798 661 3078 734 episcopis
3116 660 3277 727 dixit,
3312 660 3563 730 gratule-

1945 776 2075 814 mur
2094 759 2330 812 Domino
2351 761 2544 811 nostro
2575 758 2880 830 praestante
2912 754 3065 828 quod
3087 769 3191 824 pro
3217 754 3365 806 statu
3386 751 3566 804 Eccle-

1944 852 2041 906 sia;
2068 850 2360 905 catholicae.
2389 854 2591 904 cuncta
2623 866 2724 903 nos
2754 847 2966 902 salubri
3008 845 3242 900 consilio
3290 842 3564 898 servanda

1944 943 2311 998 decrevimus.
2361 945 2426 996 Et
2467 942 2594 996 ideo
2637 956 2764 1010 quae
2805 940 2876 992 ab
2920 937 3182 993 omnibus
3236 939 3367 990 sunt
3414 935 3563 988 dicta

1941 1035 2174 1106 propria
2202 1035 2472 1090 debemus
2502 1032 2909 1103 subscriptione
2933 1030 3198 1097 ﬁrmare;
3231 1028 3303 1082 ab
3334 1025 3559 1080 univer-

1941 1126 2016 1180 sis
2058 1126 2333 1199 episcopis
2381 1127 2596 1182 dictum
2644 1128 2749 1193 est,
2785 1123 2900 1192 ﬁat,
2941 1123 3060 1189 ﬁat,
3109 1123 3167 1174 et
3211 1118 3559 1189 subscripse-

1941 1225 2095 1276 runt.

757 1390 1157 1455 INCIPIUNT
1197 1389 1590 1454 CAPITULA
1631 1390 1965 1455 CONCILII
2009 1390 2272 1455 TERTII
2314 1385 3024 1454 CARTHAGINENSIS.

288 1492 338 1542 1.
379 1490 451 1542 Ut
493 1488 995 1560 comprovinciales
1039 1488 1289 1560 episcopi
1330 1488 1400 1543 de
1438 1489 1646 1559 pascha
1674 1504 1842 1546 suum

218 1580 515 1652 inquirant
543 1581 865 1652 primatem.

280 1677 333 1728 2.
376 1675 447 1728 Ut
469 1690 574 1744 per
601 1673 854 1744 singulos
881 1689 1060 1728 annos
1101 1672 1405 1730 concilium
1436 1673 1554 1728 ﬁat.

278 1769 329 1821 3.
373 1767 445 1820 Ut
497 1765 791 1837 episcopus
836 1765 1173 1837 priusquam
1223 1765 1544 1832 ordinetur,
1593 1782 1838 1821 canones

212 1861 506 1928 agnoscat.

279 1953 331 2004 4.
373 1952 446 2005 Ut
471 1950 652 2006 levitae
693 1954 749 2006 et
784 1950 1032 2021 virgines
1065 1953 1199 2005 ante
1224 1949 1428 2022 viginti
1453 1949 1708 2022 quinque
1735 1967 1834 2005 an-

211 2059 310 2097 nos
345 2059 464 2098 non
488 2045 906 2097 consecrentur.

278 2141 329 2190 5.
372 2137 444 2190 Ut
485 2138 909 2190 sacramentum
958 2133 1381 2190 catechumenis
1425 2151 1539 2190 non
1575 2135 1831 2206 praebea-

208 2233 322 2284 tur.

275 2325 328 2375 6.
369 2321 442 2376 Ut
468 2320 818 2392 baptismum
845 2320 1084 2376 mortuis
1110 2320 1196 2376 vel
1227 2319 1572 2376 eucharistia
1595 2337 1712 2376 non
1740 2321 1834 2376 de-

205 2419 319 2468 tur.

271 2511 325 2560 7.
369 2507 439 2561 Ut
467 2505 768 2576 episcopus
785 2510 1096 2576 accusatus,
1116 2506 1211 2560 ubi
1231 2507 1320 2561 vel
1347 2506 1498 2560 infra
1516 2506 1671 2578 quod
1691 2509 1832 2561 tem-

201 2614 310 2669 pus
337 2597 710 2653 examinetur.

270 2693 324 2745 8.
367 2693 448 2746 De
475 2689 819 2761 presbyteris
858 2693 916 2744 et
962 2689 1314 2760 diaconibus,
1343 2689 1538 2762 quanti
1583 2690 1827 2761 episcopi

198 2801 297 2841 eos
327 2784 585 2838 audiant.
863 2769 879 2778 ’

268 2881 324 2931 9.
366 2878 437 2931 Ut
462 2875 649 2930 clerici
679 2875 900 2946 publica
922 2877 1137 2948 judicia
1163 2892 1280 2931 non
1306 2875 1621 2948 appellent.

272 2971 359 3024 10.
402 2969 456 3024 Si
483 2986 515 3022 a
541 2985 830 3041 quoquam
858 2969 927 3023 ab
957 2970 1082 3023 aliis
1116 2969 1403 3040 judicibus
1440 2967 1826 3023 ecclesiasticis

198 3062 269 3116 ad
300 3062 443 3116 alios
474 3061 700 3131 judices
734 3066 790 3115 et
825 3062 1230 3116 ecclesiasticos
1256 3061 1487 3132 majoris
1520 3061 1821 3116 auctorita-

197 3155 269 3208 tis
297 3158 666 3225 provocatum
690 3153 878 3222 fuerit,
902 3170 1018 3208 non
1046 3155 1240 3208 obesse
1269 3154 1552 3225 prioribus
1579 3153 1826 3208 diversas

198 3247 511 3301 sententias
536 3246 971 3317 proferentibus.

270 3343 354 3392 11.
396 3340 468 3394 Ut
504 3337 606 3392 ﬁlii
651 3338 982 3393 clericorum
1022 3338 1094 3392 ad
1142 3338 1460 3408 spectacula
1508 3355 1622 3394 non
1663 3355 1818 3392 acce-

197 3430 355 3484 dant.

267 3525 353 3577 12.
395 3523 469 3577 Ut
497 3522 828 3576 clericorum
874 3521 1258 3577 matrimoniis
1302 3521 1556 3577 inﬁdeles
1587 3538 1699 3576 non
1731 3537 1819 3576 so-

197 3619 438 3674 cientur.

266 3715 352 3766 13.
394 3712 466 3766 Ut
494 3711 681 3765 clerici
714 3711 782 3767 de
814 3711 980 3766 rebus
1006 3711 1122 3765 suis
1151 3711 1296 3766 nihil
1337 3710 1656 3767 inﬁdelibus
1684 3724 1818 3764 con-

196 3805 403 3858 ferant.

264 3898 353 3952 14.
397 3898 468 3951 Ut
493 3896 686 3951 clerici
713 3897 860 3952 ﬁlios
887 3915 1015 3952 suos
1042 3915 1076 3952 a
1104 3913 1203 3952 sua
1229 3901 1508 3969 potestate
1535 3896 1686 3951 exire
1707 3911 1821 3951 non

193 3989 401 4058 sinant,
433 3989 540 4043 nisi
579 3995 742 4045 aetate
774 3995 830 4045 et
857 3991 1112 4045 moribus
1144 3989 1566 4061 comprobatos.

267 4086 350 4137 15.
395 4083 465 4136 Ut
507 4082 696 4136 clerici
733 4099 847 4137 non
889 4084 1004 4138 sint
1031 4083 1401 4138 conductores
1428 4083 1517 4136 vel
1561 4083 1817 4154 negotia-

193 4179 366 4230 tores.

263 4271 346 4322 16.
391 4268 462 4322 Ut
492 4267 679 4321 clerici
708 4283 822 4321 non
849 4265 1099 4321 usurarii
1128 4267 1257 4321 sint.

268 4365 348 4416 17.
395 4361 467 4415 Ut
515 4375 645 4414 cum
674 4359 888 4415 clericis
918 4363 1202 4414 extraneae
1248 4359 1477 4415 feminae
1504 4375 1622 4413 non
1649 4359 1817 4413 coha-

190 4454 390 4508 bitent.

2011 1492 2100 1544 26.
2142 1490 2214 1543 Ut
2256 1489 2456 1560 primae
2485 1487 2632 1542 sedis
2659 1486 2952 1557 episcopus
2990 1483 3253 1554 princeps
3299 1482 3559 1535 sacerdo-

1939 1585 2061 1635 tum
2086 1598 2204 1637 non
2236 1581 2571 1651 appelletur.

2007 1675 2095 1728 27.
2136 1674 2208 1728 Ut
2235 1672 2421 1727 clerici
2447 1671 2708 1726 tabernas
2735 1685 2850 1723 non
2875 1666 3288 1738 ingrediantur.

2006 1769 2094 1821 28.
2137 1767 2208 1820 Ut
2234 1765 2532 1836 episcopus
2558 1763 2681 1818 sine
2709 1763 2954 1816 formata
2975 1756 3406 1830 metropolitani
3436 1757 3559 1810 lon-

1859 1857 1913 1928 B
1940 1857 2065 1929 gius
2096 1875 2212 1912 non
2243 1857 2652 1928 proﬁciscatur.

2009 1955 2097 2006 29.
2141 1953 2209 2006 Ut
2237 1950 2409 2004 missa
2437 1965 2471 2003 a
2492 1948 2700 2018 jejunis
2727 1945 3063 2001 celebretur.

2006 2056 2092 2108 30.
2133 2053 2206 2108 Ut
2229 2053 2418 2106 nullus
2444 2051 2504 2104 in
2531 2048 2776 2105 Ecclesia
2804 2047 3152 2102 convivetur.

2004 2157 2092 2210 31.
2136 2155 2206 2208 Ut
2250 2152 2658 2224 paenitentibus
2699 2151 2863 2222 juxta
2907 2152 3267 2220 peccatorum
3321 2145 3560 2200 modum

1933 2246 2268 2319 poenitentia
2293 2246 2478 2300 detur.

2004 2351 2090 2404 32.
2130 2349 2201 2402 Ut
2228 2347 2524 2417 presbyter
2549 2348 2757 2417 praeter
2789 2345 2947 2415 jussa
2974 2342 3061 2397 vel
3090 2339 3404 2397 absentiam
3435 2337 3550 2410 epi-

1932 2440 2090 2512 scopi
2115 2457 2230 2494 non
2271 2438 2596 2493 reconciliet
2624 2437 2986 2508 poenitentes.

1999 2546 2086 2598 33.
2129 2545 2206 2596 De
2235 2540 2490 2595 custodia
2518 2554 2814 2593 sacrarum
2851 2536 3160 2606 virginum.

2000 2645 2084 2698 34.
2125 2645 2202 2698 De
2229 2640 2580 2713 baptizandis
2607 2638 2833 2710 aegrotis
2855 2637 2954 2708 qui
2966 2637 3088 2707 jam
3106 2636 3266 2708 loqui
3288 2651 3404 2690 non
3420 2643 3556 2706 'pos-

1929 2738 2082 2790 sunt.

1996 2841 2083 2893 35.
2125 2838 2201 2891 De
2241 2834 2509 2906 apostatis
2535 2833 2623 2888 vel
2652 2831 3019 2888 histrionibus
3053 2827 3339 2886 conversis
3365 2828 3548 2899 pomi-

1925 2929 2102 2984 tentia
2128 2931 2393 2999 negetur.

1996 3034 2083 3086 36.
2125 3032 2196 3086 Ut
2219 3029 2517 3101 presbyter
2544 3026 2796 3082 chrisma
2823 3041 2938 3078 non
2966 3023 3247 3079 conﬁciat.

1997 3136 2082 3187 37.
2123 3132 2196 3186 Ut
2223 3130 2414 3185 clerici
2457 3130 2579 3184 sine
2620 3127 2952 3183 necessitate
2995 3126 3054 3182 in
3103 3124 3288 3181 aliena
3329 3124 3549 3180 civitate

1847 3214 1900 3287 C
1926 3241 2043 3280 non
2082 3225 2480 3280 immorentur.

1995 3329 2082 3382 38.
2126 3327 2197 3380 Ut
2248 3340 2364 3378 non
2421 3323 2592 3377 liceat
2637 3321 2764 3377 ﬁeri
2805 3322 3205 3377 translationes
3261 3319 3549 3392 episcopo-

1922 3437 2071 3474 rum.

1993 3525 2080 3576 39.
2120 3523 2190 3578 Ut
2239 3536 2354 3575 non
2406 3519 2750 3590 praesumant
2800 3516 2914 3570 duo
2965 3514 3214 3587 episcopi
3278 3511 3543 3568 ordinare

1922 3613 2268 3684 pontiﬁcem.

1992 3717 2082 3770 40.
2123 3717 2194 3769 Ut
2235 3714 2372 3768 dum
2411 3713 2708 3785 episcopus
2751 3710 2999 3781 eligitur,
3028 3708 3074 3762 si
3107 3707 3544 3785 contradictores

1922 3809 2148 3875 habeat,
2178 3807 2432 3879 quinque
2459 3805 2777 3861 sacerdotes
2806 3774 3195 3915 conveniant{

1993 3911 2081 3964 41.
2122 3910 2194 3964 Ut
2218 3924 2320 3980 per
2348 3909 2599 3980 singulos
2641 3923 2818 3962 annos
2857 3902 3252 3960 convenientes
3294 3902 3545 3974 episcopi

1923 4002 1991 4056 ad
2024 4002 2329 4056 concilium
2373 4001 2544 4055 etiam
2574 4001 2644 4055 de
2686 3998 2936 4073 paschali
2981 3995 3340 4053 solemnitate
3366 4011 3400 4050 a
3425 3994 3540 4066 pri-

1922 4097 2077 4150 mate
2102 4111 2203 4148 suo
2229 4094 2636 4149 informentur.

1988 4197 2075 4250 42.
2117 4197 2188 4251 Ut
2217 4213 2332 4250 non
2364 4194 2603 4265 accipiat
2644 4193 2823 4248 alium
2863 4192 3194 4264 episcopum
3233 4190 3394 4263 plebs
3420 4205 3544 4262 quae

1918 4288 1976 4340 in
2005 4287 2229 4342 dioecesi
2256 4304 2480 4359 semper
2503 4286 2833 4357 subjacebit.

1989 4390 2077 4444 43.
2121 4390 2191 4442 Ut
2243 4388 2339 4458 qui
2383 4388 2547 4458 plebe
2592 4403 2694 4442 sua
2742 4389 3069 4456 contempta
3122 4385 3195 4438 ad
3239 4383 3544 4440 concilium

1919 4479 2108 4536 venire
2168 4481 2502 4546 detrectant,
2553 4484 2609 4534 et
2659 4479 2889 4549 plebem
2940 4481 2998 4532 et
3042 4478 3323 4533 honorem
3373 4475 3541 4530 amit-

265 4550 346 4600 18.
393 4546 464 4600 Ut
515 4544 700 4599 clerici
750 4561 866 4599 non
913 4544 1274 4611 ordinentur,
1322 4543 1431 4599 nisi
1480 4559 1676 4598 omnes
1722 4543 2058 4641 quiDtant.

191 4655 316 4692 cum
345 4638 427 4693 eis
457 4640 609 4704 sunt,
638 4637 832 4692 ﬁdeles
862 4637 1124 4693 existant.

266 4734 345 4785 l9.
390 4731 462 4784 Ut
505 4731 690 4785 clerici
733 4747 862 4785 cum
903 4731 972 4785 ad
1016 4731 1382 4801 pubertatem
1411 4729 1688 4797 venerint,
1720 4733 1820 4783 aut

193 4824 546 4896 conjugium,
579 4827 678 4878 aut
707 4824 1020 4879 castitatem
1050 4823 1438 4895 proﬁteantur.

261 4920 349 4972 20.
391 4919 464 4971 Ut
505 4917 698 4987 plebes
738 4917 951 4971 alienas
989 4916 1131 4971 alius
1183 4916 1478 4987 episcopus
1503 4931 1621 4969 non
1654 4930 1814 4968 usur-

199 5013 310 5079 pet.

265 5105 350 5156 21.
393 5103 464 5157 Ut
493 5102 684 5156 nullus
713 5102 1006 5174 episcopus
1031 5101 1280 5156 alienum
1312 5101 1580 5156 clericum
1611 5099 1821 5154 audeat

199 5195 442 5249 retinere
468 5195 557 5249 vel
587 5195 874 5250 ordinare.

265 5291 352 5344 22.
393 5289 466 5343 Ut
493 5289 683 5343 nullus
703 5288 940 5343 clericus
962 5289 1281 5359 ordinetur,
1301 5288 1411 5344 nisi
1432 5287 1603 5344 fuerit
1622 5287 1822 5361 proba-

198 5380 341 5437 bilis.

267 5476 354 5530 24.
398 5475 472 5530 De
502 5474 766 5545 precibus
793 5478 850 5529 et
879 5475 1253 5530 orationibus.

268 5567 356 5623 24.
396 5568 468 5623 Ut
505 5567 565 5621 in
592 5567 868 5622 sacriﬁcio
900 5572 1125 5623 tantum
1163 5567 1326 5639 panis
1362 5570 1418 5623 et
1443 5567 1591 5622 calix
1616 5565 1818 5622 offera-

205 5663 310 5714 tur.

268 5755 355 5806 25.
395 5754 474 5807 Ne
522 5753 710 5808 clerici
740 5753 826 5808 vel
871 5754 1225 5810 continentes
1268 5755 1338 5811 ad
1375 5753 1570 5809 viduas
1597 5753 1684 5808 vel
1713 5751 1822 5807 vir-

207 5844 360 5914 gines
392 5845 494 5901 soli
520 5846 776 5902 habeant
800 5863 1106 5906 accessum.

1987 4679 2076 4733 44.
2118 4679 2190 4732 Ut
2231 4674 2501 4730 clericum
2542 4672 2794 4727 alienum
2839 4670 3028 4726 nullus
3075 4670 3184 4724 sibi
3231 4672 3544 4740 praesumat

1921 4772 2218 4842 episcopus
2243 4768 2530 4824 ordinare.

1988 4875 2076 4927 45.
2120 4874 2190 4927 Ut
2220 4871 2513 4942 episcopus
2556 4867 2654 4939 qui
2695 4867 2887 4936 plures
2911 4864 3082 4919 habet
3113 4861 3342 4917 clericos
3367 4862 3419 4917 ei
3445 4864 3542 4934 qui

1903 4969 2052 5036 eget
2076 4964 2149 5020 ad
2181 4962 2566 5019 ordinandum
2594 4960 2913 5031 postulatus
2942 4955 3235 5027 largiatur.

1989 5069 2076 5122 46.
2119 5069 2190 5123 Ut
2216 5066 2512 5136 episcopus
2538 5063 2634 5134 qui
2664 5062 2723 5116 in
2751 5061 2978 5116 dioecesi
3003 5059 3183 5113 factus
3208 5059 3392 5114 solum
3419 5074 3545 5113 eam

1921 5159 2149 5232 plebem
2175 5161 2370 5213 teneat
2396 5173 2510 5227 qua
2540 5154 2754 5210 exstitit
2781 5153 3094 5208 ordinatus.

1990 5263 2076 5316 47.
2120 5262 2190 5316 Ut
2214 5263 2423 5331 praeter
2449 5258 2754 5328 scripturas
2783 5255 3084 5310 canonicas
3113 5254 3254 5310 nihil
3273 5254 3336 5309 in
3355 5254 3543 5310 Eccle-

1921 5353 2001 5407 sia
2026 5354 2250 5424 legatur
2274 5351 2380 5405 sub
2404 5349 2640 5404 nomine
2667 5347 2989 5403 divinarum
3015 5347 3456 5418 Scripturarum.

1993 5456 2081 5509 48.
2124 5457 2200 5508 De
2228 5451 2527 5524 baptizatis
2551 5467 2584 5505 a
2609 5450 2939 5505 Donatistis.

1985 5556 2072 5610 49.
2114 5556 2184 5610 Ut
2211 5570 2278 5608 ea
2307 5570 2434 5626 quae
2461 5552 2587 5625 quis
2621 5551 2680 5607 in
2711 5551 3090 5609 ecclesiastico
3120 5550 3339 5624 positus
3369 5549 3545 5622 gradu

1926 5647 2241 5718 acquisivit,
2271 5645 2530 5702 Ecclesiae
2556 5647 2945 5702 conferantur.

1996 5753 2083 5805 50.
2126 5750 2197 5804 Ut
2223 5752 2382 5821 gesta
2422 5749 2645 5805 concilii
2682 5749 3073 5823 episcoporum
3124 5743 3544 5815 subscriptioni-

1924 5845 2030 5900 bus
2059 5843 2489 5899 confirmentur.
