4054 6316
507 350 603 404 331

1395 347 1676 404 APPEND.
1717 345 1804 402 AD
1840 342 1997 401 SIEC.
2040 344 2126 401 IX.
2155 370 2223 385 --
2262 341 2502 399 ISlDORl
2539 339 2960 399 MERCATORIS

3752 341 3859 393 332

829 520 1244 614 INCIPIT
1311 518 1918 624 CONCILIUM
1989 511 2967 611 CARTHAGINENSIS
3039 509 3539 604 TERTIUM

1062 673 1380 738 Habitum
1417 673 1503 736 ab
1529 672 1842 755 episcopis
1869 689 2144 734 numero
2175 671 2536 750 nonaginta
2563 675 2828 750 septem,
2859 683 2996 729 ara
3027 682 3308 728 coxxxv.

580 835 817 895 Casario
848 842 904 892 et
927 836 1108 894 Attico
1134 836 1267 890 viris
1296 835 1619 890 clarissimis
1659 834 1988 890 consulibus
2019 836 2128 892 Ka-
2150 832 2421 918 Afuerit,
2452 829 2859 886 communione
2905 844 3021 883 non
3054 829 3433 882 removeatur.
3465 825 3525 879 Si
3570 839 3702 878 vero
3750 823 3855 876 ali-

511 929 661 987 lend.
706 929 1050 1002 Septembris
1089 927 1428 999 Carthagine
1454 927 1515 982 in
1544 927 1844 984 secretario
1886 927 2132 982 basilica

510 1022 782 1078 restituta
813 1037 943 1076 cum
967 1020 1226 1077 Aurelius
1250 1021 1546 1091 episcopus
1567 1036 1679 1074 una
1696 1036 1827 1074 cum
1847 1012 2154 1091 coepisco?

511 1114 597 1184 pis
635 1113 747 1168 suis
792 1113 1158 1180 consedisset,
1203 1112 1514 1168 astantibus
1555 1111 1728 1167 etiam
1779 1110 2128 1179 diaconibus,

510 1205 814 1262 constituta
844 1208 977 1260 sunt
1005 1205 1129 1260 hac
1155 1221 1284 1276 qua
1311 1205 1576 1275 prasenti
1613 1203 1852 1259 concilio
1898 1201 2132 1258 deﬁnita

510 1301 659 1352 sunt.

577 1389 704 1445 CAP.
739 1391 777 1444 Ι.
810 1389 1022 1444 Placuit
1045 1405 1181 1460 ergo
1208 1388 1265 1444 in
1294 1388 1572 1460 principio
1602 1391 1838 1459 prOpter
1878 1403 2132 1443 errorem

509 1481 608 1553 qui
635 1497 784 1552 sape
804 1481 950 1536 solet
975 1481 1191 1552 oboriri
1213 1485 1276 1536 ut
1303 1497 1503 1537 omnes
1528 1480 1807 1535 Africana
1832 1478 2133 1551 provincia

512 1573 762 1644 episcOpi
791 1573 1246 1653 pbservationem
1271 1573 1599 1644 paschalem
1621 1573 1691 1627 ab
1722 1572 1966 1628 Ecclesia
1995 1572 2128 1627 Car-

512 1664 838 1736 thaginensi
872 1668 1073 1721 curent
1095 1666 1366 1737 accipere.

582 1758 649 1812 II.
682 1756 960 1812 Similiter
983 1756 1218 1828 placuit,
1247 1760 1310 1811 ut
1350 1761 1584 1828 propter
1628 1772 1824 1811 causas
1871 1756 2129 1811 ecclesia-

513 1848 678 1904 sticas
703 1865 832 1920 qua
861 1849 933 1903 ad
965 1849 1276 1920 perniciem
1305 1849 1557 1920 plebium
1595 1864 1745 1920 sape
1782 1853 2136 1904 veterascunt

514 1940 753 2011 singulis
803 1940 1123 2011 quibusque
1181 1940 1345 1995 annis
1411 1941 1716 1996 concilium
1761 1943 2014 2008 vocetur,
2059 1939 2135 1994 ad

511 2021 667 2103 quod
713 2047 914 2088 omnes
960 2033 1263 2104 provincia
1289 2048 1418 2104 qua
1463 2033 1674 2104 primas
1715 2033 1878 2088 sedes
1923 2031 2136 2087 habent

511 2125 580 2180 de
607 2125 858 2180 conciliis
882 2125 997 2179 suis
1022 2125 1188 2180 binos
1219 2131 1317 2180 aut
1345 2113 1570 2196 quintos
1604 2125 1880 2194 elegerint
1914 2124 2133 2196 episco-

511 2233 617 2286 pos
658 2217 908 2286 mittant,
936 2221 1002 2272 ut
1042 2220 1100 2272 et
1141 2217 1334 2272 minus
1375 2217 1637 2271 invidiosi
1680 2216 1984 2288 minusque
2025 2217 2131 2272 ho-

511 2308 752 2381 spitibus
803 2309 1121 2380 sumptuosi
1185 2309 1448 2378 existant,
1493 2313 1559 2364 ut
1605 2313 1948 2379 congregato
2004 2324 2137 2363 con-

511 2405 686 2458 ventu
712 2403 882 2473 plena
907 2402 1082 2472 possit
1112 2417 1233 2456 esse
1258 2399 1579 2468 auctoritas,
1605 2401 1674 2456 de
1703 2399 1912 2471 Tripoli
1940 2403 2136 2456 autem

509 2496 745 2565 prOpter
779 2493 1033 2565 inopiam
1071 2493 1469 2565 episcoporum
1510 2508 1659 2548 unus
1708 2493 2006 2564 episcopus
2040 2508 2130 2547 ve-

513 2586 655 2641 niat.

584 2679 646 2733 II.
679 2678 820 2732 Item
855 2676 1071 2748 placuit
1098 2681 1162 2732 ut
1187 2677 1459 2732 ordinatis
1497 2675 1775 2747 episcopis
1807 2677 1892 2731 vel
1922 2676 2136 2732 clericis

509 2769 668 2841 prius
719 2768 790 2823 ab
843 2769 1266 2824 ordinatoribus
1323 2768 1440 2822 suis
1491 2768 1716 2823 decreta
1761 2768 2136 2824 conciliorum

513 2860 745 2916 auribus
787 2875 988 2915 eorum
1031 2860 1409 2927 inculcantur,
1451 2877 1525 2914 ne
1572 2876 1630 2914 se
1673 2860 1888 2932 aliquid
1939 2865 2137 2917 contra

514 2955 726 3008 statuta
751 2951 972 3006 concilii
997 2951 1193 3007 fecisse
1221 2951 1513 3022 paniteat.

584 3046 673 3100 IV.
703 3047 844 3102 Item
889 3045 1072 3115 placet
1115 3047 1178 3098 ut
1221 3047 1354 3099 ante
1404 3043 1608 3115 viginti
1652 3045 1906 3116 quinque
1958 3062 2137 3100 annos

513 3137 715 3204 atatis,
749 3151 851 3191 nec
892 3135 1115 3191 diaconi
1162 3135 1519 3204 ordinentur,
1551 3153 1657 3192 nec
1703 3137 1954 3208 virgines
1999 3154 2135 3192 con-

514 3233 826 3297 secrentur,
859 3231 917 3283 et
943 3231 1006 3284 ut
1034 3229 1275 3283 lectores
1300 3230 1540 3300 populos
1570 3245 1684 3284 non
1713 3231 1974 3284 salutent.

582 3322 646 3376 V.
676 3323 813 3376 Item
842 3319 1054 3390 placuit
1088 3336 1196 3391 per
1219 3320 1655 3376 solemnissimos
1683 3321 1978 3392 paschales
2015 3322 2138 3377 dies

511 3416 932 3468 sacramentum
954 3412 1375 3468 catechumenis
1404 3429 1523 3467 non
1551 3413 1736 3481 detur,
1766 3413 1876 3468 nisi
1902 3413 2136 3470 solitum

2229 922 2460 998 quando
2510 924 2776 991 defuerit,
2819 921 3156 977 subtrahens
3195 935 3274 989 se,
3305 917 3565 972 restituto
3596 915 3655 970 in
3700 929 3854 969 com-

2228 1019 2502 1073 munione
2528 1016 2791 1088 episcopo
2819 1016 3177 1069 removeatur
3207 1028 3241 1066 a
3267 1008 3670 1066 communione
3701 1022 3859 1061 accu-

2231 1114 2400 1180 sator,
2429 1110 2506 1164 ita
2527 1111 2725 1163 tamen
2752 1110 2817 1161 ut
2844 1123 2948 1161 nec
2973 1106 3085 1176 ipsi
3109 1105 3393 1160 adimatur
3436 1099 3676 1156 facultas
3715 1114 3856 1153 cau-
3937 1107 3945 1121 '

2230 1219 2307 1257 sa
2355 1201 2714 1274 peragenda,
2756 1199 2804 1254 si
2852 1215 2912 1274 se
2948 1213 3242 1252 occurrere
3285 1194 3550 1262 voluisse,
3597 1191 3696 1246 sed
3738 1207 3860 1244 non

2230 1219 2307 1257 δῶ
2355 1215 2714 1274 peragenda,
2756 1217 2804 1254 SI
2948 1215 3242 1252 occurrere
3285 1215 3550 1262 VOIulsse,
3597 1215 3696 1246 seu
3740 1215 3860 1244 uuu

2229 1282 2476 1365 potuisse
2495 1292 2837 1364 probaverit.
2835 1215 3004 1436 ZIlud
3031 1305 3164 1344 vero
3191 1287 3423 1359 placuit,
3443 1289 3510 1340 ut
3535 1301 3666 1339 cum
3687 1299 3860 1354 agere

2231 1386 2466 1436 cmuerit
2485 1386 2545 1436 in
2571 1385 2834 1436 eniscono
2872 1398 2968 1436 um
3001 1380 3232 1436 iudicio.
3255 1379 3302 1434 si
3326 1379 3500 1434 fuerit
3519 1374 3860 1431 accusatoris

2231 1386 2466 1458 coeperit
2485 1386 2545 1440 in
2571 1374 2968 1456 episcOpoI'um
2995 1380 3232 1452 judicio,
3255 1379 3302 1434 si
3326 1379 3500 1434 fuerit
3519 1374 3860 1431 accusatoris

2231 1495 2470 1551 persona
2497 1476 2808 1548 culpabilis,
2841 1476 2911 1530 ad
2952 1473 3316 1546 arguendum
3364 1487 3480 1525 non
3529 1467 3862 1523 admittatur

2230 1571 2339 1626 nisi
2368 1570 2627 1641 proprias
2653 1585 2869 1634 causas,
2899 1584 3016 1623 non
3045 1570 3240 1621 tamen
3265 1561 3688 1628 ecclesiasticas,
3713 1575 3859 1614 asse-

2232 1680 2358 1719 rere
2399 1663 2654 1718 voluerit.

2304 1757 2436 1811 VIII.
2464 1755 2520 1811 Si
2546 1758 2738 1810 autem
2763 1752 3073 1825 presbyteri
3102 1751 3187 1806 vel
3216 1748 3436 1804 diaconi
3462 1746 3677 1802 fuerint
3701 1761 3863 1800 accu-

2234 1849 2360 1915 sati,
2385 1848 2653 1918 adjuncto
2672 1847 2777 1900 sibi
2805 1863 2870 1900 ex
2895 1844 3093 1899 vicinis
3117 1842 3257 1897 locis
3277 1841 3537 1912 proprius
3563 1838 3862 1910 episcopus

2232 1940 2491 2010 legitimo
2515 1953 2755 1993 numero
2773 1937 3126 2008 collegarum
3142 1949 3281 2006 quos
3298 1933 3369 1987 ab
3391 1932 3598 1987 eodem
3618 1929 3864 1984 accusati

2233 2032 2523 2103 petierint,
2554 2031 2613 2084 id
2644 2033 2749 2096 est,
2775 2046 2894 2084 una
2924 2043 3116 2083 secum
3158 2027 3219 2081 in
3246 2023 3580 2097 presbyterii
3625 2021 3862 2078 nomine

2235 2123 2486 2196 episcopi
2528 2139 2646 2189 sex,
2674 2123 2734 2176 in
2771 2120 3014 2193 diaconii
3055 2123 3194 2186 tres,
3224 2118 3323 2189 qui
3363 2117 3616 2189 ipsorum
3663 2131 3863 2169 causas

2153 2196 2210 2267 Β
2237 2215 2563 2282 discutiant,
2594 2215 2795 2269 eadem
2836 2213 3062 2268 dierum
3103 2216 3160 2266 et
3198 2209 3533 2265 dilationum
3559 2214 3618 2263 et
3641 2224 3674 2261 a
3701 2223 3858 2262 com-

2233 2307 2510 2364 munione
2525 2307 2909 2363 remotionum
2927 2309 2982 2360 et
2997 2303 3345 2359 discussione
3356 2301 3412 2374 '7
3423 2301 3862 2374 9personarum

2232 2402 2383 2456 inter
2397 2403 2751 2455 accusatores
2767 2401 2825 2453 et
2839 2414 2936 2453 eos
2954 2397 3052 2467 qui
3067 2400 3401 2451 accusantur
3415 2395 3604 2449 forma
3624 2395 3861 2459 servata,

2234 2493 2588 2564 reliquorum
2603 2494 2796 2546 autem
2811 2490 3146 2545 clericorum
3168 2503 3366 2543 causas
3386 2486 3558 2542 etiam
3575 2485 3725 2540 solus
3747 2485 3862 2555 epi-

2234 2602 2439 2656 scopus
2464 2584 2570 2639 loci
2594 2587 2868 2654 agnoscat
2888 2585 2946 2636 et
2969 2581 3149 2637 ﬁniat.

2305 2679 2388 2732 IX.
2421 2678 2500 2732 De
2541 2676 2780 2732 diversis
2826 2674 3122 2731 ordinibus
3161 2673 3420 2728 Ecclesia
3465 2670 3861 2736 servientibus,

2233 2773 2299 2826 ut
2325 2770 2371 2824 si
2399 2769 2526 2841 quis
2543 2769 2605 2823 in
2636 2785 2862 2823 causam
2891 2766 3144 2822 criminis
3172 2765 3494 2832 incurrerit,
3516 2767 3574 2819 et
3597 2763 3867 2818 abnuerit

2229 2862 2510 2934 judicium
2537 2861 2984 2916 ecclesiasticum
3014 2861 3187 2914 debet
3221 2856 3554 2930 periclitari,
3586 2861 3644 2911 et
3661 2861 3735 2934 ,pt
3764 2855 3867 2909 ﬁlii

2235 2955 2596 3010 sacerdotum
2622 2953 2941 3025 spectacula
2969 2951 3260 3007 sacularia
3301 2967 3420 3006 non
3461 2920 3868 3094 adeantlltem

2235 3046 2464 3094 placuit-
2508 3045 2762 3094 auismlis
2810 3045 3230 3094 enisconomm.
3274 3042 3680 3094 oresbvteroru
3749 3082 3763 3094 .
3808 3044 3868 3094 et

2235 3046 2464 3118 placuit,
2508 3045 2762 3117 quisquis
2810 3045 3230 3117 episcoporum,
3273 3042 3763 3113 presbyterorum,
3808 3044 3870 3094 et

2236 3141 2627 3206 diaconorum,
2675 3154 2774 3193 seu
2823 3137 3178 3203 clericorum,
3225 3151 3357 3190 cum
3406 3134 3467 3189 in
3514 3133 3760 3188 Ecclesia
3811 3132 3869 3187 ei

2236 3233 2452 3287 crimen
2496 3231 2671 3285 fuerit
2719 3231 3079 3297 intentatum,
3122 3229 3211 3284 vel
3258 3226 3434 3283 civilis
3474 3242 3643 3281 causa
3688 3225 3869 3280 fuerit

2235 3328 2543 3391 commota,
2575 3323 2624 3377 si
2648 3323 2916 3378 derelicto
2952 3321 3324 3377 ecclesiastico
3362 3319 3598 3391 judicio,
3621 3317 3866 3389 publicis

2228 3416 2456 3487 judiciis
2478 3415 2718 3486 purgari
2746 3415 3008 3484 voluerit,
3042 3413 3217 3470 etiam
3244 3413 3292 3466 si
3323 3428 3427 3484 pro
3452 3411 3574 3482 ipso
3601 3410 3652 3466 ei
3693 3410 3869 3466 fuerit

511 3505 610 3574 sal,
633 3504 767 3576 quia
785 3505 832 3558 si
853 3503 1052 3560 ﬁdeles
1077 3519 1181 3575 per
1209 3503 1335 3559 illos
1355 3504 1473 3560 dies
1500 3507 1856 3658 sacrame7ta
1876 3521 1993 3561 non
2011 3521 2138 3561 mu-
2156 3543 2212 3617 Ο
2233 3509 2463 3580 prolata
2508 3507 2809 3574 sententia,
2834 3508 3026 3561 locum
3078 3521 3245 3561 suum
3287 3505 3528 3573 amittat,
3559 3507 3617 3558 et
3654 3503 3764 3558 hoc
3803 3502 3868 3558 in

511 3601 649 3658 tant,
671 3613 775 3653 nec
802 3597 1222 3652 catechumenis
1247 3600 1472 3658 oportet
1498 3601 1740 3652 mutare.
2237 3600 2517 3656 criminali
2544 3599 2780 3654 actione.
2810 3601 2874 3654 In
2899 3599 3052 3652 civili
3079 3614 3212 3652 vero
3249 3596 3455 3658 perdat
3488 3595 3646 3658 quod
3675 3595 3863 3658 evicit,

506 3601 649 3665 tant,
671 3613 775 3653 nec
802 3597 1222 3652 catechumenis
1247 3600 1472 3668 oportet
1498 3601 1740 3652 mutare.

580 3691 667 3744 VI.
693 3691 836 3744 Item
878 3689 1093 3760 placuit
1126 3693 1192 3744 ut
1225 3689 1558 3759 corporibus
1583 3689 1987 3745 defunctorum
2033 3707 2136 3746 eu-

511 3781 774 3837 charistia
812 3796 933 3835 non
962 3780 1151 3849 detur,
1179 3780 1395 3834 dictum
1441 3784 1528 3836 est
1574 3782 1728 3837 enim
1771 3798 1804 3835 a
1844 3783 2087 3838 Domino
2120 3800 2134 3839 :

511 3871 756 3944 Accipite
799 3875 858 3926 et
901 3871 1070 3927 edite.
1124 3871 1406 3927 Cadavera
1469 3877 1663 3927 autem
1729 3888 1834 3928 nec
1885 3875 2139 3946 accipere

510 3966 768 4035 possunt,
796 3978 901 4018 nec
946 3963 1134 4019 edere.
1185 3962 1515 4018 Cavendum
1547 3967 1630 4019 est
1663 3964 1857 4034 etiam,
1885 3982 1958 4021 ne
1982 3982 2138 4021 mor-

508 4061 634 4111 tuos
661 4053 938 4126 baptizari
964 4071 1128 4124 posse
1155 4055 1402 4110 fratrum
1435 4055 1735 4111 infirmitas
1761 4059 1973 4125 credat,
2008 4059 2136 4129 qui-

511 4149 617 4202 bus
645 4131 750 4203 nec
777 4146 1127 4202 Eucharistia
1157 4147 1280 4202 dari
1304 4147 1522 4202 licitum
1552 4153 1656 4204 est.

583 4240 691 4296 VII.
719 4239 982 4294 Aurelius
1009 4239 1308 4310 episcopus
1348 4239 1506 4308 dixit,
1540 4240 1792 4313 quisquis
1841 4242 2134 4315 episcopo-

514 4347 643 4388 rum
669 4335 963 4387 accusatur
987 4331 1061 4386 ad
1088 4331 1358 4403 primates
1385 4332 1687 4404 provincia
1716 4334 1891 4406 ipsius
1910 4352 2138 4392 causam

512 4425 734 4481 deferat
763 4427 1077 4494 accusator,
1111 4441 1214 4480 nec
1245 4441 1278 4479 a
1307 4426 1708 4482 communione
1735 4429 2135 4499 suspendatur,

508 4517 602 4572 cui
649 4516 866 4572 crimen
913 4515 1252 4584 intenditur,
1294 4517 1403 4572 nisi
1447 4517 1520 4573 ad
1569 4535 1796 4573 causam
1838 4536 2002 4575 suam
2050 4521 2135 4576 di-

510 4609 747 4667 cendam
774 4609 1081 4664 electorum
1108 4609 1374 4681 judicum
1401 4610 1494 4665 die
1530 4613 1739 4666 statuta
1775 4611 1976 4667 litteris
2005 4628 2136 4668 evo-

509 4707 668 4758 catus
721 4701 959 4756 minime
1008 4702 1341 4770 occurrerit,
1393 4702 1504 4758 hoc
1549 4705 1652 4774 est,
1701 4702 1850 4759 infra
1892 4705 2138 4777 Spatium

509 4795 719 4849 mensis
745 4810 814 4848 ex
845 4810 916 4848 ea
955 4793 1045 4849 die
1086 4811 1201 4865 qua
1233 4810 1365 4849 eum
1409 4794 1627 4850 litteras
1673 4796 1953 4866 accepisse
2000 4813 2133 4852 con-

2237 3600 2517 3656 criminali
2544 3599 2780 3654 actione.
2810 3601 2874 3654 In
2899 3599 3052 3652 civili
3079 3614 3212 3652 vero
3248 3596 3455 3669 perdat
3488 3595 3646 3667 quod
3675 3595 3863 3663 evicit,

2237 3693 2284 3748 si
2333 3693 2522 3748 locum
2574 3707 2740 3746 suum
2792 3690 3050 3746 obtinere
3111 3690 3410 3756 maluerit,
3457 3688 3741 3760 siquidem
3791 3689 3868 3743 ad

2239 3785 2531 3856 eligendos
2576 3783 2794 3855 judices
2827 3783 2932 3837 sibi
2983 3783 3054 3837 de
3100 3783 3364 3838 Ecclesia
3412 3780 3699 3836 consortio
3755 3780 3863 3835 du-

2237 3877 2396 3947 bitat,
2446 3877 2670 3948 vileque
2731 3876 2998 3931 Ecclesia
3062 3875 3417 3930 consortium
3474 3872 3710 3945 judicat,
3763 3873 3866 3944 qui

2238 3971 2308 4026 de
2336 3969 2598 4026 universa
2623 3968 2871 4024 Ecclesia
2908 3967 3058 4024 male
3084 3967 3374 4022 sentiendo
3405 3965 3474 4020 de
3513 3965 3727 4036 judicio
3754 3981 3864 4020 sa-

2239 4062 2417 4118 culari
2439 4062 2619 4133 poscit
2635 4061 2926 4130 auxilium,
2948 4077 3078 4115 cum
3096 4059 3447 4132 privatorum
3471 4073 3700 4113 causam
3719 4059 3869 4128 Apo-

2238 4155 2412 4210 stolus
2432 4154 2603 4210 etiam
2628 4153 2701 4208 ad
2721 4154 3024 4209 Ecclesiam
3054 4152 3281 4221 deferri,
3300 4154 3471 4222 atque
3492 4149 3570 4205 ibi
3592 4148 3865 4205 determi-

2237 4246 2367 4302 nari
2391 4247 2703 4317 pracipiat.

2307 4340 2368 4392 X.
2415 4339 2527 4393 Hoc
2561 4339 2734 4393 etiam
2782 4337 3012 4410 placuit,
3040 4342 3163 4392 uta
3189 4335 3625 4408 quibuscumque
3655 4333 3869 4404 judici-

2237 4432 2344 4486 bus
2395 4431 2780 4486 ecclesiasticis
2827 4431 2897 4485 ad
2966 4430 3104 4484 alios
3167 4428 3388 4500 judices
3457 4426 3873 4482 ecclesiasticos

2238 4523 2338 4578 ubi
2382 4526 2469 4577 est
2515 4523 2701 4594 major
2753 4521 3057 4578 auctoritas
3102 4521 3275 4577 fuerit
3322 4524 3707 4591 provocatum,
3752 4536 3872 4573 non

2241 4615 2322 4669 eis
2361 4614 2506 4669 obsit
2547 4631 2792 4686 quorum
2851 4614 3025 4669 fuerit
3078 4614 3267 4669 soluta
3315 4611 3596 4668 sententia
3637 4611 3685 4665 si
3731 4627 3871 4666 con-

2238 4706 2385 4762 vinci
2426 4723 2544 4764 non
2589 4707 2901 4778 potuerint,
2929 4707 3012 4762 vel
3052 4705 3285 4761 inimico
3327 4705 3520 4759 animo
3562 4702 3869 4774 judicasse,

2237 4800 2325 4853 vel
2350 4799 2542 4871 aliqua
2569 4800 2896 4871 cupiditate,
2927 4803 3026 4854 aut
3051 4799 3234 4870 gratia
3277 4796 3592 4868 depravari.
3638 4796 3784 4851 Sane
3822 4798 3870 4851 si

511 4885 718 4939 stiterit
755 4886 911 4956 quod
954 4885 1000 4940 si
1049 4886 1267 4957 aliquas
1313 4902 1472 4940 veras
1532 4888 1882 4942 necessitatis
1942 4895 2215 4970 causasD
2239 4910 2306 4948 ex
2332 4909 2611 4949 consensu
2638 4893 2884 4963 partium
2917 4891 3136 4962 judices
3177 4890 3343 4946 electi
3369 4889 3602 4956 fuerint,
3631 4889 3802 4944 etiam
3835 4907 3869 4943 a

509 4976 852 5047 probaverit,
879 4977 1084 5049 quibus
1111 4994 1245 5034 eum
1277 4993 1576 5034 occurrere
1600 4995 1716 5034 non
1741 4981 1993 5051 potuisse
2018 4998 2137 5037 ma-

509 5067 783 5123 nifestum
838 5069 929 5137 sit,
972 5087 1154 5125 causa
1198 5087 1315 5125 sua
1365 5071 1624 5126 dicenda
1678 5071 1833 5127 intra
1896 5074 2142 5131 alterum

510 5177 766 5217 mensem
791 5163 1078 5234 integram
1113 5163 1316 5219 habeat
1338 5163 1688 5234 facultatem,
1720 5181 1915 5221 verum
1943 5168 2142 5223 tandiu

511 5258 638 5325 post
688 5271 946 5312 mensem
991 5257 1303 5312 secundum
1351 5273 1468 5312 non
1517 5259 1918 5328 communicet,
1961 5261 2142 5317 donec

509 5353 807 5419 purgetur.
827 5350 880 5406 Si
899 5353 1092 5405 autem
1109 5349 1184 5404 ad
1209 5350 1515 5405 concilium
1543 5353 1855 5408 universale
1884 5353 2140 5409 anniver-

509 5441 724 5497 sarium
751 5456 1050 5497 occurrere
1078 5442 1348 5513 noluerit,
1376 5445 1464 5498 vel
1491 5444 1570 5499 ibi
1595 5461 1764 5500 causa
1790 5445 1914 5515 ejus
1939 5447 2134 5500 termi-

507 5536 697 5600 netur,
718 5533 840 5604 ipse
861 5535 923 5589 in
946 5549 1006 5588 se
1025 5533 1404 5589 damnationis
1423 5553 1540 5590 sua
1565 5538 1909 5593 sententiam
1934 5537 2137 5593 dixisse

497 5625 808 5694 judicetur.
837 5627 1112 5698 Tempore
1153 5642 1288 5682 sane
1317 5643 1432 5699 quo
1476 5644 1591 5688 non
1619 5629 2002 5685 communicat
2029 5647 2137 5686 nec

504 5714 564 5769 in
595 5733 701 5770 sua
729 5717 973 5773 Ecclesia
996 5718 1083 5773 vel
1120 5719 1389 5789 parochia
1415 5722 1814 5788 communicet,
1846 5726 2138 5778 accusator

499 5810 689 5858 autem
721 5808 862 5876 ejus,
889 5809 932 5863 si
955 5825 1251 5881 nunquam
1281 5810 1477 5865 diebus
1509 5829 1694 5866 causa
1724 5813 2002 5871 discenda
2033 5815 2129 5869 de-

2238 4987 2504 5056 pauciore
2533 5001 2778 5040 numero
2809 5001 2983 5056 quam
3012 4984 3380 5040 constitutum
3414 4987 3514 5050 est,
3547 4998 3661 5036 non
3701 4981 3870 5036 liceat

2240 5080 2550 5150 provocari.

2309 5174 2395 5227 XI.
2429 5173 2501 5226 Ut
2559 5171 2661 5226 ﬁlii
2725 5171 3082 5227 sacerdotum
3129 5170 3217 5223 vel
3267 5167 3599 5224 clericorum
3648 5173 3864 5240 specta-

2238 5267 2366 5318 cula
2409 5265 2700 5320 sacularia
2746 5281 2862 5319 non
2912 5263 3238 5329 exhibeant,
3289 5261 3387 5316 sed
3433 5277 3536 5317 nec
3585 5265 3865 5332 spectent,

2239 5372 2571 5427 quanquam
2629 5357 2860 5428 quidem
2907 5357 2978 5410 ab
3032 5354 3350 5426 spectaculo
3390 5357 3446 5409 et
3491 5370 3691 5409 omnes
3740 5355 3865 5410 laici

2235 5449 2666 5519 prohibeantur,
2684 5465 2908 5520 semper
2933 5448 3088 5503 enim
3117 5446 3437 5502 christianis
3465 5447 3733 5502 omnibus
3762 5448 3865 5503 hoc

2235 5541 2600 5597 interdictum
2651 5546 2759 5612 est,
2789 5545 2852 5596 ut
2894 5541 2989 5596 ubi
3027 5540 3355 5611 blasphemi
3382 5544 3533 5610 sunt,
3561 5556 3680 5596 non
3706 5557 3862 5596 acce-

2235 5633 2392 5688 dant.

2304 5726 2409 5780 Xll.
2458 5727 2598 5780 Item
2656 5725 2883 5797 placuit,
2933 5730 3000 5781 ut
3057 5725 3159 5780 ﬁlii
3215 5725 3300 5780 vel
3358 5723 3492 5779 ﬁlia
3564 5724 3858 5796 episcopo-

2233 5834 2358 5872 rum
2420 5820 2503 5872 vel
2561 5819 2943 5888 quorumlibet
3013 5818 3345 5874 clericorum
3412 5817 3721 5889 gentilibus
3774 5819 3858 5872 vel
