4054 6302
233 333 331 384 333

1465 326 1932 381 DEGRETALIUM
1971 328 2353 382 COLLEU'I‘IO.

3476 332 3579 385 33i

235 435 513 492 hareticis
567 439 666 489 aut
720 429 1087 490 schismaticis
1138 431 1516 489 matrimonio
1564 450 1680 488 non
1716 433 1853 503 jun-
1879 445 1936 517 Α
2024 437 2169 490 XXV.
2199 438 2267 490 Ut
2295 435 2485 490 clerici
2521 436 2608 490 vel
2638 435 2994 492 continentes
3033 435 3106 490 ad
3141 436 3334 490 viduas
3358 437 3446 490 vel
3474 438 3583 492 vir-

238 534 460 586 gantur.
1530 574 1532 576 ,

235 571 264 601 Ο
303 623 430 676 ΧΠΙ.
494 623 563 675 Ut
623 618 870 690 episcopi
910 618 996 672 vel
1035 617 1222 672 clerici
1270 617 1328 671 in
1374 633 1471 671 eos
1517 619 1615 688 qui
1665 617 1854 671 catho-

237 807 466 873 fuerint,
497 821 600 876 per
625 804 959 860 donationes
986 818 1183 858 rerum
1212 817 1443 856 suarum
1482 801 1626 856 nihil
1663 801 1855 856 confe~

236 903 383 954 rant.

1959 528 2136 598 gines,
2164 527 2272 581 nisi
2293 527 2455 597 jussu
2485 527 2573 581 vel
2601 528 2882 598 permissu
2909 526 3309 598 episcoporum
3337 530 3392 582 et
3419 543 3579 599 pres-

1955 620 2304 690 byterorum,
2343 636 2457 673 non
2485 619 2777 675 accedant.
2812 621 2879 674 Et
2913 620 3020 674 hoc
3055 635 3173 674 non
3205 619 3309 674 soli
3349 620 3580 689 faciant,

126 776 135 783 Ι
237 715 349 780 lici,
405 711 700 768 christiani
755 727 873 765 non
930 715 1080 776 sunt,
1135 709 1307 764 etiam
1362 709 1408 762 si
1455 708 1859 779 consanguinei
1959 711 2060 766 sed
2095 727 2224 767 cum
2267 710 2479 766 clericis
2503 713 2591 766 vel
2612 728 2743 766 cum
2771 711 3028 784 hisﬁcum
3057 713 3259 784 quibus
3288 713 3582 784 episcopus

1952 805 2184 874 jusserit
2213 805 2297 858 vel
2340 804 2652 875 presbyter.
2694 806 2804 860 Nec
2851 805 3098 876 episcopi
3125 809 3222 860 aut
3267 805 3578 876 presbyteri

1959 897 2063 952 soli
2090 897 2338 951 habeant
2373 913 2658 952 accessum
2689 899 2761 952 ad
2797 897 3128 968 hujusmodi
3169 897 3432 965 feminas,
3476 897 3584 952 nisi

305 993 430 1046 XIV.
491 992 562 1045 Ut
607 989 853 1060 episcopi
904 990 992 1043 vel
1043 987 1230 1042 clerici
1299 1004 1430 1042 suos
1485 987 1626 1041 Iilios
1679 1004 1712 1040 a
1758 1003 1861 1041 sua
1961 995 2060 1044 aut
2083 989 2272 1044 clerici
2314 994 2619 1062 praesentes
2674 991 2786 1046 sint
2811 994 2911 1046 aut
2955 1006 3155 1061 graves
3197 989 3374 1062 aliqui
3401 989 3584 1045 Chris-

234 1088 513 1154 potestate
561 1099 664 1153 per
714 1081 1227 1151 emancipationem
1282 1079 1434 1134 exire
1474 1096 1592 1134 non
1639 1079 1856 1146 sinant,

237 1176 342 1230 nisi
402 1176 474 1232 de
538 1174 791 1230 moribus
865 1190 1063 1229 eorum
1131 1171 1346 1227 fuerint
1422 1175 1479 1225 et
1556 1175 1718 1226 aetate
1779 1188 1862 1224 se-

233 1269 375 1338 curi,
405 1273 468 1324 ut
498 1268 714 1338 possint
743 1267 815 1322 ad
845 1283 940 1322 eos
972 1267 1093 1336 jam
1126 1266 1359 1337 propria
1403 1264 1688 1335 pertinere
1727 1279 1858 1336 pec-

235 1365 379 1415 cata.

1962 1081 2150 1137 stiani.

2030 1176 2204 1232 XXVI.
2244 1176 2312 1229 Ut
2353 1175 2553 1246 prima
2599 1175 2750 1230 sedis
2783 1175 3075 1246 episcopus
3108 1191 3227 1230 non
3265 1173 3583 1246 appelletur

1959 1268 2224 1339 princeps
2264 1267 2646 1335 sacerdotum,
2705 1272 2804 1322 aut
2851 1283 3104 1322 summus
3155 1267 3432 1334 sacerdos,
3488 1273 3585 1323 aut

1963 1360 2179 1431 aliquid
2204 1359 2552 1432 hujusmodi,
2577 1360 2673 1416 sed
2701 1362 2925 1415 tantum
2957 1359 3158 1430 prima
3192 1360 3339 1414 sedis
3367 1359 3579 1432 episco~

303 1454 412 1508 XV.
458 1454 604 1507 Item
661 1451 868 1523 placuit
917 1454 983 1506 ut
1027 1450 1276 1522 episcopi
1329 1455 1385 1505 et
1449 1448 1760 1519 presbyteri
1806 1451 1866 1502 et
1962 1470 2089 1525 pus.

237 1545 457 1600 diaconi
514 1545 602 1598 vel
659 1543 843 1599 clerici
906 1559 1022 1598 non
1071 1543 1183 1598 sint
1235 1541 1626 1607 conductores,
1679 1556 1863 1611 neque

2034 1547 2232 1602 XXVII.
2256 1548 2326 1600 Ut
2348 1545 2535 1599 clerici
2557 1544 2762 1600 edendi
2782 1545 2866 1599 vel
2888 1543 3117 1599 bibendi
3135 1560 3304 1598 causa
3321 1545 3593 1601 tabernas-

237 1642 658 1708 procuratores,
689 1653 874 1707 neque
903 1637 1019 1690 ullo
1047 1635 1198 1705 turpi
1228 1635 1407 1703 luCI‘O,
1446 1636 1532 1689 vel
1561 1633 1863 1688 inhonesto
1964 1655 2079 1694 non
2113 1639 2533 1708 ingrediantur,
2585 1636 2694 1692 nisi
2747 1636 3222 1708 peregrinationis
3257 1637 3586 1692 necessitate

238 1730 470 1800 negotio
497 1730 709 1785 victum
729 1734 1007 1800 quaerant,
1041 1727 1174 1798 quia
1194 1726 1476 1798 respicere
1503 1725 1712 1781 debent
1737 1725 1867 1780 scri-

1967 1730 2266 1800 compulsi.

238 1796 405 1893 ptum
434 1839 554 1876 esse
579 1840 595 1890 ;
627 1796 795 1877 nemo
820 1796 1075 1876 militans
1099 1821 1239 1887 Deo,
1270 1796 1522 1890 implicat
1547 1835 1606 1872 se
1625 1796 1944 1888 negotiisB
2039 1796 2257 1878 XXVIII.
2294 1824 2433 1877 Item
2475 1821 2686 1893 placuit
2721 1826 2786 1876 ut
2826 1821 3073 1893 episcOpi
3100 1826 3255 1876 trans
3279 1837 3436 1876 mare
3477 1837 3588 1877 non

241 1915 624 1970 saecularibus.

310 2009 437 2063 XVI.
471 2008 542 2062 Ut
566 2008 755 2060 nullus
786 2006 1119 2061 clericorum
1149 2004 1394 2076 amplius
1435 2002 1670 2074 recipiat
1694 2020 1868 2075 quam

235 2099 784 2168 accommodaverit;
817 2100 864 2152 si
889 2099 1214 2169 pecuniam,
1242 2096 1548 2168 pecuniam
1577 2096 1866 2167 suscipiat,

240 2193 285 2246 si
313 2192 583 2264 speciem,
614 2192 878 2246 eamdem
904 2191 1152 2261 speciem
1171 2193 1449 2260 quantum
1481 2189 1703 2244 dederit
1733 2188 1870 2243 acci-

239 2286 381 2356 piat,
435 2290 490 2340 et
533 2283 814 2356 quidquid
861 2284 1014 2339 aliud
1061 2286 1286 2339 tantum
1330 2285 1610 2355 quantum
1657 2281 1873 2336 dederit

243 2377 508 2448 accipiat.

314 2472 466 2527 XVII.
497 2470 569 2524 Ut
596 2485 728 2524 cum
766 2469 1034 2523 omnibus
1073 2468 1310 2522 omnino
1343 2467 1564 2522 clericis
1590 2470 1873 2523 extranea

241 2563 481 2619 femina
530 2578 649 2617 non
703 2560 1054 2627 cohabitent,
1103 2560 1201 2615 sed
1251 2561 1383 2614 sola
1426 2563 1660 2627 matres,
1713 2559 1871 2628 avia,

237 2659 571 2712 matertera
597 2697 613 2722 ,
667 2654 857 2708 amita
887 2694 902 2721 ,
962 2668 1180 2708 sorores
1209 2695 1223 2720 ,
1293 2655 1352 2706 et
1421 2653 1554 2706 ﬁliae
1629 2652 1873 2707 fratrum

244 2751 348 2804 aut
386 2763 668 2816 sororum,
715 2750 773 2800 et
811 2761 1168 2817 quacunque
1207 2761 1277 2801 ex
1310 2745 1530 2799 familia
1566 2744 1877 2800 domestica

242 2841 583 2897 necessitate
615 2882 629 2909 ,
686 2840 855 2894 etiam
907 2843 1222 2910 antequam
1269 2837 1664 2893 ordinarentur
1693 2879 1707 2903 ,
1757 2837 1877 2907 jam

247 2950 381 2989 cum
411 2933 494 2988 eis
521 2932 878 3000 habitabant,
909 2933 993 2986 vel
1029 2932 1075 2985 si
1107 2932 1210 2986 ﬁlii
1235 2947 1435 2987 eorum
1451 2930 1576 3002 jam
1604 2929 1878 2984 ordinatis

242 3026 584 3098 parentibus
599 3041 808 3081 uxores
829 3027 1190 3096 acceperunt,
1214 3029 1313 3080 aut
1339 3023 1512 3079 servis
1543 3039 1659 3077 non
1672 3023 1880 3077 haben-

1967 1915 2416 1987 proﬁciscantur,
2455 1915 2564 1969 nisi
2604 1915 2862 1969 consulto
2901 1914 3102 1984 prima
3143 1913 3292 1968 sedis
3329 1913 3593 1985 episcopo

1968 2008 2092 2064 sive
2111 2009 2521 2080 cujuscumque
2535 2007 2844 2078 provincia
2863 2007 3126 2077 primate,
3154 2010 3215 2061 ut
3231 2007 3300 2060 ab
3327 2006 3590 2078 episcopo

1969 2102 2254 2174 pracipue
2267 2101 2449 2174 possit
2467 2115 2697 2156 sumere
2719 2101 3022 2156 formatam
3041 2098 3131 2154 vel
3148 2098 3590 2155 commendatio-

1968 2173 2122 2251 nem.
2164 2173 2208 2255 Ι

2039 2289 2208 2344 XXIX.
2259 2290 2329 2342 Ut
2371 2291 2725 2342 sacramenta
2773 2287 2964 2341 altaris
3007 2301 3127 2341 non
3166 2285 3276 2340 nisi
3313 2301 3348 2340 a
3383 2285 3595 2356 jejunis

1970 2381 2300 2437 hominibus
2312 2379 2689 2448 celebrentur,
2713 2383 2943 2449 excepto
2967 2394 3079 2433 uno
3104 2377 3194 2434 die
3211 2377 3596 2434 anniversario

1973 2490 2084 2544 quo
2119 2489 2279 2527 coena
2327 2469 2556 2526 Domini
2608 2470 2946 2526 celebratur.
2999 2471 3139 2524 Nam
3182 2469 3230 2524 si
3273 2470 3592 2540 aliquorum

1971 2565 2288 2621 meridiano
2318 2569 2578 2634 tempore
2622 2563 3022 2618 defunctorum
3051 2563 3168 2616 sive
3201 2562 3595 2633 episcoporum

1973 2660 2086 2714 sive
2136 2661 2475 2712 caterorum
2531 2656 2952 2710 commendatio
2997 2654 3258 2710 facienda
3308 2659 3411 2722 est,
3469 2653 3597 2709 solis

1977 2751 2322 2807 orationibus
2351 2750 2449 2803 ﬁat
2477 2749 2524 2804 si
2553 2748 2633 2804 illi
2667 2748 2766 2820 qui
2793 2748 3025 2815 faciunt,
3057 2748 3181 2818 jam
3210 2747 3400 2818 pransi
3437 2746 3592 2802 inve-

1977 2845 2232 2899 niantur.

2256 2937 2326 2990 Ut
2375 2933 2521 2990 nulli
2566 2932 2812 3005 episcopi
2863 2933 2953 2987 vel
3008 2932 3197 2987 clerici
3255 2932 3317 2986 in
3369 2931 3599 2986 ecclesia

1976 3030 2364 3096 conviventur,
2413 3027 2523 3082 nisi
2589 3027 2737 3081 forte
2815 3027 3176 3080 transeuntes
3225 3023 3600 3094 hospitiorum

243 3119 398 3174 tibus
425 3119 485 3174 in
517 3119 692 3173 domo
723 3134 864 3190 quas
892 3118 1121 3187 ducant,
1139 3117 1367 3173 aliunde
1398 3117 1604 3171 ducere
1635 3115 1876 3170 necessi-
1898 3150 1952 3225 Ο
1976 3121 2312 3177 necessitate
2361 3120 2475 3174 illic
2523 3119 2868 3174 reﬁciantur.
2911 3116 3110 3188 Populi
3155 3117 3328 3171 etiam
3377 3116 3448 3170 ab
3499 3117 3601 3171 hu-

241 3218 334 3266 tas
360 3211 491 3267 fuit.

317 3305 494 3360 XVIII.
542 3306 610 3358 Ut
651 3304 924 3374 episcopi,
992 3302 1308 3374 presbyteri
1357 3307 1415 3357 et
1464 3302 1709 3369 diaconi,
1763 3317 1876 3355 non

249 3397 610 3466 ordinentur,
641 3397 977 3468 priusquam
1021 3411 1222 3450 omnes
1267 3395 1366 3465 qui
1409 3398 1544 3449 sunt
1589 3394 1648 3448 in
1704 3393 1874 3448 domo

249 3506 450 3544 eorum
474 3489 822 3546 Christianos
848 3488 1148 3543 catholicos
1177 3488 1432 3542 fecerint.

313 3584 440 3638 XIX.
473 3583 685 3638 Placuit
713 3587 774 3636 ut
799 3584 1036 3636 lectores
1076 3597 1206 3634 cum
1240 3581 1310 3634 ad
1351 3596 1530 3634 annos
1568 3578 1876 3649 pubertatis

247 3675 529 3746 venerint,
558 3679 840 3746 cogantur
858 3681 956 3729 aut
976 3689 1177 3729 uxores
1203 3673 1428 3740 ducere,
1457 3676 1556 3726 aut
1585 3671 1875 3726 continen-

245 3771 387 3824 tiam
418 3768 692 3840 proﬁteri.

319 3863 426 3916 XX.
459 3862 675 3916 Placuit
697 3865 818 3916 uta
849 3863 1004 3915 nullo
1031 3862 1291 3931 episcopo
1316 3862 1664 3929 usurpentur
1684 3856 1874 3927 plebes

242 3955 470 4020 aliena,
498 3969 605 4008 nec
645 3953 848 4025 aliquis
891 3953 1285 4024 episc0porum
1319 3950 1784 4022 supergrediatur
1817 3949 1873 4002 in

247 4046 475 4102 diceeesi
505 4063 669 4101 suum
702 4046 1000 4116 collegam.

316 4141 446 4195 XXI.
531 4141 600 4193 Ut
669 4139 938 4192 clericum
1011 4139 1283 4206 alienum,
1364 4137 1473 4191 nisi
1530 4135 1876 4190 concedente

245 4233 372 4303 ejus
403 4231 689 4302 episcopo,
719 4246 890 4284 nemo
914 4231 1120 4285 audeat
1148 4231 1238 4284 vel
1268 4230 1513 4284 retinere
1531 4231 1616 4283 vel
1641 4243 1873 4299 promo-

241 4341 374 4379 vere
428 4324 487 4378 in
539 4323 793 4378 Ecclesia.
830 4323 935 4376 sibi
989 4322 1223 4389 credita,
1288 4321 1624 4377 clericorum
1684 4323 1875 4375 autem

246 4433 460 4472 nomen
487 4415 653 4470 etiam
700 4416 936 4471 lectores
973 4419 1032 4469 et
1065 4415 1374 4486 psalmista
1411 4419 1468 4470 et
1505 4413 1719 4470 ostiarii
1740 4412 1872 4466 reti-

243 4512 407 4565 nent.

317 4603 461 4656 XXII.
519 4602 588 4655 Ut
641 4602 830 4666 nullus
906 4600 1203 4656 ordinetur
1259 4599 1491 4654 clericus
1558 4615 1676 4653 non
1738 4615 1870 4668 pro-

246 4695 433 4763 batus,
464 4695 551 4749 vel
581 4693 976 4765 episcoporum
1003 4693 1261 4750 examine
1282 4693 1368 4747 vel
1399 4692 1591 4763 populi
1623 4691 1873 4746 testimo-

250 4805 364 4842 mo.

319 4881 492 4935 XXIII.
553 4882 620 4935 Ut
663 4896 835 4934 nemo
887 4879 1150 4950 precibus
1191 4879 1280 4932 vel
1321 4881 1544 4948 patrem
1587 4891 1690 4946 pro
1731 4877 1871 4945 ﬁlio,

245 4975 331 5029 vel
379 4973 563 5028 ﬁlium
613 4989 717 5043 pro
760 4977 921 5045 patre
964 4972 1241 5038 nominet,
1296 4973 1354 5026 et
1396 4986 1526 5024 cum
1571 4969 1645 5023 ad
1700 4969 1875 5024 altare

247 5067 542 5133 assistitur,
591 5067 943 5137 semper'ad
982 5069 1206 5137 patrem
1253 5063 1536 5134 dirigatur
1579 5061 1779 5130 oratio,
1820 5064 1877 5116 et

244 5175 610 5230 quascunque
655 5159 763 5213 sibi
801 5175 999 5230 preces
1043 5158 1251 5228 aliquis
1299 5156 1583 5223 describit,
1623 5171 1740 5209 non
1797 5154 1876 5208 eis

245 5255 462 5322 utatur,
495 5251 602 5306 nisi
626 5252 785 5323 prius
811 5268 904 5308 eas
935 5251 1338 5306 instructiones
1377 5249 1644 5304 fratribus
1686 5252 1876 5303 contu-

244 5345 392 5400 Ierit.

314 5439 481 5493 XXIV.
532 5439 599 5493 Ut
639 5437 699 5490 in
750 5437 1117 5493 sacramentis
1157 5435 1408 5507 corporis
1477 5439 1533 5490 et
1586 5433 1877 5505 sanguinis

250 5531 474 5586 Domini
501 5530 646 5585 nihil
671 5531 917 5602 amplius
953 5531 1223 5586 offeratur
1253 5545 1428 5601 quam
1463 5527 1581 5600 ipse
1608 5527 1879 5582 Dominus

247 5624 500 5691 tradidit,
529 5624 640 5679 hoc
670 5629 776 5695 est,
804 5624 972 5696 panis
998 5629 1056 5679 et
1077 5624 1274 5678 vinum
1301 5638 1467 5693 aqua
1493 5621 1748 5690 mistum,
1775 5636 1878 5675 nec

252 5717 493 5787 amplius
519 5717 580 5771 in
608 5717 896 5772 sacriﬁciis
922 5717 1194 5772 offeratur
1219 5731 1394 5788 quam
1425 5715 1494 5770 de
1525 5715 1646 5768 uvis
1681 5719 1736 5769 et
1758 5715 1876 5768 fru-

253 5810 477 5865 mentis.

1971 3214 2227 3287 jusmodi
2256 3212 2504 3268 convivis
2547 3215 2825 3284 quantum
2867 3210 2992 3266 ﬁeri
3035 3211 3217 3282 potest
3260 3208 3600 3280 prohibean-

1976 3314 2088 3363 tur.
3391 3311 3398 3316 ·

2045 3401 2212 3455 XXXI.
2271 3400 2340 3453 Ut
2384 3396 2792 3468 panitentibus
2863 3394 3172 3449 secundum
3238 3397 3598 3463 peccatorum

1977 3491 2374 3556 differentiam,
2398 3489 2650 3560 episcopi
2691 3487 2923 3542 arbitrio
2960 3485 3311 3558 pauitantia
3338 3489 3598 3556 tempora

1978 3586 2377 3639 decernantur.

2047 3677 2233 3730 XXXII.
2289 3676 2360 3729 Ut
2423 3673 2718 3744 presbyter
2782 3671 3097 3725 inconsulto
3167 3669 3428 3741 episcopo
3481 3687 3596 3725 non

1976 3767 2305 3824 reconciliet
2342 3766 2716 3838 pauitantem
2767 3764 2876 3818 nisi
2923 3763 3155 3818 absente
3199 3761 3460 3835 episcopo
3503 3780 3600 3817 ne-

1975 3863 2235 3918 cessitate
2263 3862 2505 3931 cogente
2525 3859 2912 3929 cujuscunque
2929 3855 3282 3927 panitentis;
3308 3856 3599 3928 publicum

1976 3958 2033 4009 et
2089 3952 2542 4024 vulgatissimum
2611 3951 2828 4005 crimen
2903 3952 2987 4003 est
3056 3949 3211 4019 quod
3279 3948 3599 4003 universam

1976 4047 2280 4103 Ecclesiam
2307 4043 2698 4114 commoverit,
2735 4046 2866 4098 ante
2901 4041 3154 4098 absidem
3180 4057 3383 4096 manus
3411 4041 3466 4096 ei
3491 4041 3601 4095 im-

1975 4144 2238 4210 ponatur.

2045 4233 2263 4287 XXXIII.
2321 4233 2391 4284 Ut
2446 4229 2696 4299 virgines
2756 4244 2927 4283 sacrae
2979 4229 3026 4282 si
3105 4244 3138 4281 a
3193 4227 3521 4297 parentibus
3571 4243 3603 4280 a

1975 4324 2180 4395 quibus
2233 4321 2701 4376 custodiebantur
2752 4321 2989 4390 privata
3049 4319 3298 4387 fuerint,
3354 4319 3602 4390 episcopi

1974 4415 2332 4487 providentia
2385 4413 2473 4467 vel
2526 4413 2843 4484 presbyteri
2907 4411 3002 4465 ubi
3062 4411 3356 4482 episcopus
3402 4412 3603 4466 absens

1892 4509 1952 4580 D
1975 4512 2076 4578 est,
2104 4508 2165 4561 in
2191 4506 2542 4561 monasterio
2569 4505 2861 4576 virginum
2881 4489 2966 4559 vel
2993 4503 3345 4575 gravioribus
3367 4503 3600 4556 feminis

1975 4599 2472 4665 commendentur,
2533 4603 2593 4651 ut
2651 4597 2819 4651 simul
2862 4596 3205 4663 habitantes,
3249 4594 3491 4648 invicem
3543 4613 3600 4648 se

1974 4692 2314 4759 custodiant,
2342 4707 2413 4746 ne
2437 4689 2650 4762 passim
2673 4692 2948 4759 vagantes
2964 4686 3221 4742 Ecclesia
3247 4685 3458 4740 Iadant
3483 4687 3602 4757 opi-

1975 4787 2206 4842 nionem

2044 4880 2254 4934 XXXIV.
2290 4879 2359 4933 Ut
2387 4877 2746 4948 aegrotantes,
2789 4875 2834 4928 si
2872 4889 2975 4945 pro
3016 4889 3074 4928 se
3115 4872 3459 4943 respondere
3485 4889 3603 4928 non

1975 4975 2212 5044 possunt
2263 4987 2395 5025 cum
2459 4968 2762 5024 voluntatis
2815 4983 3014 5022 eorum
3073 4965 3460 5020 testimonium
3517 4966 3603 5020 sui

1976 5065 2245 5131 dixerint,
2277 5063 2650 5135 baptizentur,
2695 5059 2956 5115 similiter
2996 5062 3052 5114 et
3093 5059 3163 5114 de
3201 5058 3605 5130 paenitentibus

1974 5159 2260 5229 agendum
2285 5162 2390 5211 est.

2047 5251 2237 5306 XXXV.
2289 5251 2360 5304 Ut
2438 5247 2673 5302 scenicis
2747 5250 2916 5316 atque
2985 5245 3354 5300 histrionibus
3419 5247 3608 5301 certis-

1975 5360 2086 5416 que
2112 5342 2434 5414 hujusmodi
2460 5339 2719 5411 personis
2743 5341 2832 5394 vel
2861 5338 3183 5411 apostaticis
3207 5339 3487 5394 conversis
3519 5341 3604 5394 vel

1975 5436 2215 5492 reversis
2251 5435 2321 5490 ad
2361 5433 2672 5490 Dominum
2713 5433 2896 5505 gratia
2934 5433 3020 5488 vel
3059 5433 3444 5491 reconciliatio
3489 5448 3602 5486 non

1976 5535 2269 5674 neXXtXIVI.
2324 5619 2394 5672 Ut
2455 5615 2747 5688 presbyter
2797 5615 3116 5672 inconsulto
3181 5615 3438 5685 episcopo
3500 5611 3607 5664 vir-

1981 5712 2142 5781 gines
2171 5728 2288 5767 non
2317 5714 2624 5780 consecret,
2653 5709 2901 5766 chrisma
2936 5725 3069 5764 vero
3101 5721 3392 5778 nunquam
3422 5704 3602 5759 conﬁ-

1982 5805 2108 5861 ciat.
