4054 6298
476 336 577 392 332$

1361 333 1644 388 APPEND.
1685 331 1775 385 AD
1813 328 1976 384 δίΕΟ.
2010 329 2096 382 IX.
2127 353 2196 365 —-
2228 326 2474 380 lSlDOBI
2507 323 2932 380 MERCATORIS

3720 322 3826 378 336

547 440 790 500 XXXVII.
821 444 893 498 Ut
923 441 1113 497 clerici
1151 441 1210 495 in
1246 440 1431 495 aliena
1470 438 1693 492 civitate
1732 453 1850 491 non
1882 436 2094 490 immo-
2119 433 2390 519 Aanimo
2423 431 2752 498 concordat,
2806 429 3107 484 roboretur
3154 431 3356 483 vestrm
3401 419 3693 499 dignitatis
3729 444 3826 482 re-

481 540 696 604 rentur,
729 535 834 588 nisi
882 551 1079 588 causas
1120 549 1320 588 eorum
1354 531 1534 601 justas
1573 529 1822 601 episcopi
1855 528 1962 583 loci
2008 527 2098 583 vel

479 627 792 698 presbyteri
819 629 1075 681 locorum
1102 623 1470 696 perviderint.

550 720 807 774 XXXVIII.
879 718 1022 773 Illud
1081 721 1271 771 autem
1340 714 1699 785 suggerimus
1762 713 2097 768 mandatum

480 811 663 878 nobis,
697 811 848 881 quod
873 810 1045 864 etiam
1073 809 1132 862 in
1160 807 1438 879 Capuensi
1482 805 1739 876 plenaria
1775 806 1990 876 synodo
2017 805 2098 858 vi-

481 904 644 960 detur
669 906 962 971 statutum,
992 900 1144 972 quod
1162 917 1277 955 non
1297 900 1465 954 liceat
1484 899 1607 954 ﬁeri
1628 897 2100 970 rebaptizationes

481 1000 537 1051 et
597 995 1048 1050 reordinationes
1099 994 1185 1048 vel
1229 991 1623 1047 translationes
1685 990 2097 1062 episc0porum.

482 1089 622 1142 Nam
647 1086 974 1141 Cresconius
993 1086 1139 1141 villae
1169 1085 1462 1156 Regiensis
1493 1084 1786 1155 episcopus
1810 1083 1974 1155 plebe
2001 1099 2102 1137 sua

481 1179 750 1234 derelicta
773 1179 1180 1234 Tiburnensem
1218 1177 1423 1232 invasit
1459 1176 1784 1243 Ecclesiam,
1827 1178 1884 1230 et
1923 1191 2102 1245 usque

475 1271 646 1327 hodie
675 1271 1057 1326 commonitus
1087 1270 1399 1325 secundum
1432 1269 1586 1340 quod
1618 1272 1890 1322 statutum
1918 1269 2104 1322 fuerat

477 1363 800 1436 relinquere
838 1363 1101 1418 eamdem
1155 1378 1330 1433 quam
1367 1361 1650 1416 invaserat
1693 1360 1919 1431 plebem
1967 1376 2098 1414 con-

480 1457 728 1528 tempsit,
758 1457 1021 1510 adversus
1048 1459 1260 1510 statuta
1291 1471 1420 1525 quae
1448 1453 1818 1525 pronuntiata
1854 1453 2099 1519 fuerant,

478 1549 816 1606 conﬁrmata
828 1547 1057 1618 quidem
1073 1545 1409 1616 audivimus,
1425 1546 1524 1600 sed
1533 1546 1781 1616 petimus
1792 1544 2102 1598 secundum

478 1642 632 1713 quod
661 1640 826 1695 nobis
850 1639 1187 1694 mandatum
1213 1642 1317 1706 est,
1350 1642 1413 1692 ut
1448 1637 1764 1708 dignemini
1789 1637 1921 1691 dare
1952 1636 2099 1690 ﬁdu-

479 1734 649 1800 ciam,
680 1749 791 1804 quo
820 1731 1152 1786 necessitate
1174 1731 1298 1801 ipsa
1323 1734 1563 1802 cogente
1583 1729 1827 1784 liberum
1848 1728 1919 1783 sit
1943 1727 2104 1784 nobis

480 1831 759 1881 rectorem
787 1823 1090 1896 provinciae
1111 1824 1423 1878 secundum
1439 1825 1652 1877 statuta
1681 1821 2104 1892 gloriosissimo-
2122 1799 2180 1872 Β

481 1935 610 1973 rum
650 1917 972 1989 principum
1016 1917 1282 1971 adversus
1320 1915 1485 1970 illum
1525 1915 1701 1982 adire,
1742 1918 1806 1968 ut
1848 1914 1944 1985 qui
1980 1913 2104 1968 miti

476 2009 850 2066 admonitioni
874 2013 1074 2064 vestrae
1102 2009 1460 2079 acquiescere
1489 2007 1671 2062 noluit
1711 2011 1767 2061 et
1797 2006 2104 2062 emendare

479 2103 757 2170 illicitum,
789 2102 1122 2157 auctoritate
1155 2101 1455 2170 judiciaria
1474 2101 1731 2171 protinus
1751 2100 2098 2154 excludatur.

478 2194 738 2250 Aurelius
783 2194 1081 2265 episcopus
1118 2193 1274 2260 dixit,
1311 2196 1530 2247 servata
1569 2193 1760 2247 forma
1795 2191 2103 2263 disciplina

476 2305 588 2343 non
618 2286 990 2342 aestimabitur
1023 2286 1325 2357 appetitus,
1369 2285 1414 2339 si
1453 2290 1634 2340 vestra
1673 2285 1949 2339 charitate
1976 2301 2101 2340 mo-

477 2380 710 2447 destius,
773 2383 1078 2434 conventus
1145 2378 1412 2434 recedere
1475 2378 1909 2445 detractaverit,
1969 2394 2101 2433 cum

472 2472 642 2528 fuerit
670 2489 769 2526 suo
796 2473 1127 2541 contemptu
1161 2474 1218 2525 et
1255 2469 1615 2524 contumacia
1655 2469 1896 2524 faciente
1927 2470 2100 2525 etiam

472 2566 804 2622 auctoritate
830 2562 1130 2634 judiciaria
1147 2565 1476 2617 conventus.
1502 2563 1820 2616 Honoratus
1840 2567 1897 2617 et
1921 2562 2098 2617 Urba-

469 2675 577 2715 nus
629 2657 876 2729 episcopi
928 2657 1208 2722 dixerunt,
1255 2655 1365 2709 hoc
1433 2653 1588 2708 enim
1642 2653 1906 2708 omnibus
1973 2655 2100 2725 pla-

474 2758 581 2822 cet,
607 2752 678 2805 ab
718 2749 997 2806 universis
1027 2748 1304 2819 episcopis
1347 2747 1565 2802 dictum
1606 2750 1709 2813 est,
1749 2747 1969 2816 justum
1994 2751 2098 2817 est,

474 2844 677 2916 placet.

545 2935 751 2992 XXXIX.
788 2935 1104 2988 Honoratus
1136 2937 1192 2989 et
1231 2933 1494 2989 Urbanus
1525 2934 1774 3004 episcOpi
1812 2932 2099 3000 dixerunt,

474 3033 530 3085 et
559 3028 699 3084 illud
740 3026 906 3081 nobis
934 3026 1267 3081 mandatum
1296 3031 1396 3093 est,
1432 3029 1494 3080 ut
1525 3027 1659 3098 quia
1685 3025 1960 3098 proximae
1989 3027 2099 3080 fra-

473 3129 588 3177 tres
609 3118 787 3176 nostri
800 3119 1077 3174 Numidia
1099 3119 1213 3174 duo
1239 3119 1484 3190 episcopi
1515 3119 1778 3173 ordinare
1793 3135 2104 3190 praesump-

475 3217 672 3270 serunt
699 3211 1048 3284 pontiﬁcem,
1085 3228 1201 3266 non
1247 3211 1354 3266 nisi
1388 3229 1435 3266 ra
1480 3212 1782 3266 duodecim
1830 3210 2103 3267 censeatis

473 3306 867 3378 episcoporum
897 3304 1164 3359 celebrari
1177 3303 1582 3359 ordinationes.
1603 3304 1865 3359 Aurelius
1892 3304 2105 3375 episco-

473 3400 559 3471 pis
591 3399 750 3467 dixit,
794 3397 978 3452 forma
1020 3397 1256 3468 antiqua
1299 3397 1631 3466 servabitur,
1667 3400 1732 3452 ut
1773 3413 1887 3451 non
1915 3397 2106 3451 minus

473 3508 643 3563 quam
693 3496 808 3546 tres
862 3489 1143 3545 sufﬁciant
1183 3489 1282 3560 qui
1335 3489 1549 3544 fuerint
1586 3506 1620 3543 a
1666 3489 2103 3561 metropolitano

473 3585 668 3641 directi
682 3584 753 3639 ad
767 3583 1097 3655 episcopum
1127 3582 1536 3651 ordinandum,
1567 3587 1873 3653 propterea
1899 3583 2105 3653 quiain

473 3678 680 3750 Tripoli
705 3678 854 3732 forte
883 3679 1175 3747 etArguze
1192 3675 1531 3745 interjacere
1559 3675 1822 3729 videntur
1849 3675 2105 3729 barbarie

474 3776 692 3842 gentes.
721 3771 863 3824 Nam
893 3769 949 3823 in
989 3769 1219 3839 Tripoli,
1268 3770 1337 3822 ut
1373 3767 1662 3833 asseritur,
1701 3767 1949 3837 episcopi
1975 3772 2108 3822 sunt

474 3863 725 3936 quinque
743 3861 1144 3916 tantummodo
1161 3863 1217 3914 et
1228 3864 1463 3929 possunt
1481 3860 1625 3913 forte
1644 3859 1714 3913 de
1729 3859 1852 3929 ipso
1864 3875 2104 3915 numero

474 3955 563 4010 vel
611 3955 724 4008 duo
777 3951 1118 4007 necessitate
1170 3951 1358 4021 aliqua
1405 3949 1689 4020 occupari,
1745 3951 1972 4004 difﬁcile
2023 3957 2107 4007 est

477 4045 629 4102 enim
643 4048 710 4100 ut
721 4044 791 4098 de
805 4043 1057 4114 quolibet
1077 4059 1315 4097 numero
1335 4058 1532 4096 omnes
1551 4043 1772 4113 possint
1791 4059 2102 4098 occurrere.

475 4136 741 4209 Nunquid
770 4136 942 4190 debet
957 4137 1065 4190 hoc
1081 4136 1270 4206 ipsum
1291 4134 1699 4205 impedimento
1721 4136 2106 4191 ecclesiasticae

478 4247 599 4287 esse
651 4228 926 4284 utilitati?
978 4229 1116 4283 Nam
1189 4231 1246 4283 et
1300 4228 1361 4282 in
1429 4227 1676 4282 Ecclesia
1736 4229 1967 4299 dignata
2023 4231 2108 4284 est

476 4322 740 4380 sanctitas
759 4325 943 4377 vestra
964 4321 1293 4377 humaniter
1313 4321 1616 4376 convenire
1643 4321 1840 4376 crebro
1870 4339 1935 4376 ac
1959 4338 2106 4393 pene

480 4433 580 4489 per
605 4416 755 4472 diem
773 4414 1120 4472 Dominicam
1140 4414 1484 4470 ordinandos
1503 4413 1798 4470 habemus.
1816 4415 2107 4486 Nunquid-

2200 526 2532 598 sponsione;
2560 524 2630 579 ab
2657 522 2932 579 universis
2960 521 3233 595 episc0pis
3257 521 3471 576 dictum
3501 523 3608 591 est,
3639 520 3830 592 placet

2198 619 2350 673 satis.

2269 711 2400 766 XLI.
2454 709 2772 764 Honoratus
2823 711 2880 763 et
2926 707 3189 762 Urbanus
3228 705 3479 778 episcopi
3517 705 3824 761 dixerunt:

2198 803 2477 867 Quoniam
2525 802 2594 857 de
2635 801 2874 856 concilio
2907 799 3168 871 quaedam
3210 802 3448 854 tractata
3493 802 3825 867 noscuntur,

2199 895 2494 968 adjicimus
2529 893 2696 949 etiam
2737 893 2807 948 de
2842 893 2934 948 die
2973 892 3199 949 Paschae
3237 892 3398 947 nobis
3437 907 3555 947 esse
3585 891 3826 945 manda-

2198 992 2344 1057 tum,
2373 991 2437 1042 ut
2461 987 2530 1042 de
2550 985 2798 1040 Ecclesia
2818 1000 3042 1056 semper
3056 984 3508 1056 Carthaginensi,
3529 983 3672 1039 sicut
3685 1000 3830 1055 prae-

2199 1081 2414 1136 dictum
2435 1085 2538 1146 est,
2560 1079 2932 1146 instruamur,
2954 1081 3014 1132 et
3035 1094 3152 1132 non
3170 1078 3273 1132 sub
3292 1079 3534 1148 angusto
3548 1077 3831 1147 temporis

2201 1174 2401 1246 spatio.
2435 1171 2691 1227 Aurelius
2717 1171 3014 1242 episcopus
3037 1187 3051 1225 :
3079 1170 3134 1226 Si
3155 1170 3436 1225 sanctitati
3450 1174 3650 1225 vestrae
3679 1168 3834 1224 vide-

2199 1271 2313 1335 tur,
2341 1265 2608 1337 quoniam
2635 1281 2736 1318 nos
2756 1263 3126 1335 spopondisse
3156 1264 3280 1334 jam
3315 1262 3573 1333 superius
3613 1261 3829 1316 memi-

2199 1359 2408 1427 nimus,
2442 1361 2505 1412 ut
2533 1357 2767 1426 singulis
2801 1356 3120 1427 quibusque
3149 1355 3315 1410 annis
3354 1356 3426 1410 ad
3463 1355 3830 1410 tractandum

2201 1451 2628 1519 conveniamus,
2659 1455 2716 1504 et
2745 1465 2877 1503 cum
2905 1449 3340 1504 convenerimus
3375 1448 3434 1502 in
3462 1463 3664 1516 unum,
3693 1451 3832 1502 tunc

2202 1542 2584 1614 divulgabitur
2627 1543 2850 1598 sanctus
2884 1540 3109 1595 Pascha:
3153 1541 3272 1594 dies
3312 1556 3416 1610 per
3461 1541 3680 1610 legatos
3728 1539 3830 1610 qui

2203 1637 2436 1691 fuerunt
2471 1635 2530 1688 in
2569 1633 2829 1689 concilio.
2859 1634 3175 1687 Honoratus
3211 1635 3268 1688 et
3295 1632 3552 1687 Urbanus
3577 1631 3833 1703 episcopi

2205 1727 2505 1782 dixerunt:
2539 1727 2697 1781 Nunc
2728 1726 2796 1780 de
2816 1725 3084 1796 praesenti
3109 1724 3527 1795 coetupetimus,
3548 1727 3612 1777 ut
3626 1723 3834 1778 litteris

2203 1819 2554 1891 provinciam
2569 1823 2822 1873 nostram
2841 1817 2911 1872 de
2922 1817 3031 1872 hac
3050 1817 3142 1872 die
3163 1817 3468 1872 informare
3482 1815 3830 1888 dignemini.

2201 1911 2464 1967 Aurelius
2495 1911 2790 1982 episcopus
2819 1909 2964 1964 dixit
2989 1928 3002 1964 :
3035 1912 3114 1965 Ita
3141 1909 3239 1965 ﬁat
3263 1925 3490 1966 necesse
3517 1914 3621 1964 est.

2274 2005 2417 2058 XLII.
2447 2003 2755 2074 Epigonius
2793 2002 3087 2073 episcopus
3119 2002 3262 2057 dixit
3291 2020 3304 2057 :
3339 2002 3520 2058 Multis
3551 2003 3611 2056 in
3637 2000 3830 2057 conci-

2202 2097 2292 2151 liis
2317 2098 2422 2150 hoc
2447 2099 2723 2150 statutum
2755 2100 2850 2166 est
2891 2113 2925 2150 a
2966 2098 3112 2150 coetu
3151 2094 3500 2161 sacerdotali,
3542 2097 3609 2148 ut
3635 2094 3834 2164 plebes

2201 2206 2326 2260 quae
2352 2189 2410 2242 in
2433 2189 2764 2244 dioecesibus
2777 2189 2846 2243 ab
2860 2188 3143 2260 episcopis
3170 2191 3437 2243 tenentur
3466 2203 3594 2258 quae
3610 2187 3827 2258 episco-

2201 2299 2304 2353 pos
2321 2298 2615 2353 nunquam
2630 2281 2978 2352 habuerunt,
2998 2298 3112 2336 non
3135 2281 3245 2335 nisi
3262 2297 3392 2334 cum
3406 2281 3696 2335 voluntate
3707 2281 3832 2350 ejus

2201 2373 2448 2446 episcopi
2475 2390 2508 2427 a
2540 2391 2651 2444 quo
2677 2377 2966 2442 tenentur,
2991 2373 3248 2444 proprios
3264 2373 3542 2443 accipiant
3556 2375 3827 2439 rectores,

2200 2467 2260 2521 id
2285 2469 2370 2522 est
2394 2466 2725 2537 episcopos;
2758 2472 2817 2520 at
2841 2482 2972 2520 vero
3003 2466 3139 2536 quia
3165 2465 3428 2520 nonnulli
3455 2465 3706 2537 quodam
3728 2465 3832 2518 do-

2199 2559 2423 2614 minatu
2451 2559 2656 2629 adepto
2698 2558 3160 2613 communionem
3200 2558 3441 2618 fratrum
3468 2557 3828 2624 abhorrrent,

2200 2652 2289 2706 vel
2311 2654 2484 2719 certe,
2511 2667 2640 2705 cum
2668 2652 2869 2706 elevati
2897 2651 3130 2718 fuerint,
3162 2651 3324 2721 quasi
3348 2651 3407 2704 in
3435 2650 3682 2721 quadam
3699 2665 3831 2704 arce

2200 2744 2560 2816 tyrannicam
2593 2743 2696 2798 sibi
2723 2743 3170 2800 dominationem
3198 2743 3508 2809 vindicant,
3531 2743 3686 2813 quod
3703 2742 3827 2812 ple-

2201 2837 2363 2908 rique
2412 2836 2602 2891 stolidi
2641 2838 2908 2891 adversus
2941 2835 3230 2907 episcopos
3268 2853 3400 2890 suos
3428 2835 3672 2890 cervices
3725 2833 3834 2888 eri-

2204 2934 2347 3000 gunt
2371 2929 2707 3001 presbyteri,
2739 2930 2826 2983 vel
2869 2929 3134 2983 conviviis
3172 2929 3280 2983 sibi
3315 2927 3678 2983 conciliantes
3705 2927 3830 2997 ple-

2201 3022 2333 3076 bem
2367 3025 2433 3076 ut
2463 3038 2737 3092 persuasu
2780 3022 3133 3093 malignoet
3169 3021 3365 3076 illicito
3399 3020 3628 3076 eosdem
3653 3019 3834 3075 velint

2203 3115 2312 3168 sibi
2337 3115 2613 3169 collocare
2648 3119 2912 3184 rectores,
2936 3114 3086 3186 quod
3111 3113 3342 3185 quidem
3369 3113 3589 3184 insigne
3617 3111 3832 3166 mentis

2205 3212 2317 3262 tuae
2362 3209 2623 3263 tenemus
2667 3211 2878 3273 votum,
2931 3207 3105 3261 frater
3145 3206 3403 3277 religiose
3449 3205 3660 3271 Aureli,
3699 3204 3834 3275 quia

2204 3301 2325 3354 hec
2351 3317 2500 3370 saepe
2545 3299 2871 3370 oppressisti
2912 3315 3026 3354 non
3063 3300 3310 3354 curando
3336 3300 3477 3354 tales
3507 3297 3830 3369 petitiones,

2205 3392 2302 3447 sed
2324 3395 2560 3463 propter
2579 3409 2780 3447 eorum
2815 3394 2994 3446 malos
3016 3393 3295 3462 cogitatus
3325 3394 3383 3446 et
3401 3407 3567 3461 prave
3592 3391 3829 3445 concin-

2206 3490 2338 3540 nata
2364 3484 2600 3540 concilia
2624 3485 2728 3539 hoc
2755 3485 2878 3539 dico
2901 3501 3014 3538 non
3041 3485 3248 3539 debere
3274 3488 3555 3538 rectorem
3574 3483 3832 3554 accipere

2206 3593 2333 3631 eam
2356 3578 2578 3648 plebem
2613 3594 2739 3648 quae
2775 3577 2833 3631 in
2875 3577 3104 3631 dioecesi
3131 3593 3358 3648 semper
3388 3575 3684 3646 subjacuit,
3727 3592 3833 3631 nec

2204 3685 2458 3739 unquam
2488 3670 2785 3740 proprium
2816 3669 3144 3740 episcopum
3171 3668 3388 3737 habuit,
3419 3673 3769 3739 quapropter
3786 3668 3832 3723 si

2205 3763 2465 3817 universo
2497 3762 2846 3816 sanctissimo
2895 3762 3134 3816 concilio
3177 3762 3491 3831 complacet
3528 3761 3632 3814 hoc
3679 3761 3835 3831 quod

2205 3859 2536 3925 prosecutus
2584 3870 2734 3924 sum,
2785 3854 3171 3909 conﬁrmetur.
3223 3853 3483 3908 Aurelius
3533 3853 3832 3924 episcopus

2207 3947 2384 4001 dixit:
2423 3947 2628 4001 Fratris
2672 3950 2730 4000 et
2765 3947 3181 4002 consacerdotis
3227 3946 3407 4001 nostri
3444 3945 3832 4016 prosecutioni

2208 4055 2324 4094 non
2351 4040 2583 4107 obsisto,
2622 4040 2718 4096 sed
2747 4040 2853 4095 hoc
2891 4057 2986 4095 me
3013 4039 3232 4106 fecisse,
3264 4043 3321 4094 et
3356 4039 3637 4094 facturum
3682 4055 3829 4108 esse,

2207 4131 2493 4188 conﬁteor.

2276 4226 2455 4280 XLIII.
2509 4225 2664 4281 Circa
2718 4240 2810 4278 eos
2862 4241 2998 4279 sane
3059 4224 3154 4296 qui
3220 4224 3434 4279 fuerint
3483 4227 3830 4294 concordes,

2208 4333 2321 4372 non
2342 4318 2522 4372 solum
2544 4317 2692 4372 circa
2710 4317 3013 4373 Ecclesiam
3025 4318 3550 4387 Carthaginensem,
3574 4319 3668 4373 sed
3683 4319 3833 4374 circa

2209 4427 2382 4466 omne
2423 4410 2768 4465 sacerdotale
2796 4407 3167 4465 Consortium.
3209 4413 3352 4466 Sunt
3390 4411 3543 4465 enim
3577 4412 3834 4482 plerique

478 4526 610 4567 nam
652 4510 983 4580 frequenter
1040 4493 1238 4578 potero
1288 4507 1583 4563 duodecim
1631 4507 1718 4562 vel
1768 4507 1968 4562 decem
2017 4508 2181 4580 velD
2205 4503 2594 4574 conspirantes
2623 4519 2752 4557 cum
2781 4503 3025 4574 propriis
3051 4503 3328 4573 plebibus,
3354 4519 3492 4574 quas
3520 4503 3831 4574 decipiunt,

474 4601 849 4660 multominus
879 4601 1154 4656 advocare
1186 4600 1496 4672 episcopos,
1539 4600 1639 4656 sed
1665 4599 1827 4656 facile
1855 4604 1938 4654 est
1963 4601 2105 4655 mihi

473 4695 615 4752 duos
673 4694 984 4766 adjungere
1040 4710 1185 4748 meae
1239 4693 1503 4764 parvitati
1551 4693 1843 4764 episcopos
1872 4693 2101 4760 vicinos,

475 4792 824 4859 quapropter
848 4787 1030 4842 cernit
1056 4803 1284 4842 mecum
1311 4785 1556 4840 charitas
1576 4789 1759 4839 vestra
1783 4785 1889 4839 hoc
1917 4787 2105 4857 ipsum

476 4879 764 4936 observari
789 4896 908 4934 non
934 4896 1119 4950 posse.

543 4973 648 5028 XL.
681 4972 747 5026 Et
772 4971 916 5026 illud
939 4975 1025 5026 est
1050 4971 1438 5036 statuendum,
1458 4974 1523 5024 ut
1553 4970 1780 5040 quando
1800 4970 1871 5023 ad
1896 4969 2106 5040 eligen-

479 5064 618 5119 dum
649 5063 977 5135 episcopum
1026 5063 1462 5119 convenerimus
1500 5062 1546 5115 si
1596 5078 1709 5132 qua
1733 5060 2104 5116 contradictio

475 5156 650 5212 fuerit
703 5157 924 5228 oborta,
967 5157 1100 5230 quia
1141 5157 1276 5212 talia
1315 5157 1462 5210 facta
1494 5158 1626 5209 sunt
1659 5154 1809 5225 apud
1837 5170 1962 5219 nos,
1991 5170 2105 5208 non

479 5255 826 5321 praesumant
851 5251 921 5305 ad
964 5249 1337 5321 purgandum
1378 5265 1509 5304 eum
1553 5247 1652 5319 qui
1697 5245 1990 5302 ordinatus
2024 5251 2107 5301 est

479 5348 590 5398 tres
595 5343 737 5414 jam,
757 5344 852 5399 sed
869 5343 1230 5414 postulentur
1240 5342 1311 5396 ad
1329 5357 1634 5397 numerum
1649 5340 2105 5411 supradictorum

473 5437 588 5492 duo
623 5438 706 5491 vel
739 5440 869 5503 tres,
900 5441 958 5490 et
991 5436 1046 5489 in
1081 5434 1281 5489 eadem
1319 5435 1484 5505 plebe
1523 5435 1614 5490 cui
1643 5433 1993 5489 ordinandus
2022 5437 2106 5488 est

471 5529 824 5584 discutiatur.
867 5527 1056 5582 Primo
1107 5543 1365 5597 personae
1419 5526 1952 5595 contradicentium,
2008 5543 2106 5597 po-

472 5625 680 5676 stremo
711 5623 809 5676 illa
840 5621 1013 5676 etiam
1043 5636 1170 5691 quas
1205 5619 1549 5691 objiciuntur
1574 5623 2014 5692 pertractentur,
2049 5623 2106 5674 et

473 5729 602 5768 cum
624 5711 751 5786 80
775 5718 1051 5784 purgatus
1079 5713 1255 5768 fuerit
1281 5712 1389 5769 sub
1409 5717 1710 5784 conspectu
1742 5711 1992 5785 publico,
2027 5713 2105 5766 ita

469 5803 701 5859 demum
749 5805 1060 5873 ordinetur,
1101 5805 1145 5860 si
1201 5807 1304 5861 hoc
1348 5821 1478 5860 cum
1546 5809 1744 5861 vestrae
1790 5806 2100 5862 sanctitatis

2208 4599 2267 4651 ut
2294 4596 2507 4650 dictum
2545 4600 2648 4662 est,
2677 4612 2876 4650 earum
2903 4596 3217 4666 scalpentes
3252 4612 3415 4650 aures
3441 4597 3510 4650 ad
3551 4596 3830 4651 seducen-

2205 4689 2342 4743 dum
2366 4687 2581 4743 vitiosas
2601 4687 2731 4743 vitm
2757 4688 3038 4755 homines,
3067 4689 3152 4743 vel
3178 4694 3329 4743 certe
3349 4689 3532 4743 inﬂati
3552 4691 3608 4743 et
3631 4689 3700 4743 ab
3725 4690 3833 4743 hoc

2205 4782 2492 4836 consortio
2529 4781 2793 4852 separati,
2833 4781 2930 4852 qui
2967 4784 3174 4852 putant
3209 4782 3458 4852 propriae
3487 4781 3642 4852 plebi
3665 4781 3828 4836 incu-

2204 4874 2479 4942 bandum,
2498 4878 2982 4945 etnonnunquam
3000 4875 3259 4929 conventi
3269 4874 3342 4928 ad
3353 4874 3650 4928 concilium
3673 4874 3828 4929 veni-

2206 4983 2267 5021 re
2283 4967 2580 5038 refugiunt
2599 4970 2656 5021 et
2685 4967 3023 5034 detractant,
3040 4983 3140 5021 sua
3163 4968 3306 5021 forte
3325 4984 3397 5020 ne
3415 4967 3834 5038 prodanturﬂa-

2208 5059 2342 5129 gitia
2362 5063 2704 5126 metuentes,
2741 5059 2883 5126 dico,
2913 5059 2960 5113 si
2986 5060 3189 5130 placet,
3220 5062 3419 5114 contra
3445 5061 3544 5113 hos
3570 5077 3685 5115 non
3710 5065 3834 5115 tan-

2206 5155 2329 5206 tum
2355 5152 2618 5208 dioeceses
2660 5169 2775 5207 non
2807 5169 2927 5207 esse
2957 5152 3278 5220 servandas,
3318 5169 3514 5206 verum
3557 5153 3730 5206 etiam
3776 5157 3834 5207 et

2206 5244 2275 5299 de
2317 5245 2548 5316 pr0pria
2587 5245 2847 5323 Ecclesia,
2889 5261 3016 5316 quae
3051 5243 3165 5298 illis
3211 5244 3356 5298 male
3393 5243 3563 5299 fuerit
3596 5245 3830 5300 omnino

2206 5337 2598 5405 adnitendum,
2618 5343 2684 5393 ut
2701 5338 2875 5393 etiam
2891 5336 3221 5392 auctoritate
3234 5337 3459 5408 publica
3477 5337 3831 5407 rejiciantur,

2205 5434 2375 5501 atque
2400 5431 2471 5485 ab
2490 5430 2628 5502 ipsis
2654 5430 3062 5502 principalibus
3093 5430 3375 5484 cathedris
3403 5435 3831 5494 removeantur;

2204 5528 2429 5594 oportet
2454 5523 2610 5577 enim
2640 5528 2702 5578 ut
2725 5523 2823 5594 qui
2862 5522 3140 5578 universis
3181 5523 3455 5577 fratribus
3479 5539 3544 5577 ac
3567 5523 3672 5577 toti
3697 5539 3830 5577 con-

2205 5616 2330 5670 cilio
2361 5616 2673 5680 inhaeserit,
2710 5633 2828 5671 non
2856 5617 3039 5671 solum
3067 5633 3170 5671 sua
3199 5617 3330 5687 jure
3370 5616 3612 5686 integro,
3644 5617 3745 5670 sed
3777 5620 3836 5670 et

2205 5709 2469 5764 dioeceses
2495 5709 2798 5780 possideat,
2831 5712 2890 5766 at
2917 5726 3051 5764 vero
3088 5709 3184 5780 qui
3223 5708 3454 5764 sibimet
3485 5711 3691 5779 putant
3719 5710 3835 5779 ple-

2203 5803 2303 5857 bes
2331 5819 2461 5857 suas
2481 5803 2738 5858 sufﬁcere
2761 5804 3009 5859 fraterna
3029 5802 3334 5860 dilectione
3352 5805 3700 5874 contempta,
3724 5818 3831 5857 nec
