4054 6300
357 2567 454 2658 \~..

495 336 596 388 33!)

1375 333 1653 386 ᾹΡΡΕΝΙ).
1696 329 1784 383 AD
1822 326 1981 394 SEC.
2025 325 2111 377 ΙΧ.
2144 350 2210 359 -
2251 319 2495 374 lSlDORl
2533 319 2960 375 MERCATORIS

3739 320 3843 372 340

492 439 603 495 ista
628 439 949 510 accepimus
976 443 1037 493 in
1069 439 1301 494 ecclesia
1323 438 1584 506 legenda,
1612 437 1775 491 liceat
1799 435 1974 489 etiam
2004 434 2118 504 legi
2141 439 2199 512 Α
2217 429 2302 482 vel
2333 428 2658 498 quicunque
2685 425 2873 481 clerici
2895 425 2994 495 qui
3018 424 3162 479 nihil
3192 425 3464 494 habentes
3481 424 3842 488 ordinantur,

494 533 785 604 passiones
811 536 1126 603 martyrum
1167 547 1298 586 cum
1338 529 1713 585 anniversarii
1759 529 1878 584 dies
1922 543 2122 584 eorum

499 625 877 682 celebrentur.

565 719 786 773 XLVIII.
818 719 1032 774 Placuit
1075 722 1139 772 ut
1178 717 1538 771 consulamus
1579 717 1784 772 fratres
1826 721 1884 771 et
1925 732 2118 770 consa-

498 812 749 867 cerdotes
781 813 1002 866 nostros
1030 809 1291 866 Siricium
1321 812 1381 864 et
1423 809 1859 880 Simplicianum
1891 808 1962 862 de
1992 809 2122 863 solis

496 902 807 957 infantibus
833 903 931 972 qui
959 903 1319 972 baptizantur
1360 917 1537 972 penes
1591 901 1824 956 eosdem
1851 917 1926 955 ne
1969 901 2121 971 quod

498 1012 600 1049 suo
620 1011 733 1050 non
751 995 986 1049 fecerint
997 994 1212 1064 judicio
1231 1011 1361 1049 cum
1375 994 1446 1049 ad
1466 993 1771 1049 Ecclesiam
1794 993 1893 1047 Dei
1915 993 2122 1047 salubri

495 1087 781 1158 proposito
804 1086 1019 1140 fuerint
1041 1087 1317 1155 conversi,
1354 1090 1659 1157 parentum
1685 1085 1796 1140 illis
1823 1102 1980 1141 error
2018 1086 2122 1140 im-

497 1179 688 1249 pediat
706 1195 779 1233 ne
807 1181 1192 1249 provehantur
1236 1179 1374 1232 sacri
1402 1179 1593 1234 altaris
1623 1177 1887 1246 ministri,
1918 1178 2122 1249 quibus

494 1271 718 1325 insertis
747 1273 1060 1325 Honoratus
1087 1274 1146 1324 et
1173 1271 1430 1326 Urbanus
1474 1270 1741 1340 episcopi,
1770 1271 1946 1340 legati
1995 1286 2122 1340 pro-

495 1364 692 1418 vincia:
715 1363 1062 1418 Mauritaniaa
1089 1363 1389 1430 Sitifensis,
1421 1363 1683 1417 dixerunt
1713 1379 1725 1416 :
1754 1364 1877 1416 Jam
1905 1362 2122 1416 dudum

496 1473 628 1510 cum
658 1455 809 1526 apud
843 1455 1194 1510 sanctitatem
1220 1458 1466 1509 vestram
1495 1455 1866 1524 allegaremus
1891 1453 2119 1524 scripta,

497 1548 653 1604 dilati
683 1563 878 1602 sumus
923 1564 989 1601 ea
1029 1547 1510 1617 contemplatione
1539 1547 1693 1617 quod
1716 1547 1918 1601 fratres
1948 1546 2124 1600 nostri

497 1639 761 1695 advenire
787 1643 1021 1710 possent
1059 1639 1128 1694 de
1157 1639 1421 1693 Numidia
1461 1639 1657 1709 legati,
1708 1639 1806 1693 sed
1848 1638 1982 1709 quia
2004 1654 2122 1692 non

2219 523 2276 576 et
2300 525 2557 591 tempore
2584 519 2935 590 episcopatus
2963 519 3047 572 vel
3075 516 3368 572 clericatus
3412 516 3500 570 sui
3544 532 3715 587 agros
3757 517 3846 570 vel

2219 628 2572 683 quaecunque
2595 611 2810 682 praedia
2837 611 3071 665 nomine
3091 626 3192 664 suo
3211 613 3550 680 comparant
3569 614 3843 678 tanquam

2218 721 2414 760 rerum
2441 704 2759 758 divinarum
2786 702 3086 757 invasionis
3114 702 3353 756 crimine
3381 705 3708 768 teneantur,
3735 699 3846 753 nisi

2221 797 2497 852 admoniti
2522 795 2770 852 ecclesiaa
2795 796 2998 850 eadem
3026 795 3152 866 ipsa
3179 793 3546 848 contulerint.
3567 793 3626 848 Si
3653 797 3847 847 autem

2219 889 2356 960 ipsis
2381 889 2608 960 proprie
2639 887 2854 959 aliquid
2883 887 3220 942 liberalitate
3248 886 3484 956 alicujus
3507 885 3598 939 vel
3625 900 3844 938 succes-

2221 982 2375 1036 sione
2400 981 2752 1051 cognationis
2783 980 3021 1046 venerit,
3051 978 3264 1033 faciant
3291 978 3422 1032 inde
3465 977 3616 1048 quod
3646 991 3848 1031 eorum

2211 1073 2506 1145 proposito
2525 1071 2804 1142 congruit.
2823 1071 2981 1135 Quod
2997 1070 3041 1124 si
3063 1087 3095 1124 a
3111 1087 3212 1124 suo
3225 1069 3515 1141 proposito
3537 1073 3850 1123 retrorsum

2223 1165 2680 1231 exorbitaverint,
2697 1165 2914 1219 honore
2935 1163 3306 1218 ecclesiastico
3334 1162 3554 1234 indigni
3575 1165 3851 1233 tanquam

2221 1257 2450 1329 reprobi
2468 1256 2816 1328 judicentur.

2293 1379 2354 1432 L.
2385 1377 2644 1432 Aurelius
2673 1376 2966 1448 episcopus
2992 1376 3133 1431 dixit
3160 1393 3174 1430 :
3197 1375 3477 1440 Quoniam
3522 1374 3700 1444 igitur
3728 1374 3853 1428 uni-

2221 1485 2384 1524 versa
2413 1469 2659 1524 arbitror
2687 1469 2860 1523 fuisse
2896 1472 3155 1536 tractata,
3186 1469 3232 1521 si
3261 1467 3454 1524 omnia
3493 1483 3624 1520 cum
3657 1467 3854 1520 animo

2222 1567 2410 1616 vestro
2439 1565 2848 1630 convenerunt,
2865 1577 3130 1616 sermone
3145 1563 3330 1616 vestro
3349 1563 3548 1614 cuncta
3566 1559 3851 1613 roborate.

2222 1654 2478 1709 Universi
2494 1654 2744 1724 episcopi
2761 1653 3024 1708 dixerunt
3043 1671 3056 1708 :
3074 1653 3350 1707 Omnibus
3363 1654 3483 1706 haec
3494 1653 3831 1722 placuerunt
3840 1692 3854 1714 ,

498 1730 654 1803 Ρατνί
683 1732 801 1786 dies
827 1735 958 1785 sunt
982 1731 1185 1802 quum-‘3
1213 1731 1517 1802 θῐερθοίᾶῒί
1565 1731 1804 1785 minime
1845 1734 2126 1785 venerunt
2144 1793 2198 1817 η
2225 1752 2281 1802 et
2309 1747 2432 1801 haec
2472 1749 2669 1801 nostra
2696 1746 3108 1817 subscriptione
3151 1746 3463 1812 ﬁrmamus,
3510 1750 3567 1798 et
3603 1743 3855 1797 subscri-

497 1793 651 1879 iiltra
669 1793 1101 1895 praetermittere
1136 1841 1262 1894 quae
1293 1793 1457 1878 nobis
1488 1824 1754 1878 mandata
1795 1825 1926 1877 sunt
1959 1840 1994 1877 a
2027 1793 2156 1876 no-]

2263 1793 2281 1802 -
2310 1793 2431 1801 ...η
2472 1793 2669 1801 _----_
2697 1793 3106 1817 -_-----,---__-
3152 1793 3463 1812 ---μη-ν,
3515 1793 3565 1798 η
3604 1793 3821 1797 ____-__

2260 1843 2495 1894 serunt:
2516 1838 2770 1893 Aurelius
2795 1839 3094 1910 episcopus
3115 1838 3370 1892 Ecclesia:
3396 1834 3860 1906 Carthaginensis

499 1917 631 1972 stris
647 1916 988 1987 coepiscopis
1010 1932 1124 1970 non
1146 1919 1389 1987 oportet,
1406 1919 1575 1986 atque
1591 1915 1743 1982 ideo,
1763 1915 1984 1983 fratres,
2000 1931 2130 1985 sug-

501 2009 818 2080 gestionem
842 2014 1096 2063 nostram
1124 2008 1365 2064 libenter
1390 2009 1691 2076 admittite,
1723 2008 1792 2062 de
1835 2007 1945 2062 ﬁde
1976 2007 2131 2061 enim

498 2101 712 2156 Nicaani
737 2103 1005 2155 tractatus
1028 2100 1368 2170 audivimus,
1393 2117 1596 2155 verum
1640 2105 1695 2155 et
1738 2100 1808 2153 de
1847 2098 2132 2155 sacriﬁciis

500 2192 827 2249 inhibendis
875 2197 1002 2263 post
1040 2193 1372 2263 prandium,
1421 2198 1484 2256 ut
1519 2209 1552 2247 a
1584 2191 1818 2264 jejunis,
1845 2191 1987 2246 sicut
2012 2191 2130 2245 dic-

503 2289 625 2339 tum
649 2290 752 2352 est,
780 2284 1108 2351 offerantur,
1131 2290 1187 2340 et
1205 2289 1340 2339 tunc
1361 2290 1416 2340 et
1440 2300 1592 2338 nunc
1612 2284 2011 2339 conﬁrmatum
2026 2286 2130 2338 est.

574 2377 744 2433 XLIX.
798 2377 1009 2432 Placuit
1059 2381 1120 2431 ut
1173 2377 1443 2448 episcopi,
1493 2376 1828 2448 presbyteri,
1883 2375 2127 2443 diaconi,

377 2661 520 2850 β
579 2686 583 2690 _

582 2847 628 2895 l.
661 2842 917 2906 Qualiter
947 2843 1193 2898 debeant
1217 2843 1465 2912 episcopi
1495 2843 1762 2898 ordinari.

576 2939 628 2988 2.
660 2935 907 2998 Qualiter
933 2937 1336 2989 consecrentur
1362 2935 1632 3005 episcopi.

579 3031 630 3081 3.
658 3026 912 3089 Qualiter
936 3026 1254 3097 presbyteri
1275 3026 1634 3081 ordinentur.

579 3121 630 3174 4.
660 3118 1155 3182 Quemadmodum
1195 3119 1454 3173 diacones
1485 3119 1917 3176 constituantur.

583 3215 632 3264 5.
665 3211 1157 3275 Quemadmodum
1191 3211 1516 3266 subdiaconi
1547 3212 1901 3268 ordinentur.

582 3306 634 3356 6.
662 3302 1159 3366 Quemadmodum
1182 3303 1425 3374 acolythi
1451 3304 1802 3359 ordinentur.

580 3399 630 3449 7.
661 3394 914 3458 Qualiter
937 3395 1228 3450 exorcista:
1257 3396 1688 3452 constituantur.

579 3491 630 3542 8.
658 3487 915 3551 Qualiter
937 3488 1172 3543 lectores
1196 3487 1352 3544 fiant.

577 3584 629 3635 9.
665 3579 919 3644 Qualiter
943 3580 1157 3636 ostiarii
1189 3581 1544 3636 ordinentur.

584 3676 667 3728 l0.
699 3672 944 3737 Qualiter
967 3673 1294 3744 psalmistae.

586 3766 672 3820 11.
706 3765 962 3828 Qualiter
987 3765 1234 3835 virgines
1259 3765 1730 3819 sanctimoniales.

585 3862 667 3910 12.
696 3856 946 3920 Qualiter
969 3856 1154 3909 viduae
1183 3857 1269 3910 vel
1301 3857 1757 3911 sanctimoniales
1779 3858 1848 3910 ad
1869 3857 2136 3928 baptiste-

511 3949 661 4003 rium
688 3948 1041 4001 ordinentur.

581 4043 666 4095 13.
695 4039 947 4104 Qualiter
975 4039 1168 4109 sponsi
1206 4044 1262 4094 et
1310 4057 1533 4111 sponsae
1559 4041 1988 4097 benedicentur.

583 4134 668 4188 14.
699 4133 771 4185 De
799 4132 1004 4185 cellula
1029 4132 1354 4187 sacerdotis.

585 4229 669 4279 l5.
701 4225 780 4278 De
812 4223 960 4278 victu
987 4228 1043 4278 et
1068 4224 1264 4278 habitu
1300 4225 1620 4281 sacerdotis.

585 4321 670 4372 16.
698 4318 769 4372 Ut
791 4317 1087 4388 episcopus
1109 4317 1282 4372 libros
1309 4318 1609 4388 gentilium
1632 4335 1747 4375 non
1773 4321 1945 4392 legat.

585 4413 667 4464 l7.
697 4411 765 4464 Ut
793 4409 1084 4480 episcopus
1108 4410 1488 4482 indigentium
1519 4427 1714 4467 curam
1757 4429 1861 4484 per
1902 4415 2132 4486 presby-

510 4505 661 4559 teros
690 4505 747 4558 et
777 4502 1043 4559 diacones
1071 4507 1220 4574 agat.

581 4599 666 4652 18.
700 4597 769 4651 Ut
797 4596 1092 4667 episcopus
1118 4613 1218 4668 per
1243 4600 1644 4653 testamentum
1675 4599 1972 4655 tuitionem
2017 4617 2133 4654 non

507 4689 796 4761 suscipiat.

580 4786 664 4837 19.
698 4784 767 4837 Ut
791 4783 1037 4854 episcopi
1088 4800 1189 4854 pro
1236 4783 1404 4838 rebus
1443 4784 1804 4839 saecularibus
1848 4801 1965 4840 non
2019 4786 2128 4840 liti-

508 4878 660 4945 gent.

575 4969 664 5020 20.
697 4967 767 5020 Ut
790 4968 1082 5038 episcopus
1110 4971 1332 5023 tantum
1361 4968 1563 5023 divinis
1587 4974 1764 5024 vacet.

576 5061 667 5116 21.
699 5060 768 5113 Ut
797 5060 1090 5132 episcopus
1119 5066 1399 5133 aegrotans
1427 5078 1531 5133 pro
1561 5079 1620 5117 se
1654 5064 1908 5134 legatum
1939 5063 2008 5117 ad
2041 5080 2128 5135 sy-

508 5150 725 5205 nodum
755 5152 957 5207 mittat.

578 5247 666 5298 22.
699 5245 768 5298 Ut
812 5245 1108 5316 episcopus
1151 5247 1270 5300 sine
1320 5247 1647 5303 testimonio
1693 5248 2028 5304 clericorum
2075 5251 2132 5304 et

508 5336 692 5406 plebis
721 5337 954 5392 clericos
982 5355 1100 5392 non
1129 5337 1404 5392 instituat.

577 5431 666 5484 23.
697 5431 764 5484 Ut
794 5431 1092 5502 episcopus
1118 5447 1309 5485 causas
1352 5431 1568 5488 clericis
1611 5433 1984 5504 praesentibus
2030 5451 2128 5490 au-

507 5522 640 5577 diat.

578 5615 645 5668 24
673 5615 740 5668 Ut
763 5613 992 5684 quando
1022 5612 1315 5684 episcopus
1340 5615 1577 5672 verbum
1611 5617 1760 5685 facit,
1793 5618 1980 5674 nullus
2008 5621 2122 5674 dis-

509 5707 692 5760 cedat.

584 5801 665 5852 25.
703 5799 778 5851 De
805 5796 1251 5852 discordantibus
1279 5800 1570 5870 episcopis.

2228 1932 2360 1986 huic
2388 1933 2611 1986 decreto
2642 1932 2927 1999 consensi,
2958 1934 3016 1985 et
3062 1931 3271 1984 relecto
3297 1929 3622 1999 subscripsi,
3655 1927 3860 1997 Epigo-

2226 2024 2356 2078 nius
2381 2023 2678 2094 episcopus
2709 2024 2963 2078 Bulensis
2997 2022 3247 2092 regionis
3282 2020 3604 2091 subscripsi,
3636 2022 3859 2089 Augus-

2228 2117 2381 2171 tinus
2405 2115 2699 2186 episcopus
2725 2115 2902 2186 plebis
2929 2113 3299 2186 Hipponensis
3327 2112 3648 2183 subscripsi.
3694 2111 3861 2166 Simi-

2232 2209 2359 2264 liter
2387 2213 2442 2264 et
2466 2224 2663 2263 omnes
2693 2208 2943 2278 episcopi
2971 2208 3040 2262 44
3068 2221 3309 2261 numero
3338 2205 3816 2276 subscripserunt.

2515 2319 2750 2390 Explicit
2769 2318 3074 2372 concilium
3103 2315 3568 2388 Carthaginense.

942 2675 1059 2749 81
1115 2675 1512 2739 INCIPIUNT
1556 2676 1946 2740 CAPITULA
1991 2675 2324 2740 CONCILII
2371 2673 2665 2751 QUARTI
2713 2670 3419 2736 CARTHAGINENSIS.

2302 2848 2389 2900 26.
2423 2846 2491 2899 Ut
2519 2843 2817 2914 episcopus
2857 2842 3195 2897 dissidentes
3238 2840 3576 2895 concordare
3618 2838 3868 2908 compel-

2233 2939 2329 2991 lat.

2302 3034 2390 3084 27.
2421 3031 2495 3082 De
2527 3029 2791 3100 episcopo
2825 3028 2909 3083 vel
2936 3027 3140 3082 clerico
3166 3026 3226 3079 in
3253 3026 3361 3079 alio
3389 3027 3510 3080 loco
3536 3041 3653 3078 non
3687 3029 3869 3079 trans-

2155 3163 2209 3235 Ο
2235 3121 2488 3235 feE‘enndir)‘.

2305 3219 2391 3269 28.
2442 3215 2520 3268 De
2569 3213 2930 3268 damnatione
2976 3212 3373 3283 episcoporum
3417 3228 3450 3264 a
3498 3210 3712 3282 synodo
3761 3214 3870 3263 tra-

2235 3308 2456 3362 ctanda.

2306 3403 2395 3455 29.
2424 3401 2504 3454 De
2531 3399 2794 3470 episcopo
2819 3398 2919 3469 qui
2946 3397 3113 3452 alicui
3143 3397 3360 3452 crimen
3389 3395 3681 3466 objecerit.

2307 3496 2393 3548 30.
2422 3493 2577 3557 Quod
2609 3492 2768 3546 irrita
2795 3491 2870 3546 sit
2897 3490 3177 3545 sententia
3223 3489 3617 3560 episcoporum
3661 3487 3723 3542 in
3765 3489 3866 3541 ab-

2237 3591 2477 3641 sentem.

2308 3683 2395 3733 31.
2437 3679 2687 3742 Qualiter
2729 3695 2819 3732 res
2872 3677 3120 3732 ecclesim
3178 3676 3247 3730 ab
3304 3675 3562 3746 episcopo
3619 3673 3870 3728 habean-

2238 3776 2350 3826 tur.

2307 3868 2393 3919 32.
2427 3867 2504 3918 De
2531 3863 2703 3918 irritis
2729 3861 3180 3917 distractionibus
3208 3860 3618 3932 episcoporum.

2308 3962 2394 4012 33.
2426 3958 2503 4012 De
2530 3955 2808 4028 episcopis
2834 3955 2920 4010 vel
2948 3954 3290 4025 presbyteris
3319 3957 3380 4008 ut
3408 3969 3442 4007 a
3470 3953 3866 4022 cujuscunque

2237 4050 2471 4106 ecclesia
2498 4049 2557 4104 in
2587 4048 2786 4104 ordine
2811 4063 2910 4102 suo
2937 4046 3297 4117 recipiantur.

2306 4144 2392 4198 34.
2413 4143 2492 4198 De
2511 4141 2762 4214 primatu
2791 4156 3084 4196 consessus
3108 4138 3570 4209 presbyterorum
3590 4152 3722 4191 cum
3753 4136 3872 4205 epi-

2237 4252 2430 4306 scopo.

2307 4331 2393 4382 35.
2429 4329 2506 4382 De
2534 4343 2793 4383 consessu
2842 4324 3300 4396 presbyterorum
3351 4323 3408 4376 in
3455 4319 3686 4376 ecclesia
3735 4338 3867 4376 cum

2237 4435 2516 4490 episcopo.

2153 4516 2212 4586 D
2306 4514 2392 4566 36.
2426 4513 2494 4565 Ut
2532 4509 2847 4582 presbyteri
2893 4508 3221 4580 parochiani
3261 4513 3360 4562 aut
3395 4523 3498 4578 per
3538 4522 3597 4560 se
3633 4509 3732 4560 aut
3767 4521 3870 4576 per

2233 4605 2370 4660 alios
2402 4603 2498 4674 qui
2526 4619 2748 4658 sacrum
2779 4606 3022 4658 tractant
3049 4600 3296 4656 chrisma
3347 4599 3418 4654 ab
3463 4598 3727 4669 episcopo
3764 4615 3863 4668 pe~

2232 4702 2376 4752 tant.

2302 4794 2388 4844 37.
2424 4791 2503 4844 De
2530 4789 2852 4844 obedientia
2881 4787 3254 4842 diaconorum
3283 4801 3419 4856 erga
3445 4783 3822 4855 presbyteros.

2303 4887 2391 4938 38.
2422 4885 2490 4938 Ut
2519 4882 2786 4937 diaconus
2812 4879 3207 4936 eucharistiam
3226 4877 3386 4948 jussu
3413 4875 3730 4948 presbyteri
3756 4875 3860 4930 mi-

2233 4977 2452 5032 nistret.

2302 5072 2388 5123 39.
2419 5069 2491 5122 Ut
2515 5068 2780 5121 diaconus
2800 5065 3040 5137 jubente
3070 5063 3396 5134 presbytero
3445 5061 3657 5116 sedeat.

2303 5163 2390 5215 40.
2421 5162 2489 5214 Ut
2532 5159 2795 5215 diaconus
2837 5173 3029 5213 coram
3086 5155 3429 5227 presbyteris
3485 5153 3865 5224 interrogatus

2231 5253 2595 5324 respondeat.

2304 5348 2391 5402 41.
2420 5348 2488 5401 Ut
2519 5345 2787 5401 diaconus
2816 5348 3069 5414 tempore
3099 5346 3318 5397 tantum
3354 5339 3525 5395 ofﬁcii
3556 5338 3747 5394 albam
3778 5339 3859 5393 in-

2231 5443 2388 5496 duaL

2302 5535 2390 5588 42.
2421 5534 2494 5586 De
2524 5531 2735 5585 clericis
2762 5531 2858 5601 qui
2885 5546 2987 5600 pro
3013 5529 3121 5584 fide
3154 5526 3351 5582 tentati
3380 5530 3527 5580 sunt.

2301 5628 2388 5680 43.
2421 5627 2496 5679 De
2513 5624 2600 5678 his
2621 5624 2718 5695 qui
2736 5639 2839 5693 pro
2860 5622 2970 5676 fide
2996 5621 3066 5675 ab
3093 5619 3413 5675 infidelibus
3438 5617 3863 5688 persecutiones

2232 5719 2378 5788 passi
2408 5720 2557 5772 sunt.

2305 5811 2388 5866 44.
2420 5811 2494 5867 De
2525 5813 2743 5864 tonsura
2774 5810 3128 5866 clericorum.
