4054 6298
222 329 311 382 341
1429 320 1894 386 DECRETALIUM
1931 327 2320 384 COLLECTIO.
3469 333 3570 386 342

285 436 375 488 45.
421 433 721 506 Dehabitu
741 434 1102 490 clericorum.
1866 446 1923 518 Α
2012 439 2102 492 78.
2143 436 2224 489 De
2270 433 2697 505 paenitentibus,
2744 435 2792 490 si
2836 440 2962 505 post
3003 436 3268 491 viaticum
3319 438 3568 508 supervi-

287 529 377 583 46.
420 527 496 583 Ce
533 527 888 583 continentia
925 527 1280 582 clericorum.
1947 531 2102 581 vant.
3317 541 3324 550 ·

289 624 376 676 47.
421 621 502 675 De
526 621 750 676 incessu
781 619 1141 676 clericorum.
2016 621 2104 674 79.
2146 619 2228 675 De
2283 618 2724 690 paenitentibus,
2779 619 2824 674 si
2877 634 3008 676 casu
3061 621 3253 692 aliqua
3317 621 3569 677 morian-

287 716 380 769 48.
421 715 503 769 De
534 712 753 769 clericis
791 711 890 784 qui
918 717 1077 768 extra
1102 713 1497 770 necessitatem
1533 715 1605 770 ad
1633 717 1840 770 nundi-
1946 716 2059 767 tur.

222 827 325 866 nas
347 811 585 868 vadunt.
2016 807 2105 860 80.
2147 806 2228 860 De
2254 819 2460 860 manus
2484 803 2844 875 impositione
2874 821 3046 876 super
3071 804 3425 877 paenitentes.

290 905 383 960 49.
423 905 502 959 De
530 903 736 976 vigiliis
757 903 1114 960 clericorum.
2017 901 2104 954 81.
2145 899 2218 954 Ut
2289 896 2644 969 paenitentes
2692 902 2946 954 mortuas
3006 897 3248 954 efferant
3293 903 3350 954 et
3408 913 3567 970 sepe-

293 1000 379 1050 50.
423 998 502 1051 De
533 997 748 1052 clericis
773 997 842 1052 ab
871 997 1058 1052 ofﬁcio
1095 997 1537 1054 continentibus.
1946 991 2109 1046 Iiaut-

290 1093 377 1143 51.
419 1091 495 1145 De
521 1090 738 1144 clericis
765 1094 829 1145 ut
851 1089 1089 1144 artiﬁcio
1115 1090 1325 1145 victum
1355 1097 1631 1162 quaerant.
2016 1085 2104 1137 82-
2144 1083 2216 1138 Ut
2244 1081 2581 1153 pmuiteutes
2610 1096 2835 1152 semper
2859 1097 3042 1153 genua
3068 1082 3315 1138 ﬂectant-

290 1184 380 1236 52.
421 1183 502 1236 De
531 1182 746 1238 clericis
793 1183 1038 1254 qualiter
1083 1182 1188 1237 sibi
1224 1183 1436 1238 victum
1481 1190 1538 1238 et
1579 1183 1842 1240 vestitum
2015 1177 2106 1229 33-
2145 1176 2224 1229 De
2251 1174 2480 1229 senibus
2505 1171 2878 1228 honorandiso

220 1278 499 1345 quaerant.
2016 1267 2106 1321 84.
2148 1269 2218 1321 Ut
2259 1266 2453 1322 ﬁdeles
2497 1282 2601 1336 pro
2649 1265 2937 1320 audienda
2983 1265 3200 1320 ratione
3239 1265 3300 1321 in
3340 1267 3570 1322 ecclesia

289 1371 380 1422 53.
422 1368 495 1422 Ut
517 1368 713 1438 legant
735 1367 924 1422 clerici
952 1367 1050 1438 qui
1076 1383 1236 1424 orare
1261 1383 1380 1424 non
1410 1373 1664 1440 possunt.
1947 1375 2124 1430 usque
2152 1358 2226 1414 ad
2254 1358 2486 1414 missam
2523 1361 2692 1412 stent.

289 1460 380 1515 54.
422 1460 499 1515 De
529 1459 746 1515 clericis
776 1458 998 1514 invidis.
2017 1453 2106 1507 85.
2147 1453 2219 1507 Ut
2246 1451 2344 1523 qui
2369 1449 2690 1522 baptizandi
2719 1453 2853 1504 sunt
2875 1465 3090 1505 nomen
3120 1450 3278 1520 dent,
3311 1453 3367 1505 et
3395 1467 3426 1504 a
3444 1451 3569 1504 vino

292 1555 380 1608 55.
420 1554 498 1608 De
523 1551 739 1608 clericis
763 1551 1201 1607 accusatoribus.
1947 1548 2007 1600 et
2035 1561 2070 1599 a
2095 1560 2261 1600 carne
2289 1543 2628 1599 abstineant.

291 1648 380 1699 56.
423 1645 504 1700 De
527 1643 745 1700 clericis
771 1643 1079 1698 maledicis.
2018 1640 2106 1692 86.
2147 1637 2220 1691 Ut
2262 1651 2449 1707 nuper
2489 1635 2758 1706 baptizati
2809 1639 2958 1690 caste
3007 1638 3065 1689 et
3105 1633 3466 1689 continenter
3492 1634 3569 1688 vi-

291 1741 380 1791 57.
422 1738 502 1792 De
531 1736 749 1792 clericis
777 1736 1167 1792 adulatoribus
1195 1740 1251 1792 et
1281 1737 1684 1808 proditoribus.
1868 1797 1918 1808 Ἀ
1947 1735 2098 1784 vant-

292 1833 383 1884 58.
424 1830 504 1884 De
531 1828 749 1884 clericis
773 1829 1106 1900 frequenter
1133 1797 1509 1900 litigantibus.
1868 1797 1925 1868 Β
2019 1826 2106 1877 87.
2150 1822 2224 1876 De
2269 1820 2554 1876 catholicis
2580 1820 2678 1892 qui
2711 1835 2936 1876 causam
2967 1819 3122 1891 apud
3150 1817 3410 1874 inﬁdeles
3434 1835 3568 1890 pro-

293 1924 383 1976 59.
423 1923 500 1975 De
539 1920 760 1975 clericis
786 1921 1282 1976 concordantibus.
1950 1918 2187 1985 ponunt.

293 2016 381 2068 60.
423 2015 499 2068 De
524 2013 742 2068 clericis
768 2013 1128 2084 turpiloquis,
1159 2013 1272 2068 sive
1293 2014 1470 2084 vagis.
2022 2011 2110 2062 88.
2150 2007 2226 2063 De
2253 2007 2342 2062 his
2366 2007 2464 2078 qui
2487 2005 2722 2062 ecclesia
2745 2005 3128 2076 praetermissa
3160 2005 3232 2061 ad
3258 2005 3574 2077 Spectacula

291 2110 380 2160 61.
423 2107 502 2161 De
529 2105 748 2160 clericis
771 2121 874 2176 per
903 2110 1190 2160 creaturas
1212 2106 1560 2176 jurantibus.
1951 2101 2219 2171 pergunt.
2395 2155 2401 2162 .

292 2202 382 2254 62.
423 2200 498 2254 De
523 2197 739 2253 clericis
767 2198 918 2252 inter
942 2199 1136 2268 epulas
1161 2199 1540 2254 cantantibus.
2022 2195 2111 2247 89.
2153 2193 2231 2247 De
2259 2191 2349 2246 his
2387 2191 2486 2263 qui
2527 2192 2802 2264 auguriis,
2833 2192 2924 2246 vel
2952 2189 3449 2257 incantationibus,
3483 2191 3570 2243 vel

294 2295 381 2346 63.
423 2291 499 2346 De
528 2291 742 2346 clericis
768 2290 919 2346 sanis
943 2291 1165 2361 jejunia
1189 2291 1599 2362 polluentibus.
1945 2285 2191 2355 judaiCiS
2218 2284 2712 2355 superstitionibus
2733 2284 3005 2340 serviunt.

291 2385 379 2439 64.
421 2385 498 2439 De
527 2383 616 2437 his
646 2382 744 2454 qui
771 2383 1020 2438 studiose
1047 2382 1339 2438 Dominico
1367 2384 1457 2437 die
1479 2384 1762 2455 jejunant.
2022 2381 2109 2431 90-
2150 2378 2227 2432 De
2265 2378 2686 2448 euersumenis.

295 2480 384 2531 65.
425 2477 500 2531 De
528 2476 738 2531 Pascha
761 2492 860 2530 suo
889 2479 1149 2546 tempore
1181 2475 1541 2531 celebrando.
2024 2473 2110 2525 91.
2150 2472 2287 2524 Item
2317 2470 2390 2523 de
2417 2469 2838 2540 energumenis.

296 2573 383 2624 66.
421 2570 493 2624 Ut
522 2568 756 2624 clericus
791 2569 861 2623 ab
892 2568 1155 2640 episcopo
1183 2569 1391 2640 injuste
1435 2569 1735 2624 damnatus
1764 2586 1846 2625 re-
2020 2566 2109 2618 92.
2149 2565 2225 2617 De
2252 2561 2403 2616 victu
2429 2576 2970 2632 energumenorum.

219 2665 414 2716 currat
452 2661 525 2716 ad
554 2660 855 2732 synodum.
2023 2659 2109 2711 93.
2152 2657 2222 2710 Ut
2269 2654 2574 2709 oblationes
2631 2652 3074 2708 discordantium
3132 2667 3244 2705 non
3293 2649 3569 2721 recipian-

295 2757 380 2808 67.
423 2755 502 2809 De
571 2753 968 2821 seditionariis,
1019 2757 1116 2806 aut
1187 2754 1486 2820 usurariis,
1536 2772 1608 2808 ne
1665 2755 1851 2810 clerici
1948 2752 2061 2803 tur.
2793 2735 2811 2744 ⁵

218 2847 382 2902 ﬁant.
2021 2842 2110 2895 94.
2149 2843 2219 2895 Ut
2273 2854 2672 2910 oppressorum
2721 2853 3040 2908 pauperum
3101 2835 3414 2890 oblationes
3462 2851 3574 2890 non

295 2940 384 2993 68.
424 2939 495 2992 Ut
519 2952 584 2993 ex
614 2938 1020 3008 paenitentibus
1075 2938 1372 2994 ordinatus
1412 2939 1644 2995 clericus
1676 2940 1847 3011 depa-
1951 2933 2349 3004 suscipiantur.

220 3034 420 3086 natur.
2023 3029 2111 3082 95.
2153 3027 2229 3079 De
2258 3025 2350 3080 his
2383 3025 2482 3098 qui
2523 3023 2835 3080 oblationes
2885 3022 3287 3084 defunctorum
3331 3018 3576 3075 ccclesiis

297 3126 383 3177 69.
423 3123 497 3177 Ut
525 3122 820 3194 episcopus
862 3122 1045 3178 viduas
1085 3124 1174 3178 vel
1217 3123 1531 3194 repudiatae
1579 3124 1850 3180 maritum
1872 3146 1927 3220 ρ
1950 3118 2240 3173 fraudant.

221 3216 298 3269 ad
325 3217 541 3270 clerum
567 3231 934 3288 promovens,
964 3216 1302 3286 deponatur.
1885 3212 1927 3220 “”
2025 3215 2112 3267 96.
2156 3213 2232 3265 De
2261 3214 2583 3266 accusatore
2613 3216 2669 3264 et
2700 3212 2977 3264 accusata.

297 3311 384 3362 70.
426 3309 496 3363 Ut
515 3307 750 3363 clericus
767 3308 1174 3363 haereticorum
1193 3308 1451 3364 convivia
1462 3310 1544 3364 vel
1566 3308 1853 3364 consortia
2025 3309 2111 3360 97.
2153 3306 2231 3360 De
2257 3319 2323 3361 eo
2344 3303 2438 3374 qui
2471 3302 2752 3374 religiosis
2774 3301 3003 3358 feminis
3031 3298 3342 3372 praeﬁcitur
3369 3302 3428 3353 ut
3455 3313 3578 3369 pro-

223 3399 426 3468 fugiat.
1951 3399 2140 3452 betur.

297 3497 385 3546 71.
427 3492 590 3555 Quod
636 3491 1036 3547 haereticorum
1078 3496 1270 3558 coetus,
1301 3508 1415 3546 non
1465 3491 1714 3559 ecclesia,
1754 3492 1854 3548 sed
2025 3493 2111 3545 98.
2151 3491 2222 3543 Ut
2247 3489 2422 3544 laicus
2448 3487 2853 3559 paenitentibus
2873 3486 3088 3540 clericis
3111 3501 3228 3539 non
3247 3485 3466 3538 doceat.

222 3584 663 3639 conciliabulum
689 3583 781 3639 sit.
2024 3586 2111 3636 99.
2153 3583 2224 3637 Ut
2286 3581 2554 3636 mulieres
2615 3579 2840 3652 publice
2920 3579 3120 3633 docere
3179 3592 3297 3632 non
3355 3591 3571 3647 praesu-

297 3679 386 3732 72.
429 3676 593 3740 Quod
637 3692 768 3730 cum
816 3676 1096 3733 haereticis
1138 3692 1242 3732 nec
1286 3677 1566 3732 orandum
1613 3678 1702 3744 sit,
1749 3694 1853 3732 nec
1952 3680 2130 3730 mant.

222 3768 606 3841 psallendum.
2029 3771 2148 3824 100.
2189 3769 2258 3824 Ut
2286 3766 2552 3822 mulieres
2575 3765 2859 3836 baptizare
2885 3780 3000 3818 non
3027 3765 3395 3834 praesumant.

297 3865 386 3917 73.
427 3863 499 3917 Ut
543 3877 674 3916 cum
719 3862 1227 3918 excommunicatis
1270 3863 1714 3929 communicans,
1767 3864 1852 3917 vel
2030 3865 2150 3917 101.
2189 3863 2269 3916 De
2294 3859 2494 3927 viduis,
2528 3856 2997 3924 adolescentibus,
3027 3859 3086 3912 et
3112 3854 3372 3914 inﬁrmis.

228 3971 416 4024 orans,
446 3955 992 4010 excommunicetur.
2029 3957 2150 4010 l02.
2190 3955 2270 4008 Ne
2310 3953 2496 4010 clerici
2526 3952 2824 4007 viduarum
2874 3949 3258 4006 familiaritate
3287 3947 3573 4003 associen-

298 4049 389 4102 74.
429 4049 506 4102 De
537 4047 930 4117 penitentiam
959 4049 1104 4118 lege.
1953 4054 2066 4104 tur.

300 4144 388 4195 75.
431 4140 508 4194 De
541 4138 1050 4210 negligentioribus
1074 4140 1495 4211 paenitentibus.
2027 4143 2146 4196 103.
2186 4141 2264 4195 De
2307 4139 2510 4210 viduis,
2538 4156 2666 4212 quae
2713 4137 2963 4195 ecclesiae
3010 4133 3305 4208 stipendiis
3356 4135 3574 4188 susten-

299 4235 388 4288 76.
430 4233 507 4287 De
534 4232 893 4302 poscentibus
922 4231 1313 4303 paenitentiam
1344 4233 1391 4287 si
1422 4237 1619 4304 postea
1647 4236 1852 4289 obmu-
1953 4237 2166 4288 tantur.

229 4329 465 4381 tescant.
2031 4327 2150 4380 104.
2192 4327 2269 4380 De
2297 4326 2478 4380 viduis
2522 4341 2649 4396 quae
2679 4325 2949 4396 professa:
2981 4305 3404 4378 continentiam.
3441 4335 3555 4391 prae

296 4423 384 4472 77.
428 4419 506 4472 De
537 4417 957 4489 paenitentibus,
987 4417 1135 4473 utin
1166 4421 1351 4473 marte
1396 4419 1659 4475 viaticum
1707 4421 1853 4475 acci-
1955 4417 2212 4472 varicatse
2239 4421 2390 4474 sunt.

227 4513 404 4582 piant.

519 4792 934 4884 INCIPIT
1010 4792 1618 4885 CONCILIUM
1694 4794 2232 4900 QUARTUM
2309 4794 3282 4887 CARTHAGINENSE.

818 4970 1135 5034 Habitum
1167 4970 1250 5033 ab
1278 4970 1590 5065 episcopis
1624 4969 1914 5035 ducentis
1940 4972 2458 5054 quatuordecz'm,
2488 4991 2623 5037 ῶνα
2654 4988 3016 5037 cacaxxxw.

301 5159 554 5227 Augusto
598 5156 846 5210 Honorio
881 5158 964 5224 lV,
999 5161 1057 5212 et
1100 5156 1387 5212 Euticiano
1427 5157 1770 5225 consulibus,
1802 5173 1935 5246 VID
2028 5161 2369 5217 CAp.l.Cum
2384 5161 2681 5232 episcopus
2701 5158 3051 5215 ordinandus
3069 5160 3355 5225 est,antea
3369 5157 3582 5212 exami-

226 5249 352 5304 Idus
378 5247 728 5316 Novembris,
761 5265 892 5304 curn
938 5249 1197 5305 Aurelius
1239 5250 1540 5322 episcopus
1575 5251 1635 5305 in
1665 5253 1854 5306 conci-
1957 5258 2149 5322 natur,
2181 5253 2226 5306 si
2255 5259 2460 5308 natura
2482 5253 2554 5306 sit
2577 5251 2852 5324 prudens,
2881 5251 2927 5306 si
2952 5251 3228 5321 docibilis,
3251 5251 3297 5305 si
3326 5248 3583 5305 moribus

226 5340 301 5396 lio
331 5342 630 5397 universali
659 5341 1030 5413 Carthagine,
1060 5343 1119 5396 in
1169 5344 1471 5399 secretario
1512 5360 1642 5397 cum
1669 5345 1856 5398 omni-
1958 5348 2330 5416 temperatus,
2361 5344 2408 5398 si
2436 5345 2551 5399 vita
2588 5347 2793 5413 castus,
2823 5345 2870 5400 si
2899 5344 3138 5416 sobrius,
3167 5345 3214 5400 si
3244 5359 3470 5415 semper
3492 5343 3579 5398 sui

227 5434 331 5488 bus
377 5433 873 5490 mnsacerdatibus
918 5436 1034 5490 suis
1080 5436 1444 5504 consedisset,
1473 5437 1683 5507 placuit
1729 5453 1858 5490 cum
1956 5439 2178 5508 negotii
2203 5453 2420 5506 cavens,
2450 5439 2496 5492 si
2526 5438 2778 5508 humilis,
2810 5438 2852 5493 si
2880 5438 3138 5505 aﬁ‘abilis,
3168 5438 3213 5492 si
3239 5435 3576 5503 misericors,

229 5543 296 5581 eo
325 5529 545 5583 cunctis
570 5529 667 5599 qui
693 5529 930 5600 fuerunt
947 5529 1006 5583 in
1032 5528 1233 5584 eadem
1259 5535 1451 5585 sancta
1476 5529 1694 5601 synodo
1719 5546 1856 5585 cou-
1957 5530 2001 5584 si
2028 5531 2332 5598 litteratus,
2364 5530 2409 5584 si
2437 5530 2494 5585 in
2525 5531 2653 5602 lege
2681 5531 2900 5586 Domini
2930 5532 3258 5600 instructus,
3282 5530 3328 5584 si
3346 5529 3406 5583 in
3435 5527 3581 5582 Scri-

229 5619 462 5676 stituere
492 5621 613 5676 haec
641 5638 769 5693 qua
801 5622 873 5677 ad
911 5622 1141 5677 ordines
1180 5622 1584 5677 ecclesiasticas
1627 5623 1854 5678 canani-
1956 5627 2252 5694 pturarum
2284 5623 2541 5679 sensibus
2571 5628 2786 5692 cautus,
2817 5625 2862 5680 si
2898 5625 2958 5680 in
3003 5622 3356 5695 dogmatibus
3401 5618 3576 5675 eccle-

230 5711 310 5766 cis
334 5718 468 5769 sunt
493 5714 813 5769 necessaria
845 5714 1175 5786 disciplinis,
1204 5714 1281 5768 ibi
1312 5715 1372 5768 in
1400 5715 1682 5787 principio
1724 5732 1852 5772 con-
1958 5716 2190 5770 siasticis
2229 5717 2584 5788 exercitatus,
2631 5721 2688 5772 et
2721 5720 2854 5773 ante
2907 5717 3114 5783 omnia,
3142 5715 3185 5769 si
3227 5710 3359 5767 ﬁdei
3402 5711 3575 5764 docu-

231 5805 488 5862 stitutum
522 5810 608 5861 est
637 5806 816 5878 qualis
846 5808 1098 5862 ordinari
1133 5807 1333 5862 debeat
1361 5808 1676 5880 episcopus.
1958 5813 2148 5865 menta
2176 5810 2358 5866 verbis
2385 5811 2698 5883 duplicibus
2726 5814 2956 5876 asserat,
2981 5809 3034 5864 id
3062 5811 3144 5861 cst
3173 5808 3396 5860 Patrem
3424 5809 3477 5859 at
3498 5805 3576 5858 Fi-
