4054 6294
478 333 577 388 343

1371 336 1650 391 ΑΡΡΕΝΙ).
1693 336 1779 389 AD
1816 336 1976 389 SJJC.
2019 336 2106 388 IX.
2129 364 2195 373 -
2236 326 2477 388 lSlDORl
2513 333 2939 388 MERCATORIS

474 437 615 492 lium
648 442 704 494 et
728 437 1000 509 Spiritum
1030 444 1287 494 sanctum
1312 455 1488 494 unum
1533 441 1711 495 Deum
1739 457 1859 496 esse
1893 442 2094 496 conﬁr-
2121 452 2179 524 Α
2269 441 2353 493 VI.
2380 439 2687 511 Acolythus
2710 455 2841 493 cum
2861 437 3177 506 ordinatur,
3292 437 3417 510 epis

472 547 656 605 mans,
671 536 966 603 totamque
985 532 1270 587 Trinitatis
1290 532 1557 587 deitatem
1579 534 2028 602 coessentialem,
2045 539 2103 590 et

477 623 1032 692 consubstantialem,
1062 629 1117 680 et
1142 625 1560 693 coaternalem,
1592 630 1648 680 et
1673 627 2098 697 coomnipoten-

478 717 597 768 tem
617 715 955 785 pradicans,
983 716 1027 769 si
1056 716 1304 786 singulas
1330 732 1585 787 quasque
1604 717 1663 771 in
1685 718 1953 773 Trinitate
1977 736 2103 789 per-

475 823 641 861 sonas
666 806 903 876 plenum
950 810 1146 875 Deum,
1174 811 1231 862 et
1277 811 1423 862 totas
1461 813 1580 863 tres
1628 826 1894 881 personas
1922 829 2102 867 unum

476 898 673 963 Deum,
692 899 740 951 si
767 899 1211 955 incarnationem
1243 900 1495 955 divinam
1524 918 1638 956 non
1658 903 1719 957 in
1737 904 1897 959 Patre
1913 920 2102 975 neque

474 989 533 1044 in
560 989 767 1061 Spiritu
792 994 986 1044 sancto
1017 991 1245 1059 factam,
1270 993 1366 1047 sed
1391 993 1449 1047 in
1482 994 1619 1049 Filio
1642 997 1863 1050 tantum
1885 997 2098 1063 credat,

471 1084 537 1135 ut
553 1082 651 1151 qui
670 1087 791 1136 erat
814 1082 872 1136 in
901 1082 1195 1138 divinitate
1217 1086 1313 1138 Dei
1344 1086 1522 1140 Patris
1548 1085 1696 1141 ﬁlius
1725 1087 1844 1158 ipse
1862 1088 2023 1143 ﬁeret
2040 1090 2100 1143 in

470 1172 697 1226 homine
729 1174 974 1228 hominis
1004 1176 1202 1230 matris
1247 1176 1416 1245 ﬁlius,
1452 1178 1599 1231 Deus
1626 1196 1790 1233 verus
1814 1196 1882 1234 ex
1915 1183 2099 1249 Patre,

470 1266 646 1321 homo
674 1282 841 1322 verus
874 1284 943 1321 ex
984 1272 1192 1337 matre,
1224 1285 1452 1323 carnem
1478 1287 1546 1324 ex
1572 1272 1773 1326 matris
1797 1273 2104 1327 visceribus

471 1358 705 1425 habens,
720 1365 776 1413 et
792 1360 1050 1414 animam
1066 1361 1384 1416 humanam
1403 1363 1741 1417 rationalem
1769 1364 1937 1419 simul
1956 1365 2013 1419 in
2036 1382 2104 1420 eo

471 1451 767 1523 utriusque
787 1456 1028 1522 natura,
1047 1455 1104 1509 id
1136 1458 1220 1509 est
1246 1457 1393 1510 Deus
1419 1461 1475 1511 et
1494 1458 1686 1524 homo,
1709 1474 1823 1512 una
1842 1476 2101 1529 persona,

440 1560 620 1598 .unus
651 1545 841 1612 Filius,
871 1563 1018 1600 unus
1062 1547 1340 1614 Christus,
1370 1564 1521 1602 unus
1562 1549 1851 1618 Dominus,
1881 1555 2105 1606 creator

473 1637 731 1691 omnium
781 1654 909 1709 qua
954 1642 1087 1694 sunt
1129 1645 1185 1694 et
1225 1646 1443 1707 auctor,
1497 1641 1767 1697 Dominus
1823 1646 1880 1698 et
1922 1647 2106 1698 rector

473 1745 603 1782 cum
646 1730 806 1784 Patre
836 1734 892 1785 et
918 1730 1134 1801 Spiritu
1165 1737 1359 1788 sancto
1400 1734 1658 1788 omnium
1689 1738 2100 1805 creaturarum,

2202 530 2477 586 doceatur
2503 531 2747 602 qualiter
2775 547 2835 584 se
2855 531 2915 585 in
2942 530 3128 585 ofﬁcio
3153 520 3263 585 suo.
3285 548 3409 602 ager

2203 624 2273 678 ab
2294 623 2694 678 archidiacono
2721 622 2960 693 accipiat
2978 623 3382 678 ceroferarium

2200 716 2341 770 sciat
2368 732 2426 771 se
2453 716 2527 769 ad
2569 715 2932 769 accendenda
2964 715 3223 770 Ecclesia
3261 715 3378 771 lum

2202 808 2346 879 pari.
2375 807 2623 878 Accipiat
2648 811 2705 861 et
2723 808 3016 889 urceolum
3042 824 3279 862 vacuum
3308 825 3355 862 at

2200 900 2398 955 vinum
2424 900 2482 954 in
2510 900 2914 954 Eucharistiam
2958 900 3255 971 sanguinis
3278 902 3337 954 Cl

2272 994 2380 1046 VII.
2411 992 2697 1046 Exoreista
2749 1009 2879 1047 cum
2923 992 3240 1059 ordinatur,
3273 1010 3315 1045 a-

2203 1084 2453 1155 episcopi
2498 1084 2755 1138 libellum
2802 1085 2860 1138 in
2884 1101 2999 1155 quo
3030 1084 3223 1155 scripti
3251 1102 3267 1118 τ

2203 1182 2365 1231 cente
2389 1176 2496 1231 sibi
2527 1176 2788 1247 episcopo
2812 1195 2826 1232 :
2848 1178 3051 1247 Accipe
3078 1183 3134 1231 et
3154 1193 3217 1231 co

2204 1274 2261 1322 et
2290 1269 2497 1322 habeto
2527 1271 2866 1338 potestatem
2890 1268 3201 1339 imponend

2205 1376 2539 1431 gumenum,
2567 1360 2682 1415 sive
2702 1360 3068 1431 baptizatum,
3092 1361 3170 1414 siv

2274 1454 2405 1507 VIII.
2437 1453 2638 1507 Lector
2665 1468 2796 1506 cum
2839 1453 3135 1508 ordinatur

2204 1545 2497 1615 episcopus
2522 1546 2595 1600 ad
2618 1545 2867 1615 plebem,
2897 1544 3149 1599 indicans

2205 1640 2374 1707 atque
2402 1637 2731 1707 ingenium;
2761 1641 2887 1707 post
2909 1637 3030 1691 hac
3055 1642 3242 1707 specta

2203 1729 2452 1785 codicem
2483 1730 2552 1784 de
2576 1745 2688 1800 quo
2723 1730 2974 1784 lecturus
2990 1733 3075 1783 est
3099 1728 3293 1783 dicens
3309 1731 3382 1783 ad
3405 1746 3539 1785 eum
3564 1772 3576 1784 .
3599 1771 3636 1785 ..
3662 1758 3836 1803 .cipa,

471 1822 569 1891 qui
604 1838 803 1892 passus
850 1822 922 1877 sit
959 1840 1091 1879 vera
1123 1825 1305 1880 carnis
1346 1828 1627 1897 passione,
1678 1829 1936 1881 mortuus
1973 1801 2106 1883 vera
2124 1801 2179 1872 Β
2203 1824 2260 1875 et
2286 1825 2406 1876 esto
2429 1822 2604 1876 lector
2624 1820 2785 1876 verbi
2806 1821 2925 1891 Dei,
2953 1820 3270 1889 habiturus,
3300 1822 3346 1876 Si
3371 1822 3615 1878 ﬁdeliter
3637 1828 3695 1877 et
3728 1801 3840 1878 ίιῐίὲ

474 1914 726 1984 corporis
770 1915 857 1969 sui
906 1920 1117 1986 morte,
1147 1920 1456 1974 resurrexit
1483 1936 1617 1973 vera
1660 1920 1843 1974 carnis
1869 1937 1983 1974 sua
2011 1937 2102 1976 re-

476 2006 756 2076 ceptione,
789 2012 845 2063 et
871 2025 1004 2063 vera
1033 2009 1241 2064 anima
1279 2012 1667 2083 resumptione
1694 2012 1753 2066 in
1783 2029 1894 2083 qua
1922 2012 2107 2067 veniet

469 2097 726 2167 judicare
757 2098 910 2154 vivos
936 2104 992 2155 et
1014 2105 1288 2157 mortuos.
1321 2103 1707 2167 Quaerendum
1734 2104 1905 2158 etiam
1935 2104 2006 2159 ab
2035 2121 2103 2159 eo

475 2189 521 2243 si
543 2190 682 2245 Novi
711 2195 769 2246 et
802 2194 1017 2247 Veteris
1043 2195 1405 2264 Testamenti,
1434 2196 1473 2249 il
1504 2199 1588 2251 est
1613 2196 1757 2267 legis
1781 2201 1837 2251 et
1860 2196 2107 2268 prophe-

477 2285 687 2349 tarum,
729 2289 785 2337 et
832 2287 1219 2354 apostolorum
1265 2304 1443 2342 unum
1492 2288 1871 2359 eumdemque
1917 2289 2106 2344 credat

478 2378 767 2429 auctorem
790 2379 847 2430 et
867 2377 1188 2445 Dominum,
1217 2378 1262 2433 si
1284 2379 1539 2434 diabolus
1568 2396 1682 2434 non
1712 2397 1815 2450 per
1837 2380 2105 2435 conditio-

475 2481 627 2533 nem,
660 2467 759 2522 sed
787 2485 893 2539 per
920 2470 1237 2525 arbitrium.
1263 2472 1443 2525 factus
1486 2472 1557 2527 sit
1585 2473 1799 2540 malus;
1838 2489 2100 2543 quaren-

473 2557 611 2611 dum
639 2558 812 2614 etiam
852 2560 922 2614 ab
952 2577 1037 2630 eo,
1072 2562 1117 2616 si
1143 2563 1335 2617 credat
1380 2564 1551 2634 hujus
1575 2580 1747 2635 quam
1787 2568 2100 2635 gestamus,

472 2653 529 2703 et
554 2665 668 2704 non
702 2652 931 2707 alterius
962 2654 1150 2708 carnis
1180 2656 1679 2723 resurrectionem,
1710 2657 1755 2710 si
1790 2658 1981 2711 credat
2003 2658 2099 2727 ju-

472 2741 685 2796 dicium
704 2742 981 2811 futurum,
1012 2749 1069 2799 et
1090 2750 1416 2816 recepturos
1447 2748 1701 2819 singulos
1728 2764 1830 2818 pro
1856 2749 1946 2802 his
1973 2765 2103 2819 qua

476 2832 532 2887 in
553 2849 723 2887 carne
745 2840 1059 2905 gesserunt,
1090 2839 1175 2891 vel
1204 2854 1397 2908 poenas
1421 2840 1507 2892 vel
1531 2840 1785 2909 pramia,
1808 2840 1853 2894 si
1878 2840 2103 2911 nuptias

473 2940 591 2978 non
618 2926 939 2995 prohibeat,
962 2928 1011 2981 si
1038 2930 1291 2984 secunda
1320 2931 1687 2985 matrimonia
1708 2948 1823 2987 non
1848 2932 2101 2999 damnet,

475 3017 519 3070 si
547 3017 806 3071 carnium
847 3021 1267 3090 perceptionem
1312 3040 1427 3076 non
1468 3024 1677 3093 culpet,
1705 3023 1749 3078 si
1777 3024 2102 3094 poenitenti-

474 3108 578 3163 bus
605 3110 982 3165 reconciliatis
1012 3114 1412 3181 communicet,
1436 3115 1481 3169 si
1514 3116 1572 3169 in
1602 3116 1886 3187 baptismo
1910 3117 2104 3172 omnia
2124 3150 2177 3224 Ο

477 3206 696 3224 ---Α-ι.-
748 3202 800 3224 2.1
829 3208 900 3224 --ι
923 3206 1032 3224 1-,“
1067 3205 1160 3224 311”
1188 3206 1203 3224 Ἰ
1247 3223 1254 3224 ,
1305 3207 1315 3218 ’
1374 3207 1384 3217 ·
1469 3208 1483 3224 1
1665 3212 1675 3224 ι
1787 3214 1797 3224 .

477 3206 725 3270 peccata,
748 3202 805 3256 id
822 3208 905 3258 est
923 3206 1041 3259 tam
1064 3205 1207 3259 illud
1233 3207 1523 3277 originale
1550 3212 1905 3263 contractum
1924 3227 2102 3281 quam

476 3293 571 3346 illa
619 3310 745 3364 qua
788 3296 1107 3351 voluntarie
1153 3299 1417 3369 admissa
1455 3306 1588 3355 sunt
1634 3301 2013 3369 dimittantur,
2056 3302 2101 3355 si

474 3391 636 3440 extra
689 3387 985 3442 Ecclesiam
1035 3391 1373 3446 catholicam
1412 3393 1599 3447 nullus
1642 3396 1909 3448 salvetur.
1956 3396 2100 3449 Cum

474 3477 530 3530 in
574 3477 662 3532 his
706 3480 973 3535 omnibus
1015 3482 1366 3538 examinatus
1406 3485 1581 3540 fuerit
1623 3485 1884 3540 inventus
1932 3486 2100 3556 plene

471 3570 796 3640 instructus,
833 3578 968 3628 tunc
999 3590 1129 3629 cum
1159 3593 1435 3631 consensu
1475 3577 1811 3633 clericorum
1842 3582 1895 3633 et
1924 3579 2098 3633 laico-

468 3678 620 3732 rum,
668 3669 725 3718 et
780 3673 1057 3721 conventu
1104 3670 1276 3723 totius
1320 3670 1624 3739 provincia
1679 3671 2099 3741 episcoporum,

471 3755 834 3826 maximeque
877 3760 1328 3829 metropolitani,
1361 3764 1425 3815 ut
1450 3762 1805 3828 auctoritate,
1837 3762 1926 3815 vel
1953 3780 2099 3832 pra-

473 3847 657 3900 sentia
718 3848 1018 3903 ordinetur
1078 3851 1391 3921 episcopus,
1444 3856 1705 3922 suscepto
1759 3853 1815 3907 in
1866 3855 2101 3909 nomine

472 3938 681 3994 Christi
730 3939 1079 4010 episcopatu,
1111 3958 1223 3996 non
1270 3960 1386 3998 sua
1435 3944 1817 4012 delectationi,
1846 3962 1950 4000 nec
1987 3947 2102 4001 suis

476 4029 745 4099 motibus,
775 4031 876 4085 sed
904 4032 993 4086 his
1020 4038 1250 4103 patrum
1294 4035 1726 4091 difﬁnitionibus
1763 4039 2098 4109 acquiescat.

472 4121 688 4177 Dehinc
717 4122 1039 4195 disponitur
1067 4127 1310 4197 qualiter
1336 4128 1713 4185 ecclesiastica
1737 4130 1924 4188 ofﬁcia
1952 4133 2100 4187 ordi-

474 4218 705 4269 nantur.

545 4305 672 4379 82
716 4309 781 4363 ll.
821 4310 1124 4382 Episcopus
1154 4328 1284 4367 cum
1330 4313 1648 4384 ordinatur,
1688 4315 1801 4372 duo
1848 4317 2100 4391 episcopi

475 4402 693 4468 ponant
720 4404 774 4454 et
798 4405 1031 4457 teneant
1060 4405 1496 4476 Evangeliorum
1530 4408 1779 4463 codicem
1811 4427 1981 4481 super
2002 4430 2097 4467 ca-

2203 1913 2331 1967 liter
2346 1913 2667 1983 impleveris
2686 1913 2959 1983 ofﬁcium,
2980 1918 3198 1984 partem
3224 1929 3352 1968 cum
3373 1914 3453 1969 eis
3477 1915 3575 1985 qui
3590 1915 3837 1970 verbum

2204 2006 2303 2060 Dei
2330 2006 2822 2060 ministraverunt.

2276 2100 2361 2153 IX.
2401 2098 2672 2153 Ostiarius
2719 2114 2851 2152 cum
2900 2098 3216 2164 ordinatur,
3265 2101 3564 2169 postquam
3613 2099 3684 2154 ab
3734 2117 3834 2155 ar-

2204 2190 2529 2244 chidiacono
2573 2190 2881 2245 instructus
2917 2190 3092 2245 fuerit
3118 2189 3360 2261 qualiter
3403 2190 3460 2244 in
3504 2191 3676 2246 domo
3726 2192 3835 2246 Dei

2204 2282 2408 2337 debeat
2425 2282 2768 2350 conversari,
2784 2282 2857 2336 ad
2878 2283 3308 2354 suggestionem
3323 2282 3702 2338 archidiaconi
3723 2288 3840 2339 tra-

2203 2374 2298 2429 dat
2320 2374 2369 2429 ei
2391 2375 2689 2444 episcopus
2709 2374 2891 2429 claves
2909 2375 3159 2430 ecclesia
3182 2374 3252 2429 de
3269 2374 3473 2429 altario
3495 2375 3718 2430 dicens:
3739 2376 3835 2432 Sic

2202 2483 2306 2538 age
2325 2468 2485 2539 quasi
2504 2467 2834 2522 redditurus
2859 2468 3099 2521 Domino
3118 2467 3396 2522 rationem
3423 2483 3524 2537 pro
3551 2466 3639 2523 his
3658 2469 3838 2523 rebus

2203 2576 2334 2631 qua
2363 2560 2451 2614 his
2475 2559 2723 2614 clavibus
2758 2559 3152 2614 recluduntur.

2273 2654 2333 2706 X.
2362 2652 2677 2718 Psalmista,
2706 2652 2764 2706 id
2795 2657 2881 2707 est
2905 2655 3120 2720 cantor,
3149 2655 3334 2722 potest
3358 2652 3570 2723 absque
3599 2652 3837 2709 scientia

2201 2745 2449 2815 episcopi
2474 2746 2591 2799 sola
2611 2744 2862 2814 jussione
2901 2745 3216 2814 presbyteri
3246 2744 3497 2800 ofﬁcium
3535 2746 3827 2816 suscipere

2202 2836 2491 2904 cantandi,
2523 2837 2742 2891 dicente
2768 2836 2874 2891 sibi
2898 2837 3249 2907 presbytero,
3280 2837 3406 2891 vide
3439 2839 3501 2890 ut
3539 2838 3695 2908 quod
3727 2854 3831 2893 ore

2203 2935 2391 2984 cantas
2427 2930 2597 2984 corde
2641 2930 2855 2997 credas,
2883 2932 2943 2984 et
2986 2929 3139 2999 quod
3183 2930 3355 2984 corde
3402 2929 3586 2984 credis
3639 2931 3831 3001 operi-

2203 3021 2308 3075 bus
2337 3022 2692 3092 comprobes.

2276 3115 2359 3169 Xl.
2389 3113 2841 3169 Sanctimonialis
2865 3114 3028 3186 virgo
3059 3131 3190 3169 cum
3233 3114 3305 3169 ad
3348 3115 3829 3170 consecrationem

2204 3206 2290 3261 sui
2317 3204 2579 3277 episcopo
2607 3207 2865 3274 offertur,
2891 3208 2951 3261 iu
2977 3207 3188 3261 talibus
3213 3207 3462 3262 vestibus
3491 3208 3829 3279 applicetur,

2204 3299 2462 3371 qualibus
2487 3281 2715 3371 semper
2742 3316 2915 3354 usura
2943 3302 3029 3353 est
3057 3300 3415 3370 professioni,
3448 3304 3506 3355 et
3530 3301 3836 3356 sanctimo-

2203 3393 2314 3446 nia
2340 3409 2567 3463 suaque
2596 3392 2864 3463 religioni
2890 3394 3161 3462 suscepta
3187 3393 3352 3462 aptis.

2273 3486 2378 3540 XII.
2410 3485 2605 3538 Vidua
2650 3485 2740 3539 vel
2782 3483 3235 3538 sanctimoniales
3278 3500 3406 3555 qua
3451 3484 3519 3538 ad
3568 3484 3829 3540 ministe-

2202 3576 2351 3631 rium
2378 3575 2846 3647 baptizandarum
2871 3576 3177 3630 mulierum
3206 3576 3512 3647 eliguntur,
3536 3576 3830 3632 instructa

2202 3670 2315 3724 sint
2350 3670 2421 3724 ad
2450 3668 2721 3735 ofﬁcium,
2749 3673 2815 3723 ut
2843 3668 3064 3738 possint
3105 3672 3235 3738 apto
3286 3674 3343 3723 et
3385 3686 3519 3723 sano
3561 3685 3830 3724 sermone

2202 3763 2402 3816 docere
2438 3761 2731 3832 imperitas
2756 3767 2813 3815 et
2842 3761 3079 3815 rusticas
3119 3760 3388 3815 mulieres
3429 3767 3687 3832 tempore
3712 3778 3827 3832 quo

2199 3853 2552 3925 baptizanda
2600 3857 2751 3923 sunt,
2790 3854 3035 3925 qualiter
3075 3853 3414 3924 baptizatori
3463 3854 3827 3925 interrogata

2201 3946 2607 4018 respondeant,
2662 3951 2715 4002 et
2769 3946 3014 4018 qualiter
3059 3951 3291 4017 accepto
3346 3946 3687 4017 baptismate
3739 3946 3822 4001 vi-

2199 4045 2352 4095 vant.

2270 4134 2405 4187 XIII.
2452 4133 2695 4203 Sponsus
2733 4136 2789 4188 et
2829 4148 3037 4203 sponsa
3091 4148 3220 4186 cum
3271 4130 3641 4186 benedicendi
3694 4137 3830 4189 sunt

2200 4244 2233 4280 a
2261 4226 2573 4294 sacerdote,
2603 4242 2637 4280 a
2667 4226 2999 4295 parentibus
3044 4224 3179 4293 suis,
3208 4225 3293 4278 vel
3339 4241 3372 4278 a
3416 4226 3830 4297 paranymphis

2201 4319 2532 4386 offerantur,
2547 4318 2787 4389 quicum
2802 4317 3258 4372 benedictionem
3268 4317 3609 4387 acceperint,
3624 4318 3826 4372 eadem

2198 4415 2362 4465 nocte
2392 4427 2494 4481 pro
2524 4410 2845 4465 reverentia
2897 4409 3072 4480 ipsius
3114 4408 3523 4465 benedictionis
3565 4409 3627 4464 in
3652 4409 3824 4481 virgi-

475 4494 660 4561 putet
689 4493 963 4549 cervicem
1015 4496 1156 4566 ejus,
1188 4501 1246 4551 et
1283 4515 1397 4553 uno
1437 4517 1607 4572 super
1652 4518 1784 4557 eum
1827 4504 2100 4560 fundente
2122 4510 2179 4580 D
2204 4504 2377 4558 nitate
2407 4507 2800 4574 permaneant.

474 4583 944 4655 benedictionem,
977 4589 1177 4661 reliqui
1210 4608 1409 4647 omnes
1453 4595 1701 4666 episcopi
1749 4595 1847 4667 qui
1891 4597 2099 4652 adsunt

474 4677 736 4732 manibus
763 4680 875 4735 suis
900 4686 1071 4752 caput
1097 4682 1218 4754 ejus
1246 4686 1509 4756 tangant.

544 4771 628 4824 lll.
663 4772 963 4845 Presbyter
986 4791 1116 4828 cum
1147 4777 1459 4846 ordinatur,
1481 4780 1743 4851 episcopo
1768 4798 1900 4837 eum
1923 4783 2098 4838 bene-

476 4860 714 4929 dicente,
743 4868 801 4918 et
828 4882 1062 4921 manum
1093 4884 1265 4939 super
1293 4876 1461 4940 caput
1504 4872 1625 4941 ejus
1651 4877 1897 4943 tenente,
1929 4876 2097 4930 etiam

475 4969 677 5006 omnes
721 4958 1034 5028 presbyteri
1077 4961 1174 5031 qui
1220 4966 1528 5032 prasentes
1558 4968 1691 5018 sunt
1726 4982 1929 5020 manus
1971 4984 2101 5023 suas

464 5045 632 5113 juxta
657 5062 861 5102 manus
889 5051 1136 5123 episcopi
1167 5071 1337 5125 super
1362 5059 1530 5126 caput
1557 5057 1711 5111 illius
1736 5062 1990 5115 teneant.

546 5138 630 5191 IV.
663 5138 943 5196 Diaconus
970 5161 1098 5199 cum
1130 5146 1443 5217 ordinatur,
1476 5149 1626 5203 solus
1667 5150 1964 5221 episcopus
2003 5153 2100 5223 qui

474 5244 607 5282 eum
630 5228 912 5289 benedicit
939 5252 1141 5292 manus
1172 5258 1342 5311 super
1366 5246 1536 5313 caput
1564 5242 1712 5297 illius
1741 5248 1931 5314 ponat,
1962 5246 2100 5316 quia

350 5326 365 5333 “
472 5337 587 5375 non
636 5323 706 5377 ad
760 5328 1162 5398 sacerdotium,
1212 5335 1308 5388 sed
1350 5336 1418 5390 ad
1464 5336 1844 5392 ministerium
1900 5354 2095 5393 conse-

544 5509 603 5563 V.
650 5508 1034 5569 Subdiaconus
1081 5532 1209 5569 cum
1262 5518 1554 5575 ordinatur
1602 5523 1751 5578 solus
1797 5523 2094 5595 episcopus

470 5600 602 5670 quia
628 5618 830 5658 manus
860 5605 1280 5676 impositionem
1324 5626 1437 5665 non
1471 5616 1703 5685 accepit,
1732 5621 1996 5686 patenam
2028 5618 2097 5673 de

472 5692 719 5763 episcopi
748 5712 924 5750 manu
946 5699 1187 5769 accipiat
1209 5718 1445 5757 vacuam
1481 5711 1537 5760 et
1565 5708 1800 5764 calicem
1832 5727 2093 5777 vacuum,

474 5781 542 5835 de
567 5800 740 5840 manu
771 5803 902 5842 vero
929 5790 1312 5847 archidiaconi
1367 5798 1654 5854 urceolum
1704 5818 1832 5856 cum
1864 5821 2008 5874 aqua
2041 5806 2099 5858 et

476 5875 705 5947 mantile
734 5883 788 5932 et
811 5883 1258 5955 manutergium.

2266 4598 2392 4652 XIV.
2432 4598 2502 4651 Ut
2533 4596 2830 4667 episcopus
2871 4612 2987 4650 non
3033 4596 3202 4665 longe
3241 4595 3310 4649 ab
3356 4593 3584 4649 ecclesia
3628 4594 3825 4666 hospi-

2201 4689 2400 4744 tiolum
2426 4688 2654 4743 habeat.

2271 4784 2374 4837 XV.
2408 4783 2480 4837 Ut
2508 4782 2804 4853 episcopus
2830 4782 3001 4835 vilem
3029 4781 3452 4852 supellectilem,
3484 4783 3543 4834 et
3563 4796 3821 4835 mensam

2199 4893 2261 4930 ac
2278 4876 2486 4931 victum
2515 4891 2826 4946 pauperem
2852 4874 3081 4941 habeat,
3104 4879 3160 4929 et
3186 4874 3478 4945 dignitatis
3500 4889 3615 4929 sua
3634 4875 3825 4927 aucto-
3930 4940 3939 4945 _

2200 4969 2427 5024 ritatem
2454 4969 2562 5024 ﬁde
2592 4971 2650 5023 et
2673 4967 2803 5023 vita
2834 4966 3050 5022 meritis
3079 4948 3359 5038 quarat.i

2270 5064 2399 5118 XVI.
2449 5064 2519 5117 Ut
2564 5061 2861 5132 episcopus
2913 5061 3211 5132 gentilium
3262 5060 3434 5114 libros
3481 5076 3595 5114 non
3644 5061 3823 5133 legat,

2198 5155 2602 5210 hareticorum
2626 5158 2817 5209 autem
2847 5170 2949 5223 pro
2977 5153 3306 5208 necessitate
3333 5157 3391 5208 et
3415 5158 3692 5225 tempore.

2268 5250 2417 5303 XVII.
2460 5249 2531 5302 Ut
2571 5247 2874 5319 episcopus
2917 5246 3390 5317 gubernationem
3440 5245 3740 5301 viduarum
3772 5250 3828 5301 et

2200 5341 2545 5413 pupillorum
2587 5357 2652 5395 ac
2702 5339 3134 5411 peregrinorum
3182 5355 3299 5394 non
3358 5356 3466 5411 per
3506 5356 3565 5394 se.
3614 5338 3825 5410 ipsum,

2197 5434 2296 5488 sed
2344 5451 2447 5505 per
2471 5432 2957 5502 archidiaconum,
2989 5435 3087 5486 aut
3122 5448 3226 5502 per
3268 5431 3825 5504 archipresbyterum

2196 5532 2347 5597 agaL

2266 5620 2440 5674 XVIII.
2464 5621 2533 5675 Ut
2555 5618 2851 5690 episcopus
2876 5618 3178 5674 tuitionem
3212 5620 3685 5674 testamentorum
3713 5633 3828 5674 non

2197 5712 2484 5782 suscipiat.

2266 5806 2386 5858 XIX.
2444 5806 2523 5859 Ut’
2566 5803 2860 5875 episcopus
2914 5821 3030 5861 non
3090 5807 3439 5876 provocatus,
3502 5818 3604 5876 pro
3653 5804 3823 5860 rebus

2200 5895 2532 5953 transitoriis
2563 5894 2763 5969 litiget.
