4054 6326
200 354 294 410 343

1424 356 1893 411 DECRETALIUM
1931 353 2315 411 COLLECTIO.

3445 361 3547 412 346

265 462 372 515 XX.
395 461 469 516 Ut
497 461 796 532 episcopus
826 461 1046 516 nullam
1077 460 1159 515 rei
1193 462 1487 516 familiaris
1529 479 1722 516 curam
1755 463 1825 516 ad
1846 487 1904 556 Α
1995 463 2255 517 XXXVIII.
2287 465 2355 517 Ut
2385 464 2655 516 diaconus
2687 469 2965 534 praesente
2993 463 3320 533 presbytero
3343 464 3554 518 Eucha-

200 571 254 607 se
283 559 530 622 revocet,
552 555 646 608 sed
676 558 738 608 ut
761 555 994 608 lectioni
1015 555 1327 609 etorationi
1347 559 1403 609 et
1427 555 1598 609 verbo
1619 553 1823 625 praedi-

199 646 431 699 cationis
450 647 849 701 tantummodo
879 652 1055 702 vacet.

267 739 394 792 XXI.
430 739 501 792 Ut
530 739 827 809 episcopus
857 740 927 792 ad
954 739 1234 809 synodum
1272 740 1353 794 ire
1387 755 1506 792 non
1541 738 1664 792 sine
1695 738 1826 791 satis

201 831 355 900 gravi
382 831 715 884 necessitate
746 831 1091 901 inhibeatur,
1110 833 1187 886 sic
1201 838 1390 886 tamen
1413 837 1474 885 ut
1501 832 1556 884 in
1578 847 1676 884 sua
1690 847 1822 900 per-

203 1014 483 1085 quidquid
515 1032 673 1068 sacra
702 1015 946 1085 synodus
975 1017 1250 1070 statuerit.

267 1108 417 1161 XXII.
452 1109 523 1161 Ut
565 1107 859 1178 episcopus
884 1109 1006 1161 sine
1045 1109 1280 1162 concilio
1323 1108 1660 1162 clericorum
1703 1123 1826 1160 suo-

201 939 336 976 sona
364 923 621 993 legatum
649 923 838 977 mittat
853 927 1214 994 suscepturus
1237 925 1391 978 salva
1420 923 1554 976 fidei
1586 923 1824 977 veritate

203 1014 483 1085 quidquid
515 1032 673 1068 sacra
702 1015 946 1085 synodus
975 1017 1250 1070 statuerit.
1766 946 1893 1135 <

269 1108 396 1135 \'\'ll
452 1109 520 1135 Ιῖι
567 1107 857 1135 Ληέηηηη--η
885 1109 1004 1135 ,ἔν-η
1047 1109 1278 1135 ..Α-ιηζιζι.
1326 1108 1658 1135 ηιηηεηηηιννι
1703 1123 1802 1135 ιιι-Λ

201 1215 327 1252 rum
354 1199 586 1253 clericos
615 1216 730 1254 non
755 1200 997 1267 ordinet,
1031 1200 1106 1253 ita
1130 1205 1194 1254 ut
1218 1200 1426 1254 civium
1437 1215 1745 1267 ,assensum
1771 1202 1828 1251 et

202 1245 327 1252 η...
358 1245 585 1253 ---ηννν
615 1245 730 1254 κν..
758 1245 997 1267 --...._--,
1031 1245 1106 1253 -.κ
1134 1245 1194 1254 ν.-
1221 1245 1426 1254 --....-..

201 1291 621 1346 conniventiam
647 1297 703 1346 et
727 1292 1119 1346 testimonium
1149 1298 1384 1362 quaerat.
1408 1245 1451 1386 /

267 1385 438 1438 XXIII.
488 1386 557 1438 Ut
597 1384 891 1455 episcopus
936 1385 1144 1438 nullius
1182 1383 1418 1438 causam
1460 1384 1651 1438 audiat
1699 1383 1826 1437 abs-

204 1492 309 1546 que
357 1477 664 1546 praesentia
707 1477 1041 1531 clericorum
1086 1493 1341 1543 suorum,
1382 1477 1635 1547 alioquin
1667 1476 1829 1529 irrita

205 1569 307 1621 erit
355 1569 638 1624 sententia
679 1568 946 1639 episcopi,
988 1568 1095 1622 nisi
1137 1570 1472 1624 clericorum
1522 1567 1829 1639 prmsentia

205 1659 588 1714 conﬁrmetur.

267 1753 445 1806 XXIV.
475 1753 776 1808 Sacerdote
804 1753 1041 1808 verbum
1075 1753 1316 1808 faciente
1343 1755 1402 1807 in
1443 1751 1697 1818 ecclesia,
1731 1749 1827 1820 qui

203 1860 462 1914 egressus
494 1845 564 1899 de
592 1846 875 1900 auditorio
899 1847 1090 1913 fuerit,
1126 1845 1668 1900 excommunicetur.

270 1937 422 1990 XXV.
470 1937 816 1992 Dissidentes
859 1938 1168 2010 episcopos,
1218 1939 1265 1992 si
1326 1955 1440 1992 non
1485 1938 1657 1991 timor
1704 1936 1825 2004 Dei,

203 2029 450 2098 synodus
479 2031 821 2086 reconciliet.

272 2123 443 2175 XXVI.
494 2123 851 2176 Studendum
901 2129 986 2178 est
1029 2123 1324 2194 episcopis,
1378 2129 1441 2178 ut
1496 2122 1829 2177 dissidentes

205 2215 423 2282 fratres,
465 2215 580 2268 sive
629 2215 881 2283 clericos,
929 2216 1046 2270 sive
1085 2216 1259 2270 laicos
1301 2217 1373 2270 ad
1415 2232 1611 2285 pacem
1648 2214 1829 2284 magis

205 2322 373 2376 quam
399 2306 472 2359 ad
491 2306 774 2376 judicium
805 2307 1196 2362 cohortentur.

270 2399 463 2452 XXVII.
495 2399 566 2451 Ut
591 2398 884 2469 episcopus
922 2400 990 2453 de
1027 2400 1152 2453 loco
1183 2399 1422 2470 ignobili
1470 2399 1544 2453 ad
1576 2397 1829 2452 nobilem

203 2507 304 2560 per
329 2490 708 2544 ambitionem
726 2508 840 2545 non
864 2495 1134 2561 transeat,
1159 2509 1264 2546 nec
1285 2492 1583 2562 quisquam
1603 2490 1830 2543 inferio-

203 2582 276 2636 ris
303 2583 518 2637 ordinis
560 2583 812 2652 clericus,
859 2601 991 2639 sane
1038 2585 1083 2638 si
1137 2601 1238 2655 pro
1283 2585 1520 2638 utilitate
1569 2582 1829 2637 Ecclesiae

201 2675 526 2730 faciendum
550 2677 873 2746 poposcerit
902 2677 1126 2732 decreto
1167 2694 1271 2748 pro
1304 2693 1369 2731 eo
1406 2677 1745 2730 clericorum
1777 2680 1831 2728 et

202 2768 482 2823 laicorum
511 2768 790 2839 episc0pis
831 2775 1089 2840 porrecto
1133 2771 1192 2824 in
1229 2769 1591 2840 praesentiam
1629 2768 1831 2838 synodi

203 2862 599 2928 transferatur,
629 2862 1000 2916 nihilominus
1040 2863 1147 2916 alio
1169 2863 1228 2915 in
1257 2863 1378 2915 loco
1416 2862 1540 2930 ejus
1569 2861 1831 2930 episcopo

203 2953 533 3023 subrogato,
567 2953 853 3008 inferioris
878 2971 1009 3008 vero
1032 2955 1240 3025 gradus
1259 2954 1606 3022 sacerdotes,
1637 2953 1726 3006 vel
1740 2951 1832 3005 alii

203 3045 392 3099 clerici
419 3046 780 3100 concessione
804 3063 1039 3100 suorum
1069 3047 1466 3117 episcoporum
1497 3049 1732 3116 possunt
1759 3044 1832 3097 ad

203 3138 345 3191 alias
371 3138 633 3192 ecclesias
658 3140 1084 3210 transmigrare.

1925 554 2146 607 ristiam
2191 555 2440 625 corporis
2468 556 2675 609 Christi
2711 558 2923 626 pepulo
2958 557 3002 609 si
3046 558 3345 610 necessitas
3382 557 3548 626 cogit,

1917 646 2130 715 jussus,
2166 653 2378 716 eroget.

1995 740 2214 792 XXXIX.
2247 741 2316 792 Ut
2339 739 2610 794 diaconus
2639 741 2891 811 quolibet
2918 742 3040 793 loco
3060 741 3298 809 jubente
3328 742 3554 812 presby-

1924 834 2048 883 tero
2077 830 2288 884 sedeat.

1995 922 2096 974 XL.
2130 923 2196 975 Ut
2230 923 2499 978 diaconus
2547 924 2604 977 in
2652 931 2931 979 conventu
2968 927 3429 996 presbyterorum
3473 928 3551 981 in-

1925 1016 2246 1082 terrogatus
2276 1015 2556 1085 loquatur.
2718 1005 2723 1009 ’

1997 1105 2124 1159 XLI.
2159 1107 2230 1159 Ut
2255 1106 2529 1160 diaconus
2563 1113 2818 1178 tempore
2855 1109 3152 1162 oblationis
3181 1113 3420 1178 tantum,
3466 1111 3551 1164 vel

1924 1197 2183 1250 lectionis
2209 1198 2337 1250 alba
2365 1199 2656 1252 induatur.

1997 1290 2148 1342 XLII.
2180 1291 2461 1344 Clericum
2485 1291 2636 1345 inter
2665 1292 3001 1346 tentationes
3031 1293 3214 1347 ofﬁcio
3247 1312 3345 1348 suo
3390 1296 3548 1351 incu-

1925 1382 2156 1434 bantem
2184 1383 2452 1452 gradibus
2479 1384 2924 1437 sublimandum.

1997 1475 2173 1527 XLIII.
2204 1475 2590 1528 Christianum
2625 1477 2962 1530 catholicum
3001 1477 3099 1546 qui
3138 1494 3240 1546 pro
3282 1481 3554 1534 catholica

1925 1566 2035 1619 ﬁde
2061 1566 2458 1620 tribulationes
2489 1568 2702 1637 patitur
2732 1569 2944 1622 honore
2981 1570 3138 1622 omni
3173 1572 3549 1626 a.sacerdoti-

1925 1658 2032 1711 bus
2058 1658 2481 1726 honorandum,
2523 1660 2695 1714 etiam
2727 1665 2784 1714 et
2819 1677 2920 1731 per
2958 1661 3256 1715 diaconum
3306 1663 3356 1716 ei
3385 1665 3557 1718 victus

1926 1750 2296 1805 ministretur.

1844 1833 1902 1904 B
1995 1844 2168 1898 XLIV.
2214 1843 2460 1898 Clericus
2503 1862 2610 1897 nec
2645 1863 2868 1900 comam
2907 1846 3140 1914 nutriat,
3177 1864 3280 1902 nec
3320 1849 3551 1902 barbam

1929 1936 2112 1989 radat.

2000 2029 2148 2082 XLV.
2193 2029 2442 2083 Clericus
2476 2029 2889 2100 professionem
2922 2047 3100 2097 suam,
3153 2035 3210 2085 et
3244 2032 3300 2086 in
3335 2033 3551 2100 habitu,

1931 2121 2064 2173 etin
2093 2121 2317 2174 incessu
2357 2122 2583 2192 probet,
2615 2126 2672 2174 et
2700 2123 2828 2176 ideo
2872 2139 2977 2176 nec
3005 2123 3265 2192 vestibus,
3301 2142 3404 2180 nec
3441 2127 3552 2179 cal-

1930 2213 2235 2267 ceamentis
2263 2213 2524 2267 decorem
2544 2220 2778 2284 quaerat.

2000 2305 2172 2357 XLVI.
2203 2305 2445 2359 Clericus
2471 2323 2600 2359 cum
2637 2307 2909 2360 extraneis
2947 2309 3278 2364 mulieribus
3311 2328 3421 2363 non
3451 2311 3554 2364 ha-

1928 2396 2087 2450 bitet.

2000 2490 2192 2543 XLVII.
2223 2491 2468 2544 Clericus
2494 2508 2598 2560 per
2623 2493 2832 2560 plateas
2860 2497 2915 2546 et
2935 2494 3239 2563 andronas,
3275 2496 3379 2548 nisi
3407 2502 3558 2562 certa

1930 2584 1986 2634 et
2015 2582 2259 2636 maxima
2289 2583 2458 2636 ofﬁcii
2487 2584 2572 2635 sui
2597 2584 2950 2651 necessitate,
2980 2601 3092 2638 non
3122 2587 3391 2640 ambulet.

2001 2675 2221 2729 XLVIII.
2265 2676 2510 2729 Clericus
2540 2675 2635 2746 qui
2671 2693 2784 2729 non
2821 2692 2924 2746 pro
2960 2679 3203 2731 emendo
3241 2679 3476 2750 aliquid,
3501 2681 3553 2734 in

1932 2766 2204 2820 nundinis
2225 2768 2311 2820 vel
2337 2767 2396 2820 in
2418 2768 2538 2820 foro
2565 2769 2910 2836 deambulat,
2933 2769 3001 2822 ab
3023 2769 3205 2824 ofﬁcio
3224 2763 3323 2824 suo
3353 2773 3556 2842 degra-

1932 2859 2116 2912 detur.

2003 2952 2176 3005 XLIX.
2205 2952 2452 3006 Clericus
2477 2953 2572 3023 qui
2601 2953 2813 3023 absque
2844 2955 3163 3025 corpusculi
3195 2957 3279 3009 sui
3307 2957 3556 3028 inaequa-

1931 3045 2087 3098 litate
2119 3043 2322 3113 vigiliis
2348 3046 2524 3114 deest,
2558 3046 2851 3116 stipendiis
2885 3047 3136 3116 privatus
3173 3051 3558 3105 excommuni-

1935 3140 2112 3190 cetur.

274 3231 495 3285 XXVIII.
524 3232 747 3285 Irritam
788 3187 1214 3303 esseoinjustam
1253 3233 1648 3303 episcoporum
1675 3233 1833 3286 dam-
1858 3187 1912 3258 Ο
2008 3231 2067 3284 L.
2101 3231 2379 3286 Clericum
2414 3231 2562 3284 inter
2591 3231 2925 3287 tentationes
2953 3233 3023 3287 ab
3055 3235 3242 3289 officio
3272 3253 3372 3290 suo
3399 3236 3565 3292 decli-

203 3323 499 3378 nationem
530 3323 740 3378 idcirco
765 3341 798 3377 a
822 3325 1035 3396 synodo
1064 3325 1506 3380 retractandam.

277 3417 450 3471 XXIX.
483 3416 789 3488 Episcopus
817 3419 864 3471 si
891 3419 1092 3472 clerico
1117 3420 1206 3473 vel
1235 3419 1378 3472 laico
1404 3419 1621 3472 crimen
1654 3418 1832 3488 impo-

202 3508 400 3576 suerit,
429 3509 741 3564 deducatur
764 3511 836 3564 ad
861 3511 1260 3581 probationem
1290 3511 1348 3565 in
1379 3512 1676 3582 synodum.

1939 3327 2194 3389 nantem,
2250 3324 2336 3376 vel
2386 3323 2770 3393 negligentius
2804 3330 3089 3396 agentem,
3121 3327 3190 3379 ab
3231 3328 3420 3381 ofﬁcio
3466 3346 3566 3384 suo

1939 3415 2367 3469 removendum.

2009 3509 2091 3560 LI.
2125 3508 2372 3562 Clericus
2400 3508 2782 3577 quatumlibet
2811 3510 2982 3563 verbo
3010 3511 3112 3563 Dei
3145 3513 3398 3566 eruditus
3428 3515 3560 3567 arti-

277 3602 428 3655 XXX.
473 3605 721 3657 Caveant
773 3603 999 3674 judices
1054 3604 1313 3659 Ecclesia:
1357 3621 1430 3658 ne
1497 3604 1726 3658 absente
1769 3618 1836 3656 eo
1937 3600 2066 3654 ficio
2093 3601 2303 3653 victum
2332 3604 2551 3670 quaerat

205 3693 368 3763 cujus
398 3711 569 3748 causa
609 3696 928 3764 ventilatur,
979 3697 1318 3751 sententiam
1361 3698 1671 3767 proferant,
1705 3695 1839 3766 quia

205 3787 370 3840 irrita
395 3787 520 3854 erit,
562 3788 676 3842 imo
733 3793 792 3842 et
837 3805 1064 3843 causam
1089 3790 1149 3844 in
1177 3790 1394 3860 synodo
1436 3807 1539 3860 pro
1567 3790 1713 3843 facto
1737 3789 1837 3842 da-

205 3879 372 3933 bunt

283 3973 453 4026 XXXI.
485 3974 557 4026 Ut
583 3973 879 4045 episcopus
897 3975 966 4029 de
997 3977 1165 4030 rebus
1185 3981 1456 4047 tanquam
1481 3975 1840 4030 commenda-

207 4064 427 4130 tis,non
454 4068 727 4136 tanquam
752 4067 998 4138 propriis
1028 4073 1239 4122 utatur.

284 4158 477 4212 XXXII.
508 4159 670 4213 Irrita
702 4160 813 4214 erit
852 4160 1080 4215 donatio
1119 4162 1536 4233 episcoporum,
1579 4162 1666 4214 vel
1703 4177 1839 4215 ven-

209 4249 373 4319 ditio,
402 4252 486 4305 vel
521 4254 890 4307 commutatio
929 4254 1010 4308 rei
1041 4254 1432 4308 ecclesiasticas
1465 4253 1678 4324 absque
1710 4270 1839 4306 con-

213 4343 462 4398 niventia
492 4349 549 4398 et
574 4345 987 4416 subscriptione
1017 4346 1379 4400 clericorum.

2011 3600 2066 3653 io
2093 3601 2303 3653 victum
2332 3577 2629 3745 quaeratz

2011 3694 2115 3746 LII.
2139 3693 2389 3747 Clericus
2401 3692 2550 3747 victu
2627 3699 2684 3747 et
2710 3693 3562 3767 vestimentumsibiartiﬁciolo,

1940 3786 2026 3841 vel
2067 3785 2415 3856 agricultura
2460 3785 2674 3857 absque
2720 3786 2888 3840 officii
2933 3788 3020 3841 sui
3073 3789 3348 3843 duntaxat
3387 3790 3560 3846 detri-

1940 3883 2132 3934 mento
2159 3882 2464 3950 praeparet.

2012 3975 2141 4028 LIII.
2169 3973 2379 4026 Omnes
2408 3972 2594 4025 clerici
2617 3973 2712 4042 qui
2740 3973 2812 4026 ad
2844 3975 3199 4044 operandum
3227 3976 3393 4031 validi
3415 3985 3566 4050 sunt,

1942 4069 1999 4121 et
2021 4066 2330 4132 artiﬁciola,
2361 4067 2418 4118 et
2445 4064 2662 4119 litteras
2687 4065 2920 4120 discant.

2013 4157 2140 4230 83
2171 4159 2299 4211 LIV.
2333 4157 2583 4211 Clericus
2621 4157 2884 4211 invidens
2921 4159 3165 4214 fratrum
3205 4163 3568 4232 profectibus,

1945 4252 2126 4305 donec
2157 4249 2215 4304 in
2241 4249 2377 4304 vitio
2400 4253 2500 4317 est,
2533 4266 2648 4304 non
2677 4257 3096 4321 promoveatur.

2017 4345 2119 4397 LV.
2151 4345 2221 4396 Ut
2253 4342 2552 4412 episcopus
2591 4348 2940 4396 accusatores
2974 4345 3215 4400 fratrum
3248 4364 3574 4404 excommu-

287 4437 501 4491 XXXIII.
529 4437 788 4509 Episcopi
824 4441 908 4492 vel
943 4439 1255 4510 presbyteri
1285 4439 1329 4493 si
1359 4455 1525 4494 causa
1551 4438 1846 4493 visitandae
1945 4436 2113 4501 nicet,
2161 4439 2217 4487 et
2253 4434 2298 4487 si
2358 4433 2746 4488 emendaverit
2809 4435 3027 4504 vitium,
3079 4438 3312 4510 recipiat
3359 4458 3454 4496 eos
3501 4445 3572 4496 ad

212 4530 481 4583 Ecclesiae
509 4530 743 4584 alterius
780 4531 1032 4603 episcopi
1059 4533 1130 4586 ad
1160 4533 1456 4586 ecclesiam
1484 4532 1762 4598 venerint,
1792 4535 1848 4585 et
1865 4544 1924 4615 D
1948 4527 2434 4593 communionem,
2463 4543 2581 4580 non
2611 4527 2679 4580 ad
2708 4528 2947 4582 clerum.

215 4623 276 4675 in
305 4622 492 4692 gradu
517 4624 914 4694 suscipiantur,
939 4631 995 4680 et
1012 4631 1132 4680 tam
1156 4626 1226 4679 ad
1247 4626 1482 4680 verbum
1501 4626 1843 4690 faciendum,

215 4731 386 4786 quam
414 4716 485 4770 ad
508 4716 850 4772 oblationem
878 4720 1320 4774 consecrandam
1349 4719 1678 4773 invitantur.

290 4811 504 4864 XXXIV.
535 4811 606 4864 Ut
629 4811 923 4883 episcopus
949 4814 1009 4868 in
1039 4814 1292 4885 quolibet
1318 4815 1440 4868 loco
1466 4813 1671 4867 sedens
1700 4817 1849 4867 stare

216 4903 614 4974 presbyterum
644 4921 759 4958 non
789 4907 1056 4975 patiatur.

294 4997 487 5051 XXXV.
523 4997 592 5050 Ut
627 4997 921 5068 episcopus
965 5000 1023 5054 in
1064 5001 1296 5054 ecclesia
1322 5001 1381 5054 in
1427 5015 1687 5054 consessu
1723 5014 1847 5069 pre-

2019 4623 2145 4676 LVI.
2174 4620 2418 4674 Clericus
2446 4619 2544 4688 qui
2575 4619 2906 4686 adulationi,
2949 4625 3005 4674 et
3044 4623 3452 4692 proditionibus
3478 4642 3570 4680 va-

1949 4733 2078 4771 care
2106 4711 2572 4784 apprehenditur,
2605 4711 2674 4764 ab
2705 4712 2891 4765 ofﬁcio
2920 4712 3275 4782 degradctur.

2021 4809 2172 4862 LVII.
2204 4806 2449 4861 Clericus
2473 4804 2783 4858 maledicus
2812 4805 3168 4876 maximeque
3196 4807 3253 4861 in
3280 4811 3578 4866 sacerdoti-

1951 4904 2056 4956 bus
2081 4905 2314 4970 cogatur
2339 4899 2407 4952 ad
2437 4897 2833 4968 postulandam
2855 4897 3097 4965 veniam,
3121 4899 3164 4952 si
3186 4901 3452 4973 noluerit,
3474 4905 3570 4959 de-

1954 4995 2242 5067 gradetur,
2274 5010 2376 5047 nec
2408 5008 2663 5062 unquam
2703 4991 2773 5044 ad
2822 4992 3069 5044 ofﬁcium
3104 4993 3315 5064 absque
3353 4997 3571 5051 satisfa-

222 5089 585 5160 sbyterorum
613 5091 1009 5146 sublimiorum
1036 5094 1249 5160 sedeat,
1281 5096 1431 5148 intra
1456 5094 1690 5147 domum
1720 5107 1851 5144 vero
1954 5089 2137 5142 ctione
2165 5091 2479 5140 revocetur.

225 5183 505 5254 collegam
526 5200 586 5236 se
608 5185 1066 5255 presbyterorum
1101 5203 1221 5240 esse
1253 5191 1567 5256 cognoscat.

297 5277 511 5331 XXXVI.
553 5278 869 5348 Presbyteri
904 5279 1000 5350 qui
1040 5297 1144 5349 per
1172 5280 1436 5335 dimceses
1468 5277 1724 5334 ecclesias
1760 5294 1853 5331 re-

227 5374 370 5439 gunt
393 5385 516 5424 non
540 5386 574 5423 a
595 5369 943 5439 quibuslibet
961 5372 1254 5442 episcopis,
1293 5373 1391 5426 sed
1420 5389 1453 5425 a
1473 5373 1606 5437 suis,
1635 5388 1736 5425 nec
1760 5386 1858 5440 per

220 5463 516 5532 juniorem
545 5462 840 5530 clericum,
871 5464 964 5518 sed
1014 5465 1167 5518 omni
1195 5481 1343 5520 anno
1373 5469 1472 5518 aut
1500 5481 1601 5535 per
1626 5465 1856 5533 seipsos,

225 5558 327 5608 aut
349 5571 452 5626 per
480 5555 645 5608 illum
672 5556 769 5626 qui
800 5557 1109 5610 sacrarium
1136 5563 1291 5612 tenet
1332 5562 1464 5612 ante
1498 5558 1724 5611 Paschze
1765 5572 1856 5609 so-

225 5648 606 5715 lemnitatem,
641 5649 887 5702 chrisma
915 5655 1132 5720 petant.

303 5739 537 5794 XXXVII.
566 5741 638 5794 Ut
658 5740 945 5809 diaconus,
980 5743 1060 5797 ita
1089 5759 1149 5796 se
1177 5743 1488 5814 presbyteri
1520 5747 1585 5798 ut
1615 5741 1863 5815 episcopi

230 5833 562 5890 ministrum
597 5850 718 5888 esse
747 5840 1065 5907 cognoscat.

2025 5183 2199 5235 LVIII.
2223 5178 2418 5234 Clerici
2449 5178 2542 5248 qui
2575 5179 2907 5246 frequenter
2938 5177 3137 5248 litigat,
3161 5184 3214 5233 et
3243 5182 3314 5236 ad
3348 5200 3580 5240 causan-

1956 5276 2092 5329 dum
2141 5272 2319 5326 facilis
2363 5276 2466 5336 est,
2511 5269 2896 5323 testimonium
2933 5287 3100 5326 nemo
3134 5274 3342 5345 absque
3382 5277 3582 5348 grandi

1959 5366 2218 5420 examine
2245 5362 2501 5433 recipiat.

2031 5460 2153 5513 LIX.
2197 5455 2590 5511 Discordantes
2627 5456 2856 5510 clericos
2892 5458 3206 5530 episcopus,
3247 5462 3334 5515 vel
3370 5463 3585 5518 ratione

1960 5553 2045 5605 vel
2075 5553 2346 5622 potestate
2375 5548 2446 5602 ad
2469 5549 2830 5602 concordiam
2850 5551 3056 5618 trahat,
3087 5551 3479 5609 inobedientes
3499 5573 3584 5627 sy-

1959 5645 2142 5700 nodus
2173 5659 2276 5712 per
2299 5641 2647 5695 audientiam
2676 5641 2931 5698 damnet.

2034 5738 2136 5791 LX.
2164 5734 2446 5791 Clericum
2476 5734 2765 5788 scurrilem
2804 5741 2859 5790 et
2887 5737 3072 5791 verbis
3101 5738 3357 5808 turpibus
3374 5738 3588 5808 jocula-

1964 5848 2087 5887 rem
2117 5830 2187 5884 ab
2216 5828 2402 5883 ofﬁcio
2430 5829 2854 5884 retrahendum.
