  <div class='ocr_page' id='page_1' title='image "/cluster/home/n/w/nwhite01/storage/ocr_20150623/130/umn.319510024774230/229.png"; bbox 0 0 4054 6294; ppageno 0'>
   <div class='ocr_carea' id='block_1_1' title="bbox 487 313 2961 380">
    <p class='ocr_par' dir='ltr' id='par_1_1' title="bbox 487 313 2961 380">
     <span class='ocr_line' id='line_1_1' title="bbox 487 313 2961 380; baseline -0.006 0"><span class='ocrx_word' id='word_1_1' title='bbox 487 325 584 380; x_wconf 64' lang='grc'>347</span> <span class='ocrx_word' id='word_1_2' title='bbox 1372 318 1654 374; x_wconf 79' lang='lat' dir='ltr'>APPEND.</span> <span class='ocrx_word' id='word_1_3' title='bbox 1697 319 1784 372; x_wconf 75' lang='lat' dir='ltr'>AD</span> <span class='ocrx_word' id='word_1_4' title='bbox 1825 318 1983 371; x_wconf 56' lang='lat' dir='ltr'><strong>SrEC.</strong></span> <span class='ocrx_word' id='word_1_5' title='bbox 2028 317 2112 370; x_wconf 84' lang='lat' dir='ltr'>IX.</span> <span class='ocrx_word' id='word_1_6' title='bbox 2148 345 2214 358; x_wconf 58' lang='grc' dir='ltr'>η-</span> <span class='ocrx_word' id='word_1_7' title='bbox 2254 317 2495 370; x_wconf 82' lang='lat' dir='ltr'><strong>ISIDORI</strong></span> <span class='ocrx_word' id='word_1_8' title='bbox 2538 313 2961 368; x_wconf 75' lang='lat' dir='ltr'>MERCATORIS</span> 
     </span>
    </p>
   </div>
   <div class='ocr_carea' id='block_1_2' title="bbox 3740 313 3844 363">
    <p class='ocr_par' dir='ltr' id='par_1_2' title="bbox 3740 313 3844 363">
     <span class='ocr_line' id='line_1_2' title="bbox 3740 313 3844 363; baseline 0.019 -2"><span class='ocrx_word' id='word_1_9' title='bbox 3740 313 3844 363; x_wconf 67' lang='lat'>316</span> 
     </span>
    </p>
   </div>
   <div class='ocr_carea' id='block_1_3' title="bbox 561 417 3846 506">
    <p class='ocr_par' dir='ltr' id='par_1_3' title="bbox 561 417 3846 506">
     <span class='ocr_line' id='line_1_3' title="bbox 561 417 3846 506; baseline -0.005 -21"><span class='ocrx_word' id='word_1_10' title='bbox 561 434 689 485; x_wconf 88' lang='lat' dir='ltr'><strong>LXI.</strong></span> <span class='ocrx_word' id='word_1_11' title='bbox 720 430 998 485; x_wconf 87' lang='lat' dir='ltr'>Clericum</span> <span class='ocrx_word' id='word_1_12' title='bbox 1043 444 1145 499; x_wconf 85' lang='lat' dir='ltr'>per</span> <span class='ocrx_word' id='word_1_13' title='bbox 1185 431 1471 481; x_wconf 86' lang='lat' dir='ltr'>creaturas</span> <span class='ocrx_word' id='word_1_14' title='bbox 1496 425 1785 495; x_wconf 90' lang='lat' dir='ltr'>jurantem</span> <span class='ocrx_word' id='word_1_15' title='bbox 1811 440 1843 476; x_wconf 88' lang='lat' dir='ltr'>a</span> <span class='ocrx_word' id='word_1_16' title='bbox 1874 422 2116 494; x_wconf 74' lang='lat' dir='ltr'>crimine</span> <span class='ocrx_word' id='word_1_17' title='bbox 2136 435 2195 506; x_wconf 76' lang='grc' dir='ltr'><strong>Α</strong></span> <span class='ocrx_word' id='word_1_18' title='bbox 2215 439 2343 476; x_wconf 90' lang='lat' dir='ltr'>rum</span> <span class='ocrx_word' id='word_1_19' title='bbox 2394 427 2448 475; x_wconf 84' lang='lat' dir='ltr'>et</span> <span class='ocrx_word' id='word_1_20' title='bbox 2491 419 2839 474; x_wconf 75' lang='lat' dir='ltr'>orationibus</span> <span class='ocrx_word' id='word_1_21' title='bbox 2867 421 2924 472; x_wconf 87' lang='lat' dir='ltr'>et</span> <span class='ocrx_word' id='word_1_22' title='bbox 2965 417 3344 471; x_wconf 81' lang='lat' dir='ltr'>oblationibus</span> <span class='ocrx_word' id='word_1_23' title='bbox 3388 418 3846 470; x_wconf 82' lang='lat' dir='ltr'>commendetur.</span> 
     </span>
    </p>
   </div>
   <div class='ocr_carea' id='block_1_4' title="bbox 490 515 2118 594">
    <p class='ocr_par' dir='ltr' id='par_1_4' title="bbox 490 515 2118 594">
     <span class='ocr_line' id='line_1_4' title="bbox 490 515 2118 594; baseline -0.007 -16"><span class='ocrx_word' id='word_1_24' title='bbox 490 523 932 594; x_wconf 82' lang='lat' dir='ltr'>objurgandum,</span> <span class='ocrx_word' id='word_1_25' title='bbox 961 521 1006 574; x_wconf 91' lang='lat' dir='ltr'>si</span> <span class='ocrx_word' id='word_1_26' title='bbox 1035 518 1349 592; x_wconf 78' lang='lat' dir='ltr'>perstiterit</span> <span class='ocrx_word' id='word_1_27' title='bbox 1371 518 1428 571; x_wconf 91' lang='lat' dir='ltr'>in</span> <span class='ocrx_word' id='word_1_28' title='bbox 1448 517 1605 584; x_wconf 88' lang='lat' dir='ltr'>vitio,</span> <span class='ocrx_word' id='word_1_29' title='bbox 1629 515 2118 590; x_wconf 50' lang='lat' dir='ltr'>excommunicati-</span> 
     </span>
    </p>
   </div>
   <div class='ocr_carea' id='block_1_5' title="bbox 494 617 652 670">
    <p class='ocr_par' dir='ltr' id='par_1_5' title="bbox 494 617 652 670">
     <span class='ocr_line' id='line_1_5' title="bbox 494 617 652 670; baseline 0.006 -1"><span class='ocrx_word' id='word_1_30' title='bbox 494 617 652 670; x_wconf 90' lang='lat' dir='ltr'>dum.</span> 
     </span>
    </p>
   </div>
   <div class='ocr_carea' id='block_1_6' title="bbox 563 698 2118 773">
    <p class='ocr_par' dir='ltr' id='par_1_6' title="bbox 563 698 2118 773">
     <span class='ocr_line' id='line_1_6' title="bbox 563 698 2118 773; baseline -0.006 -13"><span class='ocrx_word' id='word_1_31' title='bbox 563 708 709 760; x_wconf 91' lang='lat' dir='ltr'><strong>LXII.</strong></span> <span class='ocrx_word' id='word_1_32' title='bbox 743 705 1018 760; x_wconf 89' lang='lat' dir='ltr'>Clericum</span> <span class='ocrx_word' id='word_1_33' title='bbox 1039 703 1188 756; x_wconf 90' lang='lat' dir='ltr'>inter</span> <span class='ocrx_word' id='word_1_34' title='bbox 1209 703 1403 773; x_wconf 85' lang='lat' dir='ltr'><strong>epulas</strong></span> <span class='ocrx_word' id='word_1_35' title='bbox 1429 703 1754 756; x_wconf 72' lang='lat' dir='ltr'>cantantem</span> <span class='ocrx_word' id='word_1_36' title='bbox 1778 698 2118 769; x_wconf 86' lang='lat' dir='ltr'>supradicta</span> 
     </span>
    </p>
   </div>
   <div class='ocr_carea' id='block_1_7' title="bbox 492 789 1531 849">
    <p class='ocr_par' dir='ltr' id='par_1_7' title="bbox 492 789 1531 849">
     <span class='ocr_line' id='line_1_7' title="bbox 492 789 1531 849; baseline -0.009 0"><span class='ocrx_word' id='word_1_37' title='bbox 492 793 786 849; x_wconf 86' lang='lat' dir='ltr'>sententia</span> <span class='ocrx_word' id='word_1_38' title='bbox 811 791 1102 845; x_wconf 83' lang='lat' dir='ltr'>severitate</span> <span class='ocrx_word' id='word_1_39' title='bbox 1129 789 1531 844; x_wconf 90' lang='lat' dir='ltr'>coercendum.</span> 
     </span>
    </p>
   </div>
   <div class='ocr_carea' id='block_1_8' title="bbox 561 877 2120 952">
    <p class='ocr_par' dir='ltr' id='par_1_8' title="bbox 561 877 2120 952">
     <span class='ocr_line' id='line_1_8' title="bbox 561 877 2120 952; baseline -0.004 -14"><span class='ocrx_word' id='word_1_40' title='bbox 561 886 734 939; x_wconf 89' lang='lat' dir='ltr'><strong>LXIII.</strong></span> <span class='ocrx_word' id='word_1_41' title='bbox 763 883 1039 940; x_wconf 91' lang='lat' dir='ltr'>Clericum</span> <span class='ocrx_word' id='word_1_42' title='bbox 1067 881 1165 952; x_wconf 90' lang='lat' dir='ltr'>qui</span> <span class='ocrx_word' id='word_1_43' title='bbox 1189 885 1446 950; x_wconf 90' lang='lat' dir='ltr'>tempore</span> <span class='ocrx_word' id='word_1_44' title='bbox 1465 879 1661 934; x_wconf 89' lang='lat' dir='ltr'>indicti</span> <span class='ocrx_word' id='word_1_45' title='bbox 1677 877 1884 949; x_wconf 86' lang='lat' dir='ltr'>jejunii</span> <span class='ocrx_word' id='word_1_46' title='bbox 1908 878 2120 949; x_wconf 80' lang='lat' dir='ltr'>absque</span> 
     </span>
    </p>
   </div>
   <div class='ocr_carea' id='block_1_9' title="bbox 2286 508 3847 580">
    <p class='ocr_par' dir='ltr' id='par_1_9' title="bbox 2286 508 3847 580">
     <span class='ocr_line' id='line_1_9' title="bbox 2286 508 3847 580; baseline -0.005 -13"><span class='ocrx_word' id='word_1_47' title='bbox 2286 515 2470 567; x_wconf 86' lang='lat' dir='ltr'><strong>LXXX.</strong></span> <span class='ocrx_word' id='word_1_48' title='bbox 2503 512 2668 567; x_wconf 89' lang='lat' dir='ltr'>Omni</span> <span class='ocrx_word' id='word_1_49' title='bbox 2701 515 2963 580; x_wconf 90' lang='lat' dir='ltr'>tempore</span> <span class='ocrx_word' id='word_1_50' title='bbox 2991 508 3197 580; x_wconf 88' lang='lat' dir='ltr'>jejunii</span> <span class='ocrx_word' id='word_1_51' title='bbox 3233 524 3440 563; x_wconf 90' lang='lat' dir='ltr'>manus</span> <span class='ocrx_word' id='word_1_52' title='bbox 3464 508 3788 578; x_wconf 84' lang='lat' dir='ltr'>petentibus</span> <span class='ocrx_word' id='word_1_53' title='bbox 3815 524 3847 559; x_wconf 88' lang='lat' dir='ltr'>a</span> 
     </span>
    </p>
   </div>
   <div class='ocr_carea' id='block_1_10' title="bbox 2214 605 3015 673">
    <p class='ocr_par' dir='ltr' id='par_1_10' title="bbox 2214 605 3015 673">
     <span class='ocr_line' id='line_1_10' title="bbox 2214 605 3015 673; baseline -0.004 -14"><span class='ocrx_word' id='word_1_54' title='bbox 2214 605 2598 659; x_wconf 84' lang='lat' dir='ltr'>sacerdotibus</span> <span class='ocrx_word' id='word_1_55' title='bbox 2623 605 3015 673; x_wconf 84' lang='lat' dir='ltr'>imponantur.</span> 
     </span>
    </p>
   </div>
   <div class='ocr_carea' id='block_1_11' title="bbox 2288 691 3850 762">
    <p class='ocr_par' dir='ltr' id='par_1_11' title="bbox 2288 691 3850 762">
     <span class='ocr_line' id='line_1_11' title="bbox 2288 691 3850 762; baseline -0.004 -12"><span class='ocrx_word' id='word_1_56' title='bbox 2288 697 2501 750; x_wconf 89' lang='lat' dir='ltr'><strong>LXXXI.</strong></span> <span class='ocrx_word' id='word_1_57' title='bbox 2547 697 2792 749; x_wconf 90' lang='lat' dir='ltr'>Mortuos</span> <span class='ocrx_word' id='word_1_58' title='bbox 2831 693 3079 748; x_wconf 90' lang='lat' dir='ltr'>ecclesia</span> <span class='ocrx_word' id='word_1_59' title='bbox 3120 691 3459 762; x_wconf 84' lang='lat' dir='ltr'>paenitentes</span> <span class='ocrx_word' id='word_1_60' title='bbox 3509 691 3753 746; x_wconf 74' lang='lat' dir='ltr'>efferant</span> <span class='ocrx_word' id='word_1_61' title='bbox 3795 697 3850 744; x_wconf 86' lang='lat' dir='ltr'>et</span> 
     </span>
    </p>
   </div>
   <div class='ocr_carea' id='block_1_12' title="bbox 2217 789 2515 858">
    <p class='ocr_par' dir='ltr' id='par_1_12' title="bbox 2217 789 2515 858">
     <span class='ocr_line' id='line_1_12' title="bbox 2217 789 2515 858; baseline -0.003 -15"><span class='ocrx_word' id='word_1_62' title='bbox 2217 789 2515 858; x_wconf 86' lang='lat' dir='ltr'>sepeliant.</span> 
     </span>
    </p>
   </div>
   <div class='ocr_carea' id='block_1_13' title="bbox 2291 874 3854 946">
    <p class='ocr_par' dir='ltr' id='par_1_13' title="bbox 2291 874 3854 946">
     <span class='ocr_line' id='line_1_13' title="bbox 2291 874 3854 946; baseline -0.004 -12"><span class='ocrx_word' id='word_1_63' title='bbox 2291 881 2521 934; x_wconf 79' lang='lat' dir='ltr'>LXXXII.</span> <span class='ocrx_word' id='word_1_64' title='bbox 2551 877 2852 934; x_wconf 85' lang='lat' dir='ltr'>Venientes</span> <span class='ocrx_word' id='word_1_65' title='bbox 2871 877 3040 932; x_wconf 88' lang='lat' dir='ltr'>etiam</span> <span class='ocrx_word' id='word_1_66' title='bbox 3072 876 3272 930; x_wconf 91' lang='lat' dir='ltr'>diebus</span> <span class='ocrx_word' id='word_1_67' title='bbox 3291 874 3636 930; x_wconf 88' lang='lat' dir='ltr'>remissionis</span> <span class='ocrx_word' id='word_1_68' title='bbox 3664 892 3854 946; x_wconf 76' lang='lat' dir='ltr'>genua</span> 
     </span>
    </p>
   </div>
   <div class='ocr_carea' id='block_1_14' title="bbox 491 969 2467 1043">
    <p class='ocr_par' dir='ltr' id='par_1_14' title="bbox 491 969 2467 1043">
     <span class='ocr_line' id='line_1_14' title="bbox 491 969 2467 1043; baseline -0.004 -12"><span class='ocrx_word' id='word_1_69' title='bbox 491 975 799 1031; x_wconf 86' lang='lat' dir='ltr'>incvitabili</span> <span class='ocrx_word' id='word_1_70' title='bbox 835 973 1166 1029; x_wconf 85' lang='lat' dir='ltr'>necessitate</span> <span class='ocrx_word' id='word_1_71' title='bbox 1206 972 1493 1043; x_wconf 87' lang='lat' dir='ltr'>jejunium</span> <span class='ocrx_word' id='word_1_72' title='bbox 1537 970 1787 1041; x_wconf 86' lang='lat' dir='ltr'>rumpit,</span> <span class='ocrx_word' id='word_1_73' title='bbox 1836 969 2122 1024; x_wconf 88' lang='lat' dir='ltr'>minorem</span> <span class='ocrx_word' id='word_1_74' title='bbox 2219 971 2467 1028; x_wconf 90' lang='lat' dir='ltr'>ﬂectant.</span> 
     </span>
    </p>
   </div>
   <div class='ocr_carea' id='block_1_15' title="bbox 491 1068 834 1123">
    <p class='ocr_par' dir='ltr' id='par_1_15' title="bbox 491 1068 834 1123">
     <span class='ocr_line' id='line_1_15' title="bbox 491 1068 834 1123; baseline -0.006 -1"><span class='ocrx_word' id='word_1_75' title='bbox 491 1068 834 1123; x_wconf 89' lang='lat' dir='ltr'>habendum.</span> 
     </span>
    </p>
   </div>
   <div class='ocr_carea' id='block_1_16' title="bbox 560 1154 2121 1226">
    <p class='ocr_par' dir='ltr' id='par_1_16' title="bbox 560 1154 2121 1226">
     <span class='ocr_line' id='line_1_16' title="bbox 560 1154 2121 1226; baseline -0.005 -12"><span class='ocrx_word' id='word_1_76' title='bbox 560 1161 732 1215; x_wconf 83' lang='lat' dir='ltr'>LXIV.</span> <span class='ocrx_word' id='word_1_77' title='bbox 760 1158 865 1223; x_wconf 93' lang='lat' dir='ltr'>Qui</span> <span class='ocrx_word' id='word_1_78' title='bbox 895 1157 1188 1212; x_wconf 90' lang='lat' dir='ltr'>Dominico</span> <span class='ocrx_word' id='word_1_79' title='bbox 1217 1156 1307 1210; x_wconf 91' lang='lat' dir='ltr'>die</span> <span class='ocrx_word' id='word_1_80' title='bbox 1333 1155 1580 1210; x_wconf 87' lang='lat' dir='ltr'>studiose</span> <span class='ocrx_word' id='word_1_81' title='bbox 1596 1154 1842 1226; x_wconf 88' lang='lat' dir='ltr'>jejunat,</span> <span class='ocrx_word' id='word_1_82' title='bbox 1868 1169 1982 1207; x_wconf 90' lang='lat' dir='ltr'>non</span> <span class='ocrx_word' id='word_1_83' title='bbox 2001 1168 2121 1207; x_wconf 92' lang='lat' dir='ltr'>cre-</span> 
     </span>
    </p>
   </div>
   <div class='ocr_carea' id='block_1_17' title="bbox 489 1250 1006 1308">
    <p class='ocr_par' dir='ltr' id='par_1_17' title="bbox 489 1250 1006 1308">
     <span class='ocr_line' id='line_1_17' title="bbox 489 1250 1006 1308; baseline -0.008 0"><span class='ocrx_word' id='word_1_84' title='bbox 489 1253 657 1308; x_wconf 88' lang='lat' dir='ltr'>datur</span> <span class='ocrx_word' id='word_1_85' title='bbox 681 1250 1006 1307; x_wconf 86' lang='lat' dir='ltr'>catholicus.</span> 
     </span>
    </p>
   </div>
   <div class='ocr_carea' id='block_1_18' title="bbox 559 1340 2124 1409">
    <p class='ocr_par' dir='ltr' id='par_1_18' title="bbox 559 1340 2124 1409">
     <span class='ocr_line' id='line_1_18' title="bbox 559 1340 2124 1409; baseline -0.003 -11"><span class='ocrx_word' id='word_1_86' title='bbox 559 1346 711 1400; x_wconf 89' lang='lat' dir='ltr'><strong>LXV.</strong></span> <span class='ocrx_word' id='word_1_87' title='bbox 740 1343 968 1398; x_wconf 88' lang='lat' dir='ltr'>Pascha</span> <span class='ocrx_word' id='word_1_88' title='bbox 996 1341 1323 1397; x_wconf 89' lang='lat' dir='ltr'>solemnitas</span> <span class='ocrx_word' id='word_1_89' title='bbox 1359 1357 1472 1395; x_wconf 92' lang='lat' dir='ltr'>uno</span> <span class='ocrx_word' id='word_1_90' title='bbox 1505 1340 1616 1409; x_wconf 90' lang='lat' dir='ltr'>die,</span> <span class='ocrx_word' id='word_1_91' title='bbox 1659 1344 1716 1394; x_wconf 88' lang='lat' dir='ltr'>et</span> <span class='ocrx_word' id='word_1_92' title='bbox 1747 1343 2008 1409; x_wconf 89' lang='lat' dir='ltr'>tempore</span> <span class='ocrx_word' id='word_1_93' title='bbox 2038 1355 2124 1394; x_wconf 88' lang='lat' dir='ltr'>ce-</span> 
     </span>
    </p>
   </div>
   <div class='ocr_carea' id='block_1_19' title="bbox 491 1437 788 1492">
    <p class='ocr_par' dir='ltr' id='par_1_19' title="bbox 491 1437 788 1492">
     <span class='ocr_line' id='line_1_19' title="bbox 491 1437 788 1492; baseline -0.007 0"><span class='ocrx_word' id='word_1_94' title='bbox 491 1437 788 1492; x_wconf 90' lang='lat' dir='ltr'>lebranda.</span> 
     </span>
    </p>
   </div>
   <div class='ocr_carea' id='block_1_20' title="bbox 563 1523 2126 1598">
    <p class='ocr_par' dir='ltr' id='par_1_20' title="bbox 563 1523 2126 1598">
     <span class='ocr_line' id='line_1_20' title="bbox 563 1523 2126 1598; baseline -0.005 -13"><span class='ocrx_word' id='word_1_95' title='bbox 563 1531 735 1585; x_wconf 96' lang='lat' dir='ltr'><strong>LXVI.</strong></span> <span class='ocrx_word' id='word_1_96' title='bbox 769 1527 1018 1584; x_wconf 85' lang='lat' dir='ltr'>Clericus</span> <span class='ocrx_word' id='word_1_97' title='bbox 1044 1527 1143 1598; x_wconf 89' lang='lat' dir='ltr'>qui</span> <span class='ocrx_word' id='word_1_98' title='bbox 1169 1525 1422 1597; x_wconf 90' lang='lat' dir='ltr'>episcopi</span> <span class='ocrx_word' id='word_1_99' title='bbox 1446 1525 1595 1580; x_wconf 91' lang='lat' dir='ltr'>circa</span> <span class='ocrx_word' id='word_1_100' title='bbox 1620 1541 1678 1580; x_wconf 92' lang='lat' dir='ltr'>se</span> <span class='ocrx_word' id='word_1_101' title='bbox 1711 1523 2126 1579; x_wconf 89' lang='lat' dir='ltr'>districtionem</span> 
     </span>
    </p>
   </div>
   <div class='ocr_carea' id='block_1_21' title="bbox 490 1617 1679 1693">
    <p class='ocr_par' dir='ltr' id='par_1_21' title="bbox 490 1617 1679 1693">
     <span class='ocr_line' id='line_1_21' title="bbox 490 1617 1679 1693; baseline -0.003 -17"><span class='ocrx_word' id='word_1_102' title='bbox 490 1622 762 1693; x_wconf 87' lang='lat' dir='ltr'>injustam</span> <span class='ocrx_word' id='word_1_103' title='bbox 789 1622 970 1690; x_wconf 87' lang='lat' dir='ltr'>putat,</span> <span class='ocrx_word' id='word_1_104' title='bbox 994 1622 1250 1673; x_wconf 87' lang='lat' dir='ltr'>recurrat</span> <span class='ocrx_word' id='word_1_105' title='bbox 1273 1617 1347 1672; x_wconf 92' lang='lat' dir='ltr'>ad</span> <span class='ocrx_word' id='word_1_106' title='bbox 1378 1619 1679 1689; x_wconf 85' lang='lat' dir='ltr'>synodum.</span> 
     </span>
    </p>
   </div>
   <div class='ocr_carea' id='block_1_22' title="bbox 563 1706 2123 1781">
    <p class='ocr_par' dir='ltr' id='par_1_22' title="bbox 563 1706 2123 1781">
     <span class='ocr_line' id='line_1_22' title="bbox 563 1706 2123 1781; baseline -0.003 -15"><span class='ocrx_word' id='word_1_107' title='bbox 563 1714 756 1766; x_wconf 90' lang='lat' dir='ltr'><strong>LXVII.</strong></span> <span class='ocrx_word' id='word_1_108' title='bbox 806 1711 1212 1767; x_wconf 89' lang='lat' dir='ltr'>Seditionarios</span> <span class='ocrx_word' id='word_1_109' title='bbox 1248 1726 1546 1781; x_wconf 88' lang='lat' dir='ltr'>nunquam</span> <span class='ocrx_word' id='word_1_110' title='bbox 1591 1709 1932 1765; x_wconf 88' lang='lat' dir='ltr'>ordinandas</span> <span class='ocrx_word' id='word_1_111' title='bbox 1961 1706 2123 1762; x_wconf 88' lang='lat' dir='ltr'>cleri-</span> 
     </span>
    </p>
   </div>
   <div class='ocr_carea' id='block_1_23' title="bbox 2291 1060 3854 1133">
    <p class='ocr_par' dir='ltr' id='par_1_23' title="bbox 2291 1060 3854 1133">
     <span class='ocr_line' id='line_1_23' title="bbox 2291 1060 3854 1133; baseline -0.004 -15"><span class='ocrx_word' id='word_1_112' title='bbox 2291 1064 2549 1119; x_wconf 86' lang='lat' dir='ltr'><strong>LXXXIII.</strong></span> <span class='ocrx_word' id='word_1_113' title='bbox 2581 1064 2869 1133; x_wconf 84' lang='lat' dir='ltr'>Pauperes</span> <span class='ocrx_word' id='word_1_114' title='bbox 2902 1067 2960 1117; x_wconf 92' lang='lat' dir='ltr'>et</span> <span class='ocrx_word' id='word_1_115' title='bbox 2995 1077 3160 1116; x_wconf 89' lang='lat' dir='ltr'>senes</span> <span class='ocrx_word' id='word_1_116' title='bbox 3186 1061 3448 1116; x_wconf 87' lang='lat' dir='ltr'>Ecclesia</span> <span class='ocrx_word' id='word_1_117' title='bbox 3475 1061 3602 1131; x_wconf 91' lang='lat' dir='ltr'>plus</span> <span class='ocrx_word' id='word_1_118' title='bbox 3631 1060 3854 1116; x_wconf 81' lang='lat' dir='ltr'>cateris</span> 
     </span>
    </p>
   </div>
   <div class='ocr_carea' id='block_1_24' title="bbox 2222 1158 2604 1212">
    <p class='ocr_par' dir='ltr' id='par_1_24' title="bbox 2222 1158 2604 1212">
     <span class='ocr_line' id='line_1_24' title="bbox 2222 1158 2604 1212; baseline -0.003 -1"><span class='ocrx_word' id='word_1_119' title='bbox 2222 1158 2604 1212; x_wconf 85' lang='lat' dir='ltr'>honorandos.</span> 
     </span>
    </p>
   </div>
   <div class='ocr_carea' id='block_1_25' title="bbox 2294 1246 3855 1320">
    <p class='ocr_par' dir='ltr' id='par_1_25' title="bbox 2294 1246 3855 1320">
     <span class='ocr_line' id='line_1_25' title="bbox 2294 1246 3855 1320; baseline -0.003 -17"><span class='ocrx_word' id='word_1_120' title='bbox 2294 1250 2548 1303; x_wconf 78' lang='lat' dir='ltr'>LXXXIV.</span> <span class='ocrx_word' id='word_1_121' title='bbox 2593 1251 2664 1304; x_wconf 90' lang='lat' dir='ltr'>Ut</span> <span class='ocrx_word' id='word_1_122' title='bbox 2693 1249 2990 1320; x_wconf 88' lang='lat' dir='ltr'>episcopus</span> <span class='ocrx_word' id='word_1_123' title='bbox 3027 1247 3249 1304; x_wconf 91' lang='lat' dir='ltr'>nullum</span> <span class='ocrx_word' id='word_1_124' title='bbox 3292 1246 3593 1317; x_wconf 81' lang='lat' dir='ltr'>prohibeat</span> <span class='ocrx_word' id='word_1_125' title='bbox 3628 1246 3855 1316; x_wconf 81' lang='lat' dir='ltr'>ingredi</span> 
     </span>
    </p>
   </div>
   <div class='ocr_carea' id='block_1_26' title="bbox 2223 1338 3853 1410">
    <p class='ocr_par' dir='ltr' id='par_1_26' title="bbox 2223 1338 3853 1410">
     <span class='ocr_line' id='line_1_26' title="bbox 2223 1338 3853 1410; baseline -0.002 -15"><span class='ocrx_word' id='word_1_126' title='bbox 2223 1341 2543 1410; x_wconf 88' lang='lat' dir='ltr'>ecclesiam,</span> <span class='ocrx_word' id='word_1_127' title='bbox 2571 1345 2628 1396; x_wconf 90' lang='lat' dir='ltr'>et</span> <span class='ocrx_word' id='word_1_128' title='bbox 2652 1342 2849 1396; x_wconf 91' lang='lat' dir='ltr'>audire</span> <span class='ocrx_word' id='word_1_129' title='bbox 2871 1339 3110 1394; x_wconf 86' lang='lat' dir='ltr'>verbum</span> <span class='ocrx_word' id='word_1_130' title='bbox 3133 1339 3254 1406; x_wconf 89' lang='lat' dir='ltr'>Dei,</span> <span class='ocrx_word' id='word_1_131' title='bbox 3285 1339 3402 1393; x_wconf 90' lang='lat' dir='ltr'>sive</span> <span class='ocrx_word' id='word_1_132' title='bbox 3423 1338 3717 1408; x_wconf 82' lang='lat' dir='ltr'>gentilem,</span> <span class='ocrx_word' id='word_1_133' title='bbox 3735 1338 3853 1392; x_wconf 87' lang='lat' dir='ltr'>sive</span> 
     </span>
    </p>
   </div>
   <div class='ocr_carea' id='block_1_27' title="bbox 2222 1430 3858 1502">
    <p class='ocr_par' dir='ltr' id='par_1_27' title="bbox 2222 1430 3858 1502">
     <span class='ocr_line' id='line_1_27' title="bbox 2222 1430 3858 1502; baseline -0.004 -14"><span class='ocrx_word' id='word_1_134' title='bbox 2222 1433 2572 1502; x_wconf 84' lang='lat' dir='ltr'>hareticum,</span> <span class='ocrx_word' id='word_1_135' title='bbox 2605 1434 2719 1488; x_wconf 84' lang='lat' dir='ltr'>sive</span> <span class='ocrx_word' id='word_1_136' title='bbox 2746 1433 3006 1488; x_wconf 80' lang='lat' dir='ltr'>Judaeum</span> <span class='ocrx_word' id='word_1_137' title='bbox 3029 1447 3210 1502; x_wconf 90' lang='lat' dir='ltr'>usque</span> <span class='ocrx_word' id='word_1_138' title='bbox 3237 1432 3306 1486; x_wconf 90' lang='lat' dir='ltr'>ad</span> <span class='ocrx_word' id='word_1_139' title='bbox 3333 1431 3571 1486; x_wconf 88' lang='lat' dir='ltr'>missam</span> <span class='ocrx_word' id='word_1_140' title='bbox 3595 1430 3858 1485; x_wconf 86' lang='lat' dir='ltr'>catechu—</span> 
     </span>
    </p>
   </div>
   <div class='ocr_carea' id='block_1_28' title="bbox 2223 1541 2552 1580">
    <p class='ocr_par' dir='ltr' id='par_1_28' title="bbox 2223 1541 2552 1580">
     <span class='ocr_line' id='line_1_28' title="bbox 2223 1541 2552 1580; baseline 0 -1"><span class='ocrx_word' id='word_1_141' title='bbox 2223 1541 2528 1580; x_wconf 89' lang='lat' dir='ltr'>menorum</span> <span class='ocrx_word' id='word_1_142' title='bbox 2540 1567 2552 1579; x_wconf 94' lang='lat'>.</span> 
     </span>
    </p>
   </div>
   <div class='ocr_carea' id='block_1_29' title="bbox 2295 1614 3854 1688">
    <p class='ocr_par' dir='ltr' id='par_1_29' title="bbox 2295 1614 3854 1688">
     <span class='ocr_line' id='line_1_29' title="bbox 2295 1614 3854 1688; baseline -0.003 -16"><span class='ocrx_word' id='word_1_143' title='bbox 2295 1619 2530 1672; x_wconf 84' lang='lat' dir='ltr'><strong>LXXXV.</strong></span> <span class='ocrx_word' id='word_1_144' title='bbox 2561 1617 2890 1688; x_wconf 89' lang='lat' dir='ltr'>Baptizandi</span> <span class='ocrx_word' id='word_1_145' title='bbox 2919 1633 3129 1670; x_wconf 90' lang='lat' dir='ltr'>nomen</span> <span class='ocrx_word' id='word_1_146' title='bbox 3155 1631 3320 1669; x_wconf 90' lang='lat' dir='ltr'>suum</span> <span class='ocrx_word' id='word_1_147' title='bbox 3349 1615 3506 1681; x_wconf 90' lang='lat' dir='ltr'>dent,</span> <span class='ocrx_word' id='word_1_148' title='bbox 3539 1618 3595 1669; x_wconf 88' lang='lat' dir='ltr'>et</span> <span class='ocrx_word' id='word_1_149' title='bbox 3623 1614 3721 1681; x_wconf 87' lang='lat' dir='ltr'>diu</span> <span class='ocrx_word' id='word_1_150' title='bbox 3746 1614 3854 1668; x_wconf 90' lang='lat' dir='ltr'>sub</span> 
     </span>
    </p>
   </div>
   <div class='ocr_carea' id='block_1_30' title="bbox 2227 1705 3856 1778">
    <p class='ocr_par' dir='ltr' id='par_1_30' title="bbox 2227 1705 3856 1778">
     <span class='ocr_line' id='line_1_30' title="bbox 2227 1705 3856 1778; baseline -0.002 -14"><span class='ocrx_word' id='word_1_151' title='bbox 2227 1710 2572 1765; x_wconf 86' lang='lat' dir='ltr'>abstinentia</span> <span class='ocrx_word' id='word_1_152' title='bbox 2599 1710 2711 1764; x_wconf 92' lang='lat' dir='ltr'>vini</span> <span class='ocrx_word' id='word_1_153' title='bbox 2740 1713 2800 1764; x_wconf 90' lang='lat' dir='ltr'>et</span> <span class='ocrx_word' id='word_1_154' title='bbox 2823 1709 3103 1778; x_wconf 88' lang='lat' dir='ltr'>carnium,</span> <span class='ocrx_word' id='word_1_155' title='bbox 3139 1725 3204 1762; x_wconf 90' lang='lat' dir='ltr'>ac</span> <span class='ocrx_word' id='word_1_156' title='bbox 3240 1724 3444 1762; x_wconf 90' lang='lat' dir='ltr'>manus</span> <span class='ocrx_word' id='word_1_157' title='bbox 3472 1705 3856 1777; x_wconf 89' lang='lat' dir='ltr'>impositione,</span> 
     </span>
    </p>
   </div>
   <div class='ocr_carea' id='block_1_31' title="bbox 493 1783 3596 1873">
    <p class='ocr_par' dir='ltr' id='par_1_31' title="bbox 493 1783 3596 1873">
     <span class='ocr_line' id='line_1_31' title="bbox 493 1783 3596 1873; baseline -0.003 -13"><span class='ocrx_word' id='word_1_158' title='bbox 493 1822 606 1872; x_wconf 89' lang='lat' dir='ltr'>cos,</span> <span class='ocrx_word' id='word_1_159' title='bbox 636 1805 778 1859; x_wconf 89' lang='lat' dir='ltr'>sicut</span> <span class='ocrx_word' id='word_1_160' title='bbox 803 1820 909 1860; x_wconf 90' lang='lat' dir='ltr'>nec</span> <span class='ocrx_word' id='word_1_161' title='bbox 937 1802 1245 1870; x_wconf 87' lang='lat' dir='ltr'>usurarios,</span> <span class='ocrx_word' id='word_1_162' title='bbox 1272 1819 1376 1858; x_wconf 91' lang='lat' dir='ltr'>nec</span> <span class='ocrx_word' id='word_1_163' title='bbox 1411 1803 1749 1873; x_wconf 90' lang='lat' dir='ltr'>injuriarum</span> <span class='ocrx_word' id='word_1_164' title='bbox 1777 1817 2010 1857; x_wconf 86' lang='lat' dir='ltr'>suarum</span> <span class='ocrx_word' id='word_1_165' title='bbox 2036 1801 2122 1854; x_wconf 89' lang='lat' dir='ltr'>ul-</span> <span class='ocrx_word' id='word_1_166' title='bbox 2145 1783 2204 1858; x_wconf 84' lang='lat' dir='ltr'><strong>B</strong></span> <span class='ocrx_word' id='word_1_167' title='bbox 2226 1802 2423 1856; x_wconf 87' lang='lat' dir='ltr'>crebra</span> <span class='ocrx_word' id='word_1_168' title='bbox 2446 1802 2858 1856; x_wconf 83' lang='lat' dir='ltr'>examinatione</span> <span class='ocrx_word' id='word_1_169' title='bbox 2881 1801 3234 1872; x_wconf 89' lang='lat' dir='ltr'>baptismum</span> <span class='ocrx_word' id='word_1_170' title='bbox 3259 1799 3596 1870; x_wconf 88' lang='lat' dir='ltr'>percipiant.</span> 
     </span>
    </p>
   </div>
   <div class='ocr_carea' id='block_1_32' title="bbox 495 1904 668 1953">
    <p class='ocr_par' dir='ltr' id='par_1_32' title="bbox 495 1904 668 1953">
     <span class='ocr_line' id='line_1_32' title="bbox 495 1904 668 1953; baseline 0 -1"><span class='ocrx_word' id='word_1_171' title='bbox 495 1904 668 1953; x_wconf 88' lang='lat' dir='ltr'>tores.</span> 
     </span>
    </p>
   </div>
   <div class='ocr_carea' id='block_1_33' title="bbox 563 1985 2130 2058">
    <p class='ocr_par' dir='ltr' id='par_1_33' title="bbox 563 1985 2130 2058">
     <span class='ocr_line' id='line_1_33' title="bbox 563 1985 2130 2058; baseline -0.004 -13"><span class='ocrx_word' id='word_1_172' title='bbox 563 1991 781 2045; x_wconf 88' lang='lat' dir='ltr'><strong>LXVIII.</strong></span> <span class='ocrx_word' id='word_1_173' title='bbox 809 1990 884 2043; x_wconf 85' lang='lat' dir='ltr'>Ex</span> <span class='ocrx_word' id='word_1_174' title='bbox 916 1987 1344 2058; x_wconf 89' lang='lat' dir='ltr'>paenitentibus,</span> <span class='ocrx_word' id='word_1_175' title='bbox 1387 1985 1644 2058; x_wconf 86' lang='lat' dir='ltr'>quamvis</span> <span class='ocrx_word' id='word_1_176' title='bbox 1679 1985 1752 2040; x_wconf 91' lang='lat' dir='ltr'>sit</span> <span class='ocrx_word' id='word_1_177' title='bbox 1784 1987 1967 2040; x_wconf 90' lang='lat' dir='ltr'>bonus</span> <span class='ocrx_word' id='word_1_178' title='bbox 2022 1987 2130 2040; x_wconf 87' lang='lat' dir='ltr'>cle~</span> 
     </span>
    </p>
   </div>
   <div class='ocr_carea' id='block_1_34' title="bbox 492 2080 1134 2138">
    <p class='ocr_par' dir='ltr' id='par_1_34' title="bbox 492 2080 1134 2138">
     <span class='ocr_line' id='line_1_34' title="bbox 492 2080 1134 2138; baseline -0.005 -1"><span class='ocrx_word' id='word_1_179' title='bbox 492 2082 642 2138; x_wconf 90' lang='lat' dir='ltr'>ricus</span> <span class='ocrx_word' id='word_1_180' title='bbox 668 2098 789 2136; x_wconf 91' lang='lat' dir='ltr'>non</span> <span class='ocrx_word' id='word_1_181' title='bbox 818 2080 1134 2136; x_wconf 89' lang='lat' dir='ltr'>ordinetur.</span> 
     </span>
    </p>
   </div>
   <div class='ocr_carea' id='block_1_35' title="bbox 566 2169 2127 2244">
    <p class='ocr_par' dir='ltr' id='par_1_35' title="bbox 566 2169 2127 2244">
     <span class='ocr_line' id='line_1_35' title="bbox 566 2169 2127 2244; baseline -0.003 -16"><span class='ocrx_word' id='word_1_182' title='bbox 566 2175 736 2228; x_wconf 87' lang='lat' dir='ltr'><strong>LXIX.</strong></span> <span class='ocrx_word' id='word_1_183' title='bbox 765 2173 821 2228; x_wconf 92' lang='lat' dir='ltr'>Si</span> <span class='ocrx_word' id='word_1_184' title='bbox 845 2189 948 2244; x_wconf 91' lang='lat' dir='ltr'>per</span> <span class='ocrx_word' id='word_1_185' title='bbox 973 2171 1356 2243; x_wconf 82' lang='lat' dir='ltr'>ignorantiam</span> <span class='ocrx_word' id='word_1_186' title='bbox 1395 2169 1643 2241; x_wconf 90' lang='lat' dir='ltr'>episcopi</span> <span class='ocrx_word' id='word_1_187' title='bbox 1678 2170 1892 2224; x_wconf 83' lang='lat' dir='ltr'>factum</span> <span class='ocrx_word' id='word_1_188' title='bbox 1933 2169 2127 2239; x_wconf 89' lang='lat' dir='ltr'>fuerit,</span> 
     </span>
    </p>
   </div>
   <div class='ocr_carea' id='block_1_36' title="bbox 500 2260 2129 2337">
    <p class='ocr_par' dir='ltr' id='par_1_36' title="bbox 500 2260 2129 2337">
     <span class='ocr_line' id='line_1_36' title="bbox 500 2260 2129 2337; baseline -0.004 -16"><span class='ocrx_word' id='word_1_189' title='bbox 500 2268 819 2337; x_wconf 89' lang='lat' dir='ltr'>deponatur</span> <span class='ocrx_word' id='word_1_190' title='bbox 845 2282 879 2319; x_wconf 93' lang='lat' dir='ltr'>a</span> <span class='ocrx_word' id='word_1_191' title='bbox 899 2265 1069 2332; x_wconf 92' lang='lat' dir='ltr'>clero,</span> <span class='ocrx_word' id='word_1_192' title='bbox 1100 2263 1234 2334; x_wconf 91' lang='lat' dir='ltr'>quia</span> <span class='ocrx_word' id='word_1_193' title='bbox 1254 2279 1310 2319; x_wconf 90' lang='lat' dir='ltr'>se</span> <span class='ocrx_word' id='word_1_194' title='bbox 1333 2260 1708 2318; x_wconf 83' lang='lat' dir='ltr'>ordinationis</span> <span class='ocrx_word' id='word_1_195' title='bbox 1735 2264 1993 2332; x_wconf 88' lang='lat' dir='ltr'>tempore</span> <span class='ocrx_word' id='word_1_196' title='bbox 2012 2277 2129 2316; x_wconf 90' lang='lat' dir='ltr'>non</span> 
     </span>
    </p>
   </div>
   <div class='ocr_carea' id='block_1_37' title="bbox 497 2353 2128 2429">
    <p class='ocr_par' dir='ltr' id='par_1_37' title="bbox 497 2353 2128 2429">
     <span class='ocr_line' id='line_1_37' title="bbox 497 2353 2128 2429; baseline -0.003 -17"><span class='ocrx_word' id='word_1_197' title='bbox 497 2359 748 2429; x_wconf 88' lang='lat' dir='ltr'>prodidit</span> <span class='ocrx_word' id='word_1_198' title='bbox 773 2357 944 2412; x_wconf 89' lang='lat' dir='ltr'>fuisse</span> <span class='ocrx_word' id='word_1_199' title='bbox 969 2356 1366 2427; x_wconf 77' lang='lat' dir='ltr'>pauitantem,</span> <span class='ocrx_word' id='word_1_200' title='bbox 1398 2355 1445 2408; x_wconf 91' lang='lat' dir='ltr'>si</span> <span class='ocrx_word' id='word_1_201' title='bbox 1470 2357 1662 2409; x_wconf 88' lang='lat' dir='ltr'>autem</span> <span class='ocrx_word' id='word_1_202' title='bbox 1703 2353 1882 2408; x_wconf 89' lang='lat' dir='ltr'>sciens</span> <span class='ocrx_word' id='word_1_203' title='bbox 1908 2354 2128 2424; x_wconf 91' lang='lat' dir='ltr'>episco-</span> 
     </span>
    </p>
   </div>
   <div class='ocr_carea' id='block_1_38' title="bbox 401 2445 2133 2521">
    <p class='ocr_par' dir='ltr' id='par_1_38' title="bbox 401 2445 2133 2521">
     <span class='ocr_line' id='line_1_38' title="bbox 401 2445 2133 2521; baseline -0.003 -16"><span class='ocrx_word' id='word_1_204' title='bbox 401 2489 407 2494; x_wconf 86' lang='grc'><strong><em>-</em></strong></span> <span class='ocrx_word' id='word_1_205' title='bbox 499 2467 604 2521; x_wconf 88' lang='lat' dir='ltr'>pus</span> <span class='ocrx_word' id='word_1_206' title='bbox 624 2449 971 2504; x_wconf 91' lang='lat' dir='ltr'>ordinaverit</span> <span class='ocrx_word' id='word_1_207' title='bbox 995 2449 1193 2518; x_wconf 85' lang='lat' dir='ltr'>talem,</span> <span class='ocrx_word' id='word_1_208' title='bbox 1222 2447 1394 2503; x_wconf 89' lang='lat' dir='ltr'>etiam</span> <span class='ocrx_word' id='word_1_209' title='bbox 1421 2448 1540 2517; x_wconf 90' lang='lat' dir='ltr'>ipse</span> <span class='ocrx_word' id='word_1_210' title='bbox 1564 2447 1648 2512; x_wconf 42' lang='lat' dir='ltr'>‘ab</span> <span class='ocrx_word' id='word_1_211' title='bbox 1688 2446 2012 2517; x_wconf 86' lang='lat' dir='ltr'>episcopatu</span> <span class='ocrx_word' id='word_1_212' title='bbox 2045 2445 2133 2500; x_wconf 92' lang='lat' dir='ltr'>sui</span> 
     </span>
    </p>
   </div>
   <div class='ocr_carea' id='block_1_39' title="bbox 499 2538 2128 2611">
    <p class='ocr_par' dir='ltr' id='par_1_39' title="bbox 499 2538 2128 2611">
     <span class='ocr_line' id='line_1_39' title="bbox 499 2538 2128 2611; baseline -0.002 -14"><span class='ocrx_word' id='word_1_213' title='bbox 499 2542 802 2597; x_wconf 80' lang='lat' dir='ltr'>ordinandi</span> <span class='ocrx_word' id='word_1_214' title='bbox 815 2541 1094 2595; x_wconf 81' lang='lat' dir='ltr'>duntaxat</span> <span class='ocrx_word' id='word_1_215' title='bbox 1105 2543 1383 2611; x_wconf 90' lang='lat' dir='ltr'>potestate</span> <span class='ocrx_word' id='word_1_216' title='bbox 1398 2539 1670 2610; x_wconf 87' lang='lat' dir='ltr'>privetur.</span> <span class='ocrx_word' id='word_1_217' title='bbox 1702 2538 1882 2593; x_wconf 87' lang='lat' dir='ltr'>Simili</span> <span class='ocrx_word' id='word_1_218' title='bbox 1901 2541 2128 2595; x_wconf 89' lang='lat' dir='ltr'>senten—</span> 
     </span>
    </p>
   </div>
   <div class='ocr_carea' id='block_1_40' title="bbox 498 2630 2129 2704">
    <p class='ocr_par' dir='ltr' id='par_1_40' title="bbox 498 2630 2129 2704">
     <span class='ocr_line' id='line_1_40' title="bbox 498 2630 2129 2704; baseline -0.002 -15"><span class='ocrx_word' id='word_1_219' title='bbox 498 2637 592 2690; x_wconf 88' lang='lat' dir='ltr'>tia</span> <span class='ocrx_word' id='word_1_220' title='bbox 617 2633 933 2704; x_wconf 89' lang='lat' dir='ltr'>subjacebit</span> <span class='ocrx_word' id='word_1_221' title='bbox 953 2632 1273 2703; x_wconf 91' lang='lat' dir='ltr'>episcopus,</span> <span class='ocrx_word' id='word_1_222' title='bbox 1303 2632 1352 2686; x_wconf 90' lang='lat' dir='ltr'>si</span> <span class='ocrx_word' id='word_1_223' title='bbox 1375 2631 1558 2686; x_wconf 90' lang='lat' dir='ltr'>sciens</span> <span class='ocrx_word' id='word_1_224' title='bbox 1584 2630 1933 2686; x_wconf 91' lang='lat' dir='ltr'>ordinaverit</span> <span class='ocrx_word' id='word_1_225' title='bbox 1962 2631 2129 2686; x_wconf 91' lang='lat' dir='ltr'>cleri-</span> 
     </span>
    </p>
   </div>
   <div class='ocr_carea' id='block_1_41' title="bbox 493 2724 2132 2797">
    <p class='ocr_par' dir='ltr' id='par_1_41' title="bbox 493 2724 2132 2797">
     <span class='ocr_line' id='line_1_41' title="bbox 493 2724 2132 2797; baseline -0.001 -19"><span class='ocrx_word' id='word_1_226' title='bbox 493 2744 630 2782; x_wconf 86' lang='lat' dir='ltr'>cum</span> <span class='ocrx_word' id='word_1_227' title='bbox 657 2743 789 2781; x_wconf 91' lang='lat' dir='ltr'>eum</span> <span class='ocrx_word' id='word_1_228' title='bbox 817 2725 915 2797; x_wconf 92' lang='lat' dir='ltr'>qui</span> <span class='ocrx_word' id='word_1_229' title='bbox 947 2725 1200 2794; x_wconf 87' lang='lat' dir='ltr'>viduam,</span> <span class='ocrx_word' id='word_1_230' title='bbox 1231 2729 1329 2779; x_wconf 90' lang='lat' dir='ltr'>aut</span> <span class='ocrx_word' id='word_1_231' title='bbox 1361 2724 1720 2794; x_wconf 88' lang='lat' dir='ltr'>repudiatam</span> <span class='ocrx_word' id='word_1_232' title='bbox 1764 2740 2005 2778; x_wconf 79' lang='lat' dir='ltr'>uxorem</span> <span class='ocrx_word' id='word_1_233' title='bbox 2032 2724 2132 2778; x_wconf 89' lang='lat' dir='ltr'>ha-</span> 
     </span>
    </p>
   </div>
   <div class='ocr_carea' id='block_1_42' title="bbox 501 2817 1131 2889">
    <p class='ocr_par' dir='ltr' id='par_1_42' title="bbox 501 2817 1131 2889">
     <span class='ocr_line' id='line_1_42' title="bbox 501 2817 1131 2889; baseline -0.002 -16"><span class='ocrx_word' id='word_1_234' title='bbox 501 2820 643 2889; x_wconf 90' lang='lat' dir='ltr'>buit,</span> <span class='ocrx_word' id='word_1_235' title='bbox 673 2821 772 2872; x_wconf 89' lang='lat' dir='ltr'>aut</span> <span class='ocrx_word' id='word_1_236' title='bbox 798 2817 1131 2872; x_wconf 91' lang='lat' dir='ltr'>secundam.</span> 
     </span>
    </p>
   </div>
   <div class='ocr_carea' id='block_1_43' title="bbox 575 2909 2134 2978">
    <p class='ocr_par' dir='ltr' id='par_1_43' title="bbox 575 2909 2134 2978">
     <span class='ocr_line' id='line_1_43' title="bbox 575 2909 2134 2978; baseline -0.001 -13"><span class='ocrx_word' id='word_1_237' title='bbox 575 2913 719 2965; x_wconf 87' lang='lat' dir='ltr'><strong>LXX.</strong></span> <span class='ocrx_word' id='word_1_238' title='bbox 745 2910 996 2966; x_wconf 87' lang='lat' dir='ltr'>Clericus</span> <span class='ocrx_word' id='word_1_239' title='bbox 1031 2909 1461 2978; x_wconf 87' lang='lat' dir='ltr'>hareticorum,</span> <span class='ocrx_word' id='word_1_240' title='bbox 1498 2913 1596 2962; x_wconf 89' lang='lat' dir='ltr'>aut</span> <span class='ocrx_word' id='word_1_241' title='bbox 1639 2909 2134 2964; x_wconf 84' lang='lat' dir='ltr'>schismaticorum</span> 
     </span>
    </p>
   </div>
   <div class='ocr_carea' id='block_1_44' title="bbox 506 3000 2010 3074">
    <p class='ocr_par' dir='ltr' id='par_1_44' title="bbox 506 3000 2010 3074">
     <span class='ocr_line' id='line_1_44' title="bbox 506 3000 2010 3074; baseline -0.001 -16"><span class='ocrx_word' id='word_1_242' title='bbox 506 3008 620 3058; x_wconf 88' lang='lat' dir='ltr'>tam</span> <span class='ocrx_word' id='word_1_243' title='bbox 655 3003 909 3057; x_wconf 91' lang='lat' dir='ltr'>convivia</span> <span class='ocrx_word' id='word_1_244' title='bbox 937 3017 1116 3074; x_wconf 92' lang='lat' dir='ltr'>quam</span> <span class='ocrx_word' id='word_1_245' title='bbox 1143 3001 1470 3056; x_wconf 88' lang='lat' dir='ltr'>sodalitates</span> <span class='ocrx_word' id='word_1_246' title='bbox 1499 3000 1669 3055; x_wconf 87' lang='lat' dir='ltr'>evitet</span> <span class='ocrx_word' id='word_1_247' title='bbox 1695 3001 2010 3072; x_wconf 89' lang='lat' dir='ltr'>aqualiter.</span> 
     </span>
    </p>
   </div>
   <div class='ocr_carea' id='block_1_45' title="bbox 577 3094 2386 3210">
    <p class='ocr_par' dir='ltr' id='par_1_45' title="bbox 577 3094 2386 3210">
     <span class='ocr_line' id='line_1_45' title="bbox 577 3094 2386 3210; baseline 0.001 -60"><span class='ocrx_word' id='word_1_248' title='bbox 577 3097 748 3150; x_wconf 88' lang='lat' dir='ltr'><strong>LXXI.</strong></span> <span class='ocrx_word' id='word_1_249' title='bbox 776 3096 934 3158; x_wconf 88' lang='lat' dir='ltr'>Quod</span> <span class='ocrx_word' id='word_1_250' title='bbox 959 3094 1356 3149; x_wconf 83' lang='lat' dir='ltr'>hareticorum</span> <span class='ocrx_word' id='word_1_251' title='bbox 1397 3097 1574 3148; x_wconf 89' lang='lat' dir='ltr'>coetus</span> <span class='ocrx_word' id='word_1_252' title='bbox 1607 3109 1724 3148; x_wconf 92' lang='lat' dir='ltr'>non</span> <span class='ocrx_word' id='word_1_253' title='bbox 1762 3094 2006 3165; x_wconf 88' lang='lat' dir='ltr'>ecclesia,</span> <span class='ocrx_word' id='word_1_254' title='bbox 2038 3094 2137 3150; x_wconf 89' lang='lat' dir='ltr'>sed</span> <span class='ocrx_word' id='word_1_255' title='bbox 2155 3135 2210 3210; x_wconf 67' lang='grc' dir='ltr'>Ο</span> <span class='ocrx_word' id='word_1_256' title='bbox 2235 3103 2386 3153; x_wconf 88' lang='lat' dir='ltr'>rant.</span> 
     </span>
    </p>
   </div>
   <div class='ocr_carea' id='block_1_46' title="bbox 506 3187 1055 3243">
    <p class='ocr_par' dir='ltr' id='par_1_46' title="bbox 506 3187 1055 3243">
     <span class='ocr_line' id='line_1_46' title="bbox 506 3187 1055 3243; baseline -0.002 0"><span class='ocrx_word' id='word_1_257' title='bbox 506 3188 942 3243; x_wconf 88' lang='lat' dir='ltr'>conciliabulum</span> <span class='ocrx_word' id='word_1_258' title='bbox 964 3187 1055 3242; x_wconf 90' lang='lat' dir='ltr'>sit.</span> 
     </span>
    </p>
   </div>
   <div class='ocr_carea' id='block_1_47' title="bbox 576 3279 2134 3349">
    <p class='ocr_par' dir='ltr' id='par_1_47' title="bbox 576 3279 2134 3349">
     <span class='ocr_line' id='line_1_47' title="bbox 576 3279 2134 3349; baseline 0 -15"><span class='ocrx_word' id='word_1_259' title='bbox 576 3281 773 3335; x_wconf 86' lang='lat' dir='ltr'><strong>LXXII.</strong></span> <span class='ocrx_word' id='word_1_260' title='bbox 801 3281 941 3335; x_wconf 90' lang='lat' dir='ltr'>Cum</span> <span class='ocrx_word' id='word_1_261' title='bbox 972 3279 1250 3335; x_wconf 85' lang='lat' dir='ltr'>hareticis</span> <span class='ocrx_word' id='word_1_262' title='bbox 1277 3295 1377 3334; x_wconf 88' lang='lat' dir='ltr'>nec</span> <span class='ocrx_word' id='word_1_263' title='bbox 1412 3279 1715 3349; x_wconf 89' lang='lat' dir='ltr'>orandum,</span> <span class='ocrx_word' id='word_1_264' title='bbox 1758 3295 1861 3335; x_wconf 91' lang='lat' dir='ltr'>nec</span> <span class='ocrx_word' id='word_1_265' title='bbox 1891 3281 2134 3349; x_wconf 89' lang='lat' dir='ltr'>psallen-</span> 
     </span>
    </p>
   </div>
   <div class='ocr_carea' id='block_1_48' title="bbox 508 3375 666 3428">
    <p class='ocr_par' dir='ltr' id='par_1_48' title="bbox 508 3375 666 3428">
     <span class='ocr_line' id='line_1_48' title="bbox 508 3375 666 3428; baseline 0 0"><span class='ocrx_word' id='word_1_266' title='bbox 508 3375 666 3428; x_wconf 92' lang='lat' dir='ltr'>dum.</span> 
     </span>
    </p>
   </div>
   <div class='ocr_carea' id='block_1_49' title="bbox 581 3465 2135 3530">
    <p class='ocr_par' dir='ltr' id='par_1_49' title="bbox 581 3465 2135 3530">
     <span class='ocr_line' id='line_1_49' title="bbox 581 3465 2135 3530; baseline -0.001 -10"><span class='ocrx_word' id='word_1_267' title='bbox 581 3467 792 3522; x_wconf 90' lang='lat' dir='ltr'><strong>LXXIII.</strong></span> <span class='ocrx_word' id='word_1_268' title='bbox 851 3465 961 3530; x_wconf 90' lang='lat' dir='ltr'>Qui</span> <span class='ocrx_word' id='word_1_269' title='bbox 1011 3465 1511 3520; x_wconf 90' lang='lat' dir='ltr'>communicaverit</span> <span class='ocrx_word' id='word_1_270' title='bbox 1565 3466 1652 3520; x_wconf 89' lang='lat' dir='ltr'>vel</span> <span class='ocrx_word' id='word_1_271' title='bbox 1699 3465 1949 3520; x_wconf 90' lang='lat' dir='ltr'>oraverit</span> <span class='ocrx_word' id='word_1_272' title='bbox 2003 3481 2135 3520; x_wconf 90' lang='lat' dir='ltr'>cum</span> 
     </span>
    </p>
   </div>
   <div class='ocr_carea' id='block_1_50' title="bbox 510 3558 2139 3630">
    <p class='ocr_par' dir='ltr' id='par_1_50' title="bbox 510 3558 2139 3630">
     <span class='ocr_line' id='line_1_50' title="bbox 510 3558 2139 3630; baseline -0.001 -16"><span class='ocrx_word' id='word_1_273' title='bbox 510 3558 1020 3630; x_wconf 82' lang='lat' dir='ltr'>excommunicato,</span> <span class='ocrx_word' id='word_1_274' title='bbox 1047 3559 1164 3613; x_wconf 89' lang='lat' dir='ltr'>sive</span> <span class='ocrx_word' id='word_1_275' title='bbox 1193 3558 1430 3613; x_wconf 89' lang='lat' dir='ltr'>clericus</span> <span class='ocrx_word' id='word_1_276' title='bbox 1456 3558 1570 3614; x_wconf 91' lang='lat' dir='ltr'>sive</span> <span class='ocrx_word' id='word_1_277' title='bbox 1595 3559 1790 3628; x_wconf 89' lang='lat' dir='ltr'>laicus,</span> <span class='ocrx_word' id='word_1_278' title='bbox 1815 3574 2139 3614; x_wconf 82' lang='lat' dir='ltr'>excommu-</span> 
     </span>
    </p>
   </div>
   <div class='ocr_carea' id='block_1_51' title="bbox 508 3652 750 3708">
    <p class='ocr_par' dir='ltr' id='par_1_51' title="bbox 508 3652 750 3708">
     <span class='ocr_line' id='line_1_51' title="bbox 508 3652 750 3708; baseline 0 -2"><span class='ocrx_word' id='word_1_279' title='bbox 508 3652 750 3708; x_wconf 90' lang='lat' dir='ltr'>nicetur.</span> 
     </span>
    </p>
   </div>
   <div class='ocr_carea' id='block_1_52' title="bbox 580 3743 2138 3814">
    <p class='ocr_par' dir='ltr' id='par_1_52' title="bbox 580 3743 2138 3814">
     <span class='ocr_line' id='line_1_52' title="bbox 580 3743 2138 3814; baseline -0.001 -15"><span class='ocrx_word' id='word_1_280' title='bbox 580 3746 792 3800; x_wconf 89' lang='lat' dir='ltr'><strong>LXXIV.</strong></span> <span class='ocrx_word' id='word_1_281' title='bbox 822 3746 893 3799; x_wconf 89' lang='lat' dir='ltr'>Ut</span> <span class='ocrx_word' id='word_1_282' title='bbox 920 3743 1184 3799; x_wconf 88' lang='lat' dir='ltr'>sacerdos</span> <span class='ocrx_word' id='word_1_283' title='bbox 1218 3743 1613 3814; x_wconf 87' lang='lat' dir='ltr'>paenitentiam</span> <span class='ocrx_word' id='word_1_284' title='bbox 1650 3744 1985 3814; x_wconf 87' lang='lat' dir='ltr'>imploranti</span> <span class='ocrx_word' id='word_1_285' title='bbox 2011 3743 2138 3798; x_wconf 91' lang='lat' dir='ltr'>abs-</span> 
     </span>
    </p>
   </div>
   <div class='ocr_carea' id='block_1_53' title="bbox 509 3835 2137 3908">
    <p class='ocr_par' dir='ltr' id='par_1_53' title="bbox 509 3835 2137 3908">
     <span class='ocr_line' id='line_1_53' title="bbox 509 3835 2137 3908; baseline -0.001 -16"><span class='ocrx_word' id='word_1_286' title='bbox 509 3854 621 3908; x_wconf 89' lang='lat' dir='ltr'>que</span> <span class='ocrx_word' id='word_1_287' title='bbox 664 3853 922 3907; x_wconf 84' lang='lat' dir='ltr'>persona</span> <span class='ocrx_word' id='word_1_288' title='bbox 966 3836 1292 3906; x_wconf 89' lang='lat' dir='ltr'>acceptione</span> <span class='ocrx_word' id='word_1_289' title='bbox 1346 3835 1695 3905; x_wconf 85' lang='lat' dir='ltr'>paenitentia</span> <span class='ocrx_word' id='word_1_290' title='bbox 1741 3836 1897 3907; x_wconf 85' lang='lat' dir='ltr'>leges</span> <span class='ocrx_word' id='word_1_291' title='bbox 1945 3836 2137 3906; x_wconf 87' lang='lat' dir='ltr'>injun-</span> 
     </span>
    </p>
   </div>
   <div class='ocr_carea' id='block_1_54' title="bbox 511 3933 630 4000">
    <p class='ocr_par' dir='ltr' id='par_1_54' title="bbox 511 3933 630 4000">
     <span class='ocr_line' id='line_1_54' title="bbox 511 3933 630 4000; baseline 0 -16"><span class='ocrx_word' id='word_1_292' title='bbox 511 3933 630 4000; x_wconf 85' lang='lat' dir='ltr'>gat.</span> 
     </span>
    </p>
   </div>
   <div class='ocr_carea' id='block_1_55' title="bbox 582 4019 2138 4092">
    <p class='ocr_par' dir='ltr' id='par_1_55' title="bbox 582 4019 2138 4092">
     <span class='ocr_line' id='line_1_55' title="bbox 582 4019 2138 4092; baseline -0.001 -16"><span class='ocrx_word' id='word_1_293' title='bbox 582 4022 774 4076; x_wconf 89' lang='lat' dir='ltr'><strong>LXXV.</strong></span> <span class='ocrx_word' id='word_1_294' title='bbox 815 4022 887 4076; x_wconf 88' lang='lat' dir='ltr'>Ut</span> <span class='ocrx_word' id='word_1_295' title='bbox 930 4019 1369 4092; x_wconf 81' lang='lat' dir='ltr'>negligentiores</span> <span class='ocrx_word' id='word_1_296' title='bbox 1399 4019 1738 4090; x_wconf 84' lang='lat' dir='ltr'>paenitentes</span> <span class='ocrx_word' id='word_1_297' title='bbox 1782 4020 2001 4076; x_wconf 88' lang='lat' dir='ltr'>tardius</span> <span class='ocrx_word' id='word_1_298' title='bbox 2047 4037 2138 4075; x_wconf 88' lang='lat' dir='ltr'>re-</span> 
     </span>
    </p>
   </div>
   <div class='ocr_carea' id='block_1_56' title="bbox 512 4114 907 4170">
    <p class='ocr_par' dir='ltr' id='par_1_56' title="bbox 512 4114 907 4170">
     <span class='ocr_line' id='line_1_56' title="bbox 512 4114 907 4170; baseline -0.005 -1"><span class='ocrx_word' id='word_1_299' title='bbox 512 4114 907 4170; x_wconf 90' lang='lat' dir='ltr'>concilientur.</span> 
     </span>
    </p>
   </div>
   <div class='ocr_carea' id='block_1_57' title="bbox 583 4204 2142 4278">
    <p class='ocr_par' dir='ltr' id='par_1_57' title="bbox 583 4204 2142 4278">
     <span class='ocr_line' id='line_1_57' title="bbox 583 4204 2142 4278; baseline 0.001 -18"><span class='ocrx_word' id='word_1_300' title='bbox 583 4207 800 4262; x_wconf 87' lang='lat' dir='ltr'><strong>LXXVI.</strong></span> <span class='ocrx_word' id='word_1_301' title='bbox 833 4208 884 4260; x_wconf 90' lang='lat' dir='ltr'><strong>Is</strong></span> <span class='ocrx_word' id='word_1_302' title='bbox 911 4205 1008 4276; x_wconf 92' lang='lat' dir='ltr'>qui</span> <span class='ocrx_word' id='word_1_303' title='bbox 1034 4205 1425 4277; x_wconf 88' lang='lat' dir='ltr'>paenitentiam</span> <span class='ocrx_word' id='word_1_304' title='bbox 1457 4205 1518 4260; x_wconf 91' lang='lat' dir='ltr'>in</span> <span class='ocrx_word' id='word_1_305' title='bbox 1545 4204 1882 4261; x_wconf 88' lang='lat' dir='ltr'>inﬁrmitate</span> <span class='ocrx_word' id='word_1_306' title='bbox 1906 4206 2066 4278; x_wconf 90' lang='lat' dir='ltr'>petit,</span> <span class='ocrx_word' id='word_1_307' title='bbox 2095 4206 2142 4261; x_wconf 91' lang='lat' dir='ltr'>si</span> 
     </span>
    </p>
   </div>
   <div class='ocr_carea' id='block_1_58' title="bbox 511 4299 2143 4371">
    <p class='ocr_par' dir='ltr' id='par_1_58' title="bbox 511 4299 2143 4371">
     <span class='ocr_line' id='line_1_58' title="bbox 511 4299 2143 4371; baseline -0.001 -16"><span class='ocrx_word' id='word_1_308' title='bbox 511 4317 645 4356; x_wconf 88' lang='lat' dir='ltr'>casu</span> <span class='ocrx_word' id='word_1_309' title='bbox 665 4301 802 4355; x_wconf 91' lang='lat' dir='ltr'>dum</span> <span class='ocrx_word' id='word_1_310' title='bbox 832 4300 903 4354; x_wconf 90' lang='lat' dir='ltr'>ad</span> <span class='ocrx_word' id='word_1_311' title='bbox 927 4315 1058 4353; x_wconf 91' lang='lat' dir='ltr'>eum</span> <span class='ocrx_word' id='word_1_312' title='bbox 1085 4299 1343 4354; x_wconf 89' lang='lat' dir='ltr'>sacerdos</span> <span class='ocrx_word' id='word_1_313' title='bbox 1366 4299 1640 4354; x_wconf 89' lang='lat' dir='ltr'>invitatus</span> <span class='ocrx_word' id='word_1_314' title='bbox 1658 4299 1813 4355; x_wconf 88' lang='lat' dir='ltr'>venit</span> <span class='ocrx_word' id='word_1_315' title='bbox 1840 4316 2143 4371; x_wconf 89' lang='lat' dir='ltr'>oppressus</span> 
     </span>
    </p>
   </div>
   <div class='ocr_carea' id='block_1_59' title="bbox 511 4391 2139 4463">
    <p class='ocr_par' dir='ltr' id='par_1_59' title="bbox 511 4391 2139 4463">
     <span class='ocr_line' id='line_1_59' title="bbox 511 4391 2139 4463; baseline 0 -15"><span class='ocrx_word' id='word_1_316' title='bbox 511 4391 838 4448; x_wconf 85' lang='lat' dir='ltr'>inﬁrmitate</span> <span class='ocrx_word' id='word_1_317' title='bbox 869 4392 1238 4460; x_wconf 89' lang='lat' dir='ltr'>obmutuerit,</span> <span class='ocrx_word' id='word_1_318' title='bbox 1258 4393 1345 4447; x_wconf 90' lang='lat' dir='ltr'>vel</span> <span class='ocrx_word' id='word_1_319' title='bbox 1373 4392 1433 4446; x_wconf 90' lang='lat' dir='ltr'>in</span> <span class='ocrx_word' id='word_1_320' title='bbox 1460 4392 1789 4463; x_wconf 90' lang='lat' dir='ltr'>phrenesim</span> <span class='ocrx_word' id='word_1_321' title='bbox 1810 4409 2003 4447; x_wconf 89' lang='lat' dir='ltr'>versus</span> <span class='ocrx_word' id='word_1_322' title='bbox 2017 4393 2139 4448; x_wconf 88' lang='lat' dir='ltr'>fue-</span> 
     </span>
    </p>
   </div>
   <div class='ocr_carea' id='block_1_60' title="bbox 2298 1890 3857 1965">
    <p class='ocr_par' dir='ltr' id='par_1_60' title="bbox 2298 1890 3857 1965">
     <span class='ocr_line' id='line_1_60' title="bbox 2298 1890 3857 1965; baseline -0.003 -17"><span class='ocrx_word' id='word_1_323' title='bbox 2298 1896 2554 1950; x_wconf 89' lang='lat' dir='ltr'><strong>LXXXVI.</strong></span> <span class='ocrx_word' id='word_1_324' title='bbox 2586 1895 2868 1965; x_wconf 87' lang='lat' dir='ltr'>Neophyti</span> <span class='ocrx_word' id='word_1_325' title='bbox 2891 1893 3224 1964; x_wconf 88' lang='lat' dir='ltr'>aliquandiu</span> <span class='ocrx_word' id='word_1_326' title='bbox 3261 1897 3320 1946; x_wconf 88' lang='lat' dir='ltr'>et</span> <span class='ocrx_word' id='word_1_327' title='bbox 3354 1890 3688 1946; x_wconf 89' lang='lat' dir='ltr'>lautioribus</span> <span class='ocrx_word' id='word_1_328' title='bbox 3714 1905 3857 1960; x_wconf 91' lang='lat' dir='ltr'>epu-</span> 
     </span>
    </p>
   </div>
   <div class='ocr_carea' id='block_1_61' title="bbox 2226 1983 3590 2057">
    <p class='ocr_par' dir='ltr' id='par_1_61' title="bbox 2226 1983 3590 2057">
     <span class='ocr_line' id='line_1_61' title="bbox 2226 1983 3590 2057; baseline -0.003 -16"><span class='ocrx_word' id='word_1_329' title='bbox 2226 1988 2295 2041; x_wconf 89' lang='lat' dir='ltr'>lis</span> <span class='ocrx_word' id='word_1_330' title='bbox 2321 1991 2378 2042; x_wconf 89' lang='lat' dir='ltr'>et</span> <span class='ocrx_word' id='word_1_331' title='bbox 2400 1987 2754 2057; x_wconf 89' lang='lat' dir='ltr'>spectaculis,</span> <span class='ocrx_word' id='word_1_332' title='bbox 2777 1988 2865 2042; x_wconf 90' lang='lat' dir='ltr'>vel</span> <span class='ocrx_word' id='word_1_333' title='bbox 2891 1985 3229 2057; x_wconf 83' lang='lat' dir='ltr'>conjugibus</span> <span class='ocrx_word' id='word_1_334' title='bbox 3251 1983 3590 2039; x_wconf 89' lang='lat' dir='ltr'>abstineant.</span> 
     </span>
    </p>
   </div>
   <div class='ocr_carea' id='block_1_62' title="bbox 2298 2074 3859 2144">
    <p class='ocr_par' dir='ltr' id='par_1_62' title="bbox 2298 2074 3859 2144">
     <span class='ocr_line' id='line_1_62' title="bbox 2298 2074 3859 2144; baseline -0.003 -12"><span class='ocrx_word' id='word_1_335' title='bbox 2298 2079 2578 2133; x_wconf 89' lang='lat' dir='ltr'><strong>LXXXVII.</strong></span> <span class='ocrx_word' id='word_1_336' title='bbox 2609 2078 2720 2143; x_wconf 90' lang='lat' dir='ltr'>Qui</span> <span class='ocrx_word' id='word_1_337' title='bbox 2763 2095 2991 2133; x_wconf 88' lang='lat' dir='ltr'>causam</span> <span class='ocrx_word' id='word_1_338' title='bbox 3040 2093 3206 2132; x_wconf 91' lang='lat' dir='ltr'>suam</span> <span class='ocrx_word' id='word_1_339' title='bbox 3254 2076 3562 2130; x_wconf 91' lang='lat' dir='ltr'>catholicus</span> <span class='ocrx_word' id='word_1_340' title='bbox 3607 2075 3722 2129; x_wconf 90' lang='lat' dir='ltr'>sive</span> <span class='ocrx_word' id='word_1_341' title='bbox 3759 2074 3859 2144; x_wconf 84' lang='lat' dir='ltr'>ju-</span> 
     </span>
    </p>
   </div>
   <div class='ocr_carea' id='block_1_63' title="bbox 2229 2165 3865 2242">
    <p class='ocr_par' dir='ltr' id='par_1_63' title="bbox 2229 2165 3865 2242">
     <span class='ocr_line' id='line_1_63' title="bbox 2229 2165 3865 2242; baseline -0.004 -16"><span class='ocrx_word' id='word_1_342' title='bbox 2229 2176 2392 2241; x_wconf 90' lang='lat' dir='ltr'>stam,</span> <span class='ocrx_word' id='word_1_343' title='bbox 2421 2172 2537 2226; x_wconf 90' lang='lat' dir='ltr'>sive</span> <span class='ocrx_word' id='word_1_344' title='bbox 2558 2171 2826 2242; x_wconf 84' lang='lat' dir='ltr'>injustam</span> <span class='ocrx_word' id='word_1_345' title='bbox 2849 2171 2920 2225; x_wconf 91' lang='lat' dir='ltr'>ad</span> <span class='ocrx_word' id='word_1_346' title='bbox 2933 2169 3215 2241; x_wconf 88' lang='lat' dir='ltr'>judicium</span> <span class='ocrx_word' id='word_1_347' title='bbox 3244 2168 3475 2223; x_wconf 87' lang='lat' dir='ltr'>alterius</span> <span class='ocrx_word' id='word_1_348' title='bbox 3499 2167 3630 2222; x_wconf 86' lang='lat' dir='ltr'>ﬁdei</span> <span class='ocrx_word' id='word_1_349' title='bbox 3651 2165 3865 2237; x_wconf 90' lang='lat' dir='ltr'>judicis</span> 
     </span>
    </p>
   </div>
   <div class='ocr_carea' id='block_1_64' title="bbox 2229 2263 3087 2334">
    <p class='ocr_par' dir='ltr' id='par_1_64' title="bbox 2229 2263 3087 2334">
     <span class='ocr_line' id='line_1_64' title="bbox 2229 2263 3087 2334; baseline -0.001 -17"><span class='ocrx_word' id='word_1_350' title='bbox 2229 2267 2511 2334; x_wconf 89' lang='lat' dir='ltr'>provocat,</span> <span class='ocrx_word' id='word_1_351' title='bbox 2539 2263 3087 2318; x_wconf 82' lang='lat' dir='ltr'>excommunicetur.</span> 
     </span>
    </p>
   </div>
   <div class='ocr_carea' id='block_1_65' title="bbox 2302 2350 3860 2424">
    <p class='ocr_par' dir='ltr' id='par_1_65' title="bbox 2302 2350 3860 2424">
     <span class='ocr_line' id='line_1_65' title="bbox 2302 2350 3860 2424; baseline -0.004 -14"><span class='ocrx_word' id='word_1_352' title='bbox 2302 2358 2605 2413; x_wconf 85' lang='lat' dir='ltr'><strong>LXXXVIII.</strong></span> <span class='ocrx_word' id='word_1_353' title='bbox 2627 2357 2736 2420; x_wconf 90' lang='lat' dir='ltr'>Qui</span> <span class='ocrx_word' id='word_1_354' title='bbox 2753 2356 2841 2410; x_wconf 91' lang='lat' dir='ltr'>die</span> <span class='ocrx_word' id='word_1_355' title='bbox 2861 2353 3100 2410; x_wconf 88' lang='lat' dir='ltr'>solemni</span> <span class='ocrx_word' id='word_1_356' title='bbox 3121 2351 3503 2424; x_wconf 67' lang='lat' dir='ltr'>praetermisso</span> <span class='ocrx_word' id='word_1_357' title='bbox 3516 2350 3757 2406; x_wconf 91' lang='lat' dir='ltr'>solemni</span> <span class='ocrx_word' id='word_1_358' title='bbox 3769 2366 3860 2405; x_wconf 88' lang='lat' dir='ltr'>ec-</span> 
     </span>
    </p>
   </div>
   <div class='ocr_carea' id='block_1_66' title="bbox 2229 2443 3863 2518">
    <p class='ocr_par' dir='ltr' id='par_1_66' title="bbox 2229 2443 3863 2518">
     <span class='ocr_line' id='line_1_66' title="bbox 2229 2443 3863 2518; baseline -0.004 -15"><span class='ocrx_word' id='word_1_359' title='bbox 2229 2449 2413 2504; x_wconf 84' lang='lat' dir='ltr'>clesiae</span> <span class='ocrx_word' id='word_1_360' title='bbox 2426 2453 2707 2504; x_wconf 89' lang='lat' dir='ltr'>conventu</span> <span class='ocrx_word' id='word_1_361' title='bbox 2717 2449 2789 2502; x_wconf 89' lang='lat' dir='ltr'>ad</span> <span class='ocrx_word' id='word_1_362' title='bbox 2801 2447 3118 2518; x_wconf 89' lang='lat' dir='ltr'>spectacula</span> <span class='ocrx_word' id='word_1_363' title='bbox 3132 2446 3302 2512; x_wconf 87' lang='lat' dir='ltr'>vadit,</span> <span class='ocrx_word' id='word_1_364' title='bbox 3319 2443 3863 2500; x_wconf 83' lang='lat' dir='ltr'>excommunicetur.</span> 
     </span>
    </p>
   </div>
   <div class='ocr_carea' id='block_1_67' title="bbox 2302 2535 3868 2612">
    <p class='ocr_par' dir='ltr' id='par_1_67' title="bbox 2302 2535 3868 2612">
     <span class='ocr_line' id='line_1_67' title="bbox 2302 2535 3868 2612; baseline -0.004 -17"><span class='ocrx_word' id='word_1_365' title='bbox 2302 2543 2553 2596; x_wconf 88' lang='lat' dir='ltr'><strong>LXXXIX.</strong></span> <span class='ocrx_word' id='word_1_366' title='bbox 2593 2540 2858 2612; x_wconf 80' lang='lat' dir='ltr'>Auguriis</span> <span class='ocrx_word' id='word_1_367' title='bbox 2886 2541 2973 2594; x_wconf 89' lang='lat' dir='ltr'>vel</span> <span class='ocrx_word' id='word_1_368' title='bbox 3012 2537 3491 2594; x_wconf 86' lang='lat' dir='ltr'>incantationibus</span> <span class='ocrx_word' id='word_1_369' title='bbox 3527 2535 3868 2591; x_wconf 87' lang='lat' dir='ltr'>servientem</span> 
     </span>
    </p>
   </div>
   <div class='ocr_carea' id='block_1_68' title="bbox 2231 2629 3863 2702">
    <p class='ocr_par' dir='ltr' id='par_1_68' title="bbox 2231 2629 3863 2702">
     <span class='ocr_line' id='line_1_68' title="bbox 2231 2629 3863 2702; baseline -0.004 -15"><span class='ocrx_word' id='word_1_370' title='bbox 2231 2651 2262 2686; x_wconf 90' lang='lat' dir='ltr'>a</span> <span class='ocrx_word' id='word_1_371' title='bbox 2296 2637 2578 2688; x_wconf 90' lang='lat' dir='ltr'>conventu</span> <span class='ocrx_word' id='word_1_372' title='bbox 2621 2633 2879 2690; x_wconf 82' lang='lat' dir='ltr'>Ecclesiae</span> <span class='ocrx_word' id='word_1_373' title='bbox 2924 2631 3338 2702; x_wconf 88' lang='lat' dir='ltr'>separandum,</span> <span class='ocrx_word' id='word_1_374' title='bbox 3384 2629 3645 2684; x_wconf 86' lang='lat' dir='ltr'>similiter</span> <span class='ocrx_word' id='word_1_375' title='bbox 3678 2631 3736 2683; x_wconf 89' lang='lat' dir='ltr'>et</span> <span class='ocrx_word' id='word_1_376' title='bbox 3769 2645 3863 2681; x_wconf 83' lang='lat' dir='ltr'>su-</span> 
     </span>
    </p>
   </div>
   <div class='ocr_carea' id='block_1_69' title="bbox 2231 2723 3656 2797">
    <p class='ocr_par' dir='ltr' id='par_1_69' title="bbox 2231 2723 3656 2797">
     <span class='ocr_line' id='line_1_69' title="bbox 2231 2723 3656 2797; baseline -0.004 -17"><span class='ocrx_word' id='word_1_377' title='bbox 2231 2725 2654 2797; x_wconf 86' lang='lat' dir='ltr'>perstitionibus</span> <span class='ocrx_word' id='word_1_378' title='bbox 2677 2725 2939 2796; x_wconf 88' lang='lat' dir='ltr'>judaicis,</span> <span class='ocrx_word' id='word_1_379' title='bbox 2970 2726 3056 2778; x_wconf 90' lang='lat' dir='ltr'>vel</span> <span class='ocrx_word' id='word_1_380' title='bbox 3084 2724 3238 2779; x_wconf 87' lang='lat' dir='ltr'>feriis</span> <span class='ocrx_word' id='word_1_381' title='bbox 3261 2723 3656 2778; x_wconf 81' lang='lat' dir='ltr'>inhaerentem.</span> 
     </span>
    </p>
   </div>
   <div class='ocr_carea' id='block_1_70' title="bbox 2303 2813 3864 2886">
    <p class='ocr_par' dir='ltr' id='par_1_70' title="bbox 2303 2813 3864 2886">
     <span class='ocr_line' id='line_1_70' title="bbox 2303 2813 3864 2886; baseline -0.005 -12"><span class='ocrx_word' id='word_1_382' title='bbox 2303 2820 2401 2874; x_wconf 89' lang='lat' dir='ltr'>XC.</span> <span class='ocrx_word' id='word_1_383' title='bbox 2447 2818 2615 2874; x_wconf 92' lang='lat' dir='ltr'>Omni</span> <span class='ocrx_word' id='word_1_384' title='bbox 2650 2817 2741 2873; x_wconf 90' lang='lat' dir='ltr'>die</span> <span class='ocrx_word' id='word_1_385' title='bbox 2779 2817 3055 2873; x_wconf 87' lang='lat' dir='ltr'>exorcista</span> <span class='ocrx_word' id='word_1_386' title='bbox 3082 2814 3483 2886; x_wconf 83' lang='lat' dir='ltr'>energumenis</span> <span class='ocrx_word' id='word_1_387' title='bbox 3513 2829 3716 2868; x_wconf 90' lang='lat' dir='ltr'>manus</span> <span class='ocrx_word' id='word_1_388' title='bbox 3755 2813 3864 2867; x_wconf 55' lang='lat' dir='ltr'>im-</span> 
     </span>
    </p>
   </div>
   <div class='ocr_carea' id='block_1_71' title="bbox 2232 2915 2430 2982">
    <p class='ocr_par' dir='ltr' id='par_1_71' title="bbox 2232 2915 2430 2982">
     <span class='ocr_line' id='line_1_71' title="bbox 2232 2915 2430 2982; baseline -0.005 -15"><span class='ocrx_word' id='word_1_389' title='bbox 2232 2915 2430 2982; x_wconf 71' lang='lat' dir='ltr'>ponaL</span> 
     </span>
    </p>
   </div>
   <div class='ocr_carea' id='block_1_72' title="bbox 2304 2998 3867 3072">
    <p class='ocr_par' dir='ltr' id='par_1_72' title="bbox 2304 2998 3867 3072">
     <span class='ocr_line' id='line_1_72' title="bbox 2304 2998 3867 3072; baseline -0.003 -14"><span class='ocrx_word' id='word_1_390' title='bbox 2304 3005 2434 3059; x_wconf 88' lang='lat' dir='ltr'><strong>XCI.</strong></span> <span class='ocrx_word' id='word_1_391' title='bbox 2472 3003 2803 3058; x_wconf 80' lang='lat' dir='ltr'>Pavimenta</span> <span class='ocrx_word' id='word_1_392' title='bbox 2841 3003 3144 3057; x_wconf 85' lang='lat' dir='ltr'>domorum</span> <span class='ocrx_word' id='word_1_393' title='bbox 3188 3001 3290 3055; x_wconf 91' lang='lat' dir='ltr'>Dei</span> <span class='ocrx_word' id='word_1_394' title='bbox 3329 2998 3702 3072; x_wconf 78' lang='lat' dir='ltr'>energumeni</span> <span class='ocrx_word' id='word_1_395' title='bbox 3738 3014 3867 3054; x_wconf 86' lang='lat' dir='ltr'>ver-</span> 
     </span>
    </p>
   </div>
   <div class='ocr_carea' id='block_1_73' title="bbox 2306 3185 3870 3259">
    <p class='ocr_par' dir='ltr' id='par_1_73' title="bbox 2306 3185 3870 3259">
     <span class='ocr_line' id='line_1_73' title="bbox 2306 3185 3870 3259; baseline -0.003 -14"><span class='ocrx_word' id='word_1_396' title='bbox 2306 3191 2454 3245; x_wconf 91' lang='lat' dir='ltr'><strong>XCII.</strong></span> <span class='ocrx_word' id='word_1_397' title='bbox 2494 3187 2906 3259; x_wconf 79' lang='lat' dir='ltr'>Energumenis</span> <span class='ocrx_word' id='word_1_398' title='bbox 2941 3189 3001 3242; x_wconf 91' lang='lat' dir='ltr'>in</span> <span class='ocrx_word' id='word_1_399' title='bbox 3039 3189 3207 3242; x_wconf 90' lang='lat' dir='ltr'>domo</span> <span class='ocrx_word' id='word_1_400' title='bbox 3246 3185 3347 3240; x_wconf 89' lang='lat' dir='ltr'>Dei</span> <span class='ocrx_word' id='word_1_401' title='bbox 3383 3185 3761 3241; x_wconf 87' lang='lat' dir='ltr'>assidentibus</span> <span class='ocrx_word' id='word_1_402' title='bbox 3793 3187 3870 3240; x_wconf 88' lang='lat' dir='ltr'>vi-</span> 
     </span>
    </p>
   </div>
   <div class='ocr_carea' id='block_1_74' title="bbox 2234 3281 3871 3353">
    <p class='ocr_par' dir='ltr' id='par_1_74' title="bbox 2234 3281 3871 3353">
     <span class='ocr_line' id='line_1_74' title="bbox 2234 3281 3871 3353; baseline -0.004 -15"><span class='ocrx_word' id='word_1_403' title='bbox 2234 3288 2358 3338; x_wconf 90' lang='lat' dir='ltr'>ctus</span> <span class='ocrx_word' id='word_1_404' title='bbox 2385 3281 2750 3353; x_wconf 89' lang='lat' dir='ltr'>quotidianus</span> <span class='ocrx_word' id='word_1_405' title='bbox 2776 3298 2877 3353; x_wconf 88' lang='lat' dir='ltr'>per</span> <span class='ocrx_word' id='word_1_406' title='bbox 2907 3281 3211 3336; x_wconf 82' lang='lat' dir='ltr'>exorcistas</span> <span class='ocrx_word' id='word_1_407' title='bbox 3251 3284 3571 3349; x_wconf 87' lang='lat' dir='ltr'>opportuno</span> <span class='ocrx_word' id='word_1_408' title='bbox 3611 3284 3871 3348; x_wconf 86' lang='lat' dir='ltr'>tempore</span> 
     </span>
    </p>
   </div>
   <div class='ocr_carea' id='block_1_75' title="bbox 2236 3375 2610 3431">
    <p class='ocr_par' dir='ltr' id='par_1_75' title="bbox 2236 3375 2610 3431">
     <span class='ocr_line' id='line_1_75' title="bbox 2236 3375 2610 3431; baseline -0.005 0"><span class='ocrx_word' id='word_1_409' title='bbox 2236 3375 2610 3431; x_wconf 90' lang='lat' dir='ltr'>ministretur.</span> 
     </span>
    </p>
   </div>
   <div class='ocr_carea' id='block_1_76' title="bbox 2307 3463 3871 3535">
    <p class='ocr_par' dir='ltr' id='par_1_76' title="bbox 2307 3463 3871 3535">
     <span class='ocr_line' id='line_1_76' title="bbox 2307 3463 3871 3535; baseline -0.004 -13"><span class='ocrx_word' id='word_1_410' title='bbox 2307 3470 2483 3524; x_wconf 90' lang='lat' dir='ltr'><strong>XCIII.</strong></span> <span class='ocrx_word' id='word_1_411' title='bbox 2513 3467 2840 3522; x_wconf 90' lang='lat' dir='ltr'>Oblationes</span> <span class='ocrx_word' id='word_1_412' title='bbox 2871 3466 3264 3521; x_wconf 85' lang='lat' dir='ltr'>dissidentium</span> <span class='ocrx_word' id='word_1_413' title='bbox 3299 3465 3560 3533; x_wconf 88' lang='lat' dir='ltr'>fratrum,</span> <span class='ocrx_word' id='word_1_414' title='bbox 3595 3479 3784 3535; x_wconf 89' lang='lat' dir='ltr'>neque</span> <span class='ocrx_word' id='word_1_415' title='bbox 3808 3463 3871 3516; x_wconf 91' lang='lat' dir='ltr'>in</span> 
     </span>
    </p>
   </div>
   <div class='ocr_carea' id='block_1_77' title="bbox 2236 3557 3628 3632">
    <p class='ocr_par' dir='ltr' id='par_1_77' title="bbox 2236 3557 3628 3632">
     <span class='ocr_line' id='line_1_77' title="bbox 2236 3557 3628 3632; baseline -0.004 -16"><span class='ocrx_word' id='word_1_416' title='bbox 2236 3562 2505 3629; x_wconf 88' lang='lat' dir='ltr'>sacrario,</span> <span class='ocrx_word' id='word_1_417' title='bbox 2529 3577 2716 3632; x_wconf 91' lang='lat' dir='ltr'>neque</span> <span class='ocrx_word' id='word_1_418' title='bbox 2746 3560 2804 3613; x_wconf 92' lang='lat' dir='ltr'>in</span> <span class='ocrx_word' id='word_1_419' title='bbox 2830 3559 3233 3630; x_wconf 81' lang='lat' dir='ltr'>gazophylacio</span> <span class='ocrx_word' id='word_1_420' title='bbox 3261 3557 3628 3628; x_wconf 89' lang='lat' dir='ltr'>recipiantur.</span> 
     </span>
    </p>
   </div>
   <div class='ocr_carea' id='block_1_78' title="bbox 2309 3649 3870 3730">
    <p class='ocr_par' dir='ltr' id='par_1_78' title="bbox 2309 3649 3870 3730">
     <span class='ocr_line' id='line_1_78' title="bbox 2309 3649 3870 3730; baseline -0.004 -22"><span class='ocrx_word' id='word_1_421' title='bbox 2309 3654 2722 3730; x_wconf 85' lang='lat' dir='ltr'>XCIV._Horum</span> <span class='ocrx_word' id='word_1_422' title='bbox 2755 3651 2853 3723; x_wconf 92' lang='lat' dir='ltr'>qui</span> <span class='ocrx_word' id='word_1_423' title='bbox 2879 3667 3159 3722; x_wconf 88' lang='lat' dir='ltr'>pauperes</span> <span class='ocrx_word' id='word_1_424' title='bbox 3185 3651 3521 3721; x_wconf 88' lang='lat' dir='ltr'>opprimunt</span> <span class='ocrx_word' id='word_1_425' title='bbox 3545 3649 3697 3704; x_wconf 90' lang='lat' dir='ltr'>dona</span> <span class='ocrx_word' id='word_1_426' title='bbox 3721 3665 3754 3702; x_wconf 91' lang='lat' dir='ltr'>a</span> <span class='ocrx_word' id='word_1_427' title='bbox 3780 3664 3870 3707; x_wconf 86' lang='lat' dir='ltr'>sa-</span> 
     </span>
    </p>
   </div>
   <div class='ocr_carea' id='block_1_79' title="bbox 2239 3745 2908 3801">
    <p class='ocr_par' dir='ltr' id='par_1_79' title="bbox 2239 3745 2908 3801">
     <span class='ocr_line' id='line_1_79' title="bbox 2239 3745 2908 3801; baseline -0.003 0"><span class='ocrx_word' id='word_1_428' title='bbox 2239 3746 2563 3801; x_wconf 89' lang='lat' dir='ltr'>cerdotibus</span> <span class='ocrx_word' id='word_1_429' title='bbox 2582 3745 2908 3800; x_wconf 89' lang='lat' dir='ltr'>refutanda.</span> 
     </span>
    </p>
   </div>
   <div class='ocr_carea' id='block_1_80' title="bbox 2312 3836 3875 3904">
    <p class='ocr_par' dir='ltr' id='par_1_80' title="bbox 2312 3836 3875 3904">
     <span class='ocr_line' id='line_1_80' title="bbox 2312 3836 3875 3904; baseline -0.003 -12"><span class='ocrx_word' id='word_1_430' title='bbox 2312 3839 2457 3893; x_wconf 87' lang='lat' dir='ltr'><strong>XCV.</strong></span> <span class='ocrx_word' id='word_1_431' title='bbox 2487 3838 2596 3902; x_wconf 93' lang='lat' dir='ltr'>Qui</span> <span class='ocrx_word' id='word_1_432' title='bbox 2627 3838 2944 3892; x_wconf 89' lang='lat' dir='ltr'>oblationes</span> <span class='ocrx_word' id='word_1_433' title='bbox 2971 3836 3390 3903; x_wconf 84' lang='lat' dir='ltr'>defunctorum,</span> <span class='ocrx_word' id='word_1_434' title='bbox 3421 3838 3519 3889; x_wconf 88' lang='lat' dir='ltr'>aut</span> <span class='ocrx_word' id='word_1_435' title='bbox 3545 3837 3764 3904; x_wconf 85' lang='lat' dir='ltr'>negant</span> <span class='ocrx_word' id='word_1_436' title='bbox 3787 3849 3875 3888; x_wconf 89' lang='lat' dir='ltr'>ec-</span> 
     </span>
    </p>
   </div>
   <div class='ocr_carea' id='block_1_81' title="bbox 2241 3928 3869 3999">
    <p class='ocr_par' dir='ltr' id='par_1_81' title="bbox 2241 3928 3869 3999">
     <span class='ocr_line' id='line_1_81' title="bbox 2241 3928 3869 3999; baseline -0.003 -13"><span class='ocrx_word' id='word_1_437' title='bbox 2241 3931 2446 3998; x_wconf 91' lang='lat' dir='ltr'>clesiis,</span> <span class='ocrx_word' id='word_1_438' title='bbox 2475 3935 2573 3986; x_wconf 88' lang='lat' dir='ltr'>aut</span> <span class='ocrx_word' id='word_1_439' title='bbox 2594 3946 2724 3984; x_wconf 90' lang='lat' dir='ltr'>cum</span> <span class='ocrx_word' id='word_1_440' title='bbox 2750 3928 3084 3984; x_wconf 85' lang='lat' dir='ltr'>difﬁcultate</span> <span class='ocrx_word' id='word_1_441' title='bbox 3116 3928 3364 3983; x_wconf 90' lang='lat' dir='ltr'>reddunt</span> <span class='ocrx_word' id='word_1_442' title='bbox 3389 3932 3661 3999; x_wconf 88' lang='lat' dir='ltr'>tanquam</span> <span class='ocrx_word' id='word_1_443' title='bbox 3693 3942 3869 3999; x_wconf 82' lang='lat' dir='ltr'>egen-</span> 
     </span>
    </p>
   </div>
   <div class='ocr_carea' id='block_1_82' title="bbox 2240 4021 3314 4078">
    <p class='ocr_par' dir='ltr' id='par_1_82' title="bbox 2240 4021 3314 4078">
     <span class='ocr_line' id='line_1_82' title="bbox 2240 4021 3314 4078; baseline -0.004 0"><span class='ocrx_word' id='word_1_444' title='bbox 2240 4023 2387 4078; x_wconf 87' lang='lat' dir='ltr'>tium</span> <span class='ocrx_word' id='word_1_445' title='bbox 2417 4027 2707 4078; x_wconf 90' lang='lat' dir='ltr'>necatores</span> <span class='ocrx_word' id='word_1_446' title='bbox 2733 4021 3314 4076; x_wconf 87' lang='lat' dir='ltr'>excommunicentur.</span> 
     </span>
    </p>
   </div>
   <div class='ocr_carea' id='block_1_83' title="bbox 2313 4112 3870 4184">
    <p class='ocr_par' dir='ltr' id='par_1_83' title="bbox 2313 4112 3870 4184">
     <span class='ocr_line' id='line_1_83' title="bbox 2313 4112 3870 4184; baseline -0.002 -14"><span class='ocrx_word' id='word_1_447' title='bbox 2313 4117 2488 4173; x_wconf 87' lang='lat' dir='ltr'><strong>XCVI.</strong></span> <span class='ocrx_word' id='word_1_448' title='bbox 2520 4114 2906 4179; x_wconf 87' lang='lat' dir='ltr'>Quarendum</span> <span class='ocrx_word' id='word_1_449' title='bbox 2932 4113 2991 4168; x_wconf 92' lang='lat' dir='ltr'>in</span> <span class='ocrx_word' id='word_1_450' title='bbox 3017 4112 3251 4184; x_wconf 88' lang='lat' dir='ltr'>judicio,</span> <span class='ocrx_word' id='word_1_451' title='bbox 3283 4113 3442 4184; x_wconf 90' lang='lat' dir='ltr'>cujus</span> <span class='ocrx_word' id='word_1_452' title='bbox 3476 4113 3548 4167; x_wconf 91' lang='lat' dir='ltr'>sit</span> <span class='ocrx_word' id='word_1_453' title='bbox 3572 4128 3870 4168; x_wconf 87' lang='lat' dir='ltr'>conserva-</span> 
     </span>
    </p>
   </div>
   <div class='ocr_carea' id='block_1_84' title="bbox 2243 4204 3787 4287">
    <p class='ocr_par' dir='ltr' id='par_1_84' title="bbox 2243 4204 3787 4287">
     <span class='ocr_line' id='line_1_84' title="bbox 2243 4204 3787 4287; baseline -0.002 -24"><span class='ocrx_word' id='word_1_454' title='bbox 2243 4208 2411 4263; x_wconf 91' lang='lat' dir='ltr'>tionis</span> <span class='ocrx_word' id='word_1_455' title='bbox 2437 4211 2495 4263; x_wconf 93' lang='lat' dir='ltr'>et</span> <span class='ocrx_word' id='word_1_456' title='bbox 2512 4207 2647 4261; x_wconf 87' lang='lat' dir='ltr'>ﬁdei</span> <span class='ocrx_word' id='word_1_457' title='bbox 2667 4207 2714 4261; x_wconf 92' lang='lat' dir='ltr'>is</span> <span class='ocrx_word' id='word_1_458' title='bbox 2741 4207 2836 4278; x_wconf 90' lang='lat' dir='ltr'>qui</span> <span class='ocrx_word' id='word_1_459' title='bbox 2864 4209 3106 4274; x_wconf 89' lang='lat' dir='ltr'>accusat,</span> <span class='ocrx_word' id='word_1_460' title='bbox 3140 4210 3196 4260; x_wconf 90' lang='lat' dir='ltr'>et</span> <span class='ocrx_word' id='word_1_461' title='bbox 3218 4204 3264 4258; x_wconf 92' lang='lat' dir='ltr'>is</span> <span class='ocrx_word' id='word_1_462' title='bbox 3289 4205 3386 4276; x_wconf 91' lang='lat' dir='ltr'>qui</span> <span class='ocrx_word' id='word_1_463' title='bbox 3411 4209 3727 4260; x_wconf 88' lang='lat' dir='ltr'>accusatur.</span> <span class='ocrx_word' id='word_1_464' title='bbox 3745 4205 3787 4287; x_wconf 70' lang='lat' dir='ltr'>j</span> 
     </span>
    </p>
   </div>
   <div class='ocr_carea' id='block_1_85' title="bbox 2312 4296 3873 4370">
    <p class='ocr_par' dir='ltr' id='par_1_85' title="bbox 2312 4296 3873 4370">
     <span class='ocr_line' id='line_1_85' title="bbox 2312 4296 3873 4370; baseline -0.002 -16"><span class='ocrx_word' id='word_1_465' title='bbox 2312 4302 2508 4356; x_wconf 91' lang='lat' dir='ltr'><strong>XCVII.</strong></span> <span class='ocrx_word' id='word_1_466' title='bbox 2536 4300 2642 4364; x_wconf 92' lang='lat' dir='ltr'>Qui</span> <span class='ocrx_word' id='word_1_467' title='bbox 2671 4299 2950 4370; x_wconf 85' lang='lat' dir='ltr'>religiosis</span> <span class='ocrx_word' id='word_1_468' title='bbox 2970 4298 3196 4354; x_wconf 89' lang='lat' dir='ltr'>feminis</span> <span class='ocrx_word' id='word_1_469' title='bbox 3225 4297 3642 4368; x_wconf 88' lang='lat' dir='ltr'>praponendus</span> <span class='ocrx_word' id='word_1_470' title='bbox 3677 4301 3764 4352; x_wconf 90' lang='lat' dir='ltr'>est</span> <span class='ocrx_word' id='word_1_471' title='bbox 3801 4296 3873 4351; x_wconf 90' lang='lat' dir='ltr'>ab</span> 
     </span>
    </p>
   </div>
   <div class='ocr_carea' id='block_1_86' title="bbox 2245 4391 2964 4464">
    <p class='ocr_par' dir='ltr' id='par_1_86' title="bbox 2245 4391 2964 4464">
     <span class='ocr_line' id='line_1_86' title="bbox 2245 4391 2964 4464; baseline -0.001 -16"><span class='ocrx_word' id='word_1_472' title='bbox 2245 4393 2510 4464; x_wconf 90' lang='lat' dir='ltr'>episcopo</span> <span class='ocrx_word' id='word_1_473' title='bbox 2537 4392 2646 4446; x_wconf 93' lang='lat' dir='ltr'>loci</span> <span class='ocrx_word' id='word_1_474' title='bbox 2676 4391 2964 4462; x_wconf 91' lang='lat' dir='ltr'>probetur.</span> 
     </span>
    </p>
   </div>
   <div class='ocr_carea' id='block_1_87' title="bbox 510 4482 3864 4562">
    <p class='ocr_par' dir='ltr' id='par_1_87' title="bbox 510 4482 3864 4562">
     <span class='ocr_line' id='line_1_87' title="bbox 510 4482 3864 4562; baseline -0.002 -20"><span class='ocrx_word' id='word_1_475' title='bbox 510 4486 602 4555; x_wconf 90' lang='lat' dir='ltr'>rit,</span> <span class='ocrx_word' id='word_1_476' title='bbox 627 4487 764 4542; x_wconf 90' lang='lat' dir='ltr'>dent</span> <span class='ocrx_word' id='word_1_477' title='bbox 779 4485 1168 4541; x_wconf 89' lang='lat' dir='ltr'>testimonium</span> <span class='ocrx_word' id='word_1_478' title='bbox 1186 4485 1284 4556; x_wconf 92' lang='lat' dir='ltr'>qui</span> <span class='ocrx_word' id='word_1_479' title='bbox 1314 4501 1445 4540; x_wconf 90' lang='lat' dir='ltr'>eum</span> <span class='ocrx_word' id='word_1_480' title='bbox 1472 4485 1798 4554; x_wconf 90' lang='lat' dir='ltr'>audierunt,</span> <span class='ocrx_word' id='word_1_481' title='bbox 1831 4491 1887 4540; x_wconf 92' lang='lat' dir='ltr'>et</span> <span class='ocrx_word' id='word_1_482' title='bbox 1901 4485 2214 4562; x_wconf 86' lang='lat' dir='ltr'>accipiatD</span> <span class='ocrx_word' id='word_1_483' title='bbox 2307 4487 2526 4541; x_wconf 90' lang='lat' dir='ltr'><strong>XCVIII.</strong></span> <span class='ocrx_word' id='word_1_484' title='bbox 2567 4484 2768 4540; x_wconf 87' lang='lat' dir='ltr'>Laicus</span> <span class='ocrx_word' id='word_1_485' title='bbox 2801 4484 3174 4555; x_wconf 86' lang='lat' dir='ltr'>prasentibus</span> <span class='ocrx_word' id='word_1_486' title='bbox 3208 4482 3422 4539; x_wconf 89' lang='lat' dir='ltr'>clericis</span> <span class='ocrx_word' id='word_1_487' title='bbox 3459 4482 3568 4536; x_wconf 90' lang='lat' dir='ltr'>nisi</span> <span class='ocrx_word' id='word_1_488' title='bbox 3601 4482 3738 4553; x_wconf 89' lang='lat' dir='ltr'>ipsis</span> <span class='ocrx_word' id='word_1_489' title='bbox 3772 4499 3864 4536; x_wconf 90' lang='lat' dir='ltr'>ro-</span> 
     </span>
    </p>
   </div>
   <div class='ocr_carea' id='block_1_88' title="bbox 509 4579 2136 4651">
    <p class='ocr_par' dir='ltr' id='par_1_88' title="bbox 509 4579 2136 4651">
     <span class='ocr_line' id='line_1_88' title="bbox 509 4579 2136 4651; baseline -0.002 -16"><span class='ocrx_word' id='word_1_490' title='bbox 509 4579 930 4651; x_wconf 89' lang='lat' dir='ltr'>poenitentiam,</span> <span class='ocrx_word' id='word_1_491' title='bbox 964 4583 1020 4632; x_wconf 90' lang='lat' dir='ltr'>et</span> <span class='ocrx_word' id='word_1_492' title='bbox 1043 4579 1090 4632; x_wconf 93' lang='lat' dir='ltr'>si</span> <span class='ocrx_word' id='word_1_493' title='bbox 1116 4579 1387 4634; x_wconf 88' lang='lat' dir='ltr'>continuo</span> <span class='ocrx_word' id='word_1_494' title='bbox 1418 4579 1670 4634; x_wconf 90' lang='lat' dir='ltr'>creditur</span> <span class='ocrx_word' id='word_1_495' title='bbox 1686 4579 2019 4648; x_wconf 91' lang='lat' dir='ltr'>moriturus,</span> <span class='ocrx_word' id='word_1_496' title='bbox 2046 4595 2136 4633; x_wconf 86' lang='lat' dir='ltr'>re-</span> 
     </span>
    </p>
   </div>
   <div class='ocr_carea' id='block_1_89' title="bbox 509 4671 2142 4744">
    <p class='ocr_par' dir='ltr' id='par_1_89' title="bbox 509 4671 2142 4744">
     <span class='ocr_line' id='line_1_89' title="bbox 509 4671 2142 4744; baseline -0.002 -16"><span class='ocrx_word' id='word_1_497' title='bbox 509 4674 843 4728; x_wconf 90' lang='lat' dir='ltr'>concilietur</span> <span class='ocrx_word' id='word_1_498' title='bbox 875 4689 979 4744; x_wconf 89' lang='lat' dir='ltr'>per</span> <span class='ocrx_word' id='word_1_499' title='bbox 1010 4688 1212 4726; x_wconf 89' lang='lat' dir='ltr'>manus</span> <span class='ocrx_word' id='word_1_500' title='bbox 1245 4671 1690 4742; x_wconf 88' lang='lat' dir='ltr'>impositionem,</span> <span class='ocrx_word' id='word_1_501' title='bbox 1723 4677 1778 4727; x_wconf 92' lang='lat' dir='ltr'>et</span> <span class='ocrx_word' id='word_1_502' title='bbox 1807 4671 2142 4726; x_wconf 85' lang='lat' dir='ltr'>infundatur</span> 
     </span>
    </p>
   </div>
   <div class='ocr_carea' id='block_1_90' title="bbox 513 4764 2141 4838">
    <p class='ocr_par' dir='ltr' id='par_1_90' title="bbox 513 4764 2141 4838">
     <span class='ocr_line' id='line_1_90' title="bbox 513 4764 2141 4838; baseline -0.001 -18"><span class='ocrx_word' id='word_1_503' title='bbox 513 4767 598 4820; x_wconf 84' lang='lat' dir='ltr'>ori</span> <span class='ocrx_word' id='word_1_504' title='bbox 630 4767 751 4838; x_wconf 85' lang='lat' dir='ltr'>ejus</span> <span class='ocrx_word' id='word_1_505' title='bbox 788 4765 1161 4836; x_wconf 88' lang='lat' dir='ltr'>Eucharistia,</span> <span class='ocrx_word' id='word_1_506' title='bbox 1207 4766 1250 4819; x_wconf 88' lang='lat' dir='ltr'>si</span> <span class='ocrx_word' id='word_1_507' title='bbox 1302 4765 1672 4836; x_wconf 76' lang='lat' dir='ltr'>supervixerit</span> <span class='ocrx_word' id='word_1_508' title='bbox 1703 4764 2077 4819; x_wconf 86' lang='lat' dir='ltr'>admoneatur</span> <span class='ocrx_word' id='word_1_509' title='bbox 2107 4781 2141 4818; x_wconf 89' lang='lat' dir='ltr'>a</span> 
     </span>
    </p>
   </div>
   <div class='ocr_carea' id='block_1_91' title="bbox 511 4857 2141 4929">
    <p class='ocr_par' dir='ltr' id='par_1_91' title="bbox 511 4857 2141 4929">
     <span class='ocr_line' id='line_1_91' title="bbox 511 4857 2141 4929; baseline -0.001 -17"><span class='ocrx_word' id='word_1_510' title='bbox 511 4859 846 4929; x_wconf 86' lang='lat' dir='ltr'>supradictis</span> <span class='ocrx_word' id='word_1_511' title='bbox 894 4858 1133 4913; x_wconf 89' lang='lat' dir='ltr'>testibus</span> <span class='ocrx_word' id='word_1_512' title='bbox 1179 4857 1441 4928; x_wconf 87' lang='lat' dir='ltr'>petitioni</span> <span class='ocrx_word' id='word_1_513' title='bbox 1491 4874 1607 4912; x_wconf 91' lang='lat' dir='ltr'>sua</span> <span class='ocrx_word' id='word_1_514' title='bbox 1661 4857 2029 4925; x_wconf 88' lang='lat' dir='ltr'>satisfactum,</span> <span class='ocrx_word' id='word_1_515' title='bbox 2085 4861 2141 4912; x_wconf 91' lang='lat' dir='ltr'>et</span> 
     </span>
    </p>
   </div>
   <div class='ocr_carea' id='block_1_92' title="bbox 513 4949 2140 5022">
    <p class='ocr_par' dir='ltr' id='par_1_92' title="bbox 513 4949 2140 5022">
     <span class='ocr_line' id='line_1_92' title="bbox 513 4949 2140 5022; baseline -0.001 -17"><span class='ocrx_word' id='word_1_516' title='bbox 513 4952 785 5022; x_wconf 85' lang='lat' dir='ltr'>subdatur</span> <span class='ocrx_word' id='word_1_517' title='bbox 823 4951 1042 5005; x_wconf 89' lang='lat' dir='ltr'>statutis</span> <span class='ocrx_word' id='word_1_518' title='bbox 1078 4950 1427 5022; x_wconf 78' lang='lat' dir='ltr'>pauitantia</span> <span class='ocrx_word' id='word_1_519' title='bbox 1457 4949 1698 5020; x_wconf 84' lang='lat' dir='ltr'>legibus,</span> <span class='ocrx_word' id='word_1_520' title='bbox 1740 4950 2010 5021; x_wconf 89' lang='lat' dir='ltr'>quoniam</span> <span class='ocrx_word' id='word_1_521' title='bbox 2043 4951 2140 5004; x_wconf 92' lang='lat' dir='ltr'>diu</span> 
     </span>
    </p>
   </div>
   <div class='ocr_carea' id='block_1_93' title="bbox 514 5042 2024 5114">
    <p class='ocr_par' dir='ltr' id='par_1_93' title="bbox 514 5042 2024 5114">
     <span class='ocr_line' id='line_1_93' title="bbox 514 5042 2024 5114; baseline 0 -17"><span class='ocrx_word' id='word_1_522' title='bbox 514 5043 775 5098; x_wconf 91' lang='lat' dir='ltr'>sacerdos</span> <span class='ocrx_word' id='word_1_523' title='bbox 795 5043 894 5114; x_wconf 86' lang='lat' dir='ltr'>qui</span> <span class='ocrx_word' id='word_1_524' title='bbox 921 5060 1021 5113; x_wconf 90' lang='lat' dir='ltr'>per</span> <span class='ocrx_word' id='word_1_525' title='bbox 1046 5042 1439 5114; x_wconf 67' lang='lat' dir='ltr'>paenitentiam</span> <span class='ocrx_word' id='word_1_526' title='bbox 1471 5042 1646 5109; x_wconf 89' lang='lat' dir='ltr'>dedit,</span> <span class='ocrx_word' id='word_1_527' title='bbox 1679 5042 2024 5112; x_wconf 90' lang='lat' dir='ltr'>probaverit.</span> 
     </span>
    </p>
   </div>
   <div class='ocr_carea' id='block_1_94' title="bbox 584 5135 2138 5207">
    <p class='ocr_par' dir='ltr' id='par_1_94' title="bbox 584 5135 2138 5207">
     <span class='ocr_line' id='line_1_94' title="bbox 584 5135 2138 5207; baseline -0.001 -18"><span class='ocrx_word' id='word_1_528' title='bbox 584 5135 826 5191; x_wconf 86' lang='lat' dir='ltr'><strong>LXXVII.</strong></span> <span class='ocrx_word' id='word_1_529' title='bbox 853 5137 1196 5192; x_wconf 81' lang='lat' dir='ltr'>Paenitentes</span> <span class='ocrx_word' id='word_1_530' title='bbox 1227 5137 1323 5207; x_wconf 88' lang='lat' dir='ltr'>qui</span> <span class='ocrx_word' id='word_1_531' title='bbox 1362 5136 1419 5190; x_wconf 92' lang='lat' dir='ltr'>in</span> <span class='ocrx_word' id='word_1_532' title='bbox 1455 5135 1783 5190; x_wconf 87' lang='lat' dir='ltr'>inﬁrmitate</span> <span class='ocrx_word' id='word_1_533' title='bbox 1815 5141 1946 5191; x_wconf 88' lang='lat' dir='ltr'>sunt</span> <span class='ocrx_word' id='word_1_534' title='bbox 1980 5135 2138 5190; x_wconf 85' lang='lat' dir='ltr'>viati-</span> 
     </span>
    </p>
   </div>
   <div class='ocr_carea' id='block_1_95' title="bbox 514 5217 965 5300">
    <p class='ocr_par' dir='ltr' id='par_1_95' title="bbox 514 5217 965 5300">
     <span class='ocr_line' id='line_1_95' title="bbox 514 5217 965 5300; baseline 0.002 -17"><span class='ocrx_word' id='word_1_535' title='bbox 514 5217 644 5284; x_wconf 89' lang='lat' dir='ltr'>cum</span> <span class='ocrx_word' id='word_1_536' title='bbox 671 5229 965 5300; x_wconf 89' lang='lat' dir='ltr'>accipiant.</span> 
     </span>
    </p>
   </div>
   <div class='ocr_carea' id='block_1_96' title="bbox 583 5321 2142 5392">
    <p class='ocr_par' dir='ltr' id='par_1_96' title="bbox 583 5321 2142 5392">
     <span class='ocr_line' id='line_1_96' title="bbox 583 5321 2142 5392; baseline 0.001 -17"><span class='ocrx_word' id='word_1_537' title='bbox 583 5322 837 5376; x_wconf 89' lang='lat' dir='ltr'><strong>LXXVIII.</strong></span> <span class='ocrx_word' id='word_1_538' title='bbox 885 5323 1225 5377; x_wconf 88' lang='lat' dir='ltr'>Paenitentes</span> <span class='ocrx_word' id='word_1_539' title='bbox 1266 5323 1365 5392; x_wconf 87' lang='lat' dir='ltr'>qui</span> <span class='ocrx_word' id='word_1_540' title='bbox 1403 5323 1462 5377; x_wconf 91' lang='lat' dir='ltr'>in</span> <span class='ocrx_word' id='word_1_541' title='bbox 1506 5322 1834 5377; x_wconf 85' lang='lat' dir='ltr'>inﬁrmitate</span> <span class='ocrx_word' id='word_1_542' title='bbox 1876 5321 2142 5376; x_wconf 90' lang='lat' dir='ltr'>viaticum</span> 
     </span>
    </p>
   </div>
   <div class='ocr_carea' id='block_1_97' title="bbox 513 5414 2140 5484">
    <p class='ocr_par' dir='ltr' id='par_1_97' title="bbox 513 5414 2140 5484">
     <span class='ocr_line' id='line_1_97' title="bbox 513 5414 2140 5484; baseline 0 -14"><span class='ocrx_word' id='word_1_543' title='bbox 513 5414 876 5470; x_wconf 81' lang='lat' dir='ltr'>Eucharistia.</span> <span class='ocrx_word' id='word_1_544' title='bbox 895 5415 1221 5484; x_wconf 88' lang='lat' dir='ltr'>acceperint</span> <span class='ocrx_word' id='word_1_545' title='bbox 1244 5431 1358 5469; x_wconf 91' lang='lat' dir='ltr'>non</span> <span class='ocrx_word' id='word_1_546' title='bbox 1379 5432 1437 5470; x_wconf 92' lang='lat' dir='ltr'>se</span> <span class='ocrx_word' id='word_1_547' title='bbox 1455 5416 1684 5471; x_wconf 90' lang='lat' dir='ltr'>credant</span> <span class='ocrx_word' id='word_1_548' title='bbox 1711 5415 1997 5470; x_wconf 91' lang='lat' dir='ltr'>absolutos</span> <span class='ocrx_word' id='word_1_549' title='bbox 2017 5415 2140 5470; x_wconf 90' lang='lat' dir='ltr'>sine</span> 
     </span>
    </p>
   </div>
   <div class='ocr_carea' id='block_1_98' title="bbox 511 5506 1724 5579">
    <p class='ocr_par' dir='ltr' id='par_1_98' title="bbox 511 5506 1724 5579">
     <span class='ocr_line' id='line_1_98' title="bbox 511 5506 1724 5579; baseline 0 -17"><span class='ocrx_word' id='word_1_550' title='bbox 511 5524 714 5562; x_wconf 90' lang='lat' dir='ltr'>manus</span> <span class='ocrx_word' id='word_1_551' title='bbox 741 5507 1098 5579; x_wconf 90' lang='lat' dir='ltr'>impositione</span> <span class='ocrx_word' id='word_1_552' title='bbox 1124 5506 1170 5559; x_wconf 92' lang='lat' dir='ltr'>si</span> <span class='ocrx_word' id='word_1_553' title='bbox 1199 5508 1626 5577; x_wconf 85' lang='lat' dir='ltr'>supervixerint.</span> <span class='ocrx_word' id='word_1_554' title='bbox 1710 5512 1724 5521; x_wconf 79' lang='lat'><strong>‘</strong></span> 
     </span>
    </p>
   </div>
   <div class='ocr_carea' id='block_1_99' title="bbox 579 5600 2140 5673">
    <p class='ocr_par' dir='ltr' id='par_1_99' title="bbox 579 5600 2140 5673">
     <span class='ocr_line' id='line_1_99' title="bbox 579 5600 2140 5673; baseline 0.001 -19"><span class='ocrx_word' id='word_1_555' title='bbox 579 5600 789 5655; x_wconf 86' lang='lat' dir='ltr'><strong>LXXIX.</strong></span> <span class='ocrx_word' id='word_1_556' title='bbox 831 5600 1174 5654; x_wconf 88' lang='lat' dir='ltr'>Paenitentes</span> <span class='ocrx_word' id='word_1_557' title='bbox 1206 5600 1304 5670; x_wconf 93' lang='lat' dir='ltr'>qui</span> <span class='ocrx_word' id='word_1_558' title='bbox 1348 5603 1560 5656; x_wconf 89' lang='lat' dir='ltr'>attente</span> <span class='ocrx_word' id='word_1_559' title='bbox 1597 5603 1752 5672; x_wconf 81' lang='lat' dir='ltr'>leges</span> <span class='ocrx_word' id='word_1_560' title='bbox 1785 5601 2140 5673; x_wconf 89' lang='lat' dir='ltr'>paenitentia</span> 
     </span>
    </p>
   </div>
   <div class='ocr_carea' id='block_1_100' title="bbox 511 5691 2141 5764">
    <p class='ocr_par' dir='ltr' id='par_1_100' title="bbox 511 5691 2141 5764">
     <span class='ocr_line' id='line_1_100' title="bbox 511 5691 2141 5764; baseline 0.002 -18"><span class='ocrx_word' id='word_1_561' title='bbox 511 5698 919 5764; x_wconf 85' lang='lat' dir='ltr'>exsequuntur,</span> <span class='ocrx_word' id='word_1_562' title='bbox 947 5693 994 5747; x_wconf 90' lang='lat' dir='ltr'>si</span> <span class='ocrx_word' id='word_1_563' title='bbox 1026 5707 1161 5747; x_wconf 91' lang='lat' dir='ltr'>casu</span> <span class='ocrx_word' id='word_1_564' title='bbox 1190 5691 1249 5746; x_wconf 91' lang='lat' dir='ltr'>in</span> <span class='ocrx_word' id='word_1_565' title='bbox 1293 5693 1496 5748; x_wconf 89' lang='lat' dir='ltr'>itinere</span> <span class='ocrx_word' id='word_1_566' title='bbox 1534 5694 1622 5749; x_wconf 90' lang='lat' dir='ltr'>vel</span> <span class='ocrx_word' id='word_1_567' title='bbox 1656 5694 1716 5748; x_wconf 90' lang='lat' dir='ltr'>in</span> <span class='ocrx_word' id='word_1_568' title='bbox 1748 5695 1894 5749; x_wconf 92' lang='lat' dir='ltr'>mari</span> <span class='ocrx_word' id='word_1_569' title='bbox 1926 5695 2141 5751; x_wconf 88' lang='lat' dir='ltr'>mortui</span> 
     </span>
    </p>
   </div>
   <div class='ocr_carea' id='block_1_101' title="bbox 511 5784 2138 5856">
    <p class='ocr_par' dir='ltr' id='par_1_101' title="bbox 511 5784 2138 5856">
     <span class='ocr_line' id='line_1_101' title="bbox 511 5784 2138 5856; baseline 0.004 -19"><span class='ocrx_word' id='word_1_570' title='bbox 511 5785 739 5853; x_wconf 77' lang='lat' dir='ltr'>fuerint,</span> <span class='ocrx_word' id='word_1_571' title='bbox 769 5785 866 5838; x_wconf 88' lang='lat' dir='ltr'>ubi</span> <span class='ocrx_word' id='word_1_572' title='bbox 897 5785 976 5838; x_wconf 90' lang='lat' dir='ltr'>eis</span> <span class='ocrx_word' id='word_1_573' title='bbox 1007 5784 1296 5838; x_wconf 86' lang='lat' dir='ltr'>subveniri</span> <span class='ocrx_word' id='word_1_574' title='bbox 1339 5801 1452 5838; x_wconf 91' lang='lat' dir='ltr'>non</span> <span class='ocrx_word' id='word_1_575' title='bbox 1494 5786 1686 5856; x_wconf 90' lang='lat' dir='ltr'>possit,</span> <span class='ocrx_word' id='word_1_576' title='bbox 1729 5789 2004 5842; x_wconf 84' lang='lat' dir='ltr'>memoria</span> <span class='ocrx_word' id='word_1_577' title='bbox 2044 5806 2138 5844; x_wconf 90' lang='lat' dir='ltr'>c0-</span> 
     </span>
    </p>
   </div>
   <div class='ocr_carea' id='block_1_102' title="bbox 2241 4577 3134 4652">
    <p class='ocr_par' dir='ltr' id='par_1_102' title="bbox 2241 4577 3134 4652">
     <span class='ocr_line' id='line_1_102' title="bbox 2241 4577 3134 4652; baseline -0.001 -20"><span class='ocrx_word' id='word_1_578' title='bbox 2241 4578 2505 4652; x_wconf 86' lang='lat' dir='ltr'>gantibus</span> <span class='ocrx_word' id='word_1_579' title='bbox 2537 4577 2743 4633; x_wconf 90' lang='lat' dir='ltr'>docere</span> <span class='ocrx_word' id='word_1_580' title='bbox 2767 4594 2885 4633; x_wconf 92' lang='lat' dir='ltr'>non</span> <span class='ocrx_word' id='word_1_581' title='bbox 2915 4577 3134 4632; x_wconf 87' lang='lat' dir='ltr'>audeat.</span> 
     </span>
    </p>
   </div>
   <div class='ocr_carea' id='block_1_103' title="bbox 2310 4666 3866 4742">
    <p class='ocr_par' dir='ltr' id='par_1_103' title="bbox 2310 4666 3866 4742">
     <span class='ocr_line' id='line_1_103' title="bbox 2310 4666 3866 4742; baseline -0.003 -17"><span class='ocrx_word' id='word_1_582' title='bbox 2310 4673 2478 4727; x_wconf 88' lang='lat' dir='ltr'><strong>XCIX.</strong></span> <span class='ocrx_word' id='word_1_583' title='bbox 2515 4671 2730 4740; x_wconf 90' lang='lat' dir='ltr'>Mulier,</span> <span class='ocrx_word' id='word_1_584' title='bbox 2777 4671 3034 4742; x_wconf 84' lang='lat' dir='ltr'>quamvis</span> <span class='ocrx_word' id='word_1_585' title='bbox 3077 4669 3245 4725; x_wconf 90' lang='lat' dir='ltr'>docta</span> <span class='ocrx_word' id='word_1_586' title='bbox 3276 4672 3335 4724; x_wconf 89' lang='lat' dir='ltr'>et</span> <span class='ocrx_word' id='word_1_587' title='bbox 3378 4671 3569 4724; x_wconf 88' lang='lat' dir='ltr'>sancta</span> <span class='ocrx_word' id='word_1_588' title='bbox 3616 4667 3764 4722; x_wconf 90' lang='lat' dir='ltr'>viros</span> <span class='ocrx_word' id='word_1_589' title='bbox 3807 4666 3866 4720; x_wconf 91' lang='lat' dir='ltr'>in</span> 
     </span>
    </p>
   </div>
   <div class='ocr_carea' id='block_1_104' title="bbox 2241 4765 3248 4835">
    <p class='ocr_par' dir='ltr' id='par_1_104' title="bbox 2241 4765 3248 4835">
     <span class='ocr_line' id='line_1_104' title="bbox 2241 4765 3248 4835; baseline -0.003 -15"><span class='ocrx_word' id='word_1_590' title='bbox 2241 4768 2526 4820; x_wconf 90' lang='lat' dir='ltr'>conventu</span> <span class='ocrx_word' id='word_1_591' title='bbox 2545 4765 2748 4820; x_wconf 91' lang='lat' dir='ltr'>docere</span> <span class='ocrx_word' id='word_1_592' title='bbox 2773 4781 2890 4819; x_wconf 92' lang='lat' dir='ltr'>non</span> <span class='ocrx_word' id='word_1_593' title='bbox 2922 4767 3248 4835; x_wconf 84' lang='lat' dir='ltr'>praesumat.</span> 
     </span>
    </p>
   </div>
   <div class='ocr_carea' id='block_1_105' title="bbox 2309 4857 3416 4927">
    <p class='ocr_par' dir='ltr' id='par_1_105' title="bbox 2309 4857 3416 4927">
     <span class='ocr_line' id='line_1_105' title="bbox 2309 4857 3416 4927; baseline -0.004 -14"><span class='ocrx_word' id='word_1_594' title='bbox 2309 4861 2370 4914; x_wconf 95' lang='lat' dir='ltr'>C.</span> <span class='ocrx_word' id='word_1_595' title='bbox 2404 4858 2605 4913; x_wconf 88' lang='lat' dir='ltr'>Mulier</span> <span class='ocrx_word' id='word_1_596' title='bbox 2631 4857 2915 4927; x_wconf 90' lang='lat' dir='ltr'>baptizare</span> <span class='ocrx_word' id='word_1_597' title='bbox 2943 4873 3056 4911; x_wconf 89' lang='lat' dir='ltr'>non</span> <span class='ocrx_word' id='word_1_598' title='bbox 3087 4858 3416 4927; x_wconf 84' lang='lat' dir='ltr'>praesumat.</span> 
     </span>
    </p>
   </div>
   <div class='ocr_carea' id='block_1_106' title="bbox 2312 4946 3868 5020">
    <p class='ocr_par' dir='ltr' id='par_1_106' title="bbox 2312 4946 3868 5020">
     <span class='ocr_line' id='line_1_106' title="bbox 2312 4946 3868 5020; baseline -0.004 -14"><span class='ocrx_word' id='word_1_599' title='bbox 2312 4953 2397 5006; x_wconf 94' lang='lat' dir='ltr'><strong>Cl.</strong></span> <span class='ocrx_word' id='word_1_600' title='bbox 2447 4953 2516 5006; x_wconf 90' lang='lat' dir='ltr'>Ut</span> <span class='ocrx_word' id='word_1_601' title='bbox 2565 4950 2751 5005; x_wconf 82' lang='lat' dir='ltr'>vidua</span> <span class='ocrx_word' id='word_1_602' title='bbox 2781 4950 3164 5005; x_wconf 87' lang='lat' dir='ltr'>adolescentes</span> <span class='ocrx_word' id='word_1_603' title='bbox 3207 4965 3336 5020; x_wconf 84' lang='lat' dir='ltr'>qua</span> <span class='ocrx_word' id='word_1_604' title='bbox 3394 4963 3626 5018; x_wconf 88' lang='lat' dir='ltr'>corpore</span> <span class='ocrx_word' id='word_1_605' title='bbox 3655 4946 3868 5002; x_wconf 86' lang='lat' dir='ltr'>debiles</span> 
     </span>
    </p>
   </div>
   <div class='ocr_carea' id='block_1_107' title="bbox 2241 5041 3865 5114">
    <p class='ocr_par' dir='ltr' id='par_1_107' title="bbox 2241 5041 3865 5114">
     <span class='ocr_line' id='line_1_107' title="bbox 2241 5041 3865 5114; baseline -0.004 -15"><span class='ocrx_word' id='word_1_606' title='bbox 2241 5049 2392 5112; x_wconf 92' lang='lat' dir='ltr'>sunt,</span> <span class='ocrx_word' id='word_1_607' title='bbox 2409 5046 2641 5114; x_wconf 91' lang='lat' dir='ltr'>sumptu</span> <span class='ocrx_word' id='word_1_608' title='bbox 2655 5042 2904 5098; x_wconf 89' lang='lat' dir='ltr'>ecclesia</span> <span class='ocrx_word' id='word_1_609' title='bbox 2915 5042 3078 5113; x_wconf 91' lang='lat' dir='ltr'>cujus</span> <span class='ocrx_word' id='word_1_610' title='bbox 3087 5041 3273 5096; x_wconf 80' lang='lat' dir='ltr'>vidua</span> <span class='ocrx_word' id='word_1_611' title='bbox 3291 5043 3440 5110; x_wconf 90' lang='lat' dir='ltr'>sunt,</span> <span class='ocrx_word' id='word_1_612' title='bbox 3455 5043 3865 5095; x_wconf 80' lang='lat' dir='ltr'>sustentantur.</span> 
     </span>
    </p>
   </div>
   <div class='ocr_carea' id='block_1_108' title="bbox 2311 5132 3870 5205">
    <p class='ocr_par' dir='ltr' id='par_1_108' title="bbox 2311 5132 3870 5205">
     <span class='ocr_line' id='line_1_108' title="bbox 2311 5132 3870 5205; baseline -0.004 -13"><span class='ocrx_word' id='word_1_613' title='bbox 2311 5138 2418 5192; x_wconf 92' lang='lat' dir='ltr'><strong>CII.</strong></span> <span class='ocrx_word' id='word_1_614' title='bbox 2461 5137 2542 5191; x_wconf 80' lang='lat' dir='ltr'>Ad</span> <span class='ocrx_word' id='word_1_615' title='bbox 2583 5141 2801 5191; x_wconf 86' lang='lat' dir='ltr'>reatum</span> <span class='ocrx_word' id='word_1_616' title='bbox 2842 5135 3093 5205; x_wconf 90' lang='lat' dir='ltr'>episcopi</span> <span class='ocrx_word' id='word_1_617' title='bbox 3129 5135 3394 5205; x_wconf 84' lang='lat' dir='ltr'>pertinet,</span> <span class='ocrx_word' id='word_1_618' title='bbox 3431 5135 3516 5188; x_wconf 92' lang='lat' dir='ltr'>vel</span> <span class='ocrx_word' id='word_1_619' title='bbox 3553 5132 3870 5204; x_wconf 82' lang='lat' dir='ltr'>presbyteri</span> 
     </span>
    </p>
   </div>
   <div class='ocr_carea' id='block_1_109' title="bbox 2240 5225 3870 5302">
    <p class='ocr_par' dir='ltr' id='par_1_109' title="bbox 2240 5225 3870 5302">
     <span class='ocr_line' id='line_1_109' title="bbox 2240 5225 3870 5302; baseline -0.004 -18"><span class='ocrx_word' id='word_1_620' title='bbox 2240 5230 2336 5302; x_wconf 89' lang='lat' dir='ltr'>qui</span> <span class='ocrx_word' id='word_1_621' title='bbox 2363 5229 2651 5300; x_wconf 87' lang='lat' dir='ltr'>parochia</span> <span class='ocrx_word' id='word_1_622' title='bbox 2679 5234 2904 5300; x_wconf 83' lang='lat' dir='ltr'>praeest,</span> <span class='ocrx_word' id='word_1_623' title='bbox 2939 5228 2985 5283; x_wconf 87' lang='lat' dir='ltr'>si.</span> <span class='ocrx_word' id='word_1_624' title='bbox 3014 5228 3400 5284; x_wconf 85' lang='lat' dir='ltr'>sustentanda</span> <span class='ocrx_word' id='word_1_625' title='bbox 3419 5226 3548 5281; x_wconf 83' lang='lat' dir='ltr'>vita</span> <span class='ocrx_word' id='word_1_626' title='bbox 3572 5225 3870 5297; x_wconf 82' lang='lat' dir='ltr'>prasentis</span> 
     </span>
    </p>
   </div>
   <div class='ocr_carea' id='block_1_110' title="bbox 2241 5318 3868 5390">
    <p class='ocr_par' dir='ltr' id='par_1_110' title="bbox 2241 5318 3868 5390">
     <span class='ocr_line' id='line_1_110' title="bbox 2241 5318 3868 5390; baseline -0.004 -12"><span class='ocrx_word' id='word_1_627' title='bbox 2241 5339 2406 5378; x_wconf 89' lang='lat' dir='ltr'>causa</span> <span class='ocrx_word' id='word_1_628' title='bbox 2429 5323 2906 5378; x_wconf 87' lang='lat' dir='ltr'>adolescentiores</span> <span class='ocrx_word' id='word_1_629' title='bbox 2943 5322 3149 5390; x_wconf 88' lang='lat' dir='ltr'>vidua,</span> <span class='ocrx_word' id='word_1_630' title='bbox 3179 5322 3265 5376; x_wconf 91' lang='lat' dir='ltr'>vel</span> <span class='ocrx_word' id='word_1_631' title='bbox 3293 5319 3741 5376; x_wconf 87' lang='lat' dir='ltr'>sanctimoniales</span> <span class='ocrx_word' id='word_1_632' title='bbox 3771 5318 3868 5372; x_wconf 85' lang='lat' dir='ltr'>ali-</span> 
     </span>
    </p>
   </div>
   <div class='ocr_carea' id='block_1_111' title="bbox 2239 5415 3406 5489">
    <p class='ocr_par' dir='ltr' id='par_1_111' title="bbox 2239 5415 3406 5489">
     <span class='ocr_line' id='line_1_111' title="bbox 2239 5415 3406 5489; baseline -0.003 -18"><span class='ocrx_word' id='word_1_633' title='bbox 2239 5433 2487 5489; x_wconf 90' lang='lat' dir='ltr'>quorum</span> <span class='ocrx_word' id='word_1_634' title='bbox 2513 5415 2988 5471; x_wconf 84' lang='lat' dir='ltr'>familiaritatibus</span> <span class='ocrx_word' id='word_1_635' title='bbox 3015 5415 3406 5486; x_wconf 88' lang='lat' dir='ltr'>subjiciantur.</span> 
     </span>
    </p>
   </div>
   <div class='ocr_carea' id='block_1_112' title="bbox 2310 5507 3869 5580">
    <p class='ocr_par' dir='ltr' id='par_1_112' title="bbox 2310 5507 3869 5580">
     <span class='ocr_line' id='line_1_112' title="bbox 2310 5507 3869 5580; baseline -0.003 -16"><span class='ocrx_word' id='word_1_636' title='bbox 2310 5511 2434 5564; x_wconf 88' lang='lat' dir='ltr'><strong>CIII.</strong></span> <span class='ocrx_word' id='word_1_637' title='bbox 2477 5509 2670 5565; x_wconf 85' lang='lat' dir='ltr'>Vidua</span> <span class='ocrx_word' id='word_1_638' title='bbox 2711 5525 2838 5580; x_wconf 85' lang='lat' dir='ltr'>qua</span> <span class='ocrx_word' id='word_1_639' title='bbox 2869 5508 3154 5578; x_wconf 89' lang='lat' dir='ltr'>stipendio</span> <span class='ocrx_word' id='word_1_640' title='bbox 3191 5507 3440 5563; x_wconf 80' lang='lat' dir='ltr'>ecclesia</span> <span class='ocrx_word' id='word_1_641' title='bbox 3477 5507 3869 5560; x_wconf 88' lang='lat' dir='ltr'>sustentantur</span> 
     </span>
    </p>
   </div>
   <div class='ocr_carea' id='block_1_113' title="bbox 2239 5597 3868 5672">
    <p class='ocr_par' dir='ltr' id='par_1_113' title="bbox 2239 5597 3868 5672">
     <span class='ocr_line' id='line_1_113' title="bbox 2239 5597 3868 5672; baseline -0.002 -15"><span class='ocrx_word' id='word_1_642' title='bbox 2239 5606 2360 5657; x_wconf 89' lang='lat' dir='ltr'>tam</span> <span class='ocrx_word' id='word_1_643' title='bbox 2383 5603 2605 5657; x_wconf 88' lang='lat' dir='ltr'>assidue</span> <span class='ocrx_word' id='word_1_644' title='bbox 2638 5603 2698 5656; x_wconf 91' lang='lat' dir='ltr'>in</span> <span class='ocrx_word' id='word_1_645' title='bbox 2729 5601 2825 5657; x_wconf 92' lang='lat' dir='ltr'>Dei</span> <span class='ocrx_word' id='word_1_646' title='bbox 2856 5615 3026 5672; x_wconf 90' lang='lat' dir='ltr'>opere</span> <span class='ocrx_word' id='word_1_647' title='bbox 3056 5617 3176 5656; x_wconf 89' lang='lat' dir='ltr'>esse</span> <span class='ocrx_word' id='word_1_648' title='bbox 3211 5601 3438 5668; x_wconf 89' lang='lat' dir='ltr'>debent,</span> <span class='ocrx_word' id='word_1_649' title='bbox 3477 5601 3539 5654; x_wconf 85' lang='lat' dir='ltr'>ut</span> <span class='ocrx_word' id='word_1_650' title='bbox 3565 5604 3621 5654; x_wconf 90' lang='lat' dir='ltr'>et</span> <span class='ocrx_word' id='word_1_651' title='bbox 3649 5597 3868 5654; x_wconf 89' lang='lat' dir='ltr'>meritis</span> 
     </span>
    </p>
   </div>
   <div class='ocr_carea' id='block_1_114' title="bbox 2241 5695 3496 5766">
    <p class='ocr_par' dir='ltr' id='par_1_114' title="bbox 2241 5695 3496 5766">
     <span class='ocr_line' id='line_1_114' title="bbox 2241 5695 3496 5766; baseline -0.004 -15"><span class='ocrx_word' id='word_1_652' title='bbox 2241 5701 2296 5751; x_wconf 89' lang='lat' dir='ltr'>et</span> <span class='ocrx_word' id='word_1_653' title='bbox 2321 5695 2664 5751; x_wconf 89' lang='lat' dir='ltr'>orationibus</span> <span class='ocrx_word' id='word_1_654' title='bbox 2690 5697 2804 5751; x_wconf 89' lang='lat' dir='ltr'>suis</span> <span class='ocrx_word' id='word_1_655' title='bbox 2828 5695 3134 5751; x_wconf 87' lang='lat' dir='ltr'>Ecclesiam</span> <span class='ocrx_word' id='word_1_656' title='bbox 3163 5695 3448 5766; x_wconf 81' lang='lat' dir='ltr'>adjuvant.</span> <span class='ocrx_word' id='word_1_657' title='bbox 3488 5743 3496 5754; x_wconf 76' lang='grc'>,,</span> 
     </span>
    </p>
   </div>
   <div class='ocr_carea' id='block_1_115' title="bbox 2312 5785 3864 5858">
    <p class='ocr_par' dir='ltr' id='par_1_115' title="bbox 2312 5785 3864 5858">
     <span class='ocr_line' id='line_1_115' title="bbox 2312 5785 3864 5858; baseline -0.004 -14"><span class='ocrx_word' id='word_1_658' title='bbox 2312 5790 2440 5844; x_wconf 84' lang='lat' dir='ltr'><strong>CIV.</strong></span> <span class='ocrx_word' id='word_1_659' title='bbox 2473 5789 2616 5845; x_wconf 85' lang='lat' dir='ltr'>Sicut</span> <span class='ocrx_word' id='word_1_660' title='bbox 2646 5789 2862 5843; x_wconf 87' lang='lat' dir='ltr'>bonum</span> <span class='ocrx_word' id='word_1_661' title='bbox 2888 5789 3159 5844; x_wconf 84' lang='lat' dir='ltr'>castitatis</span> <span class='ocrx_word' id='word_1_662' title='bbox 3194 5788 3515 5858; x_wconf 64' lang='lat' dir='ltr'>praemium,</span> <span class='ocrx_word' id='word_1_663' title='bbox 3549 5785 3623 5840; x_wconf 84' lang='lat' dir='ltr'>ita</span> <span class='ocrx_word' id='word_1_664' title='bbox 3658 5791 3714 5840; x_wconf 89' lang='lat' dir='ltr'>et</span> <span class='ocrx_word' id='word_1_665' title='bbox 3742 5801 3864 5839; x_wconf 88' lang='lat' dir='ltr'>ma-</span> 
     </span>
    </p>
   </div>
  </div>
