4054 6308
237 344 340 396 349

1497 338 1964 398 DECRETALIUM
2003 342 2386 397 COLLECTIO.

3489 349 3591 398 3ὅο

228 448 347 516 jori
376 448 732 501 observantia
750 451 808 500 et
823 448 1200 518 praceptione
1222 447 1652 502 custodiendum
1684 451 1864 516 est,ut
1884 462 1942 534 Α
1965 449 2090 503 tcrii
2121 450 2484 517 notabuntur,
2525 450 2567 503 si
2612 449 2966 504 devotionem
3008 466 3179 520 quam
3230 451 3342 504 Deo
3395 454 3594 520 sponte

235 541 284 593 si
309 557 440 610 qua
468 540 671 607 vidua,
701 539 1121 610 quantumlibet
1140 540 1323 593 adhuc
1349 539 1407 593 in
1434 541 1750 595 minoribus
1770 559 1866 595 an-

237 631 326 685 nis
350 631 550 702 positae
577 634 633 685 et
651 637 878 686 matura
906 634 1072 685 atate
1100 648 1133 684 a
1158 631 1276 684 viro
1296 631 1524 699 relicta,
1545 649 1604 686 se
1627 633 1865 687 devove-

235 729 375 777 runt
403 723 665 789 Domino,
684 728 741 776 et
765 727 918 777 veste
951 722 1130 776 laicali
1157 723 1374 792 abjccta
1408 724 1511 777 sub
1543 725 1868 778 testimonio

237 815 490 886 episcopi
539 821 596 869 et
637 815 884 869 ecclesia
922 815 1186 885 religioso
1231 815 1431 868 habitu
1473 816 1865 886 apparuerint,

237 913 435 977 postea
460 924 594 961 vero
625 907 694 961 ad
724 907 950 977 nuptias
972 907 1272 960 saculares
1291 906 1869 975 transierunt,secun—

236 1000 374 1053 dum
394 1000 734 1069 Apostolum
756 999 1179 1053 damnationem
1194 999 1508 1065 habebunt,
1523 999 1791 1069 quoniam
1807 1000 1868 1053 ﬁ-

236 1092 374 1145 dem
391 1091 668 1145 castitatis
687 1107 860 1162 quam
877 1090 1117 1144 Domino
1139 1095 1417 1144 voverunt
1441 1090 1660 1145 irritam
1676 1092 1865 1145 facere

237 1199 387 1237 ausa
414 1188 575 1249 sunt;
612 1183 747 1237 tales
789 1198 925 1252 ergo
957 1199 1213 1252 persona
1253 1183 1374 1236 sine
1417 1183 1867 1236 Christianorum

236 1275 648 1329 communione
689 1278 976 1344 maneant,
1009 1291 1137 1344 qua
1164 1275 1334 1328 etiam
1378 1291 1482 1327 nec
1525 1274 1583 1327 in
1613 1274 1866 1329 convivio

238 1383 371 1421 cum
391 1365 711 1421 christianis
731 1367 1184 1435 communicent;
1215 1383 1347 1420 nam
1369 1367 1416 1419 si
1437 1367 1712 1420 adultera
1731 1383 1867 1420 eon-

230 1461 402 1530 juges
433 1464 598 1513 reatu
627 1464 758 1513 sunt
780 1459 911 1512 viris
955 1459 1070 1513 suis
1115 1459 1394 1527 obnoxia,
1433 1462 1644 1529 quanto
1683 1459 1869 1530 magis

239 1551 422 1606 vidua
443 1568 574 1622 qua
595 1551 1025 1621 religiositatem
1051 1553 1437 1619 mutaverunt,
1455 1551 1692 1605 crimine
1716 1551 1869 1605 adul-

1967 541 2298 595 obtulerunt
2338 541 2635 596 libidinosa
2668 543 3032 612 corruperint
3074 543 3379 612 voluptate,
3425 545 3594 613 atque

1968 632 2040 685 ad
2086 633 2359 686 secundas
2385 634 2614 704 nuptias
2659 634 2962 687 transitum
3006 634 3263 703 fecerint,
3295 650 3421 704 qua
3466 639 3521 688 et
3550 634 3595 687 si

1965 724 2234 778 violentia
2252 713 2512 780 irruente
2533 726 2603 779 ab
2625 726 2816 795 aliquo
2842 729 3141 796 praerepta
3161 727 3391 792 fuerint,
3414 743 3479 780 ac
3498 743 3595 797 po-

1967 821 2085 870 stea
2114 816 2491 871 delectatione
2528 817 2777 872 libidinis
2810 834 3147 888 permanere
3175 819 3233 872 in
3262 819 3593 889 conjugium

1965 908 2179 977 raptori
2207 908 2292 961 vel
2320 909 2565 962 violento
2607 909 2726 963 viro
2773 911 3186 976 consenserint,
3219 911 3592 964 damnatione

1966 999 2225 1068 superius
2249 1001 2663 1070 comprehensa
2689 1005 2989 1055 teneantur
3019 1001 3309 1069 obnoxia;
3357 1002 3428 1056 de
3461 1001 3587 1057 tali-

1964 1090 2069 1144 bus
2095 1091 2173 1144 ait
2200 1091 2516 1161 Apostolus,
2540 1108 2669 1145 cum
2688 1093 2981 1146 luxuriata
3013 1094 3241 1162 fuerint,
3257 1094 3471 1149 nubere
3491 1111 3588 1149 vo-

1964 1182 2092 1235 lunt
2114 1182 2384 1237 habentes
2407 1183 2863 1250 damnationem,
2886 1184 3017 1254 quia
3039 1185 3283 1255 primam
3309 1186 3483 1240 ﬁdem
3509 1187 3585 1240 ir-

1966 1273 2133 1328 ritam
2157 1274 2432 1329 fecerunt.
2454 1276 2710 1329 Aurelius
2737 1275 3030 1346 episcopus
3054 1277 3318 1331 Ecclesia
3347 1279 3587 1333 Cartha-

1968 1365 2217 1436 ginensis
2246 1366 2581 1438 subscripsi;
2627 1367 2977 1421 Donatianus
3001 1368 3348 1438 Taleprensis
3388 1371 3589 1440 prima

1968 1457 2111 1512 sedis
2138 1458 2470 1529 subscripsi;
2500 1456 2848 1529 Augustinus
2873 1459 3132 1531 Hippone
3153 1461 3435 1532 Regiensi,
3457 1463 3590 1517 sub-

1965 1550 2195 1618 scripsi;
2223 1549 2482 1604 similiter
2511 1567 2708 1604 omnes
2739 1550 2986 1621 episcopi
3016 1552 3484 1622 subscripserunt.

784 1810 1181 1876 INCIPIUNT
1223 1810 1618 1875 CAPITULA
1661 1809 1992 1875 CONCILII
2037 1809 2306 1887 QUINTI
2350 1809 3058 1876 CARTHAGINENSIS.

319 1959 365 2011 1.
397 1959 475 2012 De
499 1957 714 2012 clericis
743 1958 814 2012 ad
840 1956 1226 2012 testimonium
1254 1974 1370 2012 non
1414 1957 1723 2027 pulsandis.

313 2054 367 2103 '2.
397 2052 474 2104 De
495 2049 711 2104 clericis
735 2066 838 2120 pro
868 2049 1108 2104 crimine
1135 2065 1235 2104 suo
1255 2050 1552 2118 damnatis,
1579 2053 1643 2104 ut
1669 2067 1703 2104 a
1723 2065 1866 2119 quo-

241 2142 381 2196 libet
411 2159 526 2196 non
550 2141 935 2195 defensentur.

317 2237 368 2287 3.
396 2236 474 2288 De
505 2233 884 2288 sacerdotibus
917 2236 974 2287 et
1020 2233 1222 2301 levitis,
1273 2239 1332 2288 ut
1380 2234 1449 2288 ab
1497 2233 1769 2288 uxoribus
1811 2248 1870 2286 se

240 2326 590 2380 contineant.

315 2420 369 2471 4.
403 2420 478 2472 De
511 2419 679 2472 rebus
726 2417 972 2472 ecclesia
1016 2418 1137 2472 sine
1177 2417 1406 2472 consilio
1451 2417 1870 2488 metropolitani

242 2509 499 2580 episcopi
535 2527 650 2563 non
689 2509 1019 2564 alienandis.

404 2604 473 2656 Ut
498 2603 683 2656 nullus
709 2602 1002 2672 cpiscopus
1035 2602 1225 2656 relicta
1260 2601 1526 2656 cathedra
1558 2602 1617 2654 in
1647 2600 1873 2656 dioecesi

243 2693 513 2749 resideat.

319 2789 370 2840 6.
407 2787 485 2840 De
515 2785 601 2839 his
631 2785 730 2856 qui
758 2787 910 2840 nullo
937 2787 1263 2841 testimonio
1287 2804 1345 2841 se
1364 2786 1676 2857 baptizatos
1696 2803 1871 2841 nove-

247 2883 384 2933 runt
411 2883 478 2932 ut
504 2878 881 2948 baptizentur,
913 2879 1172 2934 similiter
1217 2880 1290 2933 de
1333 2879 1753 2935 consecratione
1783 2897 1870 2934 ec-

243 2971 546 3026 clesiarum
575 2970 899 3024 faciendum
928 2977 1030 3026 est.

319 3067 372 3116 7.
400 3063 477 3116 De
504 3064 756 3132 tempore
786 3063 1050 3133 paschali,
1080 3080 1177 3118 seu
1205 3064 1445 3118 concilii.

323 3157 376 3208 8.
426 3155 505 3208 De
551 3155 1013 3208 intercessoribus
1073 3173 1144 3208 ne
1195 3157 1522 3211 cathedram
1580 3156 1875 3210 morientis

1888 1970 1945 2040 B
1971 1956 2218 2028 episcopi
2249 1956 2345 2010 diu
2374 1957 2676 2023 retineant,
2701 1957 2796 2011 sed
2828 1956 2978 2010 infra
3002 1973 3218 2012 annum
3247 1959 3592 2016 sacerdotem

1968 2048 2322 2120 provideant.

1944 2172 1952 2180 -
2037 2143 2090 2195 9.
2119 2143 2194 2194 De
2241 2139 2534 2194 defensore
2585 2139 2950 2195 ecclesiarum
3009 2159 3044 2194 a
3090 2140 3347 2214 principe
3397 2149 3590 2215 postu-

1967 2231 2159 2286 lando.

2042 2327 2126 2379 10.
2161 2325 2232 2378 Ut
2260 2325 2509 2396 episcopi
2539 2325 2610 2379 ad
2640 2325 2795 2379 diem
2823 2326 3047 2380 concilii
3069 2332 3390 2384 occurrant.

2043 2419 2128 2470 H.
2158 2417 2228 2470 Ut
2249 2416 2421 2486 lapsis
2457 2417 2861 2482 sacerdotibus,
2894 2434 3098 2472 manus
3127 2421 3268 2474 sicut
3292 2420 3450 2476 laicis
3476 2438 3594 2476 non

1968 2507 2318 2578 imponatur.

2046 2603 2128 2653 12.
2158 2601 2235 2653 De
2265 2599 2480 2654 clericis
2507 2601 3009 2657 excommunicatis
3038 2603 3286 2672 quandiu
3331 2605 3411 2659 eis
3437 2623 3589 2662 asse-

1970 2708 2094 2747 rere
2124 2692 2288 2746 liceat
2311 2692 2699 2747 innocentiam
2730 2710 2912 2747 suam.

2047 2787 2128 2838 I3.
2157 2785 2230 2837 De
2259 2783 2471 2838 clericis
2499 2785 2588 2838 vel
2615 2787 2914 2840 monachis
2944 2789 3013 2841 ab
3045 2788 3152 2843 alio
3196 2789 3460 2861 episcopo
3502 2807 3592 2845 or—

1974 2877 2204 2933 dinatis.

2047 2973 2132 3026 lli.
2162 2972 2240 3024 De
2269 2969 2514 3025 basilicis
2542 2985 2669 3040 qua
2700 2970 2820 3024 sine
2851 2975 3169 3043 martyrum
3197 2975 3452 3046 reliquiis
3496 2975 3594 3029 de-

1975 3064 2177 3118 dicata
2211 3067 2361 3117 sunt.

2046 3159 2130 3209 15.
2163 3157 2237 3209 De
2261 3154 2594 3208 idololatriis
2619 3155 2992 3209 destruendis.

488 3454 616 3528 84
675 3433 1085 3527 INCIPIT
1155 3433 1770 3528 CONCILIUM
1839 3431 2354 3545 QUINTUM
2425 3431 3371 3525 CARTHAGINENSE

892 3600 1211 3664 Habitum
1239 3602 1321 3663 ab
1359 3601 1672 3682 episcopis
1701 3599 2114 3681 septuaginta
2143 3604 2426 3677 quatuor
2453 3614 2587 3658 aera
2617 3615 2963 3658 coxxxvm.

330 3770 456 3825 Post
498 3771 855 3826 consulatum
901 3772 1114 3843 placuit
1157 3775 1221 3826 ut
1279 3773 1369 3828 die
1411 3777 1564 3828 sexta
1604 3771 1882 3827 Kalendas
1902 3785 1957 3859 ρ
1983 3770 2292 3825 secundum
2317 3769 2552 3840 propria
2579 3771 2792 3823 statuta
2823 3767 2992 3822 etiam
3021 3767 3088 3822 ab
3117 3769 3390 3824 uxoribus
3421 3771 3604 3826 conti-

248 3863 409 3919 Junii
452 3864 813 3935 Carthagine,
867 3864 925 3919 in
966 3865 1268 3920 secretario
1317 3865 1563 3920 basilica
1607 3865 1882 3920 restituta
1981 3878 2139 3928 nere,
2171 3862 2324 3932 quod
2354 3861 2462 3915 nisi
2489 3860 2746 3927 fecerint,
2777 3859 2848 3914 ab
2879 3860 3254 3915 ecclesiastico
3284 3877 3607 3917 removean-

253 3956 454 4010 subtus
480 3956 694 4011 inserta
717 3961 1116 4026 statuerentur,
1150 3976 1282 4012 cum
1307 3959 1562 4014 Aurelius
1590 3958 1884 4028 episcopus

255 4064 374 4102 una
399 4064 532 4102 eum
551 4048 828 4119 episcopis
854 4049 966 4104 suis
991 4051 1336 4105 consedisset
1361 4051 1672 4106 astantibus
1693 4049 1881 4104 diaco-

256 4140 447 4206 nibus,
479 4141 785 4195 constituta
815 4147 946 4197 sunt
973 4143 1095 4196 hac
1115 4160 1244 4214 qua
1271 4143 1326 4196 in
1354 4147 1624 4215 sequente
1652 4143 1884 4197 concilio

259 4233 497 4287 definita
522 4236 673 4286 sunt.

332 4324 457 4380 CAP.
485 4326 526 4378 Ι.
558 4326 618 4378 In
642 4324 920 4396 principio
946 4327 1308 4382 statuendum
1324 4331 1424 4396 est,
1456 4330 1518 4381 ut
1541 4328 1638 4398 qui
1663 4327 1806 4381 forte
1828 4327 1888 4381 in

261 4415 496 4472 ecclesia
507 4417 820 4488 quamlibet
830 4435 1057 4472 causam
1062 4420 1084 4488 j
1094 4436 1194 4472 ure
1209 4420 1515 4490 apostolico
1530 4419 1888 4474 ecclesiisim-

263 4509 448 4580 posito
473 4525 644 4579 agere
667 4510 910 4564 voluerit
936 4515 994 4565 et
1017 4512 1253 4565 fortasse
1280 4511 1529 4566 discissio
1553 4512 1887 4566 clericorum

261 4601 366 4654 uni
397 4601 548 4672 parti
579 4601 943 4672 displicuerit,
981 4619 1098 4657 non
1142 4604 1305 4657 liceat
1348 4604 1613 4658 clericum
1645 4605 1703 4657 in
1727 4604 1885 4674 judi-

263 4692 416 4747 cium
445 4693 518 4746 ad
543 4691 930 4748 testimonium
958 4694 1214 4749 devocari
1237 4711 1389 4761 eum,
1404 4695 1501 4765 qui
1521 4696 1784 4766 cognitor
1801 4697 1888 4749 vel

265 4801 518 4855 prasens
545 4785 673 4855 fuit,
697 4790 753 4841 et
775 4787 935 4841 nulla
955 4788 1026 4841 ad
1049 4787 1442 4842 testimonium
1468 4787 1772 4841 dicendum
1795 4804 1886 4842 ec-

266 4877 564 4932 clesiastici
592 4878 889 4949 cujuslibet
916 4894 1162 4950 persona
1186 4881 1459 4950 pulsetur.

341 4973 404 5025 Il.
441 4972 507 5024 Et
555 4969 693 5024 illud
721 4973 1102 5042 statuendum,
1131 4979 1195 5028 ut
1223 4973 1268 5027 si
1296 4973 1419 5044 quis
1449 4971 1749 5043 cujuslibet
1784 4973 1888 5026 ho-

267 5062 426 5116 noris
463 5061 699 5116 clericus
721 5063 936 5134 judicio
988 5065 1380 5136 episcoporum
1407 5081 1748 5137 quocunque
1779 5065 1890 5119 cri-

1981 3960 2076 4010 tur
2106 3955 2309 4009 ofﬁcio.
2340 3955 2584 4009 Cateros
2614 3956 2802 4007 autem
2836 3951 3066 4007 clericos
3093 3954 3162 4007 ad
3193 3955 3298 4008 hoc
3322 3971 3434 4009 non
3461 3956 3610 4026 cogi,

1984 4047 2085 4101 sed
2112 4047 2429 4101 secundum
2471 4045 2636 4100 unius
2667 4046 2941 4117 cujusque
2970 4045 3216 4100 ecclesia
3247 4047 3607 4102 consuetudi-

1987 4155 2120 4194 nem
2150 4139 2439 4194 observari
2461 4139 2692 4193 debere.

2057 4232 2142 4286 IV.
2174 4231 2390 4287 Placuit
2413 4230 2606 4297 etiam,
2641 4233 2704 4283 ut
2726 4246 2849 4284 rem
2878 4230 3129 4285 ecclesia
3175 4247 3345 4286 nemo
3372 4233 3611 4299 vendat;

1987 4323 2137 4394 quod
2190 4323 2236 4376 si
2286 4323 2478 4392 aliqua
2508 4322 2811 4376 necessitas
2839 4323 3010 4391 cogit,
3040 4323 3183 4376 hanc
3210 4323 3613 4380 insinuandam

1987 4431 2104 4469 esse
2133 4415 2365 4486 primati
2388 4413 2714 4484 provincia,
2749 4416 2812 4467 ut
2835 4431 2965 4468 cum
2994 4418 3202 4469 statuto
3226 4432 3468 4471 numero
3500 4419 3618 4488 epi-

1988 4523 2308 4577 scoparum,
2339 4497 2535 4560 utrum
2557 4505 2884 4560 faciendum
2912 4505 2983 4560 sit
3005 4507 3341 4575 arbitretur;
3370 4509 3525 4578 quod
3566 4509 3613 4563 si

1985 4602 2143 4654 tanta
2169 4603 2338 4668 urget
2361 4597 2666 4652 necessitas
2698 4598 2965 4667 ecclesia,
2995 4603 3056 4652 ut
3098 4615 3212 4652 non
3255 4599 3434 4670 possit
3481 4606 3614 4655 ante

1987 4691 2299 4760 consulere,
2340 4689 2538 4744 saltem
2570 4691 2698 4760 post
2730 4689 2943 4743 factum
2990 4690 3372 4744 curiositatem
3409 4691 3613 4746 habeat

1989 4788 2046 4838 et
2069 4783 2266 4838 vicinis
2292 4781 2568 4854 episcopis
2609 4782 2720 4836 hoc
2755 4784 2888 4835 ante
2929 4781 3196 4850 indicare,
3229 4786 3284 4837 et
3312 4782 3385 4837 ad
3425 4785 3613 4840 conci-

1988 4877 2132 4931 lium
2162 4878 2372 4934 referre
2409 4891 2504 4930 eas
2534 4874 2781 4930 ecclesia
2812 4874 3197 4944 necessitates;
3245 4875 3400 4947 quod
3427 4876 3474 4930 si
3500 4893 3611 4931 non

1991 4969 2207 5040 fecerit,
2236 4985 2366 5025 reus
2385 4968 2602 5023 concilii
2625 4967 2884 5022 venditor
2906 4971 3185 5023 teneatur.

2062 5065 2124 5117 V.
2154 5063 2367 5118 Placuit
2391 5067 2454 5117 ut
2481 5061 2695 5117 nemini
2729 5060 2801 5114 sit
2828 5059 3062 5114 facultas
3097 5062 3294 5119 relicta
3321 5066 3616 5144 principali

270 5151 426 5208 mine
451 5154 622 5208 fuerit
649 5155 968 5224 damnatus,
1001 5173 1116 5210 non
1144 5158 1310 5213 liceat
1328 5174 1458 5213 eum
1479 5157 1594 5212 sive
1621 5158 1690 5212 ab
1717 5159 1890 5212 eccle-
1910 5154 1971 5226 D
1994 5155 2284 5224 cathedra,
2316 5154 2387 5209 ad
2413 5155 2659 5225 aliquam
2677 5151 2974 5207 ecclesiam
3003 5151 3060 5205 in
3092 5151 3317 5212 dioecesi
3341 5165 3614 5220 constitu-

269 5245 368 5300 siis
390 5246 597 5316 quibus
626 5247 872 5317 prafuit,
906 5249 1018 5303 sive
1049 5266 1082 5303 a
1119 5250 1371 5322 quolibet
1418 5251 1650 5305 homine
1697 5250 1890 5306 defen-

274 5338 406 5406 sari,
425 5339 761 5409 interposita
779 5358 943 5411 pana
963 5343 1155 5397 damni
1173 5344 1430 5414 pecunia
1451 5348 1619 5415 atque
1639 5345 1891 5412 honoris,

271 5447 386 5501 quo
414 5446 516 5485 nec
546 5435 789 5500 atatem,
814 5450 920 5488 nec
959 5451 1158 5489 sexum
1184 5437 1573 5491 excusandum
1600 5453 1720 5491 esse
1750 5453 1892 5508 pra-

272 5523 537 5594 cipimus.

1993 5252 2109 5303 tam
2155 5265 2214 5303 se
2255 5247 2532 5315 conferre,
2578 5245 2665 5301 vel
2707 5245 2767 5299 in
2812 5261 2872 5300 re
2918 5246 3148 5317 propria
3201 5249 3411 5309 diutius
3447 5275 3619 5328 quam

1994 5344 2214 5412 oportet
2232 5339 2601 5395 constitutum
2615 5353 2813 5393 curam
2830 5337 2918 5392 vel
2941 5339 3460 5410 frequentationem
3481 5369 3616 5422 pro-

1993 5433 2134 5505 pria
2160 5431 2443 5488 cathedra
2469 5429 2779 5503 negligere.

2069 5528 2150 5581 VI.
2188 5525 2400 5580 Placuit
2419 5524 2489 5579 de
2512 5524 2843 5594 infantibus,
2869 5527 3087 5598 quoties
3114 5545 3230 5584 non
3255 5530 3621 5591 inveniuntur

349 5617 434 5670 Ill.
482 5618 806 5686 Propterea,
858 5634 984 5673 cum
1033 5621 1101 5674 de
1147 5623 1522 5691 quorumdam
1564 5622 1898 5677 clericorum
1997 5618 2291 5674 certissimi
2322 5620 2495 5672 testes
2523 5618 2623 5690 qui
2653 5634 2746 5673 eos
2769 5619 3081 5690 baptizatos
3109 5638 3226 5676 esse
3254 5623 3375 5676 sine
3403 5625 3618 5682 dubita-

276 5707 530 5777 quamvis
576 5699 712 5778 erga
735 5727 936 5766 uxores
973 5713 1226 5784 proprias
1273 5714 1686 5770 incontinentia
1722 5715 1896 5770 refer-

1995 5712 2153 5767 tione
2183 5714 2480 5781 testentur,
2513 5727 2700 5783 neque
2729 5711 2837 5783 ipsi
2868 5717 2999 5767 sunt
3025 5730 3129 5783 per
3155 5717 3379 5769 atatem
3428 5717 3619 5776 idonei

276 5806 452 5868 retur,
488 5800 697 5871 placuit
729 5803 1019 5875 episcopos
1046 5810 1102 5860 et
1135 5807 1490 5878 presbyteros
1542 5813 1598 5864 et
1639 5809 1902 5863 diaconos
2001 5806 2069 5860 de
2098 5805 2316 5860 traditis
2347 5804 2448 5860 sibi
2482 5805 2855 5860 sacramentis
2897 5805 3238 5876 respondere
3263 5807 3473 5878 absque
3504 5813 3618 5870 ullo
