4054 6302
477 308 567 366 351
1377 309 1655 366 APPEND.
1700 313 1784 364 AD
1825 311 1986 364 83Ξο.
2031 311 2117 363 ΙΧ.
2146 340 2212 347 —
2251 306 2494 366 lSlDURl
2532 308 2950 366 MERCATORIS

3719 311 3825 365 352

479 419 741 488 scrupulo
771 436 866 472 eos
893 435 1010 472 esse
1041 416 1424 488 baptizandos,
1459 435 1530 471 ne
1556 419 1660 470 ista
1684 416 1985 486 trepidatio
2007 433 2104 470 eos
2125 438 2182 509 Α
2202 417 2348 470 libus
2365 418 2520 471 laicis
2546 417 2888 487 imponatur,
2906 431 3092 486 neque
3110 406 3363 485 unquam
3381 416 3832 486 permittendum

477 513 644 564 faciat
671 515 1154 564 sacramentorum
1180 510 1515 580 purgatione
1537 509 1766 578 privari,
1797 509 1926 562 huic
1948 509 2101 561 enim
2205 515 2265 563 ut
2291 509 2618 581 rebaptizati
2648 509 2717 563 ad
2741 509 3035 563 clericatus
3062 509 3301 578 gradum
3327 513 3793 578 promoveantur.

479 603 652 673 legati
690 604 1010 657 Maurorum
1043 604 1248 656 fratres
1289 602 1466 655 nostri
1506 603 1937 667 consuluerunt,
1971 602 2103 669 quia

478 697 689 748 multos
735 695 880 748 tales
921 713 954 748 a
992 695 1248 748 barbaris
1293 694 1606 761 redimunt;
1658 693 1917 746 similiter
1948 696 2003 745 et
2035 693 2102 746 de

477 786 722 839 ecclesiis
772 786 1008 856 (quoties
1046 802 1216 856 super
1247 802 1441 839 earum
1479 785 1899 839 consecratione
1934 785 2099 838 hmsi-

475 878 644 947 tatur)
673 879 957 948 agendum
970 883 1085 948 lest,
1118 877 1177 930 id
1206 882 1290 932 est
1322 882 1387 931 ut
1431 877 1549 932 sine
1584 878 1700 930 ulla
1727 876 2103 946 trepidatione

478 973 896 1024 consecrantur.

549 1064 656 1115 Vll.
698 1061 910 1116 Placuit
933 1065 999 1116 ut
1043 1062 1161 1116 dies
1186 1061 1527 1116 venerabilis
1570 1062 1792 1116 Pascha:
1836 1062 2101 1114 formata-

478 1169 603 1207 rum
624 1153 1032 1223 subscriptione
1056 1154 1321 1206 omnibus
1345 1153 1657 1220 intimetur,
1683 1153 1801 1206 dies
1820 1169 1953 1206 vero
1975 1169 2106 1206 con-

477 1245 588 1298 cilii
615 1245 914 1298 undecimo
939 1245 1220 1298 Kalendas
1245 1245 1579 1298 Novembris
1606 1249 1876 1310 servetur,
1901 1248 1956 1298 et
1977 1243 2106 1296 scri-

478 1337 730 1391 bendum
745 1337 813 1389 ad
829 1336 1189 1405 singularum
1201 1352 1670 1406 quarumcunque
1686 1335 2104 1406 provinciarum

481 1429 767 1499 primates,
803 1433 866 1481 ut
889 1429 1118 1498 quando
1150 1428 1303 1498 apud
1329 1444 1387 1482 se
1414 1429 1715 1483 concilium
1755 1431 2106 1503 congregant

479 1520 652 1574 istum
676 1521 828 1575 diem
855 1537 970 1574 non
1001 1521 1337 1591 impediant.

557 1615 684 1668 Vlll.
734 1614 872 1667 Item
916 1614 1283 1666 constitutum
1331 1615 1434 1680 est,
1465 1617 1531 1666 ut
1571 1613 1711 1666 nulli
1751 1612 2107 1667 intercessori

481 1705 699 1758 licitum
730 1705 800 1758 sit
829 1705 1157 1758 cathedram
1189 1706 1276 1759 cui
1307 1705 1647 1758 intercessor
1674 1706 1838 1758 datus
1869 1709 1953 1758 est
1977 1704 2104 1775 qui-

2273 603 2377 655 ΧΙΙ.
2423 603 2633 656 Rursus
2670 601 3043 654 constitutum
3087 604 3191 669 est,
3239 605 3301 654 ut
3347 601 3566 670 quoties
3614 600 3869 654 clericis'

2203 693 2485 758 convictis,
2517 697 2575 746 et
2603 693 2874 746 confessis
2899 693 2960 745 in
2989 693 3176 763 aliquo
3199 693 3461 757 crimine,
3490 693 3576 746 vel
3601 696 3834 762 propter

2205 802 2401 839 eorum
2432 801 2678 855 quorum
2699 785 3058 838 verecundiae
3080 784 3348 854 parcitur,
3377 786 3460 838 vel
3489 789 3721 854 propter
3735 786 3835 837 Ec-

2204 877 2389 931 clesiae
2429 877 2824 948 opprobrium,
2874 881 2971 930 aut
3015 877 3354 931 insolentem
3403 876 3836 931 insultationem

2204 969 2598 1023 haereticorum
2636 975 2805 1040 atque
2853 969 3174 1040 gentilium,
3221 969 3266 1022 si
3311 970 3457 1023 forte
3490 985 3674 1023 causa:
3717 984 3835 1023 suae.
3889 1034 3892 1035 ν

2203 1063 2397 1117 adesse
2417 1061 2716 1130 voluerint,
2731 1065 2788 1115 et
2807 1061 3190 1115 innocentiam
3212 1077 3370 1115 suam
3389 1077 3657 1127 asserere,
3680 1061 3834 1114 intra

2207 1171 2418 1208 annum
2444 1153 3049 1208 excommunicationis
3075 1154 3184 1207 hoc
3204 1154 3431 1220 faciant,
3463 1153 3506 1207 si
3535 1169 3665 1206 vero
3683 1153 3833 1206 intra

2203 1263 2416 1301 annum
2442 1263 2672 1300 causam
2701 1262 2864 1300 suam
2894 1262 3142 1316 purgare
3170 1245 3640 1316 contempserint,
3675 1245 3833 1298 nulla

2206 1355 2400 1393 eorum
2425 1343 2624 1409 postea
2651 1339 2877 1409 penitus
2906 1338 3185 1392 audiatur.

2274 1433 2402 1485 Xlll;
2433 1433 2571 1485 Item
2602 1431 2832 1500 placuit,
2865 1435 2929 1484 ut
2955 1431 3002 1483 si
3027 1431 3152 1500 quis
3189 1432 3259 1485 de
3287 1429 3515 1485 alterius
3541 1434 3832 1484 monaste-

2207 1523 2289 1577 rio
2323 1527 2613 1593 repertum
2639 1524 2725 1576 vel
2749 1523 2820 1576 ad
2851 1522 3180 1576 clericatum
3206 1539 3545 1594 promovere
3569 1523 3832 1589 voluerit,

2205 1617 2290 1668 vel
2319 1615 2377 1668 in
2406 1633 2504 1669 suo
2551 1614 2898 1668 monasterio
2927 1615 3209 1685 majorem
3255 1614 3585 1670 monasterii
3632 1615 3836 1668 consti-

2206 1713 2388 1773 tuere,
2419 1707 2715 1777 episcopus
2741 1707 2838 1777 qui
2866 1707 2976 1761 hoc
3004 1706 3219 1776 fecerit,
3249 1724 3282 1760 a
3318 1713 3652 1761 caeterorum
3678 1722 3832 1760 com-

481 1797 726 1851 buslibet
753 1797 1098 1867 populorum
1119 1797 1316 1851 studiis
1335 1798 1423 1851 vel
1444 1797 1810 1851 seditionibus
1836 1796 2102 1865 retinere,
2126 1790 2182 1862 B
2210 1799 2481 1853 munione
2509 1799 2815 1868 sejunctus,
2842 1816 2958 1853 suae
2987 1802 3210 1853 tantum
3236 1800 3415 1870 plebis
3435 1798 3836 1853 communione

484 1889 584 1942 sed
615 1889 752 1943 dare
778 1905 1008 1959 operam
1036 1893 1102 1942 ut
1129 1889 1280 1942 intra
1311 1906 1527 1942 annum
1544 1888 1758 1943 eisdem
1780 1888 2108 1959 episcopum

484 1981 792 2050 provideat,
823 1981 973 2051 quod
1001 1981 1046 2034 si
1074 1981 1392 2050 neglexerit
1420 1981 1568 2035 anno
1607 1984 1888 2050 exempto,
1933 1981 2104 2035 inter-

480 2077 684 2127 ventor
708 2073 850 2126 alius
879 2073 1179 2127 tribuatur.

554 2167 635 2220 IX.
665 2166 746 2220 Ab
775 2166 1215 2236 imperatoribus
1243 2165 1522 2218 universis
1566 2164 1749 2218 visum
1791 2169 1875 2219 est
1912 2167 2108 2234 postu-

483 2258 714 2311 landum
730 2263 962 2327 propter
976 2257 1342 2311 aftlictionem
1362 2273 1701 2328 pauperum,
1721 2273 1969 2326 quorum
1990 2273 2108 2310 mo-

484 2351 655 2404 lestiis
686 2348 804 2404 sine
834 2350 1253 2404 intermissione
1297 2349 1570 2419 fatigatur
1617 2348 1881 2416 Ecclesia,
1915 2355 1974 2402 ut
2012 2350 2107 2403 de-

485 2444 730 2497 fensores
756 2443 835 2496 eis
860 2443 1124 2496 adversus
1150 2443 1432 2512 potentias
1469 2441 1708 2496 divitum
1735 2458 1866 2495 cum
1893 2442 2108 2512 episco-

485 2552 689 2604 porum
715 2535 1036 2605 provisione
1063 2519 1448 2634 delegentur.(~

555 2628 614 2680 X.
652 2629 787 2681 ltem
813 2627 1042 2697 placuit,
1069 2631 1135 2681 ut
1160 2627 1612 2697 quotiescunque
1639 2627 2108 2696 congregandum

483 2723 568 2773 cst
588 2720 907 2788 concilium,
933 2719 1176 2789 episcopi
1205 2721 1303 2790 qui
1331 2735 1517 2790 neque
1538 2722 1720 2787 aetate,
1745 2735 1928 2790 neque
1951 2719 2112 2788 aegri-

485 2810 706 2878 tudine,
733 2828 917 2881 neque
945 2812 1055 2864 alia
1093 2811 1334 2881 graviori
1367 2811 1698 2866 necessitate
1726 2811 2114 2882 impediuntur

486 2907 872 2973 competenter
900 2907 1218 2970 occurrant,
1247 2903 1695 2974 primatibusque
1729 2920 1959 2958 suarum
1990 2920 2113 2973 pro-

485 2996 802 3050 vinciarum
830 2995 1146 3062 intimetur,
1196 2997 1257 3048 ut
1310 2996 1378 3049 de
1417 2996 1695 3049 universis
1727 2995 1999 3066 episcopis
2027 2997 2112 3049 vel

487 3090 617 3142 duae
647 3089 732 3142 vel
756 3091 867 3142 tres
893 3089 1032 3142 fiant
1061 3091 1284 3154 turmae,
1306 3105 1370 3141 ac
1384 3079 1455 3141 de
1471 3087 1706 3158 singulis
1725 3088 1930 3141 turmis
1954 3087 2112 3140 vicis-

489 3181 596 3234 sim
623 3184 901 3250 quotquot
929 3180 1087 3234 electi
1131 3144 1341 3234 fuerint
1366 3181 1436 3234 ad
1463 3144 1616 3243 diem
1643 3181 1861 3234 concilii
1892 3180 2110 3234 instan-
2133 3144 2187 3216 Ο

487 3273 702 3326 tissime
734 3277 1063 3341 occurrant;
1095 3272 1250 3343 quod
1270 3273 1312 3326 si
1337 3289 1454 3327 non
1479 3273 1765 3343 potuerint
1791 3289 2110 3339 occurrere,

488 3365 875 3420 excusationes
907 3382 1033 3418 suas
1071 3365 1131 3418 in
1178 3366 1500 3419 tractatoria
1547 3365 1921 3432 subscribant,
1953 3365 2041 3418 vel
2066 3365 2112 3417 si

487 3462 613 3529 post
637 3459 942 3512 adventum
988 3457 1328 3513 tractatoriae
1373 3458 1582 3528 aliquas
1632 3458 1989 3512 necessitates
2024 3473 2108 3511 re-

486 3554 654 3622 pente
684 3551 918 3604 forsitan
951 3556 1088 3605 ortae
1130 3550 1366 3618 fuerint,
1413 3550 1519 3603 nisi
1559 3551 1834 3604 rationem
1870 3550 2110 3620 impedi-

486 3644 665 3698 menti
694 3644 782 3697 sui
811 3643 958 3713 apud
986 3660 1156 3696 suum
1183 3642 1485 3712 primatem
1516 3643 1886 3710 reddiderint,
1922 3642 1992 3695 ab
2013 3644 2110 3696 Ec-

487 3737 672 3790 clesiae
703 3736 1106 3790 communione
1136 3735 1345 3788 debere
1374 3751 1493 3788 esse
1520 3738 1899 3804 contemptos.

559 3831 643 3882 XI.
678 3831 819 3882 Item
847 3828 1243 3880 conﬁrmatum
1262 3831 1364 3894 est,
1385 3830 1451 3880 ut
1475 3826 1519 3879 si
1538 3827 1766 3895 quando
1781 3827 2112 3897 presbyteri,

487 3921 576 3974 vel
601 3920 820 3974 diaconi
866 3919 925 3972 in
970 3919 1081 3972 alia
1127 3918 1373 3988 graviori
1412 3919 1573 3987 culpa
1611 3918 1853 3971 convicti
1884 3919 2112 3986 fuerint,

489 4028 662 4083 quam
690 4027 782 4064 eos
810 4027 843 4064 a
871 4009 1184 4064 ministerio
1210 4026 1437 4064 necesse
1479 4009 1649 4063 fuerit
1674 4011 1973 4077 removeri,
2003 4028 2116 4065 non

490 4105 570 4159 eis
596 4120 801 4158 manus
825 4107 1095 4173 tanquam
1119 4102 1544 4172 paenitentibus,
1567 4101 1656 4155 vel
1672 4105 1948 4172 tanquam
1976 4103 2112 4157 ﬁde-

481 4347 560 4411 β

2209 1896 2508 1946 contentus
2527 1892 2616 1958 sit,
2637 1895 2694 1945 et
2708 1892 2800 1945 ille
2818 1908 3003 1963 neque
3020 1892 3278 1959 clericus,
3298 1908 3484 1963 neque
3498 1890 3837 1963 prmpositus

2210 1989 2550 2055 perseveret.

2282 2078 2409 2130 XIV.
2438 2078 2575 2130 Item
2604 2076 2812 2146 placuit
2841 2081 2903 2130 ut
2928 2077 3126 2130 altaria
3155 2092 3282 2147 quas
3303 2075 3513 2148 passim
3540 2092 3644 2146 per
3668 2091 3839 2145 agros

2209 2173 2305 2222 aut
2331 2168 2454 2240 vias
2475 2173 2746 2239 tanquam
2768 2169 3056 2222 memoriae
3077 2174 3396 2239 martyrum
3419 2168 3840 2222 constituuntur

2211 2260 2268 2315 in
2298 2261 2503 2331 quibus
2518 2261 2738 2314 nullum
2761 2278 2963 2331 corpus
2985 2267 3083 2315 aut
3095 2262 3350 2331 reliquias
3367 2266 3684 2331 martyrum
3704 2277 3840 2314 con-

2211 2355 2343 2408 ditae
2377 2354 2707 2424 probantur,
2739 2353 2809 2406 ab
2841 2353 3116 2424 episcopis
3145 2354 3242 2424 qui
3273 2353 3484 2408 eisdem
3513 2353 3648 2406 locis
3686 2369 3834 2422 prte-

2213 2451 2364 2515 sunt,
2406 2445 2450 2500 si
2477 2447 2602 2499 ﬁeri
2646 2450 2848 2516 potest,
2883 2450 3230 2500 evertantur.
3265 2445 3320 2500 Si
3349 2449 3543 2500 autem
3569 2446 3676 2498 hoc
3703 2461 3836 2514 pro-

2211 2543 2337 2609 pter
2365 2539 2641 2592 tumultus
2670 2539 2974 2609 populares
3000 2556 3115 2592 non
3157 2537 3382 2605 sinitur,
3421 2537 3614 2608 plebes
3642 2542 3836 2591 tamen

2212 2631 2643 2697 admoneantur,
2676 2647 2748 2684 ne
2775 2631 2868 2684 illa
2892 2631 3013 2684 loca
3042 2631 3425 2701 frequentent,
3475 2634 3535 2683 ut
3562 2630 3658 2700 qui
3683 2633 3839 2682 recte

2211 2723 2439 2792 sapiunt
2479 2724 2634 2776 nulla
2671 2723 2753 2776 ibi
2783 2723 3180 2793 superstitione
3224 2721 3472 2776 devincti
3509 2724 3838 2775 teneantur.

2213 2813 2278 2868 Et
2322 2815 2556 2867 omnino
2602 2815 2756 2868 nulla
2799 2814 3076 2869 memoria
3109 2818 3424 2884 martyrum
3467 2812 3842 2883 probabiliter

2212 2912 2552 2977 acceptetur,
2575 2907 2682 2960 nisi
2704 2907 2800 2960 ubi
2821 2923 3046 2976 corpus,
3067 2909 3164 2960 aut
3181 2907 3386 2977 aliqua:
3409 2909 3559 2960 certe
3581 2903 3840 2975 reliquiae

2213 3003 2364 3065 sunt,
2391 3003 2489 3052 aut
2507 2999 2664 3067 origo
2685 2999 2922 3069 alicujus
2955 2999 3315 3052 habitationis
3344 2999 3429 3052 vel
3457 2996 3838 3068 possessionis,

2211 3093 2295 3144 vel
2323 3091 2596 3161 passionis
2622 3090 2950 3144 ﬁdelissima
2991 3091 3209 3160 origine
3249 3091 3508 3145 traditur.
3540 3091 3683 3144 Nam
3707 3104 3840 3158 quae

2211 3200 2316 3253 per
2345 3183 2584 3251 somnia,
2617 3187 2672 3236 et
2696 3200 2800 3253 per
2844 3183 3040 3237 inanes
3089 3183 3247 3254 quasi
3285 3183 3658 3237 revelationes
3687 3198 3838 3252 quo-

2215 3275 2482 3329 rumlibet
2500 3275 2796 3328 hominum
2815 3275 3022 3346 ubique
3041 3275 3461 3330 constituuntur
3478 3275 3694 3343 altaria,
3713 3290 3836 3328 om-

2213 3368 2441 3422 nimodo
2473 3368 2869 3437 reprobentur.

2284 3461 2389 3515 XV.
2425 3463 2566 3515 Item
2591 3461 2803 3530 placuit
2831 3460 2901 3514 ab
2929 3459 3371 3531 imperatoribus
3419 3456 3843 3530 gloriosissimis

2212 3553 2349 3624 peti,
2391 3556 2454 3605 ut
2491 3553 2747 3622 reliquiae
2796 3569 2914 3606 non
2959 3554 3144 3607 solum
3184 3554 3241 3606 in
3288 3552 3618 3619 simulacris,
3651 3552 3751 3607 sed
3781 3552 3841 3605 in

2213 3645 2646 3716 quibuscunque
2673 3645 2812 3700 locis
2854 3645 2941 3700 vel
2986 3645 3146 3712 lucis,
3189 3647 3274 3700 vel
3319 3644 3618 3699 arboribus
3650 3645 3840 3699 omni-

2213 3738 2381 3791 modo
2403 3738 2721 3792 deleantur.
2740 3738 2996 3793 Aurelius
3016 3738 3311 3810 episcopus
3327 3737 3583 3791 Ecclesiae
3599 3737 3842 3792 Cartha-

2217 3830 2364 3899 ginis
2394 3847 2567 3900 supra
2592 3831 3013 3901 comprehensis
3051 3831 3111 3888 in
3135 3833 3328 3885 nostro
3355 3829 3592 3884 concilio
3619 3830 3846 3884 statutis

2215 3922 2548 3992 subscripsi;
2579 3922 2836 3978 similiter
2861 3922 3221 3993 septuaginta
3266 3923 3377 3977 duo
3417 3921 3668 3992 episcopi
3709 3922 3842 3976 sub-

2217 4014 2582 4085 scripserunt.

1077 4477 1475 4544 INCIPIUNT
1518 4479 1908 4545 CAPITULA
1953 4481 2284 4547 CONCILII
2331 4481 2555 4545 SEXTI
2601 4482 3285 4548 CARTHAGINENSIS

563 4656 610 4712 l.
645 4657 920 4713 Allocutio
948 4658 1159 4712 Aurelii
1187 4660 1432 4731 episcopi
1463 4661 1640 4716 sancti
1679 4662 1750 4716 ad
1780 4662 2080 4733 synodum.
2140 4679 2199 4750 D
2293 4665 2344 4715 9.
2375 4662 2475 4716 Ubi
2505 4663 2804 4718 Faustinus
2842 4664 3137 4734 episcopus
3180 4680 3282 4734 pro
3314 4662 3601 4717 dubietate
3629 4659 3850 4716 recitati

557 4755 611 4806 2.
659 4752 974 4822 Responsio
1023 4753 1270 4806 Faustini
1323 4753 1571 4823 episcopi
1629 4754 1802 4824 legati
1849 4756 2122 4810 Romanae
2221 4755 2453 4824 capituli
2478 4756 2736 4810 Romano
2765 4772 2930 4826 papas
2960 4756 3105 4826 petit
3145 4755 3527 4810 scribendum.

490 4840 750 4898 Ecclesiae
769 4845 838 4898 de
858 4844 945 4898 his
973 4861 1100 4915 quae
1128 4845 1188 4898 in
1213 4845 1461 4899 Ecclesia
1491 4846 1698 4915 partim
1727 4862 1964 4915 canone,
1995 4865 2122 4919 par-

489 4935 594 4988 tim
625 4936 1029 4991 consuetudine
1058 4942 1187 4991 sunt
1210 4938 1451 4991 ﬁrmata.

562 5031 615 5082 3.
648 5029 727 5082 De
756 5030 1188 5084 commonitorio
1215 5030 1456 5085 Romani
1481 5047 1647 5101 papas
1675 5032 1922 5085 recitato.

562 5121 614 5174 4.
647 5120 855 5190 Alippii
891 5121 1136 5192 episcopi
1163 5123 1455 5194 responsio
1483 5140 1587 5193 pro
1616 5123 1762 5177 veris
1790 5125 2126 5195 exemplari-

491 5215 598 5268 bus
625 5213 833 5266 Nicaeni
865 5215 1083 5268 concilii
1115 5217 1527 5287 perquirendis.

2296 4851 2380 4902 10.
2416 4848 2516 4902 Ubi
2543 4849 2796 4919 synodus
2822 4848 3169 4919 exemplaria
3195 4849 3405 4902 Nicaani
3424 4846 3642 4902 concilii
3665 4846 3852 4917 magis

2222 4939 2291 4993 ab
2318 4940 2684 4994 orientalibus
2711 4941 3086 5011 competenda
3114 4940 3379 4996 decrevit.

2299 5037 2382 5088 11.
2408 5034 2684 5088 Professio
2711 5034 2844 5087 ﬁdei
2871 5033 3082 5088 Nicaeni
3109 5033 3354 5088 concilii.

2298 5129 2382 5179 l2.
2415 5127 2768 5196 Rescriptum
2791 5127 3037 5197 episcopi
3065 5129 3279 5195 Romae,
3311 5124 3684 5193 Alexandriae,
3711 5125 3853 5180 Con-

2225 5218 2728 5290 stantinopolitani,
2771 5236 2899 5274 cum
2928 5219 3347 5290 exemplaribus
3391 5218 3601 5272 Nicmni
3635 5218 3853 5272 concilii

564 5309 593 5358 5
605 5347 617 5359 .
647 5305 747 5359 Ubi
769 5306 1069 5361 Faustinus
1081 5325 1169 5378 ep.
1186 5309 1347 5375 dixit,
1361 5312 1427 5362 ut
1439 5311 1692 5364 Romano
1704 5326 1865 5381 papae
1878 5310 2125 5380 synodus
2223 5311 2504 5365 Africanae
2525 5313 2739 5383 synodo
2762 5312 3100 5368 constitutis.

491 5415 595 5468 pro
626 5397 960 5469 inquirenda
999 5401 1241 5453 Nicaeus:
1290 5401 1492 5471 synodi
1524 5403 1760 5457 veritate
1789 5404 2120 5457 innotescat.

2301 5408 2386 5460 13.
2414 5404 2630 5475 Scripta
2661 5405 2911 5460 Africani
2953 5404 3197 5476 episcopi
3223 5404 3296 5459 ad
3323 5403 3671 5459 Bonifacium
3697 5403 3854 5458 urbis

563 5494 613 5544 6.
644 5495 696 5544 7.
731 5491 808 5544 De
841 5492 1122 5544 sententia
1170 5491 1513 5546 Sardicensis
1561 5495 1782 5549 concilii
1825 5495 2062 5550 recitata
2092 5512 2125 5548 a
2225 5499 2425 5552 Romae
2451 5497 2802 5568 episcopum.

495 5583 816 5652 postulante
849 5585 1062 5636 Novato
1096 5583 1381 5654 episcopo.

2304 5591 2387 5642 14.
2417 5590 2633 5660 Scripta
2678 5590 2926 5646 Africani
2951 5591 3174 5646 concilii
3207 5591 3277 5646 ad
3303 5591 3668 5647 Ccelestinum
3701 5587 3856 5642 urbis

565 5678 616 5729 8.
650 5676 753 5728 Ubi
775 5675 1125 5744 Augustinus
1151 5676 1446 5746 cpiscopus
1460 5695 1589 5732 cum
1606 5680 1820 5750 synodo
1836 5679 2126 5737 Nicaeuum
2228 5683 2421 5736 Romae
2452 5681 2798 5754 episcopum.

494 5766 797 5820 concilium
825 5782 1045 5819 servare
1072 5769 1375 5837 promittit.
