4054 6346
215 397 315 448 353

1445 387 1917 449 DI‘ICRETALIUM
1957 389 2338 450 COLLECTIO.

3479 399 3579 458 3:54

485 596 612 670 84
662 573 1079 665 INCIPIT
1149 573 1765 670 CONCILIUM
1837 575 2785 673 CARTHAGINENSE
2855 583 3314 676 SEXTUM

858 733 1118 797 Gestum
1146 735 1229 798 ab
1259 729 1572 818 episcopis
1605 737 1894 800 ducentis
1923 737 2140 799 decem
2172 743 2232 798 et
2259 746 2520 818 septem,
2553 757 2690 801 aera
2715 757 2938 803 anvu.

285 885 350 940 In
377 885 484 940 hoc
511 885 748 941 concilio
771 890 960 941 actum
1001 891 1087 942 est
1127 892 1191 942 ut
1218 889 1510 943 Nicaenum
1539 890 1842 946 concilium
1865 901 1924 974 Α
1943 889 2077 944 actis
2117 905 2301 960 nuper
2327 890 2734 961 allegaverunt,
2769 895 2826 947 et
2856 897 3062 947 caetera
3107 907 3233 965 quae
3281 897 3406 948 acta
3447 899 3580 950 sunt

217 980 288 1034 ab
336 980 616 1052 episcopis
644 981 1005 1035 orientalibus
1034 985 1340 1052 peteretur,
1371 983 1460 1037 cui
1501 985 1717 1054 synodo
1761 987 1846 1040 in-

213 1073 414 1128 terfuit
441 1073 652 1144 legatio
679 1074 941 1128 Ecclesiae
971 1075 1262 1144 Romanae,
1295 1075 1594 1130 Faustinus
1635 1079 1847 1148 episco-

215 1183 344 1237 pus,
379 1165 669 1238 Philippus
707 1171 764 1220 et
787 1169 1007 1221 Asellus
1050 1169 1388 1239 presbyteri.
1419 1171 1551 1224 Post
1592 1174 1847 1226 consula-

215 1266 338 1314 tum
374 1260 908 1330 gloriosissimorum
935 1262 1344 1332 imperatorum
1373 1263 1605 1317 Honorii
1633 1265 1846 1319 duode-

215 1355 366 1420 cimi,
399 1359 456 1407 et
481 1354 775 1408 Theodosii
805 1358 1069 1408 octavum
1099 1359 1503 1426 Augustorum,
1532 1374 1626 1412 VllI
1655 1359 1850 1413 Kalen-

215 1448 312 1502 das
341 1447 517 1515 Junii,
546 1448 752 1518 scripta
779 1449 898 1501 haec
926 1453 1056 1502 sunt
1083 1449 1423 1520 Carthagine
1457 1449 1516 1503 in
1547 1453 1846 1506 secretario

215 1540 461 1594 basilica:
495 1541 702 1608 Fausti,
733 1559 862 1594 cum
892 1541 1151 1594 Aurelius
1177 1557 1320 1612 papa
1351 1559 1463 1596 una
1489 1561 1620 1597 cum
1645 1545 1846 1598 Valen-

217 1635 338 1688 tino
385 1635 590 1705 primse
631 1633 776 1688 sedis
823 1633 1122 1701 Numidiae,
1175 1639 1231 1687 et
1281 1636 1544 1691 Faustino
1590 1637 1847 1692 Ecclesiae

217 1727 532 1781 Potentiam
553 1727 753 1797 prima:
771 1727 919 1782 sedis
934 1729 1234 1798 provinciae
1255 1729 1424 1782 Italiae
1447 1730 1638 1784 Piceni
1659 1731 1847 1800 legato

216 1819 476 1874 Ecclesiae
521 1820 808 1887 Romanae,
841 1821 940 1874 sed
984 1826 1038 1874 et
1081 1822 1286 1891 legatis
1329 1822 1678 1877 diversarum
1710 1840 1844 1894 pro-

216 1914 534 1968 vinciarum
582 1914 998 1981 Africanarum,
1030 1915 1088 1968 id
1132 1917 1236 1982 est,
1269 1915 1664 1970 Numidiarum
1705 1919 1844 1970 dua-

227 1961 534 1968 ._______-_-
582 1961 998 1981 ___-_-_______,
1030 1961 1088 1968 η.
1135 1961 1236 1982 -_-,
1269 1961 1664 1970 -._...-_-..-.....
1707 1961 1814 1970 ω...

215 2023 364 2074 rum,
401 2007 745 2074 Bizancenae,
773 2007 1120 2062 Mauritaniae
1160 2007 1455 2076 Sitifensis,
1485 2016 1542 2064 et
1583 1961 1885 2096 Maurita-l

215 2099 323 2154 nisa
354 2100 737 2169 Caesariensis,
768 2101 866 2154 sed
896 2103 951 2153 et
988 2100 1246 2171 Tripolis,
1281 2105 1336 2154 et
1374 2102 1667 2156 Vincentio
1696 2104 1842 2157 Culi-

213 2194 422 2263 sitano,
453 2193 876 2261 Fortunatiano,
906 2199 962 2248 et
989 2194 1206 2248 cmteris
1232 2196 1506 2266 episcopis
1543 2197 1844 2267 provinciae

213 2287 660 2358 proconsularis,
705 2287 962 2341 ducentis
1016 2288 1214 2342 decem
1260 2293 1318 2342 et
1359 2295 1597 2360 septem,
1624 2267 1922 2345 necnonB

211 2379 477 2451 Philippo
523 2385 578 2435 et
619 2381 800 2434 Asello
851 2381 1196 2451 presbyteris
1247 2383 1512 2437 Romana:
1562 2385 1841 2451 Ecclesiae,

215 2489 346 2528 cum
369 2473 720 2528 consedisset
744 2473 1058 2528 astantibus
1085 2475 1414 2530 diaconibus
1438 2477 1700 2531 Aurelius
1730 2478 1847 2549 epi-

215 2583 424 2638 scopus
451 2567 610 2622 dixit.

279 2662 407 2716 CAP.
443 2663 481 2714 Ι.
511 2663 642 2715 Post
677 2661 832 2715 diem
871 2661 1245 2732 praestitutam
1281 2663 1524 2730 concilii,
1557 2669 1622 2717 ut
1653 2681 1842 2718 recor-

215 2754 452 2822 damini,
482 2754 687 2808 fratres
713 2754 1046 2823 beatissimi,
1074 2757 1256 2810 multa
1283 2756 1538 2827 ﬂagitata
1569 2761 1701 2810 sunt
1743 2775 1848 2828 per

213 2850 601 2918 exspectantes
627 2849 826 2902 fratres
850 2851 1071 2902 nostros
1095 2849 1193 2920 qui
1224 2866 1377 2903 nunc
1402 2849 1474 2902 ad
1505 2855 1846 2920 praesentem

213 2941 500 3012 synodum
529 2941 702 3012 legati
732 2942 1082 2996 advenerunt
1124 2959 1251 3012 quae
1285 2943 1453 3012 gestis
1496 2959 1722 2997 necesse
1764 2947 1848 2998 est

215 3036 631 3089 consocientur.
662 3036 780 3098 Qua
825 3035 894 3089 de
943 3053 1003 3090 re
1045 3037 1285 3090 Domino
1330 3043 1520 3091 nostro
1561 3038 1629 3091 de
1673 3041 1846 3092 tantae

214 3128 683 3200 congregationis
713 3131 858 3183 ccetu
887 3129 1102 3199 gratias
1151 3131 1473 3200 referimus,
1502 3136 1758 3201 superest
1788 3137 1848 3185 ut

211 3229 335 3277 tam
368 3222 718 3293 exemplaria
749 3222 955 3276 Niczeni
981 3223 1200 3276 concilii
1221 3241 1346 3294 quae
1373 3241 1526 3277 nunc
1551 3225 1843 3294 habemus,

213 3322 270 3371 et
299 3333 332 3370 a
361 3315 625 3370 Patribus
656 3316 954 3370 constituta
981 3322 1130 3382 sunt,
1163 3333 1332 3387 quam
1363 3317 1532 3371 etiam
1559 3317 1650 3371 hic
1683 3335 1716 3370 a
1745 3319 1843 3372 de-

214 3410 536 3465 ccssoribus
569 3409 776 3463 nostris
809 3409 1073 3463 eamdem
1105 3409 1400 3464 firmantes
1433 3412 1732 3481 synodum,
1762 3413 1847 3466 vel

213 3520 344 3574 quae
373 3503 696 3557 secundum
725 3520 850 3556 eam
882 3503 1129 3557 formam
1159 3519 1262 3574 per
1288 3519 1487 3557 omnes
1516 3505 1846 3558 clericorum

215 3598 428 3668 gradus
455 3615 488 3650 a
513 3612 736 3650 summo
769 3613 946 3668 usque
979 3597 1037 3650 in
1067 3597 1334 3652 ultimum
1365 3597 1668 3652 salubriter
1692 3598 1843 3652 ordi-
1867 3638 1921 3711 Ο
1946 3597 2108 3650 verit.

215 3697 338 3711 .x_A_
379 3695 504 3711 _____1.
535 3690 585 3711 2—
621 3690 866 3711 ___x_l!___-
903 3691 1265 3711 __._1.'___-_1____
1321 3691 1378 3711 -1.
1413 3691 1670 3711 ___E__-____
1717 3709 1804 3711 __,_
2015 3691 2081 3711 ‘IIT

213 3697 348 3746 nata
374 3695 508 3744 sunt
533 3690 594 3743 in
621 3690 874 3744 medium
903 3691 1285 3761 proferantur,
1316 3691 1384 3744 ab
1413 3691 1678 3745 universo
1709 3709 1842 3745 con-

213 3785 346 3839 cilio
376 3785 594 3838 dictum
625 3788 728 3852 est,
751 3785 1126 3854 proferantur,
1151 3785 1344 3839 Daniel
1367 3785 1623 3840 notarius
1653 3785 1848 3840 recita-

1949 984 2038 1036 vel
2059 999 2186 1054 quae
2217 984 2443 1054 agenda
2471 989 2622 1052 sunt,
2645 986 3077 1057 subsequantur.
3105 987 3294 1042 Daniel
3319 989 3580 1043 notarius

1951 1076 2212 1130 recitavit
2258 1077 2759 1132 commonitorium
2829 1080 2990 1133 fratri
3045 1081 3307 1135 Faustino
3353 1085 3410 1136 et
3447 1082 3581 1136 ﬁliis

1947 1169 2208 1241 Philippo
2241 1175 2295 1224 et
2319 1171 2502 1224 Asello
2532 1171 2897 1242 presbyteris.
2940 1173 3198 1228 Zosimus
3237 1174 3531 1244 episcopus
3562 1192 3573 1229 :

1949 1263 2119 1316 Vobis
2169 1263 2476 1317 commissa
2523 1264 2761 1334 negotia
2825 1281 2942 1319 non
2993 1267 3184 1332 latent,
3240 1283 3339 1320 vos
3391 1268 3470 1321 ita
3519 1273 3580 1322 ut

1951 1361 2164 1423 nostra,
2197 1357 2312 1410 imo
2344 1357 2480 1428 quia
2511 1364 2699 1411 nostra
2727 1357 2802 1412 ibi
2843 1358 2902 1411 in
2937 1359 3089 1412 vobis
3136 1361 3432 1430 praesentia
3473 1365 3575 1428 est,

1949 1453 2150 1503 cuncta
2180 1450 2454 1520 peragite,
2479 1451 2727 1504 maxime
2749 1469 2880 1506 cum
2910 1457 2966 1506 et
2989 1453 3098 1506 hoc
3125 1459 3382 1508 nostrum
3407 1454 3579 1524 possi-

1947 1543 2020 1596 tis
2065 1543 2274 1596 habere
2322 1543 2680 1610 mandatum,
2712 1549 2768 1598 et
2811 1545 2973 1598 verba
3022 1562 3304 1599 canonum
3349 1563 3476 1617 quae
3518 1547 3578 1601 in

1947 1637 2261 1706 pleniorem
2287 1637 2616 1691 firmitatem
2663 1639 2797 1692 huic
2826 1639 3259 1694 commonitorio
3291 1640 3578 1711 inscripsi-
3615 1707 3618 1710 Α

1947 1745 2093 1796 mus,
2151 1730 2226 1784 ita
2283 1729 2438 1784 enim
2485 1731 2769 1800 dixerunt,
2836 1732 3180 1786 dilectissimi
3250 1733 3471 1800 fratres,
3521 1734 3581 1788 in

1947 1823 2182 1877 concilio
2211 1824 2457 1891 Niczeuo,
2487 1841 2616 1878 cum
2645 1825 2714 1878 de
2754 1826 3153 1897 episcoporum
3196 1828 3579 1898 appellatione

1947 1916 2340 1970 decernerent.
2373 1917 2590 1970 Placuit
2636 1923 2830 1971 autem
2877 1921 2938 1972 ut
2986 1918 3030 1971 si
3081 1920 3380 1990 episcopus
3423 1937 3582 1976 accu-

1947 2013 2097 2062 satus
2123 2009 2314 2076 fuerit,
2345 2015 2400 2063 et
2423 2009 2800 2077 judicaverint
2826 2013 3156 2082 congregati
3202 2013 3452 2084 episcopi
3483 2031 3575 2067 re-

1949 2101 2132 2172 gionis
2157 2102 2351 2172 ipsius,
2371 2107 2427 2156 et
2447 2103 2514 2156 de
2545 2104 2726 2173 gradu
2758 2121 2859 2158 suo
2883 2105 3191 2174 dejecerint
3219 2121 3370 2174 eum,
3399 2109 3454 2160 et
3474 2123 3575 2177 ap-

1951 2195 2184 2264 pellasse
2210 2195 2505 2266 episcopus
2533 2197 2807 2264 videatur,
2838 2203 2894 2252 et
2921 2198 3243 2268 confugerit
3267 2199 3338 2252 ad
3363 2199 3576 2254 beatis-

1947 2289 2153 2342 simum
2209 2289 2471 2342 Ecclesiae
2515 2291 2789 2344 Romanae
2840 2291 3188 2361 episcopum,
3233 2296 3290 2345 et
3334 2293 3577 2346 voluerit

1945 2381 2128 2435 audiri
2169 2386 2225 2435 et
2266 2381 2486 2451 justum
2531 2383 2813 2452 putaverit
2860 2387 2926 2437 ut
2963 2388 3269 2438 renovetur
3313 2401 3574 2440 examen.

1946 2474 2187 2528 scribere
2235 2474 2322 2527 his
2367 2475 2647 2546 episcopis
2696 2477 2986 2546 dignetur,
3014 2477 3107 2546 qui
3139 2477 3199 2530 in
3241 2477 3482 2532 ﬁnitima
3520 2483 3577 2532 et

1944 2567 2264 2638 propinqua
2289 2567 2580 2637 provincia
2609 2574 2758 2634 sunt,
2788 2575 2852 2623 ut
2885 2569 2993 2638 ipsi
3028 2569 3331 2640 diligenter
3379 2571 3573 2625 omnia

1945 2661 2260 2730 requirant,
2283 2665 2338 2714 et
2355 2661 2518 2730 juxta
2545 2662 2721 2715 fidem
2745 2662 2996 2716 veritatis
3022 2663 3322 2732 definiant;
3347 2665 3498 2734 quod
3525 2665 3572 2718 si

1946 2753 1992 2806 is
2012 2754 2108 2824 qui
2127 2757 2290 2824 rogat
2308 2771 2530 2808 causam
2551 2772 2714 2809 suam
2737 2756 2944 2809 iterum
2967 2756 3154 2810 audiri
3175 2757 3572 2827 deprecatione

1947 2863 2051 2900 sua
2093 2847 2334 2901 moverit
2375 2847 2702 2919 episcopum
2744 2850 3068 2903 Romanum
3101 2855 3161 2904 ut
3191 2867 3222 2903 e
3263 2851 3438 2904 latere
3477 2867 3576 2905 suo

1947 2941 2340 3012 presbyterum
2373 2941 2580 3010 mittat,
2611 2943 2716 2996 erit
2741 2942 2800 2996 in
2851 2948 3126 3014 potestate
3179 2943 3424 3015 episcopi
3464 2945 3574 2998 Ro-

1948 3035 2104 3088 mani
2131 3034 2271 3105 quid
2314 3035 2444 3089 velit
2486 3039 2542 3089 et
2583 3036 2721 3106 quid
2766 3035 3064 3106 existimet,
3098 3039 3154 3090 et
3183 3036 3228 3089 si
3260 3037 3575 3092 decreverit

1947 3127 2254 3182 mittendos
2284 3145 2404 3183 esse
2446 3129 2543 3198 qui
2575 3134 2882 3199 priesentes
2932 3146 3062 3184 cum
3109 3130 3382 3201 episcopis
3417 3131 3572 3201 judi-

1948 3225 2095 3288 cent,
2144 3221 2420 3276 habentes
2465 3223 2854 3276 auctoritatem
2904 3223 3026 3293 ejus
3070 3239 3102 3277 a
3153 3241 3265 3294 quo
3312 3224 3574 3279 destinati

1946 3318 2096 3384 sunt,
2127 3315 2236 3368 erit
2265 3315 2324 3368 in
2351 3333 2452 3369 suo
2499 3315 2753 3370 arbitrio.
2785 3316 2844 3370 Si
2879 3333 3010 3370 vero
3055 3317 3364 3371 crediderit
3413 3317 3570 3372 sufﬁ-

1948 3425 2073 3462 cere
2128 3409 2420 3479 episcopos
2470 3415 2531 3462 ut
2583 3409 2811 3478 negotio
2879 3410 3193 3464 terminum
3251 3411 3571 3481 imponant,

1945 3502 2111 3556 faciat
2168 3503 2318 3573 quod
2403 3502 2813 3572 sapientissimo
2875 3503 3110 3557 consilio
3173 3520 3274 3557 suo
3350 3505 3574 3573 judicao

2015 3691 2100 3743 1V.
2147 3691 2211 3744 Et
2256 3705 2385 3743 cum
2433 3688 2709 3757 recitaret,
2755 3689 3012 3760 Alippius
3056 3689 3356 3761 episcopus
3403 3693 3576 3764 Taga-

1946 3783 2146 3836 stensis
2187 3783 2406 3854 legatus
2455 3782 2756 3852 provinciae
2801 3783 3078 3836 Numidiae
3125 3783 3308 3838 dixit:
3351 3786 3424 3840 De
3469 3786 3576 3841 hoc

211 3879 314 3946 vit,
345 3877 560 3932 Nicaeni
585 3877 805 3932 concilii
839 3877 970 3932 ﬁdei
1001 3879 1274 3949 professio
1308 3880 1390 3934 vel
1427 3883 1640 3934 statuta
1678 3880 1754 3934 sic
1787 3897 1845 3934 se
1939 3877 2060 3947 jam
2086 3876 2470 3947 superioribus
2508 3877 2678 3931 etiam
2720 3876 2926 3930 litteris
2978 3877 3198 3932 concilii
3251 3879 3432 3933 nostri
3479 3897 3574 3933 re-

212 3971 452 4026 habent.

287 4068 350 4120 ll.
381 4067 448 4121 Et
477 4079 608 4120 cum
637 4066 870 4137 legisset
897 4067 1192 4121 Faustinus
1217 4067 1516 4139 epiSCOpus
1541 4067 1719 4140 plebis
1750 4067 1847 4123 Po-

209 4161 469 4228 tentinae,
521 4159 826 4230 provincia:
851 4160 1027 4215 Italiae
1065 4161 1275 4228 Piceni,
1309 4163 1530 4232 legatus
1573 4164 1846 4216 Romanm

211 4252 472 4306 Ecclesiae
501 4252 675 4306 dixit:
700 4253 960 4323 lnjuncta
983 4253 1146 4308 nobis
1172 4259 1302 4308 sunt
1323 4271 1356 4308 a
1376 4255 1522 4309 Sede
1542 4255 1848 4326 apostolica

209 4345 400 4416 aliqua
433 4361 534 4418 per
553 4345 908 4416 scripturam,
931 4347 1120 4417 aliqua
1139 4347 1309 4402 etiam
1331 4348 1389 4402 in
1410 4349 1695 4402 mandatis
1717 4366 1846 4403 cum

211 4444 400 4494 vestra
427 4439 780 4494 beatitudine
807 4441 1185 4510 retractanda,
1215 4442 1360 4495 sicut
1391 4449 1446 4496 et
1477 4443 1650 4513 gestis
1675 4459 1843 4513 supe-

210 4533 464 4587 rioribus
491 4533 884 4600 meminimus,
909 4534 1017 4588 hoc
1045 4539 1146 4604 est,
1172 4534 1239 4588 de
1270 4535 1508 4589 Nicaenis
1535 4536 1848 4590 canonibus

209 4632 279 4681 ut
297 4629 724 4696 conserventur,
747 4631 803 4680 et
827 4628 1152 4682 constitutio
1175 4645 1372 4682 eorum
1398 4634 1453 4682 et
1474 4630 1843 4698 consuetudo,

211 4721 352 4792 quia
377 4721 570 4792 aliqua
600 4720 794 4775 ordine
825 4726 880 4776 et
905 4739 1122 4776 canone
1169 4725 1456 4791 tenentur,
1488 4723 1678 4794 aliqua
1709 4741 1844 4778 con-

214 4815 518 4869 suetudine
545 4815 772 4868 ﬁrmata
798 4821 948 4885 sunt,
979 4816 1048 4870 de
1077 4816 1166 4870 his
1194 4832 1330 4886 ergo
1360 4816 1404 4869 si
1451 4817 1634 4886 placet
1665 4817 1845 4872 beati-

211 4909 400 4963 tudini
423 4913 626 4962 vestree
653 4913 978 4976 tractemus,
1007 4915 1062 4964 et
1087 4914 1280 4980 postea
1316 4913 1520 4964 cratera
1549 4927 1676 4980 qua:
1721 4917 1844 4964 acta

1947 3971 2290 4042 scripsimus,
2323 3976 2380 4025 et
2404 3971 2462 4025 id
2493 3989 2594 4025 nos
2623 3975 2942 4026 servaturos
2969 3971 3306 4042 proﬁtemur
3334 3973 3486 4044 quod
3511 3973 3570 4028 in

1946 4065 2173 4119 Nicmno
2204 4065 2444 4119 concilio
2475 4065 2849 4120 constitutum
2876 4068 2978 4134 est,
3003 4065 3076 4118 ad
3105 4066 3209 4120 hoc
3237 4068 3460 4120 tantum
3485 4085 3577 4122 me

1945 4165 2151 4227 movet,
2181 4159 2449 4230 quoniam
2479 4176 2608 4212 cum
2633 4159 3045 4229 inspiceremus
3077 4160 3272 4214 Graeca
3298 4161 3579 4231 exempla-

1946 4253 2028 4307 ria
2059 4253 2228 4322 hujus
2269 4253 2465 4324 synodi
2510 4253 2772 4321 Nicaeum,
2805 4253 2910 4306 ista
2953 4252 3050 4320 ibi,
3084 4253 3273 4307 nescio
3325 4271 3434 4324 qua
3481 4271 3574 4308 ra.

1947 4346 2118 4415 tione,
2151 4347 2387 4399 minime
2433 4345 2770 4412 invenimus,
2803 4346 2953 4399 unde
2981 4345 3230 4416 petimus
3257 4348 3572 4401 veneratio-

1949 4456 2081 4494 nem
2107 4445 2286 4507 tuam,
2318 4444 2506 4492 sancte
2537 4456 2678 4508 papa
2704 4439 2910 4506 Aureli,
2941 4444 3002 4492 ut
3029 4439 3160 4509 quia
3196 4441 3303 4494 hoc
3330 4441 3574 4494 authen-

1947 4535 2123 4588 ticum
2150 4533 2452 4588 concilium
2482 4533 2770 4586 Niczenum
2800 4531 2858 4585 in
2885 4533 3028 4586 urbe
3055 4533 3258 4587 dicitur
3286 4549 3405 4586 esse
3436 4535 3577 4588 Con-

1950 4627 2454 4697 stantinopolitana
2483 4625 2702 4695 aliquos
2733 4642 2864 4678 cum
2893 4625 3112 4696 scriptis
3133 4629 3244 4678 tuae
3265 4625 3577 4679 sanctitatis

1947 4721 2170 4776 mittere
2201 4719 2470 4790 digneris,
2501 4722 2555 4772 et
2587 4734 2700 4772 non
2735 4719 2921 4772 solum
2965 4718 3038 4770 ad
3081 4719 3272 4788 ipsum
3319 4722 3576 4772 sanctum

1949 4815 2184 4869 fratrem
2209 4816 2466 4868 nostrum
2499 4811 3190 4882 Constantinopolitanum
3221 4812 3572 4882 episcopum,

1951 4909 2048 4964 sed
2069 4909 2240 4963 etiam
2262 4908 2334 4962 ad
2360 4907 2799 4962 Alexandrinum
2827 4911 2881 4960 et
2906 4906 3320 4960 Antiochenam
3343 4921 3578 4961 venera-

213 5003 308 5056 vel
331 5003 598 5058 inchoata
625 5007 776 5070 sunt,
799 5003 1011 5057 inserta
1037 5005 1439 5072 firmabuntur,
1463 5007 1525 5057 ut
1551 5005 1620 5058 ad
1645 5004 1847 5059 Sedem
1869 5013 1928 5085 D
1950 5003 2091 5056 biles
2135 5002 2456 5056 sacerdotes
2502 5002 2600 5073 qui
2639 5002 2744 5054 hoc
2791 4999 2954 5054 nobis
3004 4999 3305 5053 concilium
3343 5000 3447 5054 sub
3477 5001 3575 5054 sti-

215 5098 590 5170 apostolicam
629 5097 916 5167 rescriptis
941 5097 1139 5152 vestris
1185 5097 1447 5152 intimare
1491 5097 1732 5168 possitis,
1762 5103 1848 5152 at-

213 5207 330 5262 que
359 5209 456 5244 vos
489 5206 592 5244 nos
633 5173 999 5244 admonuisse
1049 5192 1200 5262 apud
1226 5191 1610 5247 venerabilem
1642 5207 1846 5263 papam

213 5285 510 5340 evidenter
527 5287 736 5356 pateat,
758 5284 890 5338 licet
909 5285 1154 5356 capitula
1183 5285 1468 5340 actionum
1491 5285 1612 5356 jam
1637 5287 1852 5340 inserta

215 5379 336 5434 sint
371 5379 570 5450 gestis,
605 5379 674 5432 de
707 5377 842 5449 ipsis
889 5395 1029 5450 ergo
1062 5381 1142 5449 (ut
1187 5379 1402 5434 dictum
1446 5385 1531 5434 est
1573 5379 1849 5450 superius)

215 5473 356 5544 quid
387 5476 586 5527 vestrae
609 5472 949 5528 beatitudini
979 5475 1212 5544 placeat,
1237 5489 1406 5545 agere
1439 5471 1731 5540 debemus,
1755 5489 1848 5526 ve-

213 5565 342 5620 niat
367 5583 506 5637 ergo
535 5566 1032 5621 commonitorium
1053 5567 1112 5620 in
1134 5566 1412 5634 medium,
1433 5569 1498 5620 ut
1518 5567 1658 5621 scire
1683 5565 1855 5637 possit

213 5662 406 5714 vestra
436 5659 730 5715 beatitudo
768 5661 905 5732 quid
949 5661 1006 5715 in
1035 5675 1102 5715 eo
1143 5661 1521 5731 contineatur,
1545 5667 1606 5716 ut
1640 5661 1710 5715 ad
1747 5661 1855 5714 sin-

213 5755 356 5826 gula
379 5754 816 5825 respondeatur.
835 5735 868 5838 ᾖ.

290 5849 378 5901 lll.
425 5847 686 5902 Aurelius
744 5849 1040 5920 episcopus
1088 5849 1226 5904 dixit
1264 5866 1276 5904 :
1323 5849 1650 5905 Proferatur
1701 5865 1852 5904 com-

211 5940 596 5996 monitorium
645 5943 793 6014 quod
839 5943 1040 5998 fratres
1093 5948 1151 5998 et
1201 5944 1628 5999 consacerdotes
1675 5943 1852 5999 nostri

630 6040 898 6104 PATROL.
951 6041 1175 6104 CXXX.

1951 5097 2242 5168 pulatione
2309 5096 2626 5150 litterarum
2681 5109 2914 5147 suarum
2967 5092 3236 5164 dirigant,
3281 5099 3346 5148 ut
3395 5095 3580 5148 omnis

1949 5191 2312 5261 postmodum
2357 5188 2699 5259 ambiguitas
2747 5187 3058 5256 auferatur,
3095 5188 3228 5257 quia
3255 5204 3360 5242 nos
3391 5187 3470 5242 ita
3503 5191 3584 5258 (ut

1949 5284 2128 5338 frater
2175 5283 2473 5338 Faustinus
2526 5281 2730 5352 attulit)
2781 5280 3024 5334 minime
3075 5280 3399 5336 invenimus
3455 5283 3576 5337 ista.

1949 5379 2072 5432 Non
2099 5381 2296 5431 tamen
2330 5375 2610 5446 tantisper
2639 5379 2962 5428 servaturos
2993 5373 3076 5445 (ut
3101 5381 3266 5430 antea
3311 5375 3444 5448 dixi)
3477 5376 3578 5430 do-

1953 5487 2055 5525 nec
2082 5471 2310 5542 integra
2337 5468 2683 5539 exemplaria
2721 5469 2951 5523 veniant
2981 5471 3342 5540 proﬁtemur,
3372 5477 3576 5541 peten-

1954 5565 2057 5619 dus
2086 5569 2171 5618 est
2197 5567 2389 5618 autem
2417 5561 2619 5617 litteris
2651 5563 2858 5618 nostris
2884 5568 2939 5618 et
2966 5563 3307 5618 venerabilis
3327 5563 3579 5617 Ecclesiae
3641 5593 3652 5644 ξ

1953 5661 2220 5714 Romanas
2258 5657 2552 5728 episc0pus
2596 5657 2934 5726 Bonifacius,
2967 5661 3028 5712 ut
3066 5658 3188 5729 ipse
3235 5671 3458 5727 quoque
3491 5655 3578 5709 di-

1954 5757 2162 5824 gnetur
2189 5751 2256 5806 ad
2289 5755 2632 5806 memoratas
2662 5751 2926 5806 ecclesias
2959 5752 3181 5822 aliquos
3207 5749 3451 5814 mittere,
3484 5749 3584 5818 qui

1955 5847 2161 5902 eadem
2178 5845 2522 5917 exemplaria
2535 5845 3017 5918 prmdictiNiczeni
3033 5841 3254 5897 concilii
3271 5839 3586 5895 secundum

1958 5941 2079 6012 ejus
2119 5940 2336 6013 possint
2389 5939 2594 6011 scripta
2641 5941 2915 6012 proferre,
2945 5953 3096 5990 nunc
3137 5939 3329 5988 autem
3373 5949 3590 5988 memo-

3155 6038 3225 6096 12
