4054 6324
536 377 637 430 352$

1421 368 1701 427 AI‘PEND.
1745 370 1831 426 AD
1870 371 2030 425 SAIC.
2075 370 2159 425 ιχ.
2193 401 2261 409 —-
2300 368 2541 425 lSlDUltl
2582 368 3005 427 MEHCATURIS

3797 380 3903 431 356

528 480 639 535 rati
666 479 883 535 concilii
909 479 1117 535 Nicani
1143 479 1334 551 qualia
1363 478 1702 551 exemplaria
1728 478 2034 533 habeamus
2064 478 2154 533 his
2176 490 2235 562 Α
2252 477 2491 532 Jocundi
2512 477 2938 549 aliquaﬁrmari
2957 477 3148 549 credo,
3176 479 3367 551 aliqua
3385 479 3604 536 ﬁrmari
3624 481 3900 551 debeant,

535 573 704 646 gestis
727 573 1028 628 sociemus.

602 669 664 722 ν.
690 668 981 722 Faustinus
1002 666 1320 738 episcopus,
1342 666 1565 738 legatus
1587 666 1844 721 Ecclesia
1864 667 2154 733 Romana,

532 760 707 816 dixit:
732 761 841 814 Nec
865 763 1048 814 vestra
1072 759 1339 814 sanctitas
1378 759 1715 831 prajudicat
1749 760 1999 815 ecclesia
2042 761 2155 815 Ro-

531 869 740 920 mana,
768 853 884 906 sive
910 852 979 908 de
1014 853 1121 908 hoc
1151 852 1421 924 capitulo,
1451 853 1565 907 sive
1603 853 1676 907 de
1718 853 1861 920 aliis,
1894 853 2029 924 quia
2071 853 2153 908 di-

529 962 658 1001 cere
688 946 949 1016 dignatus
979 949 1065 1001 est
1103 947 1283 1001 frater
1309 949 1500 1002 noster
1525 949 1583 1001 et
1612 947 1978 1018 coepiscopus
2002 947 2082 1001 Ali
2092 965 2153 1018 p-

525 1039 656 1112 pius
681 1039 882 1094 dubios
909 1056 1029 1094 esse
1057 1056 1327 1095 canones.
1357 1039 1466 1096 Sed
1495 1040 1613 1095 hac
1642 1040 1765 1111 ipsa
1790 1040 1862 1095 ad
1895 1044 2155 1095 sanctum

526 1138 583 1187 et
601 1133 991 1188 beatissimum
1016 1150 1225 1204 papam
1249 1138 1510 1189 nostrum
1538 1134 1779 1189 scribere
1811 1133 2152 1206 dignemini,

525 1230 587 1280 ut
611 1227 731 1297 ipse
758 1226 1013 1298 integros
1038 1242 1284 1282 canones
1317 1227 1614 1298 inquirens
1652 1244 1781 1281 cum
1811 1233 1995 1283 vestra
2030 1244 2155 1282 san-

523 1320 716 1375 ctitate
746 1321 815 1375 de
842 1320 1106 1374 omnibus
1136 1320 1452 1375 constitutis
1480 1323 1720 1376 tractare
1766 1321 1958 1392 possit.
1986 1321 2150 1376 Suffi-

520 1415 597 1469 cit
635 1419 825 1469 autem
871 1418 937 1468 ut
981 1417 1037 1468 et
1087 1413 1208 1485 ipse
1254 1414 1613 1469 beatissimus
1663 1415 1959 1486 episcopus
2000 1414 2152 1469 urbis

522 1508 717 1563 Roma
762 1507 926 1563 sicuti
962 1512 1146 1563 vestra
1193 1508 1456 1562 sanctitas
1513 1508 1665 1579 apud
1708 1525 1765 1562 se
1809 1511 2032 1576 tractat,
2072 1508 2152 1562 ita

522 1603 582 1655 et
614 1601 735 1672 ipse
766 1601 1032 1672 inquirat,
1063 1617 1134 1654 ne
1175 1601 1462 1655 contentio
1511 1601 1663 1656 inter
1699 1600 1958 1655 ecclesias
2001 1601 2149 1656 nasci

519 1693 799 1759 videatur,
844 1694 943 1748 sed
986 1694 1168 1765 magis
1218 1694 1487 1749 charitate
1534 1694 1790 1749 fraterna
1834 1694 2148 1750 deliberare

517 1788 740 1860 possitis
767 1788 888 1858 ipso
929 1786 1269 1843 rescribente
1314 1788 1448 1859 quid
1479 1788 1685 1842 melius
1727 1788 2011 1843 observari
2045 1788 2143 1843 de-

2259 586 2387 626 cum
2413 571 2534 642 jam
2564 572 2621 625 in
2650 572 2887 626 dubium
2919 572 3027 643 ipsi
3065 589 3309 628 canones
3338 574 3619 629 venerint.
3651 575 3800 647 Ergo
3834 583 3903 631 ut

2256 663 2444 735 placet
2472 668 2527 718 et
2556 664 2716 719 vobis
2746 669 2804 719 et
2830 666 3170 720 beatitudini
3196 671 3398 722 vestra
3428 669 3498 722 ad
3544 658 3805 723 sanctum
3842 675 3902 725 et

2256 757 2639 812 venerabilem
2683 758 2939 812 Ecclesia
2990 760 3262 813 Romana
3307 760 3655 816 Bonifacium
3682 761 3901 833 episco-

2255 866 2396 922 pum
2431 855 2615 905 vestra
2670 851 2914 905 scribere
2955 852 3225 923 dignetur
3260 854 3550 923 sanctitas,
3581 858 3645 908 ut
3673 860 3729 909 et
3773 854 3895 927 ipse

2258 943 2411 1014 quod
2437 949 2663 999 sanctus
2685 946 3037 1015 Augustinus
3063 949 3310 1002 statuere
3338 947 3604 1018 dignatus
3629 950 3732 1015 est,
3756 949 3896 1003 deli-

2255 1035 2457 1091 berare
2488 1038 2683 1107 possit,
2709 1040 2901 1092 utrum
2929 1041 2985 1092 et
3014 1038 3123 1093 hoc
3150 1040 3585 1095 concedendum
3612 1042 3684 1096 sit
3714 1058 3789 1097 an
3807 1059 3896 1098 re-

2256 1128 2546 1184 ticendum
2576 1131 2683 1185 hoc
2714 1136 2818 1198 est,
2848 1131 2918 1186 de
2949 1132 3433 1203 appellationibus
3457 1134 3743 1190 inferioris
3765 1153 3895 1207 gra-

2256 1220 2381 1289 dus,
2414 1223 2458 1276 si
2486 1239 2622 1293 ergo
2647 1222 2833 1278 adhuc
2861 1223 2919 1278 in
2948 1224 3180 1279 dubium
3210 1226 3361 1280 venit
3389 1226 3459 1280 de
3485 1226 3591 1282 hoc
3620 1229 3887 1300 capitulo,

2246 1314 2464 1385 justum
2495 1319 2579 1369 est
2603 1319 2668 1370 ut
2692 1316 3035 1371 beatissima
3080 1319 3349 1373 Romana
3394 1319 3543 1374 sedis
3593 1322 3890 1394 episcopus

2251 1408 2549 1462 informari
2577 1408 2801 1477 debeat,
2840 1410 2886 1464 si
2911 1415 3105 1465 tamen
3128 1411 3189 1465 in
3220 1412 3544 1483 approbatis
3570 1416 3885 1470 canonibus

2251 1500 2358 1555 hoc
2388 1501 2628 1556 inveniri
2651 1502 2849 1573 possit.

2321 1595 2382 1648 Χ.
2414 1596 2672 1649 Aurelius
2720 1595 3013 1666 episcopus
3059 1596 3203 1651 dixit
3230 1614 3242 1652 :
3277 1597 3460 1653 Etiam
3492 1616 3632 1672 qua
3663 1601 3884 1656 dudum

2250 1690 2447 1742 vestra
2476 1688 2735 1743 charitati
2773 1687 3188 1757 intimavimus,
3223 1708 3337 1746 non
3380 1693 3641 1764 patimini
3689 1711 3882 1750 exem-

2250 1780 2434 1851 plaria
2482 1786 2822 1836 statutorum
2870 1783 3083 1837 Nicani
3127 1784 3372 1855 concilii,
3401 1786 3502 1840 sed
3533 1790 3592 1840 et
3618 1803 3747 1858 qua
3788 1788 3885 1843 hic

515 1881 665 1937 beat.
691 1880 948 1935 Aurelius
973 1880 1268 1952 episcopus
1295 1880 1440 1935 dixit
1463 1897 1476 1935 :
1504 1882 1720 1936 Prater
1738 1880 1843 1936 ista
1862 1897 1991 1953 qua
2018 1898 2146 1953 pro-
2165 1860 2222 1932 Β
2245 1873 2549 1928 salubriter
2568 1892 2601 1928 a
2628 1874 2836 1929 nostris
2863 1875 3252 1932 decessoribus
3282 1879 3598 1934 secundum
3621 1881 3885 1951 ejusdem

518 1974 777 2029 misimus
801 1974 937 2028 actis
962 1990 1192 2029 necesse
1224 1978 1327 2040 est,
1358 1977 1424 2028 ut
1449 1974 1622 2029 etiam
1647 1980 1856 2030 nostrae
1896 1975 2143 2046 parvita-

515 2067 588 2121 tis
616 2066 812 2123 litteris
840 2071 1031 2122 sancto
1054 2067 1215 2121 fratri
1241 2071 1296 2122 et
1334 2066 1719 2122 consacerdoti
1759 2071 1949 2123 nostro
1975 2068 2141 2122 Boni-

514 2160 660 2215 facio
680 2160 902 2231 singula
933 2176 1062 2231 qua
1096 2163 1405 2215 tractamus
1430 2159 1760 2232 plenissime
1787 2161 2139 2232 intimemus;

515 2269 656 2324 ergo
674 2253 719 2308 si
733 2253 999 2308 omnibus
1020 2254 1218 2325 placet,
1236 2270 1471 2325 prosecu
1479 2254 1553 2309 tio
1567 2257 1761 2309 nostra
1775 2271 1871 2309 ore
1884 2255 2142 2311 omnium

514 2346 928 2401 condiscamus.
981 2346 1318 2402 Universum
1361 2348 1663 2403 concilium
1711 2347 1849 2403 dixit
1887 2365 1901 2402 :
1935 2349 2139 2405 Placet.

583 2441 666 2509 VI,
686 2440 791 2494 VII.
815 2440 1059 2496 Novatus
1087 2441 1382 2513 episcopus
1407 2442 1628 2513 legatus
1648 2441 1995 2497 Mauritania
2017 2441 2143 2497 Siti-

505 2533 682 2588 fensis
711 2532 884 2588 dixit:
910 2533 1069 2589 Nunc
1094 2534 1458 2589 meminimus
1486 2535 1546 2589 in
1569 2535 1675 2590 hoc
1704 2536 1976 2607 prasenti
1994 2552 2143 2591 com-

506 2626 818 2682 monitorio
844 2627 1055 2682 lectum
1082 2628 1258 2683 etiam
1280 2627 1352 2682 de
1372 2628 1723 2701 presbyteris
1749 2628 1864 2684 sive
1892 2628 2140 2685 diaconi-

506 2720 613 2774 bus
636 2720 915 2776 contineri
945 2722 1189 2792 qualiter
1213 2722 1283 2776 ab
1313 2721 1592 2793 episcopis
1616 2723 1733 2777 suis
1775 2724 1861 2777 vel
1904 2740 1937 2777 a
1964 2721 2134 2778 finiti-

507 2813 617 2867 mis
637 2812 823 2868 audiri
849 2813 1112 2881 debeant,
1139 2814 1291 2885 quod
1317 2814 1377 2868 in
1399 2814 1623 2885 Nicano
1645 2815 1878 2871 concilio
1897 2816 2135 2871 minime

504 2905 771 2978 legimus.
812 2907 970 2962 Unde
1017 2907 1125 2962 hoc
1169 2907 1356 2978 ipsum
1398 2907 1598 2978 jubeat
1640 2909 1909 2964 sanctitas
1950 2913 2138 2965 vestra

505 2999 671 3055 nobis
707 2999 954 3059 recitari.
999 2999 1259 3055 Aurelius
1295 3000 1591 3072 episcopus
1622 3002 1758 3057 dixit
1791 3019 1803 3057 :
1846 3002 2138 3058 Recitetur

506 3092 581 3147 ad
602 3093 811 3159 locum,
842 3093 1014 3149 etiam
1040 3093 1145 3148 hoc
1177 3094 1331 3165 quod
1361 3095 1712 3166 deposcitur;
1743 3095 1937 3151 Daniel
1969 3101 2131 3152 nota-

504 3185 623 3240 rius
648 3185 926 3253 recitavit,
958 3186 1027 3241 de
1054 3187 1525 3258 appellationibus
1550 3191 1744 3243 autem
1774 3189 2128 3259 clericorum,
2153 3229 2206 3303 Ο

504 3277 558 3303 2-1
591 3281 667 3303 --ι
719 3278 956 3303 ...ξ--..2-
985 3279 1084 3303 1--2
1118 3282 1286 3303 ..,.-ι-ι
1308 3280 1478 3303 1__2-__
1512 3281 1705 3303 __.._-_1:
1735 3286 1873 3303 __._x_
1900 3299 2023 3303 μᾼ-..
2044 3300 2102 3303 ___

502 3277 562 3332 id
588 3281 691 3346 est,
719 3278 959 3334 minoris
984 3279 1089 3334 loci
1117 3282 1289 3335 restat
1306 3280 1480 3351 ipsius
1509 3281 1709 3352 synodi
1729 3286 1882 3337 certa
1900 3299 2130 3354 respon-

501 3372 604 3439 sio,
629 3372 700 3426 de
729 3389 843 3444 qua
871 3388 931 3441 re
956 3373 1110 3445 quod
1136 3373 1319 3428 acturi
1340 3373 1480 3441 sitis,
1503 3375 1787 3429 credimus
1806 3374 2127 3445 inserenda,

499 3465 653 3537 quod
703 3467 893 3521 taliter
953 3466 1167 3523 dictum
1220 3470 1305 3521 est
1354 3484 1423 3522 ex
1485 3468 1804 3524 Sardicensi
1868 3470 2126 3525 concilio.

500 3559 662 3613 Osius
687 3560 980 3631 episcopus
1007 3560 1152 3615 dixit
1178 3578 1189 3615 :
1222 3560 1370 3625 Quid
1394 3561 1583 3617 adhuc
1622 3566 1851 3617 moveat
1892 3564 2129 3619 reticere

496 3668 612 3708 non
640 3652 845 3721 debeo,
873 3653 922 3707 si
948 3654 1245 3726 episcopus
1275 3655 1419 3710 forte
1458 3654 1765 3711 iracundus
1791 3655 1967 3728 (quod
2005 3674 2127 3712 esse
2137 3633 2157 3742 j

495 3762 611 3802 non
650 3746 838 3816 debet)
870 3747 982 3801 cito
1013 3753 1111 3802 aut
1155 3764 1354 3818 aspere
1396 3755 1818 3805 commoveatur
1858 3750 2127 3807 adversus

494 3839 888 3911 presbyterum
934 3839 1047 3893 sive
1092 3840 1394 3894 diaconum
1440 3858 1632 3911 suum,
1662 3847 1718 3897 et
1752 3844 2127 3901 exterminare

500 3947 635 3987 eum
650 3931 721 3986 de
738 3932 968 3986 ecclesia
978 3932 1237 4000 voluerit,
1250 3933 1668 4005 providendum
1681 3940 1767 3991 est
1777 3953 1848 3992 ne
1860 3936 2127 3994 innocens

498 4024 818 4093 damnetur,
845 4030 943 4081 aut
984 4026 1188 4098 perdat
1212 4027 1694 4097 communionem,
1725 4030 1932 4086 habeat
1959 4035 2122 4104 pote-

498 4120 700 4174 statem
730 4119 942 4191 ejectus
969 4124 1032 4174 ut
1070 4121 1342 4176 finitimos
1376 4122 1694 4194 interpellet
1723 4125 2031 4198 episcopos,
2059 4130 2127 4181 ut

497 4228 723 4267 causam
767 4230 928 4267 suam
971 4213 1221 4282 audiant,
1256 4220 1313 4270 et
1353 4216 1656 4287 diligenter
1698 4222 1962 4287 tractent,
1991 4220 2124 4291 quia

495 4321 612 4361 non
641 4309 862 4378 oportet
884 4307 1085 4378 negari
1115 4308 1465 4364 audientiam
1495 4310 1746 4382 roganti,
1778 4317 1836 4367 et
1868 4313 1965 4368 ille
1995 4314 2115 4386 epi-

495 4415 695 4472 scopus
722 4400 820 4472 qui
851 4406 949 4456 aut
964 4402 1116 4473 juste
1141 4408 1238 4458 aut
1266 4403 1475 4474 injuste
1508 4404 1693 4475 ejecit,
1724 4406 2008 4477 patienter
2033 4425 2122 4463 ac-

491 4493 685 4565 cipiat,
711 4495 799 4549 vel
847 4496 1142 4566 negotium
1186 4496 1537 4565 discutiatur,
1565 4501 1664 4553 aut
1699 4498 1971 4570 probetur
1996 4502 2119 4573 ejus

488 4593 585 4643 aut
605 4588 947 4644 emendetur
975 4589 1278 4658 sententia,
1312 4593 1417 4646 etc.

2246 1966 2468 2021 concilii
2500 1984 2763 2022 normam
2804 1968 3056 2024 formata
3092 1975 3244 2040 sunt,
3271 1971 3357 2026 vel
3386 1988 3513 2042 qua
3540 1989 3692 2028 nunc
3720 1974 3880 2029 ordi-

2244 2064 2374 2115 nata
2415 2064 2564 2130 sunt,
2600 2078 2632 2116 a
2664 2061 2824 2116 nobis
2866 2062 3092 2117 recitari
3137 2067 3193 2117 et
3237 2065 3410 2135 gestis
3454 2065 3646 2123 inseri.
3696 2067 3882 2122 Omne

2244 2154 2548 2209 concilium
2571 2153 2713 2209 dixit
2738 2171 2750 2208 :
2780 2156 3133 2227 Exemplar-ia
3164 2157 3296 2211 ﬁdei
3322 2163 3377 2212 et
3403 2162 3608 2213 statuta
3633 2159 3879 2215 Nicana

2243 2247 2442 2319 synodi
2474 2264 2603 2318 qua
2651 2247 2723 2301 ad
2765 2255 3024 2303 nostrum
3069 2250 3386 2317 concilium,
3417 2267 3543 2322 qua
3570 2267 3674 2323 per
3697 2253 3880 2309 beata

2241 2340 2645 2396 recordationis
2690 2342 2824 2396 olim
2870 2343 3349 2413 pradecessorem
3408 2348 3520 2399 tua
3567 2346 3879 2402 sanctitatis

2240 2434 2339 2505 qui
2363 2433 2641 2503 interfuit,
2665 2435 3017 2490 Cecilianum
3044 2436 3376 2508 episcopum
3405 2439 3578 2493 allata
3598 2443 3749 2507 sunt,
3773 2441 3876 2497 sed

2240 2530 2297 2582 et
2320 2544 2446 2599 qua
2475 2531 2663 2599 patres
2692 2528 3036 2599 exemplaria
3075 2536 3381 2601 sequentes
3419 2531 3510 2585 hic
3554 2533 3870 2589 constitue-

2238 2623 2394 2690 runt,
2437 2620 2523 2675 vel
2570 2637 2722 2676 nunc
2771 2622 3061 2676 communi
3112 2626 3355 2678 tractatu
3408 2624 3730 2695 statuimus,
3778 2627 3873 2682 hic

2240 2713 2410 2784 gestis
2438 2714 2820 2769 ecclesiasticis
2862 2715 3073 2771 inserta
3120 2716 3450 2786 manebunt,
3482 2712 3562 2772 ita
3588 2718 3672 2789 (ut
3697 2735 3869 2791 supe-

2235 2806 2352 2861 rius
2392 2806 2605 2862 dictum
2652 2810 2751 2878 est)
2782 2808 3198 2864 venerabilibus
3228 2810 3362 2864 viris
3400 2811 3767 2868 Antiochena
3813 2819 3873 2869 et

2235 2900 2649 2969 Alexandrina,
2682 2902 2778 2956 sed
2818 2908 2874 2957 et
2913 2903 3553 2974 ConstantinOpolitana
3605 2906 3871 2961 ecclesia-

2234 3010 2362 3048 rum
2393 2994 2665 3065 episcopis
2692 2994 2938 3049 scribere
2966 3001 3148 3051 vestra
3177 2996 3471 3052 beatitudo
3498 2998 3768 3070 dignetur
3803 3006 3875 3055 ut

2234 3087 2575 3157 exemplaria
2604 3087 2898 3142 verissima
2944 3088 3165 3143 concilii
3214 3090 3428 3143 Nicani
3472 3091 3577 3145 sub
3623 3092 3865 3164 stipula-

2234 3180 2387 3235 tione
2419 3182 2737 3236 litterarum
2763 3199 2997 3236 suarum
3034 3181 3303 3253 dirigant,
3330 3200 3443 3255 quo
3475 3185 3627 3239 clara
3656 3187 3873 3242 veritas

2232 3291 2300 3329 ea
2323 3274 2568 3346 capitula
2593 3275 2806 3355 quain
2831 3276 3263 3331 commonitorio
3306 3294 3556 3348 prasens
3597 3279 3775 3334 frater
3811 3288 3873 3336 et

2229 3368 2591 3440 coepiscopus
2619 3371 2812 3423 noster
2838 3369 3152 3436 Faustinus,
3176 3375 3232 3425 et
3254 3371 3707 3443 compresbyteri
3734 3373 3870 3428 Phi-

2228 3460 2419 3533 lippus
2448 3466 2503 3516 et
2527 3463 2745 3516 Asellus
2771 3479 2961 3517 secum
3004 3463 3335 3531 attulerunt,
3363 3470 3461 3519 aut
3503 3464 3720 3520 ibidem
3762 3483 3862 3522 re-

2229 3560 2388 3625 perta
2412 3572 2446 3609 a
2472 3556 2635 3610 nobis
2662 3556 2997 3624 tirmabitur,
3025 3560 3121 3611 aut
3145 3556 3190 3611 si
3215 3574 3329 3613 non
3352 3558 3723 3614 inveniuntur
3748 3561 3867 3616 col-

2227 3648 2370 3703 lecta
2395 3649 2608 3721 synodo
2636 3650 2705 3705 de
2733 3650 2844 3705 hoc
2869 3651 2928 3704 in
2955 3651 3217 3722 sequenti
3246 3651 3629 3707 tractabimus.
3661 3654 3864 3710 Daniel

2226 3742 2481 3797 notarius
2526 3743 2737 3798 Nicani
2763 3744 2985 3799 concilii
3012 3744 3424 3816 professionem
3452 3744 3586 3800 fidei
3618 3746 3705 3802 vel
3736 3747 3864 3818 ejus

2228 3838 2440 3891 statuta
2470 3836 2722 3891 recitavit
2746 3837 2804 3891 in
2830 3837 3070 3892 concilio
3101 3837 3391 3893 Africano.

2712 3931 3022 4000 Symbolum
3047 3933 3348 3990 Nicanum.

2296 4024 2379 4078 ΧΙ.
2410 4024 2704 4080 Credimus
2731 4024 2791 4080 in
2815 4041 2997 4080 unum
3028 4026 3205 4080 Deum
3229 4027 3451 4081 Patrem
3482 4028 3853 4107 omnipoten-

2222 4121 2360 4186 tem,
2389 4118 2647 4174 omnium
2667 4119 2971 4174 visibilium
2997 4124 3051 4174 et
3075 4118 3449 4175 invisibilium
3470 4122 3853 4193 conditorem,

2224 4215 2282 4266 et
2306 4212 2364 4266 in
2398 4230 2575 4267 unum
2602 4212 2905 4268 Dominum
2927 4215 3121 4269 Jesum
3162 4213 3449 4270 Christum
3491 4215 3695 4270 Filium
3722 4218 3846 4286 Dei,

2221 4311 2418 4361 natum
2448 4306 2519 4360 de
2545 4308 2707 4363 Patre
2737 4308 3122 4379 unigenitum,
3156 4307 3261 4362 hoc
3303 4313 3386 4363 est
3428 4307 3498 4362 de
3536 4310 3853 4367 substantia

2220 4400 2416 4468 Patris,
2435 4401 2613 4454 Deum
2634 4401 2702 4456 de
2724 4402 2859 4469 Deo,
2883 4402 3079 4455 lumen
3102 4400 3171 4456 de
3189 4401 3423 4468 lumine,
3446 4402 3625 4457 Deum
3647 4419 3849 4459 verum

2221 4492 2290 4549 de
2323 4494 2432 4548 Deo
2460 4510 2615 4562 vero,
2644 4499 2861 4563 natum,
2895 4511 3009 4549 non
3037 4495 3271 4563 factum,
3305 4495 3472 4550 unius
3513 4496 3849 4552 substantia

2136 4600 2196 4673 D
2219 4604 2349 4642 cum
2378 4588 2540 4642 Patre
2569 4588 2743 4660 (quod
2768 4588 2941 4643 Graci
2968 4587 3166 4643 dicunt
3199 4588 3514 4660 omousion),
3543 4607 3646 4661 per
3673 4607 3851 4662 quem

561 4682 694 4738 Vlll.
752 4684 1003 4754 Cumque
1063 4683 1415 4751 recitaretur,
1463 4686 1807 4757 Augustinus
1861 4687 2118 4744 Ecclesia
2222 4682 2415 4737 omnia
2461 4682 2608 4737 facta
2650 4688 2800 4751 sunt,
2832 4682 2947 4737 sive
2992 4699 3119 4754 qua
3168 4682 3230 4737 in
3278 4682 3446 4751 caelis,
3476 4683 3590 4739 sive
3621 4700 3747 4756 qua
3787 4686 3848 4741 in

490 4774 763 4847 Hipponis
797 4776 1091 4847 Regiensis
1112 4777 1335 4849 legatus
1372 4778 1677 4849 provincia
1714 4782 1991 4836 Numidia
2030 4783 2115 4838 di-

489 4868 685 4924 xitzEt
699 4870 810 4923 hoc
838 4885 944 4925 nos
971 4874 1290 4925 servaturos
1316 4871 1673 4942 proﬁtemur,
1699 4874 1848 4929 salva
1884 4875 2119 4948 diligen-

487 4958 634 5013 tiore
650 4958 1023 5029 inquisitione
1043 4959 1263 5014 concilii
1286 4960 1515 5015 Nicani.
1540 4963 1801 5018 Aurelius
1820 4966 2116 5036 episc0pus

490 5049 667 5105 dixit:
691 5051 745 5106 Si
774 5051 880 5106 hoc
905 5052 1080 5107 etiam
1112 5053 1365 5109 omnium
1392 5057 1594 5109 vestra
1621 5057 1883 5113 charitati
1910 5060 2111 5129 placet,

486 5144 852 5216 responsione
895 5146 1140 5202 firmate.
1189 5147 1524 5203 Universum
1569 5151 1872 5205 concilium
1918 5152 2109 5209 dixit:

488 5238 695 5294 Omnia
719 5255 846 5310 qua
885 5239 944 5294 in
989 5240 1217 5296 Nicano
1259 5242 1496 5297 concilio
1527 5248 1737 5299 statuta
1765 5249 1917 5313 sunt,
1948 5246 2113 5302 nobis

484 5333 750 5389 omnibus
768 5334 1013 5405 placent.
1035 5335 1321 5389 Jocundus
1340 5336 1633 5408 episcopus
1655 5339 1914 5393 Ecclesia
1948 5339 2112 5395 Sufﬁ-

480 5427 614 5483 tula
642 5427 862 5499 legatus
885 5427 1190 5498 provincia
1221 5428 1550 5485 Bizancena
1582 5431 1718 5486 dixit
1745 5448 1757 5486 :
1794 5432 1953 5496 Quod
1998 5436 2106 5488 sta-

478 5525 668 5578 tutum
716 5525 802 5575 est
841 5521 898 5575 in
947 5519 1170 5575 Nicano
1213 5522 1470 5589 concilio,
1505 5525 1698 5580 violari
1742 5542 1775 5580 a
1823 5542 2108 5599 quoquam

478 5616 800 5672 nullatenus
827 5618 1033 5683 potest.

555 5708 635 5763 IX.
688 5706 988 5761 Faustinus
1045 5706 1340 5778 episcopus
1400 5708 1621 5779 legatus
1682 5712 1930 5771 ecclesia
1993 5715 2103 5771 Ro-

479 5816 667 5855 mana
694 5799 838 5852 dixit
863 5814 877 5852 :
903 5797 1100 5853 Adhuc
1126 5799 1439 5855 secundum
1468 5803 1875 5872 professionem
1905 5800 2107 5878 sancti;

479 5892 580 5948 tati
608 5896 805 5946 vestra
829 5895 941 5946 tam
976 5892 1149 5949 sancti
1176 5893 1383 5965 Alippii
1429 5910 1603 5965 quam
1630 5900 1686 5950 et
1717 5898 1906 5954 fratris
1928 5901 2106 5957 nostri

2219 4777 2402 4845 terris,
2433 4776 2532 4848 qui
2562 4782 2795 4847 propter
2824 4793 2929 4831 nos
2954 4777 3219 4832 homines
3248 4781 3306 4832 et
3330 4783 3565 4850 propter
3590 4784 3847 4835 nostram

2219 4871 2457 4926 salutem
2488 4870 2776 4926 descendit
2802 4874 2859 4924 et
2879 4870 3204 4926 incarnatus
3233 4876 3317 4926 est
3354 4872 3422 4926 de
3468 4871 3681 4943 Spiritu
3711 4889 3843 4928 san-

2216 4968 2329 5034 cto,
2357 4969 2415 5020 et
2438 4965 2611 5020 homo
2655 4964 2858 5032 factus,
2891 4981 3087 5036 passus
3113 4970 3215 5034 est,
3244 4970 3302 5020 et
3327 4965 3637 5021 resurrexit
3678 4966 3846 5023 tertia

2215 5058 2327 5127 die,
2358 5058 2609 5114 ascendit
2654 5059 2713 5113 in
2756 5059 2946 5126 calos,
2975 5058 3130 5113 sedet
3176 5059 3247 5113 ad
3295 5057 3591 5114 dexteram
3641 5060 3841 5129 Patris,

2213 5151 2346 5206 inde
2375 5157 2646 5207 venturus
2676 5152 2933 5223 judicare
2961 5152 3112 5207 vivos
3149 5156 3205 5206 et
3234 5156 3507 5218 mortuos,
3540 5155 3598 5207 et
3624 5153 3684 5208 in
3715 5153 3840 5224 Spi-

2211 5244 2384 5300 ritum
2412 5251 2687 5301 sanctum.
2720 5248 2823 5301 Eos
2850 5249 3042 5301 autem
3069 5246 3167 5318 qui
3211 5246 3425 5315 dicunt,
3458 5250 3578 5301 erat
3605 5246 3838 5318 quando

2212 5356 2326 5394 non
2351 5343 2490 5408 erat,
2522 5346 2577 5396 et
2602 5341 2933 5413 priusquam
2958 5341 3282 5395 nasceretur
3308 5356 3424 5395 non
3451 5343 3592 5407 erat,
3622 5344 3681 5395 et
3705 5340 3839 5411 quia

2210 5449 2276 5488 ex
2305 5434 2476 5488 nullis
2501 5434 2869 5490 existentibus
2895 5434 3073 5489 factus
3098 5437 3202 5503 est,
3237 5434 3349 5499 vel,
3366 5433 3472 5488 alia
3498 5432 3834 5501 substantia,

2209 5528 2295 5582 vel
2339 5532 2562 5597 natura,
2614 5529 2865 5584 dicentes
2921 5528 3253 5584 mutabilem
3304 5530 3362 5582 et
3405 5526 3835 5582 convertibilem

2208 5620 2413 5675 Filium
2439 5622 2558 5691 Dei,
2578 5623 2683 5678 hos
2707 5622 3140 5678 anathematizat
3163 5621 3435 5676 catholica
3454 5625 3513 5675 et
3529 5620 3834 5693 apostolica

2206 5714 2471 5769 Ecclesia.

2276 5809 2525 5878 Epistola
2549 5810 2813 5878 Africani
2833 5811 3041 5866 concilii
3062 5809 3139 5865 ad
3165 5810 3507 5879 Bonifacium
3529 5823 3758 5880 papam.

2273 5902 2381 5958 ΧΙΙ.
2406 5902 2647 5959 Domino
2665 5904 2990 5960 beatissimo
3010 5910 3068 5961 et
3082 5902 3401 5960 honorabili
3420 5901 3580 5959 fratri
3604 5904 3830 5961 Bonum-
