4054 6344
193 397 277 453 353?
1403 402 1868 458 DlithE'l'AlJl'M
1907 401 2290 458 COLLEC'I'IU.

3427 407 3530 488 35S

193 531 264 566 Cio
281 515 574 578 AURBLIUS,
603 511 940 567 Vanam-mus
965 512 1165 583 primae
1193 513 1340 568 sedis
1364 515 1664 585 provinciae
1689 516 1800 568 Nu-
1826 535 1882 606 Α
1903 518 1967 569 ut
1997 532 2064 569 ea
2095 531 2322 568 servare
2353 513 2474 568 sine
2496 513 2610 566 ulla
2631 510 2752 582 ejus
2775 508 2980 581 injuria
3001 511 3284 581 paulisper
3310 511 3527 565 sinere-

191 605 387 674 midiae,
419 608 477 659 et
510 605 703 659 caeteri
745 606 840 676 qui
865 612 1173 677 presentes
1208 607 1516 677 adfuimus,
1563 625 1804 663 numero

192 699 402 753 ducenti
427 699 625 753 decem
653 703 710 753 et
739 703 958 770 septem
986 717 1056 754 ex
1089 701 1245 755 omni
1276 701 1508 755 concilio
1535 701 1763 756 Africae.

253 792 522 855 Quoniam
551 794 666 846 Deo
679 793 910 863 placuit,
943 799 1006 848 ut
1036 795 1104 848 de
1121 795 1208 848 his
1221 811 1348 866 quae
1365 795 1652 849 vobiscum
1679 811 1808 866 ege-

190 889 316 940 runt
349 885 523 939 sancti
563 887 766 940 fratres
804 887 981 940 nostri
1015 887 1378 958 coepisc0pus
1423 889 1722 942 Faustinus
1748 893 1805 943 et

191 979 622 1050 compresbyteri
659 979 946 1051 Philippus
987 984 1044 1034 et
1082 982 1315 1049 Asellus,
1363 998 1587 1036 necnon
1625 983 1804 1036 beatae

192 1073 473 1128 memoria:
510 1073 773 1144 episcopo
812 1074 1050 1144 Zosimo,
1087 1091 1120 1128 a
1157 1091 1271 1146 quo
1309 1075 1382 1130 ad
1411 1093 1511 1130 nos
1539 1076 1808 1131 mandata

191 1173 240 1221 et
279 1167 489 1222 litteras
527 1167 858 1236 attulerunt,
905 1168 1002 1222 sed
1047 1174 1157 1222 tuae
1193 1169 1564 1235 venerationi,
1603 1170 1702 1240 qui
1745 1170 1804 1223 in

191 1259 301 1329 ejus
326 1261 449 1314 loco
481 1277 540 1314 es
571 1260 758 1314 divina
796 1260 1151 1331 providentia
1190 1279 1319 1316 cum
1356 1263 1438 1316 rei
1486 1263 1805 1317 christiana:

191 1353 329 1407 felici
351 1357 630 1424 proventu
652 1355 1011 1422 constitutus,
1028 1355 1318 1409 humilitas
1337 1360 1531 1411 nostra
1543 1357 1809 1410 rescribe-

192 1452 288 1513 ret,
320 1463 385 1499 ea
410 1435 659 1501 breviter
679 1447 963 1502 insinuare
986 1448 1258 1502 debemus
1279 1466 1407 1520 quae
1428 1454 1806 1521 utrorumque

193 1540 485 1594 concordia
510 1540 813 1594 terminata
844 1544 995 1609 sunt,
1027 1558 1140 1595 non
1175 1559 1239 1595 ea
1281 1559 1405 1612 quae
1442 1543 1673 1613 prolixis
1703 1560 1829 1615 ge:

192 1636 398 1686 storum
445 1634 828 1687 voluminibus
871 1634 1255 1702 continentur,
1302 1635 1361 1689 in
1411 1636 1614 1706 quibus
1654 1629 1830 1736 salva!

194 1726 412 1796 quidem
434 1727 728 1796 charitate,
763 1745 877 1781 non
909 1733 1100 1782 tamen
1135 1729 1254 1782 sine
1285 1746 1456 1799 parvo
1481 1730 1804 1785 altercatio-

191 1819 270 1872 nis
306 1818 494 1872 labore
535 1819 810 1874 demorati
848 1838 1068 1888 sumus,
1113 1838 1176 1876 ea
1217 1823 1388 1892 gestis
1430 1823 1806 1877 deliberantes

1903 624 2050 676 mus,
2107 624 2285 679 usque
2337 608 2408 662 ad
2452 605 2884 678 inquisitionem
2933 607 3270 659 statutorum
3317 605 3530 660 Nicmni

1902 701 2142 769 concilii,
2194 704 2252 754 et
2286 718 2436 755 nunc
2475 700 2544 755 de
2587 704 2685 754 tua
2722 699 3075 770 postulamus
3115 699 3425 765 sanctitate,
3451 702 3533 752 aut

1903 794 2390 866 quemadmodum
2435 811 2503 848 ea
2547 794 2693 864 apud
2740 793 2983 847 Nicmam
3042 809 3076 845 a
3114 792 3368 846 Patribus
3407 798 3532 846 acta

1904 889 1990 942 vel
2018 887 2326 942 constituta
2358 892 2506 954 sunt,
2547 887 2625 941 sic
2655 903 2722 940 ea
2755 903 2789 939 a
2831 885 2993 939 nobis
3029 885 3201 939 facias
3240 885 3532 954 custodiri,

1906 985 1962 1035 et
1991 980 2069 1034 ibi
2096 981 2249 1051 apud
2268 997 2364 1035 vos
2395 997 2522 1051 quae
2551 981 2610 1034 in
2638 977 3069 1034 commonitorio
3088 979 3420 1047 attulerunt,
3443 979 3530 1032 fa-

1903 1075 2015 1129 cias
2055 1074 2326 1142 exerceri,
2355 1074 2410 1127 id
2442 1079 2546 1141 est,
2577 1073 2622 1126 si
2647 1073 2940 1144 episcopus
2967 1074 3260 1126 accusatus
3278 1071 3454 1126 fuerit
3475 1075 3532 1124 et

1896 1169 2271 1240 judicaverint
2302 1167 2628 1239 congregati
2673 1167 2920 1237 episcopi
2965 1166 3214 1236 regionis
3243 1165 3438 1236 ipsius,
3476 1168 3532 1219 et

1905 1262 2215 1334 dejecerint
2236 1279 2370 1316 eum
2400 1261 2468 1316 de
2492 1277 2592 1315 suo
2619 1260 2819 1331 gradu,
2843 1263 2901 1312 et
2915 1259 3224 1330 appellasse
3246 1259 3531 1327 videatur,

1905 1360 1962 1411 et
1981 1356 2305 1426 confugerit
2333 1355 2406 1409 ad
2425 1353 2816 1409 beatissimum
2838 1353 3114 1406 Romanae
3132 1352 3388 1407 Ecclesia:
3408 1352 3530 1422 epi-

1906 1467 2158 1522 scopum,
2189 1453 2247 1504 et
2287 1449 2531 1504 voluerit
2556 1447 2761 1516 audiri,
2807 1452 2863 1500 et
2893 1446 3111 1517 justum
3140 1446 3440 1517 putaverit,
3469 1451 3535 1500 ut

1905 1546 2211 1598 renovetur
2241 1559 2508 1611 examen,
2541 1541 2787 1596 scribere
2817 1539 2905 1594 his
2932 1539 3208 1610 episcopis
3235 1539 3534 1610 diligenter

1905 1642 2000 1713 qui
2030 1642 2090 1695 in
2117 1642 2362 1695 finitima
2393 1647 2448 1695 et
2474 1639 2795 1710 propinqua
2832 1637 3120 1709 provincia
3148 1642 3299 1704 sunt,
3339 1641 3402 1690 ut
3428 1636 3536 1706 ipsi

1905 1734 2208 1806 diligenter
2243 1734 2542 1806 requirant
2571 1733 2762 1786 omnia
2803 1736 2861 1786 et
2893 1732 3054 1802 juxta
3089 1730 3261 1786 ﬁdem
3289 1730 3535 1784 veritatis

1905 1828 2211 1895 definiant;
2245 1827 2401 1899 quod
2423 1827 2470 1880 si
2497 1827 2544 1880 is
2573 1825 2669 1897 qui
2698 1828 2866 1896 rogat
2890 1841 3121 1879 causam
3140 1841 3301 1878 suam
3327 1824 3534 1878 iterum

192 1928 311 1982 quae
337 1929 489 1966 nunc
519 1912 591 1966 ad
617 1930 843 1968 causam
871 1915 1175 1985 pertinent,
1204 1932 1536 1986 quanquam
1559 1921 1614 1970 et
1639 1917 1730 1970 ille
1760 1916 1805 1970 si
1824 1908 1881 1979 Β
1908 1922 2112 1989 audiri,
2145 1921 2550 1992 deprecatione
2583 1936 2684 1973 sua
2713 1918 2955 1973 moverit
2979 1919 3308 1988 episcopum
3335 1918 3536 1972 Roma-

192 2005 368 2059 adhuc
398 2009 546 2059 esset
574 2005 630 2059 in
653 2023 910 2077 corpore,
944 2008 1224 2079 acciperet
1245 2009 1457 2079 gratius
1477 2010 1632 2079 quod
1659 2009 1808 2063 vide-

189 2101 272 2151 ret
307 2098 555 2168 pacatius
608 2099 997 2156 terminatum.
1046 2102 1279 2155 Domine
1328 2103 1502 2156 frater
1551 2101 1807 2172 Apiarius

188 2191 498 2263 presbyter,
531 2193 600 2247 de
630 2193 788 2264 cujus
816 2199 870 2248 et
896 2195 1250 2249 ordinatione
1275 2201 1331 2249 et
1355 2197 1808 2250 excommunica-

188 2285 360 2352 tione,
379 2302 444 2339 ac
473 2287 763 2340 vocatione
794 2288 983 2343 fuerat
1013 2293 1292 2359 exortum,
1324 2307 1438 2343 non
1465 2291 1648 2344 solum
1680 2307 1804 2344 suc-

188 2379 336 2434 censi
365 2395 562 2434 verum
595 2379 764 2434 etiam
798 2381 904 2434 toti
941 2381 1217 2436 Africanae
1242 2383 1499 2438 Ecclesiae
1541 2400 1657 2438 non
1686 2384 1808 2438 leve

187 2473 508 2527 scandalum
536 2473 606 2527 de
623 2473 888 2528 omnibus
905 2475 1189 2530 erroribus
1201 2476 1316 2530 suis
1342 2477 1569 2531 veniam
1585 2480 1805 2548 petens,

185 2566 581 2621 communioni
610 2571 697 2622 est
719 2568 1033 2636 restitutus,
1050 2569 1205 2640 prior
1225 2575 1416 2624 autem
1439 2571 1810 2642 coepiscopus

185 2663 375 2715 noster
411 2659 689 2715 Siccensis
717 2662 998 2729 Urbanus,
1031 2663 1182 2734 quod
1217 2663 1275 2716 in
1303 2680 1370 2718 eo
1404 2664 1807 2734 corrigendum

184 2753 367 2808 visum
401 2759 486 2809 est
517 2754 638 2808 sine
676 2755 788 2809 ulla
818 2755 1167 2811 dubitatione
1210 2757 1468 2824 correxit,
1499 2758 1632 2828 quia
1673 2774 1807 2812 vero

183 2847 309 2919 paci
342 2850 401 2902 et
427 2848 606 2918 quieti
632 2849 884 2904 ecclesia:
914 2867 1026 2904 non
1055 2853 1278 2904 tantum
1311 2852 1379 2906 ad
1415 2867 1680 2921 praesens,
1711 2851 1810 2905 sed

184 2941 357 2994 etiam
406 2941 467 2995 in
507 2945 798 3013 posterum
841 2943 1301 3014 prospiciendum
1346 2945 1484 3012 fuit,
1533 2944 1808 3015 quoniam

181 3035 364 3088 multa
401 3034 541 3088 talia
573 3041 992 3105 praecesserant,
1026 3041 1089 3090 ut
1127 3037 1215 3090 vel
1259 3037 1479 3103 similia,
1517 3038 1605 3091 vel
1639 3038 1810 3091 etiam

181 3127 485 3198 graviora,
543 3128 808 3200 deinceps
865 3129 1164 3200 prazcaveri
1217 3133 1542 3201 oporteret,
1599 3130 1813 3201 placuit

181 3221 371 3288 nobis,
410 3226 470 3275 ut
516 3221 586 3276 de
623 3222 869 3277 Siccensi
908 3224 1154 3277 Ecclesia
1193 3227 1415 3277 retento
1460 3224 1670 3278 scilicet
1706 3224 1808 3277 ho-

181 3331 324 3369 nore
351 3315 562 3384 gradus
592 3315 676 3369 sui
710 3316 1002 3388 presbyter
1029 3322 1415 3371 removeretur
1442 3317 1720 3387 Apiarius,
1757 3320 1813 3372 et

179 3413 418 3479 accepto
450 3409 729 3479 epistolio,
771 3409 1114 3480 ubicumque
1153 3410 1284 3463 alibi
1314 3411 1481 3464 vellet
1508 3416 1563 3465 et
1600 3413 1808 3482 posset,

179 3501 521 3572 presbyterii
561 3518 799 3556 munere
842 3503 1212 3575 fungeretur,
1257 3503 1412 3574 quod
1468 3503 1654 3557 eidem
1706 3503 1812 3574 ipsi

179 3611 284 3666 per
311 3595 528 3649 litteras
559 3596 817 3666 proprias
840 3597 1152 3668 postulanti
1182 3596 1302 3651 sine
1331 3597 1655 3651 difﬁcultate
1676 3614 1809 3652 con-

179 3688 478 3742 cessimus.
511 3689 653 3743 Sane
683 3689 1014 3761 priusquam
1063 3691 1184 3745 haec
1212 3707 1377 3745 causa
1417 3691 1523 3745 isto
1564 3691 1812 3746 termino

180 3781 542 3836 clauderetur
561 3781 713 3836 inter
729 3783 839 3837 alia
859 3800 987 3855 quae
1011 3784 1293 3838 diuturnis
1315 3785 1815 3855 disceptationibus

177 3876 569 3943 versabamus,
588 3877 722 3947 quia
742 3877 960 3948 rogatio
979 3877 1102 3949 ipsa
1122 3877 1405 3949 poscebat,
1435 3882 1498 3932 ut
1515 3878 1667 3949 apud
1692 3882 1816 3933 acta

178 3968 565 4024 ecclesiastica
593 3987 627 4024 a
654 3971 863 4025 nostris
891 3971 1156 4026 fratribus
1185 3972 1452 4027 Faustino
1482 3973 1812 4044 coepiscopo

178 4062 516 4134 etPhilippo
528 4065 698 4135 atque
711 4065 1392 4138 Asello,compresbyteris
1405 4083 1812 4138 quaereremus,

178 4161 245 4211 ut
271 4161 612 4228 promerent
640 4159 916 4230 quidquid
935 4160 1013 4214 eis
1039 4159 1335 4215 nobiscum
1367 4161 1658 4232 agendum
1685 4161 1817 4215 fuis-

178 4256 266 4306 set
315 4251 662 4322 injunctum,
707 4253 984 4308 nonnulla
1017 4253 1249 4325 quidem
1293 4255 1414 4309 sine
1454 4256 1567 4309 ullo
1609 4255 1815 4326 scripto

176 4345 473 4415 prosecuti
504 4350 635 4400 sunt
670 4346 876 4416 verbis,
920 4348 1013 4402 sed
1054 4365 1183 4402 cum
1225 4348 1281 4402 id
1317 4349 1504 4419 potius
1529 4349 1814 4420 flagitare-

176 4454 313 4493 mus
329 4439 489 4510 quod
509 4439 569 4492 in
581 4439 782 4494 litteris
800 4440 1020 4494 ferrent
1035 4442 1559 4510 commonitorium,
1575 4443 1819 4514 protule-

174 4536 341 4598 runt,
373 4532 527 4604 quod
557 4533 854 4588 recitatum
883 4534 1045 4589 nobis
1073 4535 1246 4590 etiam
1270 4536 1442 4607 gestis
1471 4554 1595 4608 quae
1627 4553 1816 4590 secum

1907 2031 2066 2082 num,
2100 2018 2162 2068 ut
2190 2032 2223 2068 a
2249 2015 2424 2069 latere
2453 2030 2554 2068 suo
2575 2013 2969 2085 presbyterum
2995 2011 3201 2079 mittat,
3230 2011 3338 2065 erit
3361 2011 3420 2064 in
3441 2027 3536 2081 po-

1908 2057 2066 2082 “um,
2103 2057 2162 2068 “"
2190 2057 2223 2068 ""
2249 2057 2424 2069 ‘““‘“"
2453 2057 2553 2068 ""V
2576 2057 2770 2085 ι’⁸ν“¹⁶⁵⁴’,1
2791 2057 2861 2066 *ν*
2877 2057 2969 2065 *⁸⁵⁵
2995 2057 3201 2079 """""7
3233 2057 3337 2065 "'""
3361 2057 3420 2064 ""
3441 2057 3509 2081 ι’*

1908 2111 2109 2162 testate
2131 2107 2381 2179 episcopi
2404 2107 2503 2178 qui
2527 2107 2664 2160 velit
2693 2110 2749 2160 et
2778 2105 2914 2176 quid
2941 2104 3239 2172 existimet,
3271 2106 3329 2158 et
3361 2103 3405 2157 si
3432 2057 3560 2158 de-t

1908 2200 2146 2256 creverit
2170 2201 2480 2255 mittendos
2501 2217 2622 2254 esse
2645 2199 2744 2270 qui
2764 2203 3074 2270 praesentes
3101 2213 3232 2252 cum
3253 2197 3535 2268 episcopis

1901 2295 2179 2365 judicent,
2212 2295 2487 2349 habentes
2506 2293 2900 2348 auctoritatem
2925 2293 3046 2362 ejus
3079 2309 3111 2345 a
3143 2307 3255 2361 quo
3276 2290 3536 2344 destinati

1909 2391 2059 2456 sunt,
2095 2389 2203 2441 erit
2222 2389 2282 2441 in
2304 2405 2402 2441 suo
2434 2386 2700 2455 arbitrio;
2731 2386 2777 2439 si
2804 2401 2934 2439 vero
2954 2383 3254 2438 crediderit
3277 2383 3535 2438 sufﬁcere

1907 2480 2216 2551 episcopos,
2229 2485 2294 2534 ut
2305 2480 2532 2550 negotio
2550 2478 2860 2534 terminum
2875 2475 3368 2548 imponant,faciet
3378 2475 3534 2546 quod

1909 2573 2327 2645 sapientissimo
2356 2589 2457 2627 suo
2480 2572 2708 2626 consilio
2723 2570 3081 2641 judicaverit.
3099 2570 3155 2624 Si
3176 2569 3302 2639 quis
3318 2569 3530 2639 episco-

1907 2683 2014 2738 pus
2040 2666 2358 2732 iracundus,
2394 2665 2546 2736 quod
2574 2681 2694 2718 esse
2722 2680 2839 2718 non
2859 2662 3044 2728 debet,
3075 2661 3184 2716 cito
3213 2666 3310 2716 aut
3334 2675 3532 2732 aspere

1909 2762 2327 2814 commoveatur
2352 2759 2616 2812 adversus
2641 2756 3040 2828 presbyterum
3081 2755 3195 2808 sive
3233 2754 3532 2808 diaconum

1909 2870 2096 2921 suum,
2129 2855 2186 2907 et
2217 2852 2594 2906 exterminare
2616 2867 2748 2906 eum
2775 2851 2844 2904 de
2865 2848 3094 2903 ecclesia
3121 2847 3380 2916 voluerit,
3411 2864 3536 2918 pro-

1908 2947 2219 3001 videndum
2249 2950 2335 3000 est
2354 2961 2428 2999 ne
2442 2945 2712 2999 innocens
2735 2943 3040 2997 damnetur
3060 2944 3159 2995 aut
3177 2941 3376 3012 perdat
3390 2958 3539 2995 com-

1910 3040 2267 3107 munionem,
2302 3039 2509 3093 habeat
2535 3040 2878 3109 potestatem
2907 3035 3134 3106 ejectus,
3177 3040 3239 3089 ut
3265 3034 3539 3089 ﬁnitimos

1908 3133 2230 3204 interpellet
2251 3132 2560 3203 episcopos,
2589 3135 2644 3186 et
2674 3147 2839 3186 causa
2869 3129 2990 3199 ejus
3009 3129 3290 3197 audiatur,
3329 3133 3385 3184 et
3409 3129 3535 3183 dili-

1914 3226 2138 3298 gentius
2160 3230 2436 3281 tractetur
2459 3226 2608 3296 quod
2633 3241 2746 3278 non
2760 3226 2983 3294 oportet
2999 3223 3050 3277 ei
3069 3239 3279 3293 negare
3299 3223 3536 3278 audien-

1911 3321 2050 3374 tiam
2081 3320 2325 3391 roganti,
2376 3323 2431 3372 et
2473 3318 2566 3372 ille
2599 3318 2896 3388 episcopus
2942 3316 3037 3386 qui
3087 3321 3183 3370 aut
3223 3316 3397 3386 juste,
3442 3321 3542 3372 aut

1913 3414 2119 3484 injuste
2141 3413 2354 3484 rejecit,
2377 3413 2662 3483 patienter
2683 3410 2917 3481 accipiat
2936 3409 3252 3480 negotium,
3279 3414 3340 3464 ut
3360 3410 3542 3465 discu-

1913 3507 2103 3574 tiatur,
2134 3511 2232 3560 aut
2266 3506 2545 3576 probetur
2576 3505 2696 3574 ejus
2741 3508 2838 3558 aut
2870 3503 3207 3557 emendetur
3243 3503 3537 3558 sententia.

1914 3603 2041 3655 Haec
2067 3601 2261 3670 utique
2291 3600 2362 3653 ad
2383 3599 2690 3652 adventum
2715 3595 3140 3650 verissimorum
3163 3597 3543 3666 exemplaria-

1913 3711 2045 3750 rum
2093 3693 2302 3748 Niczeni
2361 3691 2586 3747 concilii
2629 3693 2838 3745 inserta
2879 3690 3051 3761 gestis
3093 3693 3240 3758 sunt,
3275 3706 3400 3761 quae
3436 3689 3544 3744 sibi

1914 3787 2403 3860 quemadmodum
2429 3786 2550 3858 ipso
2579 3784 2736 3857 quod
2759 3783 2912 3855 apud
2940 3799 3046 3838 nos
3069 3784 3274 3838 fratres
3294 3801 3364 3839 ex
3383 3801 3545 3856 apos-

1913 3882 2081 3938 tolica
2110 3881 2244 3936 sede
2273 3881 2474 3936 directi
2493 3881 2878 3951 allegaverunt
2899 3892 3085 3932 comm
3096 3877 3340 3933 onitorio
3365 3881 3540 3936 conti-

1917 3981 2190 4031 nerentur
2230 3975 2299 4029 de
2349 3990 2548 4029 eorum
2581 3973 2804 4040 ordine,
2844 3972 2931 4026 vel
2972 3971 3123 4043 apud
3167 3989 3263 4026 vos
3297 3972 3356 4026 in
3384 3975 3545 4030 Italia

1915 4071 2355 4140 custodirentur,
2389 4069 2543 4123 nullo
2573 4067 2743 4122 modo
2773 4083 2877 4121 nos
2906 4065 3036 4120 talia
3073 4065 3266 4137 qualia
3291 4083 3542 4123 comme-

1916 4181 2141 4220 morare
2163 4163 2283 4234 jam
2327 4163 2607 4230 volumus,
2645 4162 2733 4215 vel
2772 4161 3011 4216 tolerare
3051 4177 3409 4232 cogeremur,
3457 4165 3546 4218 vel

1917 4257 2294 4312 intolerabilia
2354 4261 2700 4327 pateremur,
2756 4254 2855 4309 sed
2893 4254 3192 4322 credimus,
3243 4254 3547 4326 adjuvante

1918 4350 2306 4406 misericordia
2335 4348 2560 4404 Domini
2591 4348 2687 4403 Dei
2716 4347 2916 4414 nostri,
2950 4347 3104 4418 quod
3131 4353 3225 4402 tua
3253 4350 3545 4405 sanctitate

1919 4446 2188 4499 Romanae
2213 4443 2472 4497 Ecclesiae
2491 4441 2819 4513 praesidenti
2842 4458 2957 4496 non
2994 4457 3207 4509 sumus,
3222 4442 3344 4512 jam
3374 4443 3546 4498 istum

1922 4542 2121 4610 typum
2149 4536 2392 4608 passuri,
2420 4539 2477 4590 et
2500 4536 2873 4590 servabuntur
2897 4551 3032 4606 erga
3060 4551 3165 4590 nos
3193 4552 3258 4588 ea
3287 4552 3415 4606 quae
3443 4553 3546 4590 no-

177 4625 253 4680 ad
284 4642 386 4680 vos
417 4625 725 4693 deferrent,
767 4632 848 4682 est
881 4629 1207 4699 allegatum,
1242 4629 1298 4682 in
1333 4647 1444 4700 quo
1471 4629 1550 4683 eis
1577 4633 1897 4723 quatuorD
1918 4633 2004 4686 bis
2028 4631 2199 4686 etiam
2236 4646 2351 4684 non
2397 4629 2802 4683 disserentibus
2837 4627 3105 4682 custodiri
3141 4627 3383 4682 debeant
3417 4645 3545 4683 cum

174 4719 455 4790 quaedam
502 4719 795 4775 nobiscum
834 4723 1086 4792 gerenda
1137 4723 1406 4778 mandata
1446 4729 1596 4792 sunt,
1641 4740 1818 4778 unum

177 4813 250 4867 de
285 4814 765 4885 appellationibus
793 4816 1184 4888 episcoporum
1221 4817 1294 4871 ad
1331 4818 1602 4871 Romanae
1631 4819 1817 4871 Eccle-

174 4908 282 4962 sia:
313 4908 694 4964 sacerdotem.
723 4911 980 4964 Alterum
1011 4929 1082 4966 ne
1109 4912 1178 4966 ad
1206 4911 1538 4966 comitatum
1572 4910 1821 4981 episcopi

175 5001 526 5073 importune
548 5001 1116 5076 navigent.\Tertium
1149 5006 1218 5060 de
1246 5005 1556 5059 tractandis
1583 5005 1819 5076 presby-

175 5099 449 5151 terorum
482 5102 539 5151 et
570 5097 942 5154 diaconoritm
964 5099 1148 5154 causis
1165 5101 1314 5171 apud
1327 5099 1595 5154 ﬁnitimos
1616 5099 1825 5171 episco-

172 5207 288 5261 pos
314 5191 362 5245 si
397 5209 430 5246 a
459 5191 574 5245 suis
612 5193 1087 5248 excommunicati
1116 5194 1315 5248 leviter
1351 5195 1441 5247 vel
1470 5194 1824 5264 culpabiliter

171 5284 423 5339 fuerint.
459 5284 739 5348 Quartum
771 5287 839 5341 de
868 5286 1092 5342 Urbano
1135 5287 1398 5358 episcopo
1436 5287 1821 5341 excommuni-

173 5379 396 5446 cando‘,
425 5379 513 5433 vel
545 5379 713 5433 etiam
744 5380 983 5434 Romam
1008 5381 1312 5450 evocando,
1346 5381 1455 5435 nisi
1495 5397 1558 5436 ea
1591 5397 1719 5451 quae
1739 5381 1823 5434 vi-

171 5473 484 5527 debantur
500 5473 855 5543 corrigenda,
872 5473 1206 5545 corrigeret,
1224 5491 1470 5546 quorum
1487 5474 1742 5530 omnium
1759 5474 1824 5529 de

165 5566 376 5636 primo
411 5571 469 5621 et
503 5565 689 5632 tertio,
722 5566 780 5620 id
807 5569 911 5635 est,
956 5570 1018 5620 ut
1059 5568 1301 5621 Romam
1349 5567 1515 5622 liceat
1552 5567 1828 5638 episcopis

165 5675 517 5731 provocare,
546 5664 602 5714 et
636 5662 700 5714 ut
745 5660 1079 5715 clericorum
1129 5661 1373 5732 querelae
1403 5661 1553 5732 apud
1597 5677 1828 5715 suarum

161 5753 615 5824 provinciarum
654 5754 947 5826 episcopos
973 5755 1264 5824 ﬁniantur,
1292 5754 1416 5825 jam
1454 5755 1643 5826 priore
1677 5772 1827 5809 anno

165 5847 365 5902 etiam
395 5848 594 5902 litteris
623 5848 833 5902 nostris
862 5849 932 5903 ad
963 5849 1231 5904 eumdem
1257 5849 1594 5904 venerabilis
1615 5865 1829 5903 memo-

168 5940 291 5998 riae
316 5942 608 5997 Zosimum
638 5941 963 6020 episcopum
991 5943 1135 5998 datis
1161 5943 1449 5998 insinuare
1489 5943 1826 6015 curavimus,

1919 4728 2171 4781 fraterna
2203 4724 2473 4784 charitate.
2506 4739 2634 4794 quae
2664 4721 2978 4776 secundum
3006 4721 3346 4792 sapientiam
3378 4728 3435 4777 et
3452 4724 3545 4794 ju-

1922 4819 2132 4874 stitiam
2157 4835 2326 4890 quam
2346 4817 2447 4873 tibi
2471 4816 2703 4871 donavit
2721 4814 3056 4881 Altissimus,
3079 4813 3384 4886 etiamipse
3416 4834 3546 4888 per-

1923 4915 2087 4986 spicis
2125 4930 2244 4968 esse
2290 4911 2587 4980 servanda,
2625 4911 2668 4965 si
2710 4911 2850 4964 forte
2876 4909 3038 4963 aliter
3060 4908 3274 4963 habent
3301 4927 3550 4968 canones

1923 5007 2132 5062 Nicazni
2159 4995 2397 5061 concilii.
2431 5005 2698 5070 Quamvis
2725 5004 2878 5058 enim
2916 5001 3190 5074 plurimos
3216 5004 3438 5060 codices
3465 5007 3548 5061 le-

1924 5101 2201 5172 gerimus,
2222 5101 2321 5156 sed
2339 5116 2623 5171 nusquam
2655 5099 2712 5152 in
2743 5097 2967 5152 Nicaeno
2997 5098 3235 5152 concilio
3267 5099 3550 5155 Latinisin

1925 5195 2207 5250 codicibus
2261 5195 2526 5266 legimus,
2584 5191 3068 5264 quemadmodum
3124 5193 3180 5246 in
3237 5195 3554 5264 supradicto

1924 5283 2362 5340 commonitorio
2391 5282 2534 5336 mihi
2562 5282 2774 5336 directa
2801 5285 2964 5347 sunt;
2998 5296 3061 5334 ea
3085 5284 3281 5336 tamen
3310 5285 3446 5355 quia
3465 5285 3556 5341 hic

1925 5379 1985 5432 in
2012 5378 2169 5432 nullo
2197 5378 2392 5432 Graeco
2429 5375 2622 5430 codice
2661 5374 2953 5446 potuimus
2973 5374 3249 5444 invenire,
3286 5394 3350 5433 ex
3376 5380 3557 5435 orien-

1924 5472 2131 5526 talibus
2187 5469 2443 5526 Ecclesiis
2496 5468 2593 5523 ubi
2642 5469 3017 5540 perhibentur
3079 5471 3276 5526 eadem
3335 5473 3556 5529 decreta

1924 5582 2089 5637 posse
2119 5564 2292 5620 etiam
2321 5562 2652 5618 authentica
2677 5563 2918 5635 reperiri
2945 5563 3129 5635 magis
3156 5565 3318 5619 nobis
3345 5567 3559 5621 deside-

1926 5676 2122 5715 ramus
2149 5658 2358 5726 aﬂ'erri,
2395 5674 2499 5729 pro
2529 5674 2640 5729 qua
2678 5675 2740 5713 re
2774 5662 2931 5712 tuam
2977 5675 3208 5730 quoque
3242 5661 3556 5714 veneratio-

1926 5771 2062 5809 nem
2089 5754 2474 5820 obsecramus,
2503 5757 2568 5807 ut
2594 5752 2837 5808 scribere
2865 5752 3036 5808 etiam
3066 5753 3185 5823 ipse
3213 5752 3461 5823 digneris
3485 5753 3561 5808 ad

1929 5848 2157 5902 illarum
2175 5847 2425 5919 partium
2459 5845 2809 5912 sacerdotes,
2844 5848 2950 5900 hoc
2984 5850 3067 5899 est
3086 5844 3341 5900 Ecclesiae
3370 5846 3568 5903 Antio-

1935 5943 2156 6014 chenas,
2179 5941 2599 6010 Alexandrinae,
2624 5938 3280 6012 Constantinopolitanae,
3299 5943 3359 5998 et
3380 5940 3424 5996 si
3444 5940 3576 5996 aliis-
