4054 6302
212 322 301 375 361
1441 320 1610 373 DEClt
1624 319 1910 374 l‘l'l'AIJUM
1953 317 2339 375 COLLECTIO.

285 432 367 484 l8.
400 429 475 481 De
501 423 806 497 privilegiis
836 426 1318 496 presbyterorum.

281 525 368 576 19.
398 523 474 576 De
504 519 593 575 his
615 519 713 592 qui
741 536 775 574 a
805 521 978 574 Paulo
1016 521 1382 577 Samosateno
1427 521 1499 575 ad
1542 522 1834 577 ecclesiam

208 614 463 670 veniunt.

278 712 366 763 20.
396 710 472 763 De
495 708 775 763 ﬂectendo
805 724 975 780 genu.

278 806 369 859 2t.
404 803 482 857 De
522 802 913 858 observatione
958 803 1171 857 Nicecni
1206 804 1447 871 concilii,
1478 808 1543 858 ut
1569 805 1726 859 nulla
1768 806 1838 860 de

207 897 430 969 reliquo
457 897 699 952 varietas
725 896 942 950 oriatur
965 897 1025 950 in
1051 896 1315 952 ecclesiis.

276 992 410 1046 CAP.
447 995 496 1046 1.
541 992 594 1047 Si
640 991 766 1062 quis
810 1007 914 1062 per
957 990 1291 1061 languorem
1320 1008 1351 1044 a
1379 991 1614 1045 medicis
1656 995 1837 1046 sectus

209 1089 312 1152 est,
342 1089 440 1140 aut
482 1101 514 1139 a
551 1084 811 1140 barbaris
853 1083 1130 1138 abscissus
1159 1089 1262 1152 est,
1295 1084 1398 1138 iste
1429 1088 1730 1140 remaneat
1778 1085 1836 1140 in

208 1180 379 1234 clero.
411 1179 465 1235 Si
491 1179 618 1251 quis
648 1182 838 1234 autem
864 1195 1033 1232 sanus
1073 1195 1133 1232 se
1181 1176 1434 1246 abscidit,
1487 1178 1659 1232 istum
1691 1183 1747 1234 et
1779 1179 1836 1233 in

208 1273 359 1327 clero
384 1272 635 1345 positum
657 1272 937 1326 abstinere
963 1275 1201 1342 oportet,
1223 1275 1281 1326 et
1306 1272 1373 1326 de
1390 1275 1595 1326 caetero
1616 1272 1839 1327 nullum

209 1366 408 1421 talium
438 1366 646 1431 debere
677 1365 1017 1438 promoveri.
1049 1365 1204 1421 Sicut
1231 1369 1421 1420 autem
1464 1367 1570 1420 hoc
1597 1366 1837 1420 manife-

209 1466 362 1515 stum
391 1465 494 1527 est,
527 1460 661 1532 quia
688 1461 757 1515 de
784 1461 874 1515 his
903 1460 1002 1533 qui
1032 1461 1180 1514 hanc
1211 1477 1334 1514 rem
1361 1460 1704 1530 excogitant,
1735 1477 1837 1514 au-

209 1555 461 1624 dentque
489 1554 702 1624 seipsos
729 1553 1063 1608 abscindere
1090 1553 1302 1608 dictum
1336 1553 1423 1620 sit,
1454 1553 1531 1607 sic
1562 1569 1659 1607 eos
1685 1553 1784 1624 qui
1808 1569 1840 1607 a

209 1647 482 1714 barbaris,
509 1641 629 1702 'aut
665 1664 697 1701 a
729 1647 976 1703 dominis
1015 1647 1236 1702 castrati
1279 1651 1428 1713 sunt,
1472 1646 1842 1700 inveniuntur

210 1743 403 1796 autem
430 1741 567 1795 alias
593 1740 771 1812 digni,
806 1741 946 1794 tales
975 1739 1047 1794 ad
1077 1739 1290 1794 clerum
1317 1739 1561 1810 applicat
1600 1756 1801 1794 canon.

3463 315 3560 376 362

1861 438 1917 510 Α
1937 445 2042 500 pro
2073 429 2159 483 his
2177 431 2326 484 ferre
2343 430 2711 484 sententiam.
2737 429 2984 484 Concilia
3001 431 3190 483 autem
3206 425 3362 496 ﬁant,
3381 445 3561 485 unum

1936 523 2168 594 quidem
2194 528 2324 578 ante
2353 523 2859 594 quadragesimam
2891 525 3140 589 Paschaa,
3185 529 3246 577 ut
3275 524 3430 578 omni
3457 541 3562 595 pu-

1937 616 2324 671 sillanimitate
2351 617 2590 684 sublata,
2611 633 2818 672 munus
2838 618 3117 671 mundum
3139 617 3410 688 offeratur
3431 619 3562 687 Deo,

1938 710 2251 765 secundum
2281 716 2471 764 autem
2498 711 2648 765 circa
2669 715 2894 782 tempus
2925 712 3204 766 autumni.
3228 691 3259 780 Ι

2010 807 2060 858 6.
2121 804 2479 875 Antiquiores
2534 804 2825 858 obtineant
2882 805 2977 874 qui
3043 805 3195 876 apud
3262 807 3566 877 [Egyptum

1937 900 2090 964 sunt,
2124 901 2179 950 et
2210 897 2460 967 Lybiam,
2494 899 2552 951 et
2583 897 2930 968 Pentapolin,
2963 898 3038 951 ita
3063 903 3128 952 ut
3156 900 3565 954 Alexandrinus

1939 991 2232 1061 episcopus
2261 990 2469 1044 horum
2508 990 2764 1044 omnium
2806 991 3065 1045 exhibeat
3103 992 3562 1064 sollicitudinem,

1941 1084 2071 1155 quia
2097 1087 2152 1138 et
2177 1084 2331 1138 urbis
2361 1085 2554 1139 Romte
2582 1083 2844 1155 episcopo
2869 1085 3066 1138 similis
3092 1101 3216 1140 mos
3243 1091 3344 1140 est.
3393 1086 3563 1141 Simi-

1938 1178 2068 1232 liter
2095 1182 2284 1232 autem
2329 1181 2383 1231 et
2430 1177 2578 1231 circa
2620 1177 2976 1232 Antiochiam
3009 1183 3064 1232 et
3091 1178 3149 1232 in
3183 1179 3398 1234 caeteris
3425 1196 3562 1251 pro-

1937 1271 2133 1326 vinciis
2161 1270 2454 1342 privilegia
2473 1269 2706 1341 propria
2721 1275 3079 1325 reserventur
3107 1273 3563 1344 metrOpolitanis

1939 1365 2215 1420 Ecclesiis.
2250 1364 2495 1419 Omnino
2527 1366 2721 1418 autem
2747 1363 3110 1420 manifestum
3139 1372 3223 1419 est.
3249 1366 3408 1435 illud,
3435 1367 3566 1436 quia

1939 1460 1987 1513 si
2017 1459 2143 1530 quis
2170 1463 2380 1530 praeter
2404 1458 2712 1513 concilium
2740 1457 3165 1528 metropolitani
3194 1459 3372 1512 factus
3397 1459 3569 1515 fuerit

1942 1552 2260 1624 episcopus,
2294 1553 2447 1606 hunc
2497 1551 2802 1605 concilium
2848 1567 3126 1621 magnum
3167 1552 3419 1607 deﬁnivit
3456 1571 3568 1608 non

1941 1646 2150 1700 debere
2182 1662 2301 1700 esse
2346 1645 2694 1716 episcopum,
2730 1644 2776 1698 si
2819 1661 2952 1698 vero
2983 1645 3276 1699 Communi
3309 1647 3569 1702 omnium

1943 1739 2173 1794 decreto
2187 1736 2505 1794 rationabili
2517 1737 2827 1793 secundum
2839 1754 3117 1792 canonem
3131 1739 3570 1795 ecclesiasticum

279 1837 334 1887 2.
362 1833 503 1898 Quia
541 1806 724 1887 multa
760 1806 866 1888 aut
910 1833 1266 1899 necessitate,
1315 1806 1412 1886 aut
1438 1833 1600 1886 aliter
1638 1806 1918 1902 cogen-B
1943 1833 2331 1904 comprobato,
2366 1833 2479 1887 duo
2514 1837 2610 1886 aut
2640 1835 2754 1886 tres
2780 1817 3016 1903 propter
3038 1833 3298 1903 proprias
3326 1833 3571 1888 inimici-

208 1927 360 1981 tibus
388 1927 718 1981 hominibus
761 1927 911 1981 facta
957 1931 1090 1980 sunt
1136 1929 1328 1980 contra
1353 1942 1632 1980 canonem
1660 1926 1840 1981 eccle-

211 2021 520 2087 siasticum,
562 2025 626 2074 ut
670 2021 929 2074 homines
961 2037 1029 2074 ex
1063 2020 1260 2091 gentili
1292 2019 1405 2073 vita
1450 2036 1636 2090 nuper
1685 2036 1839 2074 acce-

211 2115 409 2168 dentes
435 2114 504 2168 ad
543 2113 735 2179 ﬁdem,
775 2119 830 2168 et
873 2113 931 2168 in
975 2129 1146 2184 parvo
1191 2117 1454 2184 tempore
1491 2113 1840 2181 catechizati,

209 2208 400 2262 statim
421 2208 495 2262 ad
512 2207 767 2279 spiritale
790 2208 1081 2263 lavacrum
1110 2205 1411 2275 ducantur,
1443 2211 1497 2261 et
1519 2207 1686 2260 simul
1714 2224 1843 2262 cum

207 2301 477 2372 baptizati
503 2301 718 2355 fuerint
742 2298 1190 2372 promoveantur
1215 2300 1284 2354 ad
1315 2300 1721 2371 episcopatum,
1746 2303 1845 2355 aut

207 2395 280 2449 ad
313 2394 748 2467 presbyterium,
781 2395 994 2466 placuit
1024 2395 1092 2449 de
1118 2399 1324 2449 caetero
1362 2393 1505 2448 nihil
1550 2395 1665 2448 tale
1695 2394 1838 2450 ﬁeri.

209 2491 352 2545 Nam
381 2492 439 2543 et
467 2492 729 2560 tempore
771 2505 913 2560 opus
955 2491 1039 2543 est
1089 2488 1142 2543 ei
1191 2488 1285 2560 qui
1334 2487 1735 2556 catechizatur,
1787 2491 1845 2542 et

207 2587 340 2656 post
362 2583 642 2655 baptisma
687 2583 1018 2654 approbatio
1050 2582 1312 2654 amplior,
1355 2581 1651 2636 manifesta
1690 2582 1844 2636 enim

211 2682 299 2732 est
321 2677 627 2749 apostolica
652 2677 948 2748 scriptura,
974 2693 1101 2748 quae
1122 2675 1259 2731 dicit
1287 2693 1299 2730 :
1333 2677 1452 2729 Non
1478 2675 1840 2746 neophitum,

211 2787 286 2826 ne
323 2772 467 2826 forte
503 2771 561 2825 in
602 2770 928 2841 superbiam
974 2771 1151 2824 elatus
1194 2770 1250 2823 in
1297 2769 1579 2839 judicium
1606 2769 1840 2839 incidat,

210 2871 266 2920 et
293 2867 558 2937 laqueum
589 2864 818 2919 diaboli.
851 2863 908 2919 Si
941 2867 1152 2932 autem,
1189 2862 1533 2934 procedente
1560 2865 1840 2932 tempore,

211 2959 442 3030 aliquod
469 2959 648 3014 animi
677 2961 971 3029 peccatum
998 2957 1320 3012 inveniatur
1339 2956 1488 3010 circa
1510 2957 1844 3027 hujusmodi

211 3051 337 3126 85
366 3068 694 3124 personam,
729 3057 786 3106 et
812 3051 1185 3106 convincatur
1211 3068 1245 3105 a
1271 3050 1495 3106 duobus
1537 3055 1633 3105 aut
1663 3050 1843 3104 tribus

1943 1926 2046 1980 tias
2072 1927 2535 1992 contradixerint,
2577 1926 2832 1981 obtineat
2868 1926 3149 1980 sententia
3174 1927 3572 1996 plurimorum.

2015 2026 2066 2074 7.
2093 2020 2599 2091 Hierosolymitana
2647 2020 2997 2074 consuetudo
3030 2019 3261 2090 antiqua
3296 2023 3569 2089 servetur,

1943 2119 2007 2169 ut
2062 2114 2191 2168 Eliae
2247 2113 2542 2184 episcopus
2595 2114 2912 2168 honoratur
2960 2118 3018 2166 et
3057 2113 3264 2168 habeat
3310 2115 3571 2169 ordinem

1945 2208 2197 2275 honoris,
2231 2209 2381 2262 salva
2410 2211 2606 2263 tamen
2638 2206 3062 2278 metropolitani
3105 2207 3383 2278 dignitate
3428 2209 3574 2279 ejus-

1945 2301 2073 2356 dem
2101 2301 2426 2371 provinciae.

2016 2398 2065 2448 8.
2106 2395 2164 2450 Si
2209 2395 2514 2465 aliquando
2563 2393 2824 2448 venerint
2872 2395 2940 2448 ad
2991 2395 3329 2449 catholicam
3382 2377 3600 2451 Eccle-'

1945 2489 2088 2542 siam
2128 2487 2377 2553 Cathari,
2423 2487 2634 2557 placuit
2670 2487 2814 2540 sicut
2856 2490 2913 2540 et
2957 2504 3180 2557 magnae
3216 2488 3434 2558 synodo
3476 2505 3573 2543 eos

1943 2581 2230 2635 ordinatos
2261 2581 2338 2634 sic
2370 2596 2606 2633 manere
2652 2579 2711 2632 in
2754 2581 2922 2633 clero.
2974 2583 3118 2633 Ante
3165 2580 3354 2634 omnia
3381 2587 3576 2637 autem

1943 2676 2061 2730 haec
2081 2673 2337 2745 profiteri
2357 2674 2505 2744 ipsos
2526 2689 2627 2744 per
2652 2673 2993 2744 scripturam
3016 2676 3242 2743 oportet
3268 2674 3420 2745 quod
3443 2692 3576 2732 con-

1943 2769 2191 2823 sentiant
2218 2773 2272 2822 et
2301 2771 2611 2838 sequantur
2653 2766 2928 2821 catholica
2974 2771 3031 2820 et
3077 2767 3384 2837 apostolica
3426 2769 3575 2840 dog-

1943 2865 2112 2920 mata.
2143 2864 2254 2916 Hoc
2283 2865 2364 2916 est
2385 2865 2440 2916 et
2462 2860 2703 2930 bigamis
2730 2861 3179 2928 communicare,
3210 2863 3268 2915 et
3287 2861 3376 2916 his
3396 2862 3494 2934 qui
3514 2863 3574 2917 in

1941 2955 2335 3028 persecutione
2358 2954 2497 3026 lapsi
2518 2957 2670 3021 sunt,
2695 2954 2842 3008 circa
2864 2970 3007 3024 quos
3037 2958 3094 3009 et
3122 2958 3346 3026 tempus
3371 2955 3574 3010 consti-

1941 3055 2129 3104 tutum
2151 3052 2236 3103 est
2255 3051 2312 3102 et
2339 3048 2456 3102 dies
2481 3046 2767 3114 deﬁnitus,
2792 3049 2847 3100 et
2869 3051 3182 3117 sequantur
3206 3047 3266 3101 in
3289 3047 3575 3116 omnibus,

209 3147 464 3214 testibus,
501 3146 620 3218 ipse
650 3149 826 3200 cesset
851 3161 885 3199 a
911 3145 1081 3199 clero.
1115 3144 1168 3199 Si
1217 3143 1341 3215 quis
1389 3148 1581 3198 autem
1628 3147 1919 3246 praeterC
1946 3159 2074 3214 ([1183
2118 3143 2458 3217 placuerunt
2501 3140 2792 3194 catholicae
2843 3140 3109 3195 Ecclesia:
3154 3141 3442 3212 episcopo,
3487 3143 3578 3196 vel

209 3241 332 3296 haac
358 3240 492 3294 facit
519 3238 681 3311 quasi
703 3239 969 3293 adversus
995 3254 1267 3310 magnum
1295 3237 1600 3293 concilium
1623 3254 1682 3291 se
1707 3236 1840 3292 effe-

207 3350 363 3400 rens,
391 3334 514 3404 ipse
544 3332 956 3403 periclitabitur
988 3332 1058 3386 de
1087 3332 1254 3386 clero.

283 3431 332 3483 3.
363 3427 654 3482 lnterdixit
679 3425 1007 3480 omnimodo
1028 3429 1288 3480 sanctum
1310 3425 1632 3492 concilium,
1654 3441 1844 3495 neque

209 3522 564 3594 episcopum,
577 3537 765 3592 neque
778 3521 1169 3591 presbyterum
1180 3562 1192 3585 ,
1207 3537 1391 3591 neque
1409 3519 1735 3587 diaconum,
1751 3535 1846 3573 ne-

209 3633 320 3688 que
331 3633 398 3670 ex
413 3619 532 3670 toto
544 3631 677 3669 eum
691 3614 787 3685 qui
799 3615 858 3668 in
870 3615 1022 3668 clero
1036 3614 1352 3680 est,habere
1367 3630 1553 3668 secum
1565 3612 1846 3667 subintro-

209 3711 440 3764 ductam
463 3709 781 3776 mulierem,
797 3708 904 3762 nisi
925 3708 1071 3762 forte
1098 3713 1340 3762 matrem
1352 3711 1450 3762 aut
1462 3723 1734 3774 sororem,
1749 3709 1846 3760 aut

207 3821 302 3859 eas
327 3804 474 3858 solas
499 3819 766 3874 personas
788 3819 916 3873 quae
933 3801 1227 3872 refugiunt
1251 3817 1451 3856 omnes
1471 3800 1840 3871 suspiciones.
1882 3839 1886 3844 -

281 3899 333 3953 4.
365 3897 700 3968 Episcopum
751 3899 976 3968 oportet
1008 3895 1258 3950 maxime
1303 3895 1531 3966 quidem
1561 3895 1631 3948 ab
1658 3893 1840 3948 omni-

203 3993 315 4047 bus
345 3991 444 4063 qui
476 3996 608 4045 sunt
644 3990 794 4044 intra
839 3989 1190 4060 provinciam
1239 3989 1510 4059 episcopis
1556 3988 1840 4056 ordinari;

205 4086 252 4139 si
292 4090 483 4139 autem
517 4085 622 4138 hoc
652 4084 880 4138 difﬁcile
925 4083 1116 4150 fuerit,
1146 4085 1244 4137 aut
1282 4087 1514 4154 propter
1540 4087 1844 4153 urgentem

204 4179 629 4246 necessitatem,
685 4180 781 4232 aut
834 4180 1071 4249 propter
1121 4176 1537 4248 longitudinem
1597 4175 1840 4243 itineris,

209 4272 367 4328 omni
398 4273 570 4327 modo
605 4275 719 4325 tres
744 4271 801 4325 in
831 4287 1013 4325 unum
1045 4270 1440 4325 convenientes
1489 4269 1845 4324 consentien-

210 4367 383 4433 tibus,
416 4369 470 4420 et
497 4367 585 4420 his
607 4366 704 4438 qui
730 4367 988 4420 absentes
1011 4367 1141 4418 sunt
1171 4364 1445 4434 episcopis
1475 4368 1529 4417 et
1557 4363 1838 4433 sponden-

209 4461 369 4516 tibus
410 4477 513 4531 per
558 4461 784 4530 scripta,
816 4463 950 4512 tunc
1002 4475 1202 4512 manus
1245 4457 1666 4528 impositionem
1693 4456 1838 4511 ﬁeri.

1946 3237 2292 3309 presbytero,
2324 3236 2645 3306 ubicunque
2674 3237 2864 3288 autem
2898 3250 3118 3301 omnes,
3147 3234 3260 3289 sive
3297 3235 3355 3290 in
3385 3237 3583 3291 castel~

1944 3332 2032 3398 lis,
2067 3330 2178 3384 sive
2220 3329 2275 3382 in
2310 3328 2622 3383 civitatibus
2667 3327 2773 3398 ipsi
2803 3327 2990 3398 juncti
3034 3327 3264 3394 fuerint,
3310 3329 3575 3399 ordinati,

1946 3424 2045 3496 qui
2072 3423 2436 3477 inveniuntur
2455 3421 2512 3475 in
2540 3423 2690 3475 clero
2723 3421 2833 3474 sint
2860 3420 2919 3475 in
2951 3421 3151 3478 eodem
3179 3420 3399 3490 habitu,
3419 3429 3578 3494 quot-

1944 3521 2081 3590 quot
2108 3519 2300 3570 autem
2331 3514 2618 3568 catholicae
2650 3512 2908 3568 Ecclesiae
2937 3513 3203 3584 episcopo
3220 3515 3305 3567 vel
3337 3515 3573 3586 presby-

1943 3616 2064 3665 tero
2092 3611 2347 3664 exstante
2369 3607 2666 3675 accedunt,
2689 3605 3057 3660 manifestum
3083 3611 3167 3659 est
3186 3607 3335 3677 quod
3364 3608 3579 3678 episco-

1944 3722 2049 3776 pus
2077 3703 2326 3758 ecclesize
2347 3701 2585 3757 habebit
2604 3699 2940 3771 dignitatem
2969 3699 3240 3771 episcopi.
3257 3699 3362 3763 Qui
3380 3705 3575 3756 autem

1943 3799 2275 3854 nominatur
2303 3796 2448 3868 apud
2482 3812 2576 3849 eos
2607 3794 2903 3865 episcopus
2932 3793 3243 3865 presbyteri
3287 3794 3571 3850 honorem

1944 3892 2196 3958 habebit,
2230 3890 2338 3944 nisi
2371 3891 2514 3944 forte
2545 3887 2823 3960 placuerit
2852 3887 3116 3959 episcopo
3163 3887 3395 3942 honoris
3439 3905 3573 3942 eum

1946 3987 2176 4041 nomine
2207 3985 2338 4051 frui,
2373 3985 2456 4038 sin
2479 3999 2612 4036 vero
2641 3998 2758 4036 non
2786 3981 2891 4034 hoc
2918 3981 2968 4035 ei
2995 3982 3285 4053 placuerit,
3308 3982 3573 4054 provide-

1945 4081 2029 4134 bit
2058 4081 2107 4133 ei
2135 4081 2322 4134 locum
2352 4081 2450 4132 aut
2479 4094 2578 4132 cor
2621 4075 2974 4146 episcopatus
3000 4080 3097 4130 aut
3124 4075 3483 4148 presbyterii,
3512 4080 3576 4131 ut

1944 4174 2002 4228 in
2029 4175 2177 4228 clero
2205 4173 2436 4228 omnino
2462 4188 2581 4226 esse
2610 4172 2880 4240 videatur,
2911 4173 3190 4242 quatenus
3213 4187 3329 4224 non
3353 4169 3412 4225 in
3439 4170 3571 4224 civi-

1943 4271 2059 4322 tate
2087 4268 2198 4321 duo
2232 4267 2343 4320 sint
2371 4266 2638 4337 episcopi.

2017 4366 2068 4416 9.
2105 4361 2156 4416 Si
2208 4361 2307 4431 qui
2351 4360 2469 4414 sine
2521 4360 2942 4414 examinatione
2986 4357 3233 4429 promoti
3278 4361 3412 4412 sunt
3453 4359 3569 4430 epi-

1947 4454 2100 4529 scopi
2140 4458 2236 4508 aut
2281 4453 2613 4525 presbyteri,
2642 4455 2727 4507 vel
2760 4471 2886 4507 cum
2923 4452 3304 4506 discutiuntur
3328 4452 3575 4506 confessi

202 4554 580 4609 Conﬁrmatio
609 4559 796 4608 autem
827 4569 1024 4607 eorum
1057 4568 1185 4622 quae
1212 4551 1356 4604 ﬁunt
1385 4551 1573 4606 danda
1603 4555 1688 4606 est
1712 4549 1840 4604 uni-
1861 4549 1920 4621 D
1944 4553 2076 4604 sunt
2116 4566 2242 4619 quae
2288 4551 2684 4618 peccaverunt,
2709 4547 2797 4600 vel
2825 4546 2871 4599 si
2895 4547 2965 4600 ab
2995 4545 3119 4599 aliis
3144 4544 3568 4611 convincantur,

203 4649 414 4720 cuique
440 4665 473 4701 a
501 4665 616 4702 suae
642 4646 941 4718 provinciae
973 4645 1429 4716 metropolitano.

280 4747 330 4797 5.
362 4743 436 4796 De
477 4741 558 4795 eis
604 4741 701 4812 qui
747 4741 1340 4806 excommunicantur,
1392 4737 1506 4791 sive
1563 4738 1632 4791 de
1689 4737 1840 4792 clero

202 4837 339 4907 sint,
370 4836 487 4890 sive
514 4835 582 4889 de
607 4834 749 4889 laico
777 4834 1025 4906 agmine,
1055 4833 1124 4888 ab
1157 4831 1436 4903 episcopis
1465 4847 1566 4900 per
1587 4829 1842 4901 singulas

201 4929 523 5004 provincias
555 4928 805 4983 obtineat
834 4927 1135 4994 sententia,
1163 4927 1327 4998 juxta
1357 4940 1603 4979 canones
1625 4940 1722 4978 eos
1743 4925 1842 4994 qui

203 5025 276 5078 ab
304 5025 433 5080 aliis
471 5021 834 5094 abjiciuntur,
877 5022 948 5076 ab
985 5021 1106 5075 aliis
1143 5037 1257 5074 non
1304 5017 1678 5090 recipiendos.
1730 5018 1838 5071 Re-

201 5120 470 5190 quiratur
506 5122 700 5172 autem
744 5132 816 5170 ne
866 5114 1350 5186 pusillanimitate,
1383 5116 1482 5166 aut
1506 5111 1838 5182 pertinacia,

203 5217 305 5268 aut
331 5213 521 5284 aliqua
541 5210 650 5264 alia
669 5208 926 5264 molestia
951 5208 1205 5280 episcopi
1220 5208 1331 5262 sint
1347 5205 1839 5261 excommunicati.

201 5309 274 5362 Ut
301 5323 443 5378 ergo
469 5306 580 5360 hoc
604 5304 894 5359 decentius
921 5303 1242 5374 requiratur
1270 5302 1415 5356 bene
1459 5299 1691 5371 placuit,
1724 5299 1838 5353 sin-

202 5401 352 5472 gulis
379 5399 547 5456 annis
571 5415 677 5470 per
702 5397 956 5469 singulas
981 5394 1301 5468 provincias
1327 5395 1413 5449 bis
1441 5394 1501 5448 in
1528 5407 1679 5448 anno
1707 5408 1838 5447 con-

200 5494 332 5549 cilia
351 5494 498 5561 ﬁeri,
527 5491 792 5548 omnibus
817 5490 985 5545 simul
1007 5489 1278 5561 episcopis
1304 5488 1365 5543 in
1391 5504 1572 5561 unum
1597 5502 1840 5558 congre-

201 5589 373 5660 gatis,
405 5554 494 5642 ut,
516 5587 658 5641 tales
704 5554 1058 5657 quaestiones.
1087 5554 1575 5669 requirantiir.lEt
1615 5581 1695 5636 ita
1713 5554 1842 5652 ‘qui

201 5681 513 5737 manifeste
543 5678 891 5735 offenderint
914 5677 1268 5750 episcopum,
1297 5675 1717 5732 rationabiliter
1744 5691 1839 5729 ex-

200 5779 614 5836 communicati
639 5779 791 5851 apud
818 5793 1021 5833 omnes
1066 5793 1186 5832 esse
1235 5778 1526 5847 putentur,
1578 5772 1833 5846 quandiu

203 5880 308 5932 aut
335 5875 394 5930 in
423 5889 728 5939 commune
757 5876 858 5927 aut
885 5872 1150 5945 episcopo
1185 5870 1411 5944 placeat
1446 5867 1844 5930 humaniorem

1941 4647 1996 4696 et
2025 4642 2425 4697 conﬁtentibus
2455 4645 2649 4694 contra
2679 4654 2955 4694 canonem
2996 4636 3261 4692 homines
3299 4638 3572 4692 commoti

1942 4754 2142 4791 manus
2173 4737 2253 4790 eis
2289 4736 2701 4806 imposuerunt,
2752 4733 2891 4787 tales
2932 4748 3112 4785 canon
3152 4746 3266 4784 non
3318 4731 3568 4801 suscipit,

1943 4831 2037 4885 sed
2067 4830 2279 4901 abjicit,
2314 4830 2420 4883 hoc
2449 4828 2604 4882 enim
2633 4826 2787 4900 quod
2814 4823 3311 4898 irreprehensibile
3340 4829 3442 4891 est,
3471 4823 3568 4880 de-

1941 4925 2125 4980 fendit
2155 4924 2427 4979 catholica
2456 4922 2722 4979 Ecclesia.

2018 5023 2103 5074 10.
2133 5019 2468 5088 Quicunque
2489 5018 2556 5071 de
2577 5016 2750 5087 lapsis
2767 5013 3006 5070 ordinati
3028 5016 3159 5067 sunt
3176 5029 3278 5084 per
3300 5013 3568 5084 ignoran-

1941 5115 2082 5168 tiam
2131 5118 2229 5167 aut
2282 5110 2788 5166 dissimulationem
2839 5107 3251 5174 ordinantium,
3300 5108 3409 5162 hoc
3452 5124 3569 5164 non

1942 5207 2294 5279 przejudicat,
2329 5204 2528 5260 canoni
2555 5203 2953 5271 ecclesiastico,
2981 5201 3197 5274 cogniti
3230 5201 3446 5257 etenim
3473 5202 3567 5257 de-

1941 5306 2250 5372 ponuntur.

2017 5398 2101 5450 11.
2135 5395 2212 5448 De
2244 5391 2330 5447 his
2361 5391 2460 5463 qui
2489 5389 2841 5462 prmvaricati
2869 5395 2999 5446 sunt
3024 5396 3236 5463 praeter
3263 5391 3568 5447 necessita-

1940 5493 2058 5544 tem
2086 5491 2183 5541 aut
2219 5491 2424 5557 printer
2449 5484 2793 5539 oblationem
2837 5485 3193 5554 facultatum,
3225 5488 3323 5539 aut
3364 5487 3574 5556 praeter

1941 5581 2280 5654 periculum,
2310 5580 2396 5635 vel
2426 5579 2538 5634 tale
2569 5579 2782 5650 aliquid
2811 5579 2962 5651 quod
3000 5579 3210 5634 factum
3237 5583 3321 5632 est
3345 5577 3448 5630 sub
3480 5580 3568 5647 ty-

1943 5675 2177 5730 rannide
2207 5673 2425 5740 Licinii,
2453 5672 2666 5744 placuit
2690 5676 2884 5727 sancto
2916 5673 3155 5727 concilio
3181 5671 3330 5742 (licet
3349 5668 3572 5739 indigni

1944 5770 2073 5839 sint)
2106 5767 2460 5823 humanitate
2488 5771 2683 5821 tamen
2708 5765 3009 5821 subvenire
3040 5766 3140 5833 eis,
3171 5767 3446 5834 quotquot
3471 5761 3573 5833 igi-

1944 5870 2040 5922 tur
2060 5863 2279 5924 sincere
2299 5862 2598 5936 pmnitcnt,
2621 5865 2737 5917 tres
2756 5877 2931 5917 annos
2952 5859 3100 5918 inter
3122 5856 3412 5914 audientes
3435 5855 3568 5914 sint.
