4054 6316
388 310 393 321 ’
496 313 594 368 363

1390 312 1670 368 ΑΡΡΕΝΙ).
1710 314 1796 368 AD
1834 314 1992 367 δίΕω.
2038 311 2123 366 ιχ.
2153 340 2220 350 -ο
2260 312 2501 367 lSlDUitl
2538 310 2962 367 MEHGATOMS

3749 311 3857 368 36's

496 419 602 487 Qui
630 419 773 492 lapsi
819 427 951 476 sunt
991 421 1206 489 ﬁdeles,
1235 425 1454 492 septem
1503 437 1682 476 annos
1724 420 2117 488 succumbant,
2142 428 2202 504 Α
2222 418 2403 489 piens,
2436 422 2535 473 aut
2566 418 2722 473 aliud
2746 417 2959 489 aliquid
2990 416 3314 490 excogitans
3339 416 3523 490 turpis
3551 418 3692 475 lucri
3720 435 3855 504 gra-

497 515 715 570 duobus
748 532 878 570 vero
905 515 1068 570 annis
1098 516 1221 570 sine
1254 514 1538 571 oblatione
1562 514 1774 587 populo
1807 513 2121 569 communi-

494 612 625 665 cent
646 609 704 664 in
733 608 1108 665 orationibus.

574 720 656 771 12.
704 717 1032 788 Quicunque
1078 716 1254 770 vocati
1302 720 1433 771 sunt
1472 732 1577 787 per
1627 715 1869 787 gratiam
1908 719 1966 771 et
1996 716 2117 789 pri-

498 809 725 863 mordia
749 809 1194 864 demonstrantes
1219 810 1366 865 bona
1395 809 1777 880 deposuerunt
1824 809 2119 881 cingulum

496 903 732 971 militiae,
762 908 955 974 postea
981 919 1113 958 vero
1139 904 1209 958 ad
1234 903 1531 975 proprium
1560 903 1833 958 vomitum
1877 904 2119 959 revoluti

495 1001 643 1065 sunt,
662 997 739 1050 ita
755 999 815 1051 ut
828 997 1003 1068 aliqui
1023 1002 1080 1052 et
1096 998 1395 1067 pecuniam
1424 998 1721 1051 conferant
1745 1001 1801 1052 et
1828 997 2120 1052 beneﬁciis

496 1089 755 1145 militiam
778 1094 1059 1162 repetant,
1073 1090 1165 1145 isti
1183 1091 1380 1146 decem
1403 1107 1586 1145 annos
1604 1092 1978 1146 succumbant
1998 1096 2121 1162 post

496 1183 806 1238 triennium
836 1185 1142 1239 auditionis
1170 1189 1416 1255 tempus.
1465 1185 1573 1240 Sed
1620 1185 1679 1239 in
1723 1186 1811 1239 his
1854 1185 2119 1240 omnibus

493 1279 717 1349 oportet
738 1277 1020 1333 discutere
1040 1278 1392 1333 voluntatem
1411 1283 1467 1333 et
1485 1278 1727 1349 speciem
1749 1278 2115 1349 poenitentiae.

492 1373 774 1442 quotquot
800 1371 953 1425 enim
980 1371 1187 1426 timore
1232 1374 1289 1426 et
1310 1371 1589 1445 ,lacrymis
1616 1375 1673 1425 et
1697 1366 2119 1442 perseverantia

492 1469 546 1518 ct
568 1464 734 1519 bonis
774 1465 1040 1537 Operibus
1070 1465 1560 1519 conversationem
1603 1482 1720 1519 non
1759 1464 2119 1521 simulatione

492 1559 901 1625 demonstrant,
952 1558 1041 1613 isti
1086 1558 1468 1628 adimplentes
1492 1558 1860 1613 constitutum
1891 1564 2119 1631 tempus

495 1651 799 1709 auditionis
843 1652 1200 1707 orationibus
1241 1652 1447 1709 merito
1496 1652 2019 1719 communicabunt,
2065 1657 2120 1708 et

494 1748 691 1816 postea
712 1745 905 1801 licebit
929 1746 1195 1823 episcopo
1224 1746 1532 1801 humanius
1561 1747 1631 1800 de
1660 1746 1749 1800 his
1774 1745 1993 1817 aliquid
2023 1763 2116 1801 co-

2222 512 2320 581 tia,
2352 512 2651 583 abjiciatur
2674 528 2708 567 a
2736 513 2912 583 clero,
2949 516 3007 567 et
3031 512 3252 567 alienus
3280 529 3314 568 a
3337 529 3557 569 canone
3585 513 3676 571 sit.

2294 608 2377 661 18.
2404 605 2664 661 Pervenit
2711 605 2784 660 ad
2830 609 3086 661 sanctum
3132 610 3188 661 et
3228 623 3503 677 magnum
3546 607 3857 663 concilium

2220 698 2375 770 quod
2401 698 2459 753 in
2484 698 2823 770 quibusdam
2848 698 2989 753 locis
3023 702 3122 754 aut
3148 699 3461 755 civitatibus
3507 701 3857 773 presbyteris

2222 791 2460 863 gratiam
2476 808 2651 847 sacrae
2672 792 3099 848 communionis
3120 793 3338 848 diaconi
3356 794 3678 866 porrigant,
3699 796 3857 867 quod

2219 901 2405 957 neque
2434 902 2622 940 canon
2650 902 2837 957 neque
2876 888 3230 943 consuetudo
3260 887 3508 956 tradidit,
3537 893 3603 944 ut
3632 888 3730 961 qui
3757 906 3858 961 po-

2218 982 2477 1034 testatem
2494 978 2767 1035 oﬁ‘erendi
2783 996 2900 1035 non
2927 980 3145 1036 habent
3159 982 3247 1036 his
3261 981 3360 1053 qui
3381 982 3630 1038 offerunt
3648 999 3856 1055 corpus

2218 1072 2424 1125 Christi
2454 1073 2767 1143 porrigant.
2815 1073 2924 1129 Sed
2972 1075 3149 1129 etiam
3197 1076 3305 1130 hoc
3350 1092 3576 1147 quoque
3602 1076 3860 1134 innotuit

2221 1166 2374 1235 quod
2404 1165 2636 1236 quidam
2669 1166 2895 1221 diaconi
2922 1172 3056 1222 ante
3081 1168 3365 1240 episcopos
3392 1170 3725 1241 contingant
3756 1187 3856 1226 eu-

2219 1257 2565 1313 charistiam.
2599 1257 2807 1313 Omnia
2833 1259 3011 1330 igitur
3033 1260 3155 1315 haec
3180 1264 3571 1332 amputentur,
3619 1266 3677 1317 et
3724 1280 3853 1318 ma-

2221 1354 2394 1405 neant
2418 1351 2640 1406 diaconi
2666 1351 2725 1405 in
2752 1352 2985 1423 proprio
3014 1354 3232 1422 ordine,
3247 1355 3492 1410 scientes
3515 1356 3669 1427 quod
3701 1356 3853 1427 epis-

2220 1460 2497 1515 coporum
2542 1445 2774 1516 quidem
2822 1446 3066 1501 ministri
3095 1450 3246 1514 sunt,
3275 1449 3616 1520 presbyteris
3653 1452 3854 1505 autem

2217 1536 2518 1592 inferiores
2545 1538 2814 1605 existunt,
2850 1539 3129 1611 accipiant
3171 1547 3363 1596 autem
3410 1558 3476 1597 ex
3527 1542 3727 1598 ordine
3755 1560 3857 1599 eu-

2219 1630 2544 1686 charistiam
2575 1635 2705 1702 post
2729 1632 3087 1703 presbyteros
3130 1634 3211 1689 eis
3261 1635 3432 1690 dante
3457 1641 3555 1691 aut
3582 1636 3854 1709 episcopo

2219 1727 2317 1779 aut
2343 1724 2693 1796 presbytero,
2724 1725 2821 1780 sed
2844 1742 2950 1780 nec
2976 1727 3173 1783 sedere
3204 1728 3283 1782 eis
3309 1728 3369 1783 in
3400 1729 3587 1785 medio
3614 1731 3851 1801 presby-

493 1798 692 1912 gitare,
724 1840 823 1912 qui
871 1798 1063 1895 aut‘em
1086 1798 1396 1895 indiscrete
1440 1840 1693 1895 tulerunt
1718 1846 1775 1895 et
1804 1798 2120 1911 ingressum
2140 1798 2196 1871 Β
2221 1822 2479 1873 teromm
2504 1818 2689 1912 Ποβθί·
2716 1819 2875 1884 Qu°d
2900 1819 2947 1873 εί
2973 1820 3080 1875 hoc
3109 1820 3224 1888 ﬁat,
3253 1825 3462 1892 Praeter
3486 1839 3764 1878 canonem
3793 1827 3855 1880 et

490 1934 595 1989 sibi
621 1934 882 1989 sufﬁcere
909 1934 1167 1989 arbitrati
1196 1937 1329 1988 sunt
1358 1933 1430 1987 ad
1450 1933 1900 2004 conversionem,
1923 1934 2122 1989 deﬁni-

489 2033 612 2083 tum
638 2044 808 2083 omne
836 2029 1160 2100 compleant
1186 2030 1429 2099 tempus.

566 2134 649 2186 l3.
681 2133 760 2186 De
787 2132 1120 2186 exeuntibus
1166 2132 1236 2185 de
1282 2146 1517 2201 corpore
1549 2134 1709 2185 vetus
1756 2134 1813 2185 et
1851 2131 2120 2186 canonica

487 2226 576 2279 lex
600 2225 949 2279 custodiatur
973 2228 1029 2279 et
1047 2240 1219 2292 nunc,
1248 2228 1312 2278 ut
1330 2224 1429 2295 qui
1451 2224 1596 2278 mori
1617 2228 1923 2295 sperantur
1941 2224 2121 2278 novis-

490 2318 632 2372 simo
653 2318 950 2389 juvamine
995 2335 1107 2372 non
1138 2317 1459 2389 priventur.
1508 2318 1563 2373 Si
1611 2332 1744 2372 vero
1789 2318 2118 2390 desperatus

489 2412 901 2467 communione
930 2415 1178 2483 sumpta,
1208 2416 1264 2467 et
1294 2410 1577 2466 oblatione
1596 2415 1887 2483 percepta,
1906 2412 2117 2466 iterum

487 2506 863 2575 convalescat,
911 2506 983 2559 sit
1024 2506 1172 2560 inter
1213 2522 1309 2559 eos
1351 2505 1449 2575 qui
1497 2505 1848 2560 orationibus
1895 2508 2119 2560 tantum

488 2600 932 2665 communicant,
967 2599 1313 2671 generaliter
1353 2604 1542 2653 autem
1584 2598 1802 2653 homini
1842 2599 2119 2654 morituro

488 2694 706 2765 petenti
733 2693 839 2748 sibi
867 2692 1288 2748 communionis
1316 2692 1558 2764 gratiam
1593 2692 1886 2764 episcopus
1914 2692 2116 2764 proba-

488 2788 679 2843 biliter
708 2786 1055 2841 oblationem
1087 2787 1138 2840 ei
1170 2785 1529 2877 contradat/

564 2900 648 2953 14.
682 2899 757 2952 De
782 2897 1394 2968 catechumenislapsis
1420 2896 1631 2969 placuit
1650 2897 1793 2952 sicut
1810 2900 1867 2951 et
1891 2914 2119 2969 magna

488 2992 728 3064 synodo,
780 2993 843 3045 ut
882 2991 1131 3047 triennio
1173 2994 1397 3046 tantum
1442 2991 1697 3060 audiant,
1730 2996 1929 3063 postea
1958 2998 2120 3048 orent

489 3104 618 3141 cum
647 3085 1089 3140 catechumenis.

562 3203 648 3254 15.
670 3200 911 3269 Propter
942 3196 1221 3268 grandem
1255 3198 1566 3253 tumultum
1592 3202 1649 3254 et
1676 3198 1977 3254 seditiones
1992 3216 2119 3272 quas
2139 3168 2194 3244 C

487 3294 650 3360 ﬁunt,
682 3290 890 3363 placuit
914 3291 1243 3347 omnimode
1265 3291 1476 3347 auferri
1499 3292 1971 3348 consuetudinem
1989 3310 2119 3366 quas

490 3391 575 3441 cst
601 3388 801 3441 contra
826 3402 1099 3440 canonem
1144 3385 1201 3439 in
1233 3386 1514 3459 aliquibus
1552 3386 1806 3458 partibus
1854 3387 2115 3458 admissa,

487 3483 565 3536 ita
597 3485 658 3536 ut
684 3480 751 3535 de
794 3479 1019 3535 civitate
1066 3479 1124 3533 in
1168 3480 1473 3551 civitatem,
1501 3497 1606 3536 nec
1630 3480 1982 3554 epiSCOpum,
2012 3498 2119 3536 nec

486 3575 899 3647 presbyterum,
930 3589 1141 3646 .neque
1174 3573 1472 3630 diaconum
1502 3575 1801 3630 transferri
1845 3575 2030 3631 liceat.
2063 3575 2119 3631 Si

486 3670 612 3741 quis
631 3672 823 3723 autem
843 3672 971 3740 post
988 3668 1163 3722 sancti
1184 3671 1241 3722 et
1266 3669 1459 3739 magni
1480 3669 1709 3724 concilii
1727 3669 2119 3725 deﬁnitionem

486 3764 594 3818 tale
623 3762 839 3833 aliquid
866 3779 1038 3833 agere
1066 3763 1388 3830 tentaverit,
1411 3767 1508 3816 aut
1528 3780 1586 3816 se
1610 3763 1833 3817 dederit
1852 3764 2115 3835 hujusce-

488 3856 641 3911 modi
673 3854 929 3926 negotio,
966 3855 1277 3910 cassabitur
1299 3855 1632 3926 hujusmodi
1661 3856 2032 3925 machinatio,
2063 3864 2120 3915 et

492 3949 819 4004 restituatur
844 3948 1095 4003 ecclesiae
1112 3948 1169 4003 in
1188 3966 1300 4021 qua
1328 3952 1427 4004 aut
1447 3949 1742 4022 episcopus
1768 3954 1867 4006 aut
1884 3953 2114 4026 presby-

493 4048 577 4098 ter
601 4046 700 4098 aut
725 4041 989 4097 diaconus
1018 4042 1189 4098 fuerit
1219 4043 1533 4098 ordinatus.

562 4158 648 4211 16.
679 4154 741 4208 [li
783 4155 882 4226 qui
923 4154 1085 4209 facile
1129 4173 1189 4209 se
1231 4155 1498 4227 periculis
1541 4156 1881 4229 ingerentes,
1935 4176 2120 4231 neque

489 4251 756 4305 timorem
784 4249 881 4304 Dei
912 4254 1041 4304 ante
1067 4250 1256 4305 oculos
1277 4250 1569 4320 habentes,
1587 4268 1770 4324 neque
1787 4253 2116 4308 ecclesiasti-

489 4361 620 4399 cum
660 4360 939 4399 canonem
986 4344 1224 4400 scientes
1265 4343 1557 4400 discedunt
1602 4346 1673 4400 ab
1723 4347 1959 4402 ecclesia
1988 4363 2118 4419 pre-

488 4439 698 4511 sbyteri
724 4443 823 4494 aut
851 4438 1094 4507 diaconi,
1135 4443 1233 4493 aut
1272 4438 1596 4512 quicunque
1626 4444 1755 4495 sunt
1802 4441 1859 4496 in
1902 4458 2120 4497 canone

2219 1915 2429 1983 praeter
2466 1911 2728 1967 ordinem
2774 1913 3053 1984 probatur
3088 1915 3351 1985 existere,
3399 1916 3447 1970 si
3489 1916 3615 1987 quis
3655 1923 3853 1973 autem

2220 2005 2611 2076 obtemperare
2639 2006 2900 2077 noluerit,
2926 2011 3057 2079 post
3082 2008 3230 2064 hanc
3251 2009 3648 2066 deﬁnitionem
3671 2014 3855 2068 cesset

2218 2115 2252 2152 a
2275 2099 2557 2155 diaconio.

2295 2196 2379 2248 19.
2421 2194 2497 2248 De
2538 2193 2899 2250 Paulianistis
2951 2196 3365 2268 refugientibus
3415 2198 3486 2253 ad
3540 2200 3852 2256 Ecclesiam

2221 2286 2562 2342 catholicam
2591 2287 2849 2343 deﬁnitio
2881 2290 3102 2360 prolata
3128 2293 3212 2345 est
3237 2291 3578 2363 rebaptizari
3602 2310 3697 2348 eos
3723 2310 3850 2349 om-

2218 2381 2374 2447 nino,
2406 2380 2452 2434 si
2481 2381 2580 2453 qui
2605 2397 2738 2436 vero
2765 2398 2836 2437 ex
2856 2382 2956 2452 eis,
2988 2384 3276 2455 praeterito
3296 2388 3569 2457 tempore,
3599 2387 3771 2443 fuerit
3788 2388 3853 2443 in

2219 2475 2387 2542 clero,
2415 2474 2462 2528 si
2489 2474 2723 2546 quidem
2749 2476 2869 2531 sine
2899 2477 3135 2547 querela
3160 2482 3218 2532 et
3241 2479 3684 2550 reprehensione
3722 2481 3850 2536 fue-

2219 2568 2353 2634 rint,
2369 2572 2500 2639 post
2511 2568 2859 2639 baptismum
2876 2570 3211 2625 ordinentur
3226 2572 3294 2627 ab
3312 2573 3571 2644 episcopo
3586 2575 3852 2630 Ecclesiae.

2220 2662 2529 2729 catholicas,
2562 2661 2607 2716 si
2636 2679 2771 2718 vero
2799 2663 3067 2719 discussio
3091 2681 3185 2720 eos
3231 2666 3420 2721 minus
3444 2666 3674 2723 idoneos
3700 2669 3853 2724 inve-

2216 2752 2389 2822 nerit,
2419 2756 2628 2826 deponi
2669 2773 2763 2812 eos
2806 2758 3083 2814 convenit.
3133 2759 3403 2815 Similiter
3446 2764 3637 2816 autem
3680 2767 3737 2817 et
3777 2763 3852 2819 de

2221 2849 2554 2905 diaconibus
2582 2853 2640 2904 et
2668 2851 2899 2906 omnino
2921 2852 2992 2907 de
3013 2852 3101 2907 his
3120 2853 3220 2925 qui
3248 2853 3352 2908 sub
3382 2871 3597 2910 canone
3618 2872 3853 2911 conver-

2219 2949 2435 3013 santur,
2468 2944 2673 3001 eadem
2698 2944 2885 3000 forma
2910 2946 3245 3002 servabitur.
3267 2948 3628 3004 Meminimus
3656 2953 3854 3006 autem

2221 3037 2290 3093 de
2318 3038 2648 3094 diaconissis
2673 3055 2801 3110 quae
2817 3039 2877 3094 in
2893 3039 3095 3095 eadem
3113 3041 3301 3112 specie
3319 3045 3471 3112 sunt,
3490 3042 3626 3114 quia
3641 3060 3849 3099 manus

2219 3130 2635 3203 impositionem
2659 3133 2912 3205 aliquam
2937 3148 3055 3189 non
3083 3134 3316 3206 habent,
3345 3142 3410 3193 ut
3439 3137 3674 3192 omnino
3698 3137 3853 3194 inter

2216 3225 2387 3281 laicas
2416 3229 2836 3297 computentur.

2286 3322 2375 3375 20.
2430 3320 2708 3385 Quoniam
2768 3326 2900 3377 sunt
2960 3322 3197 3394 quidam
3256 3324 3357 3396 qui
3412 3324 3502 3381 die
3554 3327 3851 3383 Dominico

2217 3412 2449 3468 ﬂectant
2475 3430 2679 3485 genua,
2712 3420 2767 3470 et
2805 3415 2862 3469 in
2904 3416 3103 3472 diebus
3139 3419 3511 3489 Pentecostes,
3542 3420 3753 3492 placuit
3778 3422 3850 3477 de

2219 3507 2323 3562 hoc
2353 3512 2560 3563 sanctae.
2588 3512 2643 3563 et
2674 3525 2900 3580 magnae
2947 3510 3165 3582 synodo
3209 3517 3437 3567 cunctos
3476 3513 3537 3567 in
3580 3515 3850 3570 omnibus

2216 3601 2354 3656 locis
2396 3605 2775 3658 consonanter
2827 3608 2884 3659 et
2928 3605 3348 3661 consentienter
3401 3610 3613 3663 stantes
3665 3609 3851 3666 Deum

2220 3711 2382 3751 orare
2411 3696 2617 3751 debere

2288 3719 2382 3751 ure
2411 3719 2638 3752 uenere.

2288 3793 2375 3844 21.
2408 3719 2678 3846 Sanctuni
2720 3792 3023 3847 concilium
3068 3793 3288 3849 traditis
3316 3795 3579 3851 omnibus
3620 3801 3678 3852 et
3737 3798 3847 3853 rite

2218 3883 2500 3955 dispositis
2517 3887 2579 3939 ut
2594 3885 2968 3941 Ecclesiarum
2985 3904 3096 3959 pax
3118 3891 3176 3942 et
3199 3889 3338 3943 ﬁdes
3355 3889 3415 3943 in
3431 3890 3663 3945 orientis
3679 3895 3850 3963 atque

2220 3978 2524 4034 occidentis
2553 3980 2813 4052 partibus
2838 3997 2954 4035 una
2981 3982 3293 4053 eademque
3319 3986 3591 4052 servetur,
3619 3984 3745 4039 hac
3765 4002 3853 4041 ec-

2219 4072 2527 4129 clesiastica
2553 4078 2760 4129 statuta
2784 4076 3097 4130 necessario
3128 4076 3409 4132 credimus
3430 4077 3750 4135 inferenda.

2497 4185 2740 4258 Explicit
2770 4188 3068 4260 exemplar
3092 4188 3304 4244 Nicaeni
3332 4190 3575 4246 concilii.

2405 4336 2653 4406 Epistola
2676 4336 2939 4403 Africani
2963 4338 3178 4393 concilii
3203 4340 3277 4393 ad
3301 4338 3658 4396 Caelestinum.

2289 4453 2415 4507 XIV.
2444 4452 2682 4507 Domino
2708 4453 3071 4510 dilectissimo
3099 4459 3155 4511 et
3172 4456 3487 4512 honorabili
3504 4459 3653 4529 patri
3670 4460 3849 4515 Ccele-

490 4533 797 4602 constituti,
849 4533 942 4588 isti
991 4533 1151 4589 nullo
1196 4534 1366 4588 modo
1408 4534 1613 4606 suscipi
1659 4535 1868 4590 debent
1912 4536 1983 4591 ab
2013 4536 2387 4620 aliaDstino,
2420 4546 2702 4616 Aurelius,
2748 4548 3083 4617 Palestinus,
3117 4550 3415 4621 Antonius,
3444 4552 3617 4607 Tutus
3656 4570 3855 4609 servus

491 4628 743 4695 ecclesia,
775 4628 871 4682 sed
900 4644 1129 4683 omnem
1159 4628 1240 4682 eis
1268 4628 1664 4684 necessitatem
1710 4629 1929 4701 imponi
1955 4648 2120 4702 opor-

488 4728 605 4777 tere
638 4726 695 4776 ut
723 4722 791 4776 ad
824 4722 1080 4793 proprias
1109 4722 1407 4793 parochias
1436 4726 1820 4790 revertantur,
1864 4725 2122 4795 pertina-

491 4832 582 4871 ces
610 4821 800 4870 autem
831 4816 1354 4872 excommunicatos
1393 4833 1513 4871 esse
1565 4821 1809 4887 oportet,
1853 4818 1896 4872 si
1926 4825 2121 4874 autem

491 4909 695 4980 aliquis
718 4926 860 4963 ausu
886 4910 1196 4964 temerario
1221 4910 1565 4981 subripuerit
1584 4910 1657 4964 ad
1679 4912 1921 4967 alterum
1946 4913 2122 4983 perti-

496 5008 725 5057 nentem
751 5006 806 5057 et
831 5004 1179 5058 ordinaverit
1208 5004 1266 5058 in
1294 5021 1394 5058 sua
1431 5004 1684 5071 ecclesia,
1725 5022 1841 5060 non
1883 5023 2121 5061 consen-

497 5096 668 5151 tiente
693 5098 953 5169 episcopo
980 5116 1012 5152 a
1042 5116 1155 5170 quo
1185 5099 1517 5153 discesserat
1560 5098 1797 5153 clericus
1828 5100 1925 5170 qui
1952 5100 2009 5154 in
2037 5118 2126 5155 ca-

498 5207 644 5245 none
671 5192 1051 5263 constituitur,
1077 5193 1299 5247 inﬁrma
1330 5193 1402 5247 sit
1427 5192 1755 5263 hujusmodi
1782 5210 1981 5248 manus
2010 5194 2121 5249 im-

494 5284 723 5355 positio.

570 5395 655 5447 17.
694 5392 979 5456 Quoniam
1020 5395 1211 5465 plures
1256 5392 1315 5447 in
1364 5410 1585 5449 canone
1632 5395 1920 5451 constituti
1963 5395 2121 5466 cupi-

494 5485 732 5541 ditatem
781 5490 840 5541 et
880 5488 1036 5542 lucra
1084 5486 1269 5557 turpia
1308 5490 1617 5559 sectantur,
1647 5489 1919 5560 oblitique
1951 5506 2123 5543 sacras

493 5580 795 5651 Scriptura:
812 5580 1070 5648 dicentis,
1091 5580 1237 5647 «Qui
1253 5582 1556 5653 pecuniam
1571 5599 1729 5638 suam
1749 5599 1864 5638 non
1877 5582 2035 5637 dedit
2052 5583 2123 5638 ad

494 5689 749 5740 usuram,
783 5694 810 5723 »
842 5689 972 5727 cum
999 5674 1333 5729 fenerantur
1358 5674 1482 5730 aliis
1503 5677 1837 5732 centesimas
1864 5676 2119 5747 exigunt,

486 5764 637 5831 juste
654 5765 855 5820 statuit
869 5770 1127 5822 sanctum
1140 5771 1197 5822 et
1216 5785 1495 5840 magnum
1513 5770 1813 5825 concilium
1824 5812 1837 5836 ,
1853 5776 1916 5826 ut
1929 5771 1977 5826 si
1996 5771 2121 5843 quis

487 5854 752 5910 inventus
782 5858 949 5913 fuerit
980 5864 1103 5929 post
1132 5862 1279 5917 hanc
1301 5860 1695 5916 deﬁnitionem
1725 5879 1956 5919 usuram
1979 5864 2116 5919 acci-

2225 4640 2341 4710 Dei,
2368 4640 2682 4710 Terentius,
2698 4641 3056 4711 Fortunatus,
3075 4643 3394 4712 Martianus,
3412 4646 3731 4714 Januarius,
3746 4648 3854 4720 Op-

2225 4738 2392 4802 tatus,
2421 4733 2703 4803 Celticius,
2737 4736 2999 4804 Donatus,
3031 4737 3319 4807 Theasius,
3347 4738 3693 4809 Vincentius,
3714 4742 3851 4796 For-

2224 4828 2573 4897 tunatianus,
2598 4831 2655 4883 et
2678 4829 2869 4884 caeteri
2886 4829 2984 4901 qui
3003 4831 3304 4885 universali
3324 4831 3589 4888 Africano
3612 4835 3853 4891 concilio

2222 4923 2575 4995 Carthaginis
2603 4923 2907 4991 adfuimus,
2927 4926 3259 4995 optaremus
3287 4926 3332 4980 si
3363 4927 3852 4998 quemadmodum

2223 5018 2489 5073 sanctitas
2516 5020 2701 5072 vestra
2731 5017 2801 5072 de
2826 5018 3071 5073 adventu
3096 5019 3306 5090 Apiarii
3325 5020 3545 5076 laetatos
3565 5038 3662 5076 vos
3679 5022 3852 5078 fuisse

2223 5111 2409 5166 missis
2434 5128 2540 5183 per
2561 5112 3083 5183 compresbyterum
3102 5117 3359 5168 nostrum
3380 5116 3630 5171 Leonem
3649 5115 3853 5172 litteris

2224 5204 2525 5273 intimavit,
2556 5205 2634 5260 ita
2663 5222 2766 5260 nos
2795 5222 3020 5278 quoque
3063 5207 3133 5262 de
3178 5208 3300 5279 ejus
3348 5209 3687 5280 purgatione
3730 5211 3851 5266 haec

2225 5298 2431 5370 scripta
2474 5315 2603 5354 cum
2650 5298 2850 5354 lastitia
2894 5299 3267 5369 mitteremus,
3319 5305 3467 5357 esset
3509 5303 3767 5374 profecto
3797 5308 3855 5360 et

2224 5396 2417 5449 nostra
2442 5398 2497 5448 et
2519 5398 2705 5449 vestra
2730 5394 2901 5449 modo
2929 5394 3193 5449 alacritas
3212 5395 3441 5465 certior,
3458 5413 3565 5451 nec
3590 5398 3852 5453 festinata

2222 5504 2590 5560 praepropera
2614 5487 2946 5543 viderentur
2970 5505 3101 5560 quae
3127 5490 3316 5544 adhuc
3335 5494 3451 5544 tam
3475 5490 3545 5546 de
3563 5490 3850 5547 audiendo

2222 5596 2394 5653 quam
2437 5581 2506 5636 de
2552 5580 2747 5636 audito
2790 5586 3216 5653 praecesserant.
3242 5583 3592 5639 Adveniente
3615 5600 3753 5639 sane
3779 5585 3851 5639 ad

2223 5691 2325 5729 nos
2339 5677 2533 5729 sancto
2545 5674 2718 5731 fratre
2733 5678 2792 5731 et
2804 5676 3137 5749 coepiscopo
3164 5682 3358 5733 nostro
3376 5677 3637 5734 Faustino
3658 5679 3848 5734 conci-

2220 5768 2362 5824 lium
2370 5784 2475 5823 con
2481 5785 2581 5840 gre
2587 5769 2865 5841 gavimus,
2880 5775 2939 5826 et
2957 5770 3303 5828 credidimus
3312 5771 3439 5827 ideo
3454 5788 3584 5827 cum
3595 5772 3695 5827 illo
3706 5772 3848 5828 mis-

2222 5878 2367 5930 sum,
2382 5862 2649 5935 quoniam
2662 5862 2805 5919 sicut
2820 5880 2922 5935 per
2947 5865 3069 5937 ejus
3088 5882 3322 5938 operam
3345 5865 3693 5939 presbyterio
3715 5871 3849 5923 ante
