4054 6336
273 317 370 372 263

1506 315 1978 374 DECIlE’l‘ALlUM
2019 313 2402 370 COLLECTIO.

3534 321 3635 375 366

269 425 527 482 redditus
547 425 748 492 fuerat,
769 423 848 478 ita
867 440 1020 479 nunc
1036 429 1224 495 posset
1239 425 1308 480 de
1332 425 1498 480 tantis
1521 423 1852 480 criminibus
1869 441 1902 478 a
1922 436 1981 508 Α
2001 439 2228 496 quoque
2255 429 2312 478 et
2331 421 2696 494 sequentium
2728 421 3069 480 clericorum
3099 421 3361 496 improba
3388 425 3632 500 refugia,

267 519 396 593 86
446 518 826 576 Thabracenis
887 517 1124 588 objectis
1178 534 1246 573 eo
1293 518 1591 573 laborante
1641 518 1896 590 purgari,

265 614 427 685 cujus
453 617 612 668 tanta
639 629 704 666 ac
731 615 850 666 tam
881 611 1154 667 immania
1186 611 1402 682 ﬂagitia
1429 611 1696 666 decursus
1721 611 1901 666 nostri

263 707 492 762 concilii
524 723 766 762 examen
805 705 1041 772 invenit,
1074 709 1134 759 ut
1177 707 1478 760 memorati
1521 705 1900 776 patrocinium

261 801 455 872 potius
483 817 656 872 quam
675 799 960 870 judicium
993 815 1056 852 ac
1105 798 1418 852 defensoris
1449 799 1630 870 magis
1661 816 1897 870 operam

260 911 438 966 quam
468 893 862 964 disceptatoris
900 891 1184 962 justitiam
1221 896 1575 964 superarent.
1609 893 1748 946 Nam
1775 893 1896 964 pri-

259 1005 426 1042 mum
439 991 720 1058 quantum
732 986 1018 1042 obstiterit
1031 986 1188 1042 omni
1205 986 1642 1057 congregationi
1653 987 1900 1042 diversas

259 1081 504 1152 injurias
529 1080 862 1152 ingerendo,
882 1080 1044 1150 quasi
1065 1079 1315 1134 ecclesiae
1342 1080 1612 1134 Romanae
1641 1096 1899 1135 asserens

257 1175 584 1246 privilegia,
601 1175 858 1229 etvolens
879 1189 1010 1228 eum
1027 1189 1060 1227 a
1073 1173 1233 1228 nobis
1249 1173 1308 1228 in
1326 1174 1790 1230 communionem
1811 1192 1899 1228 su-

257 1268 424 1339 scipi,
441 1284 616 1340 quem
633 1269 732 1322 tua
741 1266 1009 1321 sanctitas
1024 1266 1260 1321 credens
1275 1267 1590 1337 appellasse
1602 1267 1754 1337 quod
1771 1283 1898 1338 pro-

259 1361 398 1416 bare
409 1378 528 1416 non
543 1361 730 1432 potuit
740 1359 1132 1416 communioni
1147 1360 1652 1431 reddiderat,quod
1663 1361 1897 1416 minime

259 1459 458 1510 tamen
505 1454 680 1522 licuit,
707 1455 862 1526 quod
911 1453 1080 1508 etiam
1129 1457 1420 1524 gestorum
1465 1453 1666 1508 melius
1706 1470 1774 1508 ex
1812 1455 1894 1508 le-

257 1549 446 1605 ctione
503 1564 827 1620 cognosces,
889 1547 1152 1602 triduano
1207 1551 1398 1602 tamen
1453 1547 1896 1603 laboriosissimo

255 1643 472 1714 agitato
475 1642 690 1712 judicio
701 1659 830 1696 cum
844 1641 1066 1696 diversa
1084 1641 1272 1696 eidem
1289 1642 1510 1712 objecta
1523 1641 1896 1722 afflictissime

255 1753 646 1808 quaereremus
669 1737 756 1791 vel
785 1752 975 1790 moras
1021 1735 1334 1806 coepiscopi
1382 1736 1565 1790 nostri
1613 1735 1890 1804 Faustini,

2001 518 2146 572 sicut
2171 523 2224 572 te
2259 517 2500 586 dignum
2531 521 2633 586 est;
2665 517 2899 588 repellat
2951 518 3215 574 sanctitas
3263 525 3383 588 tua,
3413 520 3548 592 quia
3581 527 3636 578 et

1999 611 2154 665 nulla
2197 614 2422 682 patrum
2474 610 2804 666 definitione
2844 612 2949 665 hoc
2993 613 3241 666 ecclesiae
3289 614 3628 683 derogatum

2001 709 2087 760 est
2111 704 2408 771 Africana,
2440 710 2497 760 et
2523 705 2749 760 decreta
2777 705 3006 760 Nicaana
3033 706 3146 760 sive
3177 707 3468 762 inferioris
3497 725 3631 779 gra-

1999 799 2106 852 dus
2132 799 2384 866 clericos,
2407 798 2520 852 sive
2551 799 2843 870 episcopos
2863 799 3012 870 ipsos
3039 801 3155 855 suis
3183 802 3636 872 metropolitanis

1999 892 2282 964 episcopis
2349 892 2704 962 apertissime
2757 894 3126 948 commiserit.
3183 895 3632 951 Prudentissime

1999 985 2152 1040 enim
2173 985 2606 1056 justissimeque
2631 986 2898 1040 viderunt
2917 1003 3295 1058 quaecumque
3317 990 3548 1060 negotia
3573 989 3633 1044 in

1998 1079 2114 1133 suis
2139 1079 2276 1132 locis
2293 1079 2392 1133 ubi
2414 1083 2536 1134 orta
2561 1083 2694 1133 sunt
2713 1079 2984 1146 finienda,
3005 1096 3106 1134 nec
3129 1081 3437 1154 unicuique
3453 1083 3634 1154 provi-

1998 1172 2206 1228 dentiae
2249 1172 2494 1243 gratiam
2539 1171 2766 1243 spiritus
2810 1173 3136 1228 defuturam
3183 1191 3294 1246 qua
3339 1176 3572 1247 aequitas
3599 1195 3632 1230 a

1996 1266 2204 1321 Christi
2235 1265 2644 1333 sacerdotibus,
2675 1269 2734 1320 et
2763 1266 3076 1337 prudenter
3099 1267 3374 1338 videatur,
3405 1272 3462 1324 et
3490 1285 3628 1324 con—

1997 1359 2342 1414 stantissime
2395 1365 2678 1427 teneatur,
2731 1359 3097 1430 maximeque
3137 1361 3448 1433 unicuique
3493 1379 3627 1418 con-

1996 1469 2214 1509 cessum
2253 1458 2352 1520 est,
2387 1453 2430 1507 si
2464 1453 2685 1523 judicio
2731 1453 2906 1508 fuerit
2945 1453 3195 1508 offensus
3243 1456 3625 1526 cognitorum,

1997 1549 2069 1602 ad
2098 1547 2340 1602 concilia
2371 1547 2676 1616 provinciae
2703 1563 2836 1614 suae,
2859 1547 2944 1601 vel
2969 1547 3146 1601 etiam
3167 1549 3478 1604 universale
3497 1567 3626 1621 pro-

1995 1657 2213 1710 vocare,
2243 1641 2351 1695 nisi
2383 1641 2528 1694 forte
2559 1640 2864 1712 quisquam
2891 1644 2976 1695 est
3013 1642 3112 1712 qui
3140 1641 3335 1696 credat
3368 1643 3626 1698 unicuili-

1994 1736 2092 1790 bet
2119 1751 2281 1806 posse
2327 1735 2508 1788 Deum
2549 1739 2810 1788 nostrum
2842 1735 3122 1788 examinis
3149 1735 3429 1807 inspirare
3460 1736 3627 1806 justi-
3671 1781 3686 1807 ί

253 1830 348 1885 vel
377 1829 876 1900 tergiversationes
899 1829 1076 1901 ipsius
1104 1829 1337 1900 Apiarii,
1368 1829 1574 1901 quibus
1612 1829 1889 1884 nefandas
1913 1805 1969 1876 B
1992 1829 2150 1894 tiam,
2183 1833 2239 1883 et
2263 1827 2779 1882 innumerabilibus
2826 1828 3188 1899 congregatis
3229 1829 3290 1882 in
3329 1829 3628 1886 concilium

252 1923 644 1995 turpitudines
685 1924 942 1979 occulere
984 1923 1321 1990 conabatur,
1369 1924 1514 1978 Deus
1561 1923 1750 1994 justus
1787 1924 1886 1994 ju-

254 2017 386 2084 dex,
411 2016 577 2071 fortis
615 2021 672 2071 et
701 2017 926 2087 patiens
969 2019 1026 2072 et
1071 2015 1432 2087 longanimis,
1463 2032 1677 2086 magno
1729 2033 1884 2070 com-

252 2111 466 2183 pendio
527 2111 818 2166 resecavit.
877 2110 1130 2166 Tetriore
1204 2110 1415 2182 quippe
1463 2127 1527 2164 ac
1573 2109 1887 2180 putridiore

251 2204 631 2260 obstinatione
652 2221 992 2276 compressa,
1010 2222 1123 2275 qua
1140 2207 1367 2258 tantum
1395 2203 1630 2258 lividum
1659 2220 1886 2258 caenum

249 2298 611 2368 impudentia
638 2298 958 2369 negationis
985 2297 1208 2352 volebat
1247 2297 1509 2364 obruere,
1539 2298 1654 2352 Deo
1691 2301 1884 2352 nostro

251 2392 378 2462 ejus
405 2392 809 2446 conscientiam
841 2392 1191 2459 cohortante,
1219 2395 1275 2446 et
1305 2391 1520 2446 occulta
1563 2408 1690 2462 qua:
1735 2390 1886 2444 illius

247 2485 316 2540 in
339 2485 510 2540 corde
539 2489 807 2557 tanquam
832 2486 890 2540 in
921 2485 1213 2540 volutabra
1245 2485 1550 2539 criminum
1571 2485 1689 2554 jam
1725 2484 1880 2538 dam-

249 2579 422 2634 nabat
441 2579 612 2634 etiam
629 2579 958 2634 hominibus
973 2579 1313 2651 publicante,
1335 2583 1568 2649 repente
1587 2577 1648 2656 in
1669 2579 1885 2632 confes-

245 2673 410 2728 sione
424 2677 764 2728 cunctorum
785 2673 1138 2744 objectorum
1159 2672 1509 2743 flagitiorum
1534 2672 1764 2726 dolosus
1785 2688 1878 2725 ne-

247 2769 414 2837 gator
443 2765 651 2836 erupit,
687 2771 742 2821 et
773 2767 1002 2821 tandem
1041 2766 1110 2820 de
1154 2766 1419 2820 omnibus
1458 2764 1884 2820 incredibilibus

247 2859 570 2931 opprobriis
598 2859 1041 2930 spontaneus,'se
1071 2860 1190 2931 ipse
1221 2859 1480 2926 convicit,
1501 2862 1672 2930 atque
1701 2859 1883 2929 ipsam

247 2969 481 3024 quoque
509 2957 760 3007 nostram
787 2969 966 3024 spem,
995 2970 1108 3025 qua
1149 2970 1280 3007 eum
1315 2955 1372 3008 et
1398 2953 1793 3020 credebamus,
1827 2957 1885 3008 et

247 3047 596 3117 optabamus
622 3047 692 3102 de
723 3052 842 3101 tam
865 3047 1144 3118 pudendis
1171 3047 1405 3101 maculis
1435 3063 1600 3117 posse
1627 3046 1879 3117 purgari,

245 3139 528 3195 convertit
567 3140 628 3194 in
666 3141 934 3210 gemitus,
967 3141 1077 3195 nisi
1105 3140 1380 3211 quoniam
1415 3140 1587 3194 istam
1623 3144 1880 3195 nostram

247 3234 578 3288 maestitiam
599 3250 713 3288 uno
733 3239 960 3288 tantum
985 3234 1179 3289 solatio
1202 3233 1502 3304 mitigavit,
1521 3233 1675 3304 quod
1695 3237 1752 3288 et
1775 3250 1878 3288 nos

241 3329 442 3383 labore
473 3328 845 3383 diuturnioris
893 3327 1221 3399 quaestionis
1247 3327 1504 3394 absolvit,
1536 3331 1592 3382 et
1621 3327 1736 3381 suis
1765 3328 1881 3381 vul—

239 3421 478 3477 neribus
504 3421 957 3492 qualemcunque
988 3421 1288 3489 medelam,
1308 3425 1365 3475 et
1393 3421 1438 3474 si
1463 3421 1522 3474 in
1548 3421 1664 3475 vita
1689 3437 1752 3475 ac
1777 3437 1878 3475 sua

237 3515 586 3570 conscientia
643 3515 961 3570 reluctante
1025 3515 1380 3571 confessione
1445 3513 1710 3586 providit,
1775 3515 1874 3569 do-

239 3609 398 3664 mine
425 3610 620 3665 frater.
648 3611 885 3665 Przefato
915 3610 1104 3681 itaque
1136 3609 1340 3664 debitae
1369 3607 1726 3664 salutationis
1754 3608 1875 3662 ofﬁ-

237 3703 324 3758 cio
347 3703 662 3775 plurimum
691 3704 986 3775 impendio
1009 3704 1404 3775 deprecamur,
1427 3709 1491 3757 ut
1517 3701 1780 3773 deinceps
1804 3702 1874 3756 ad

237 3801 456 3852 vestras
487 3813 654 3852 aures
683 3797 816 3852 hinc
843 3797 1134 3852 venientes
1175 3814 1291 3852 non
1315 3796 1534 3852 facilius
1559 3795 1873 3851 admittatis

237 3908 346 3946 nec
367 3909 400 3945 a
417 3891 579 3946 nobis
607 3892 1126 3946 excommunicatos
1153 3892 1210 3945 in
1238 3891 1706 3946 communionem
1729 3891 1874 3944 ultra

239 3985 424 4039 velitis
489 3985 764 4056 excipere,
808 3985 940 4056 quia
990 3986 1094 4039 hoc
1135 3985 1306 4039 etiam
1355 3985 1576 4038 Niczeno
1636 3983 1872 4038 concilio

238 4079 544 4134 deﬁnitum
587 4079 748 4133 facile
795 4079 1033 4134 advertit
1067 4078 1469 4133 venerabilitas
1497 4081 1614 4132 tua.
1649 4078 1786 4132 Nam
1817 4081 1873 4132 et

237 4173 284 4227 si
306 4174 376 4228 de
397 4172 762 4228 inferioribus
787 4173 1003 4228 clericis
1025 4173 1110 4226 vel
1131 4172 1280 4227 laicis
1308 4173 1529 4227 videtur
1557 4171 1632 4226 ibi
1659 4188 1869 4242 praeca-

237 4267 378 4332 veri,
399 4270 615 4337 quanto
635 4267 816 4337 magis
841 4267 946 4321 hoc
969 4266 1037 4321 de
1061 4266 1337 4338 episcopis
1362 4265 1538 4320 voluit
1560 4265 1866 4335 observari,

235 4377 340 4415 nec
383 4361 442 4414 in
486 4375 586 4414 sua
625 4360 914 4432 provincia
957 4360 1362 4416 communione
1410 4359 1668 4430 suspensi
1712 4376 1745 4412 a
1773 4361 1870 4412 tua

235 4455 538 4508 sanctitate
567 4457 779 4509 temere
800 4455 887 4508 vel
913 4454 1200 4524 festinato,
1223 4469 1585 4525 praepropere
1606 4452 1694 4507 vel
1714 4452 1870 4506 inde-

1921 2899 1936 3030 ἕ

1987 1922 2283 1976 Νἱοεθῐωῐη
2350 1921 2739 1976 sacerdotibus
2803 1922 3110 1992 denegare,
3181 1925 3280 1976 aut
3342 1924 3628 1994 quomodo

1987 2017 2177 2087 ipsum
2205 2016 2648 2071 transmarinum
2685 2015 2969 2086 judicium
3001 2021 3186 2070 ratum
3217 2016 3344 2084 erit,
3374 2018 3446 2072 ad
3477 2019 3626 2089 quod

1986 2110 2218 2166 testium
2261 2109 2599 2164 necessariae
2644 2126 2908 2180 personze
2933 2110 3022 2164 vel
3061 2115 3296 2181 propter
3323 2112 3627 2166 senectutis

1986 2203 2401 2271 inﬁrmitatem,
2427 2203 2514 2258 vel
2543 2203 2742 2257 multis
2764 2203 2888 2258 aliis
2915 2202 3422 2258 intercurrentibus
3447 2205 3524 2260 im
3535 2222 3628 2276 pe-

1987 2298 2254 2354 dimentis
2281 2296 2486 2352 adduci
2515 2313 2634 2352 non
2665 2299 2993 2368 potuerunt.
3027 2298 3170 2350 Nam
3201 2301 3262 2351 ut
3296 2298 3472 2370 aliqui
3493 2303 3619 2354 tan-

1987 2409 2163 2464 quam
2186 2408 2220 2444 a
2249 2396 2362 2446 tute
2393 2389 2709 2444 sanctitatis
2735 2391 2916 2444 latere
2939 2389 3259 2460 mittantur,
3292 2393 3450 2446 nulla
3469 2392 3622 2446 inve-

1984 2485 2174 2540 nimus
2203 2487 2430 2555 patrum
2461 2483 2680 2554 synodo
2725 2484 3114 2552 constitutum,
3144 2484 3272 2554 quia
3301 2485 3440 2540 illud
3466 2487 3618 2557 quod
3657 2483 3676 2508 ⁴

1983 2579 2207 2651 pridem
2236 2593 2340 2648 per
2365 2576 2637 2631 eumdem
2665 2577 3063 2646 coepiscopum
3093 2580 3352 2630 nostrum
3398 2579 3616 2632 Fausti-

1983 2689 2122 2727 num
2145 2677 2422 2742 tanquam
2443 2687 2513 2724 ex
2533 2672 2693 2741 parte
2721 2670 2932 2723 Nicaeni
2961 2670 3184 2724 concilii
3209 2671 3415 2726 exinde
3439 2675 3619 2728 trans-

1982 2765 2214 2820 misistis
2237 2765 2298 2818 in
2323 2763 2577 2819 conciliis
2603 2763 2936 2828 verioribus,
2969 2780 3095 2834 qua:
3133 2764 3488 2835 accipiuntur
3516 2767 3610 2821 Ni-

1983 2859 2122 2914 czeni
2142 2876 2176 2912 a
2201 2862 2393 2913 sancto
2414 2857 2620 2929 Cyrillo
2645 2857 2976 2928 coepiscopo
2997 2861 3193 2912 nostro
3219 2859 3615 2916 Alexandrinae

1984 2953 2234 3008 ecclesias
2262 2957 2318 3008 et
2349 2969 2382 3006 a
2409 2951 2720 3006 venerabili
2762 2951 2943 3005 Attico
2985 2953 3614 3024 Constantinopolitano

1983 3046 2231 3102 antistite
2273 3062 2338 3100 ex
2380 3045 2720 3100 Authentico
2769 3045 2974 3111 missis,
3001 3062 3130 3117 quae
3159 3046 3334 3101 etiam
3375 3049 3615 3104 antehac

1983 3158 2086 3212 per
2115 3139 2503 3195 Innocentium
2531 3139 2928 3210 presbyterum
2958 3142 3014 3194 et
3041 3139 3363 3196 Marcellum
3391 3142 3616 3198 subdia-

1983 3251 2211 3302 conum,
2235 3249 2338 3304 per
2361 3249 2504 3305 quos
2525 3233 2599 3287 ad
2631 3249 2730 3286 nos
2759 3233 2830 3286 ab
2857 3234 2937 3288 eis
2963 3233 3179 3288 directa
3207 3239 3356 3302 sunt,
3377 3252 3608 3291 venera-

1976 3328 2107 3383 bilis
2135 3326 2432 3382 memoriae
2463 3325 2754 3380 Bonifacio
2783 3327 3046 3397 episcopo
3076 3327 3474 3398 praedecessori
3505 3347 3606 3388 no-

1976 3427 2092 3476 stro
2123 3439 2154 3475 a
2185 3421 2348 3476 nobis
2394 3420 2727 3474 transmissa
2750 3423 2902 3487 sunt,
2933 3420 2992 3474 in
3020 3420 3226 3490 quibus
3255 3422 3363 3478 tale
3391 3424 3608 3496 aliquid

1977 3533 2094 3570 non
2117 3515 2404 3586 potuimus
2445 3513 2720 3585 reperire.
2756 3515 3122 3568 Exsecutores
3170 3515 3344 3569 etiam
3374 3518 3608 3573 clericos

1974 3613 2189 3664 vestros
2235 3607 2554 3680 quibusque
2584 3605 2908 3678 petentibus
2947 3606 3126 3660 nolite
3157 3608 3402 3678 mittere,
3429 3611 3607 3666 nolite

1974 3702 2303 3768 concedere,
2338 3717 2408 3755 ne
2434 3700 2712 3754 famosum
2739 3704 2938 3770 typum
2967 3699 3160 3754 saeculi
3201 3701 3258 3754 in
3302 3701 3604 3758 Ecclesiam

1973 3795 2176 3852 Christi
2205 3811 2334 3867 quae
2365 3796 2552 3849 lucem
2593 3793 2968 3865 simplicitatis
2994 3797 3052 3848 et
3079 3794 3423 3850 humilitatis
3449 3797 3601 3852 diem

1972 3891 2197 3962 Domini
2221 3890 2416 3944 videre
2446 3888 2806 3960 cupientibus
2837 3888 3089 3958 praefert,
3119 3888 3419 3945 videamur
3445 3891 3606 3946 indu~

1972 3969 2288 4085 coralj‘iam
2316 3985 2386 4038 de
2413 3983 2588 4038 fratre
2609 3985 2804 4037 nostro
2831 3982 3116 4050 Faustino,
3139 3987 3332 4039 amoto
3350 3985 3472 4055 jam
3499 4003 3602 4057 pro

1972 4081 2088 4134 suis
2117 4076 2380 4134 nefandis
2425 4077 2696 4149 nequitiis
2733 4076 2803 4130 de
2833 4076 3038 4131 Christi
3082 4078 3327 4132 Ecclesia
3365 4079 3606 4134 dolendo

1970 4173 2194 4246 Apiario
2221 4171 2405 4227 securi
2429 4187 2644 4238 sumus,
2677 4170 2831 4243 quod
2861 4187 2991 4225 eum
3019 4171 3300 4242 probitate
3325 4189 3388 4227 ac
3415 4174 3606 4228 mode-

1970 4269 2187 4323 ratione
2217 4271 2332 4321 tuae
2358 4265 2694 4331 sanctitatis,
2726 4265 2876 4318 salva
2923 4265 3176 4320 fraterna
3215 4267 3490 4323 charitate
3518 4270 3601 4323 ul-

1971 4362 2144 4416 terius
2171 4361 2229 4414 in
2267 4359 2453 4413 Africa
2495 4358 2737 4412 minime
2780 4358 3057 4414 sustinere
3108 4359 3377 4430 patiatur,
3406 4365 3463 4416 et
3493 4361 3602 4417 alia

1967 4472 2188 4510 manu:
2232 4454 2509 4507 Dominus
2556 4457 2750 4506 noster
2791 4451 3146 4507 sanctitatem
3193 4459 3439 4509 vestram
3487 4473 3603 4510 aevo

235 4548 371 4602 bitat
401 4547 699 4603 videantur
725 4548 1112 4603 communioni
1142 4547 1382 4617 restitui,
1405 4547 1869 4620 presbyterorum
1891 4555 1949 4627 D
1970 4544 2226 4616 longiore
2253 4546 2510 4596 orantem
2528 4557 2632 4612 pro
2651 4541 2811 4595 nobis
2838 4543 3132 4613 custodiat,
3151 4543 3381 4599 domine
3401 4545 3597 4600 frater.

779 4765 1166 4827 INCIPIU‘NT
1211 4764 1588 4826 CAPITULA
1633 4763 1964 4824 CONCILII
2011 4755 2676 4822 CARTHAGINENSIS
2725 4753 3064 4818 SEPTIMI.

311 4883 360 4934 l.
405 4881 486 4934 De
513 4883 1017 4937 excommunicatis
1047 4885 1111 4937 ut
1140 4883 1211 4936 ad
1255 4881 1594 4936 clericorum
1638 4897 1868 4935 accusa-

238 4973 458 5029 tionem
495 4989 610 5028 non
637 4975 1029 5030 admittantur.

308 5071 363 5122 2.
407 5069 484 5122 De
533 5068 789 5139 personis
832 5070 1038 5141 quibus
1080 5071 1410 5125 clericorum
1451 5067 1735 5125 accusatio
1777 5068 1868 5121 in-

237 5161 560 5216 terdicitur.

308 5259 360 5310 3.
405 5255 479 5310 De
505 5256 596 5311 his
621 5257 718 5329 qui
747 5259 996 5329 primum
1027 5259 1242 5314 crimen
1274 5259 1560 5331 objectum
1593 5275 1706 5312 non
1738 5274 1868 5329 pro-

1971 4881 2179 4935 barunt
2209 4881 2272 4932 ut
2298 4877 2368 4932 ad
2399 4879 2603 4931 cetera
2629 4892 2743 4930 non
2772 4875 3158 4930 admittantur.

2042 4975 2093 5027 4.
2136 4974 2215 5026 De
2239 4971 2498 5043 personis
2520 4986 2650 5042 quae
2671 4969 2937 5024 adversus
2951 4969 3184 5025 clericos
3203 4973 3602 5032 testimonium

1973 5068 2160 5122 dicere
2189 5065 2591 5138 prohibentur.

2045 5166 2095 5215 5.
2139 5163 2216 5215 De
2245 5177 2312 5215 eo
2341 5175 2512 5231 quem
2543 5159 2661 5212 solo
2695 5156 3016 5212 testimonio
3049 5164 3476 5234 praesumpserit
3502 5183 3601 5221 ex-

1973 5253 2542 5310 communicandum.

508 5487 924 5582 INCIPIT
1011 5489 1630 5584 CONCILIUM
1724 5486 2673 5582 CARTHAGINENSE
2763 5487 3338 5584 SEPTIMUM

1300 5649 1680 5714 TRIGINTA
1724 5649 1919 5714 OCTO
1965 5646 2538 5712 EPISCOPORUM.

315 5779 442 5832 Post
484 5779 842 5835 consulatum
897 5779 1431 5850 gloriosissimorum
1463 5780 1873 5851 imperatorum

249 5869 482 5927 Honorii
537 5873 709 5946 tertii,
759 5877 814 5930 et
861 5874 1159 5932 Theodosii
1210 5874 1421 5943 octavi,
1469 5877 1872 5945 Augustorum,

1975 5775 2140 5833 tertio
2171 5776 2430 5832 Kalendis
2473 5775 2604 5832 Julii
2631 5775 2994 5848 Carthagine,
3023 5775 3081 5830 in
3116 5775 3419 5830 secretario
3451 5775 3600 5829 basi-

1976 5871 2096 5928 licae
2145 5870 2437 5943 restitutae,
2487 5887 2616 5926 cum
2661 5869 2918 5927 Aurelius
2967 5867 3263 5941 episcopus
3309 5883 3425 5924 una
3471 5884 3600 5926 cum
