4054 6300
443 312 541 366 307

443 511 633 581 legato
701 513 973 566 Romana
1033 512 1326 576 Ecclesia,
1396 511 1686 564 Vincentio
1751 511 2070 577 Culusiano,

446 605 852 658 Fortunatiano
913 605 1298 675 Neapolitano,
1348 604 1637 658 Mauriano
1687 603 2071 674 Uzipparensi,

446 698 732 752 Adeodato
778 697 1063 764 Simidico,
1098 696 1365 750 Pentadio
1411 697 1740 766 Carpitano,
1772 695 2073 750 Ruﬁniano

445 791 754 859 Muzuensi,
799 793 1108 844 Pratexato
1154 789 1490 857 Sicilibensi,
1536 789 1928 853 Quodvultdeo
1968 791 2071 842 Ve-

447 885 615 951 rensi,
648 885 902 939 Candide
933 884 1243 950 Abiritano,
1279 883 1609 937 Galloniano
1642 883 1886 938 Uticensi
1917 884 2072 953 lega-

444 979 537 1046 tis,
571 977 875 1049 provincia
911 978 1209 1044 Numidia,
1241 977 1678 1048 proconsularis,
1708 977 1927 1047 Alippio
1971 979 2072 1031 Ta-

448 1072 628 1142 gensi,
664 1071 976 1142 Augustino
1006 1072 1264 1141 Hippone
1295 1070 1578 1141 Regiensi,
1613 1076 1668 1124 et
1699 1071 1947 1124 Possidio
1979 1071 2077 1124 Ca-

444 1165 684 1220 lamensi
745 1165 948 1236 legatis
1017 1163 1322 1234 provincia
1385 1164 1686 1229 Numidia,
1739 1163 2076 1218 Maximiano

446 1258 780 1330 Aquiregni,
811 1259 1066 1312 Jocundo
1095 1258 1462 1324 Sufﬁtulensi,
1486 1264 1540 1311 et
1573 1258 1822 1311 Hilarino
1854 1259 2078 1311 Herreo-

445 1352 698 1406 colorum
742 1352 945 1421 legatis
987 1351 1292 1421 provincia
1333 1350 1674 1418 Bizancena,
1703 1352 1917 1405 Novato
1944 1350 2074 1405 Siti-

442 1447 608 1512 tensi,
657 1449 714 1498 et
755 1447 945 1498 Leone
995 1445 1228 1515 Optcnsi
1275 1445 1477 1515 legatis
1523 1444 1825 1514 provincia
1871 1444 2073 1499 Mauri-

439 1541 614 1594 tania
659 1539 960 1606 Sitifensis,
992 1538 1203 1592 Nivello
1258 1539 1587 1605 Rusurensi,
1619 1538 1922 1592 Laurentio
1970 1540 2078 1592 Ico-

445 1634 650 1700 sitano,
669 1635 726 1686 et
747 1632 1090 1686 Numeriano
1115 1631 1496 1703 Nusgumensi
1525 1633 1749 1701 legatis,
1773 1632 2076 1702 provincia

443 1725 791 1782 Mauritania
839 1725 1212 1795 Casariensis,
1242 1725 1310 1778 ab
1355 1726 1632 1778 universis
1656 1724 1888 1778 concilio
1918 1725 2076 1795 judi-

1323 309 1604 365 APPEND.
1646 311 1732 363 AD
1771 311 1932 363 SEO.
1977 310 2060 362 ΙΧ.
2094 338 2161 348 ——
2203 307 2449 363 lSlDOltl
2490 309 2916 363 MEHCATORIS

445 414 713 473 Faustino
743 419 998 472 ecclesia
1026 417 1336 472 Potentina
1363 417 1666 488 provinciae
1696 417 1866 470 Italia
1885 415 2074 470 Piceni
2097 431 2155 503 Α

3697 314 3802 366 368

2249 418 2336 470 lll.
2368 418 2504 470 Item
2538 416 2771 487 placuit,
2795 415 3248 486 quotiescunque
3296 415 3510 470 clericis
3540 416 3610 469 ab
3647 434 3813 471 accu-

2175 493 2672 564 satoribus‘multa
2722 509 2962 563 crimina
3005 509 3371 579 objiciuntur,
3405 515 3462 564 et
3508 527 3693 564 unum
3739 529 3810 565 ex

2173 603 2309 673 ipsis
2337 603 2406 656 de
2434 619 2544 672 quo
2571 602 2727 672 prius
2759 602 2962 672 egerit,
2989 603 3231 673 probare
3275 620 3394 657 non
3437 603 3700 674 voluerit,
3732 604 3810 658 ad

2175 702 2375 750 caetera
2405 712 2522 749 non
2558 695 2914 750 admittatur.

2244 791 2329 843 IV.
2362 791 2550 844 Testes
2578 791 2772 843 autem
2807 791 2878 844 ad
2901 789 3296 845 testimonium
3335 808 3450 846 non
3493 792 3807 846 admitten-

2176 883 2296 950 dos,
2318 882 2416 954 qui
2447 900 2549 937 nec
2571 883 2643 936 ad
2663 883 3079 938 accusationem
3106 885 3327 939 admitti
3355 887 3625 957 pracepti
3650 888 3805 952 sunt,

2178 977 2262 1029 vel
2289 976 2462 1030 etiam
2491 993 2632 1047 quos
2658 975 2796 1048 ipse.
2820 981 3117 1032 accusator
3143 978 3212 1031 de
3239 979 3408 1033 domo
3452 995 3555 1033 sua
3600 978 3810 1050 produ-

2175 1071 2342 1138 xerit,
2374 1071 2445 1124 ad
2475 1071 2869 1125 testimonium
2911 1077 3104 1126 autem
3138 1071 3284 1127 infra
3319 1089 3502 1127 annos
3545 1075 3810 1144 quatuor-

2177 1164 2360 1218 decim
2388 1164 2569 1217 atatis
2600 1181 2716 1218 sua
2747 1181 2866 1219 non
2890 1166 3282 1220 admittantur.

2247 1259 2310 1312 V.
2368 1260 2508 1311 Item
2552 1259 2793 1328 placuit,
2844 1262 2905 1312 ut
2953 1259 3001 1313 si
3051 1260 3278 1330 quando
3325 1261 3622 1331 episcopus
3675 1262 3812 1316 dicit

2176 1352 2425 1422 aliquem
2446 1351 2551 1405 sibi
2580 1353 2682 1406 soli
2702 1352 2998 1423 proprium
3028 1352 3246 1407 crimen
3266 1354 3436 1407 fuisse
3463 1355 3806 1423 confessum,

2175 1449 2346 1516 atque
2377 1445 2472 1498 ille
2497 1451 2686 1516 neget,
2722 1463 2834 1500 non
2868 1450 3028 1518 putet
3073 1447 3146 1500 ad
3190 1447 3461 1518 injuriam
3503 1464 3663 1502 suam
3695 1449 3812 1519 epi-

2177 1555 2376 1609 scopus
2421 1539 2728 1609 pertinere,
2757 1541 2911 1610 quod
2950 1539 3031 1594 illi
3075 1541 3178 1594 soli
3221 1557 3337 1596 non
3376 1541 3645 1611 creditur,
3672 1547 3730 1596 et
3760 1540 3811 1595 si

2178 1633 2444 1703 scrupulo
2473 1633 2723 1704 propria
2753 1634 3111 1688 conscientia
3136 1651 3192 1688 se
3221 1635 3364 1689 dixit
3393 1635 3626 1706 neganti
3651 1635 3810 1689 nolle

2178 1727 2622 1793 communicare,
2656 1727 2931 1798 quamdiu
2976 1729 3474 1783 excommunicato
3506 1745 3619 1783 non
3656 1745 3812 1784 com-

445 1820 602 1874 cibus
633 1817 862 1873 delectis
898 1819 1210 1873 astantibus
1250 1818 1581 1872 diaconibus
1624 1819 1988 1885 consedisset,
2023 1804 2154 1875 etB
2177 1819 2552 1874 municaverit
2581 1836 2713 1874 suus
2741 1822 3036 1891 episcopus
3064 1822 3247 1876 eidem
3275 1821 3562 1893 episcopo,
3584 1823 3653 1876 ab
3683 1823 3808 1876 aliis

445 1912 785 1984 quibusdam
815 1913 1058 1983 peractis
1095 1912 1262 1966 multi
1305 1912 1552 1983 episcopi
1581 1917 1916 1966 caterorum
1944 1929 2073 1982 per-

441 2007 790 2078 agendorum
816 2023 1003 2060 moras
1029 2023 1085 2060 se
1112 2011 1617 2076 conquarerentur
1648 2007 1926 2060 sustinere
1961 2023 2076 2060 non

443 2117 630 2171 posse,
657 2102 714 2154 et
753 2101 822 2154 ad
863 2099 1122 2170 proprias
1169 2099 1432 2153 ecclesias
1478 2099 1836 2166 festinarent,
1869 2099 2079 2169 placuit

447 2193 710 2248 universo
764 2194 1020 2261 concilio,
1065 2198 1126 2246 ut
1174 2195 1244 2247 ab
1287 2193 1552 2246 omnibus
1605 2193 1957 2263 eligerentur
2006 2193 2077 2245 de

449 2287 688 2357 singulis
715 2287 1034 2358 quibusque
1062 2286 1386 2356 provinciis,
1420 2286 1519 2356 qui
1550 2292 1782 2356 propter
1808 2285 1919 2341 alia
1948 2302 2075 2356 per-

447 2381 670 2452 agenda
695 2381 1030 2447 residerent,
1051 2385 1106 2434 et
1133 2380 1346 2433 factum
1375 2384 1459 2433 est
1485 2385 1547 2432 ut
1579 2379 1636 2432 hi
1657 2379 1918 2433 adessent
1933 2396 2075 2449 quo-

445 2492 574 2531 rum
603 2474 1039 2544 subscriptiones
1068 2491 1165 2528 eos
1194 2473 1441 2527 adfuisse
1470 2475 1765 2526 testantur.

513 2570 638 2624 CAP.
669 2570 708 2621 l.
747 2567 1095 2639 Placuitque,
1141 2567 1418 2638 quoniam
1462 2567 1850 2637 superioribus
1889 2566 2076 2620 conci-

447 2664 658 2717 liorum
683 2661 922 2716 decretis
947 2662 1017 2714 de
1046 2660 1302 2732 personis
1323 2677 1449 2730 qua
1471 2660 1836 2713 admittenda
1858 2663 1992 2713 sunt
2008 2660 2080 2713 ad

443 2756 856 2810 accusationem
905 2755 1242 2808 clericorum
1291 2754 1413 2823 jam
1460 2753 1827 2807 constitutum
1871 2759 1972 2821 est,
2025 2757 2083 2807 et

448 2867 578 2920 qua
605 2865 861 2920 persona
887 2864 1005 2901 non
1042 2847 1420 2902 admittantur
1453 2850 1575 2917 jam
1615 2863 1945 2916 expressum
1975 2850 2078 2916 est,

447 2943 662 2996 idcirco
703 2941 1006 2996 deﬁnimus
1058 2958 1192 2995 eum
1238 2941 1345 2994 rite
1386 2940 1458 2994 ad
1506 2942 1922 2995 accusationem
1965 2958 2084 2995 non

446 3035 694 3102 admitti,
729 3035 826 3106 qui
866 3039 1239 3106 posteaquam
1278 3034 1798 3088 excommunicatus
1825 3035 1996 3088 fuerit
2023 3033 2082 3087 in

447 3131 568 3200 ipsa
611 3129 797 3183 adhuc
844 3128 1437 3182 excommunicatione
1486 3129 1840 3196 constitutus,
1873 3129 1985 3184 sive
2012 3129 2086 3183 sit

448 3222 710 3292 clericus,
744 3222 858 3277 sive
887 3222 1078 3288 laicus,
1107 3238 1366 3276 accusare
1395 3223 1654 3276 voluerit.

521 3319 586 3373 II.
616 3318 755 3371 Item
785 3315 1014 3388 placuit,
1043 3320 1106 3370 ut
1137 3333 1337 3370 omnes
1367 3316 1511 3370 servi
1538 3317 1617 3370 vel
1651 3317 1868 3388 proprii
1893 3317 2082 3371 liberti

448 3412 521 3465 ad
551 3411 969 3465 accusationem
1000 3427 1116 3465 non
1147 3410 1539 3476 admittantur,
1572 3411 1657 3465 vel
1704 3428 1902 3465 omnes
1942 3428 2082 3482 quos

450 3507 520 3560 ad
564 3505 880 3559 accusanda
924 3505 1147 3576 publica
1192 3504 1434 3559 crimina
1478 3505 1630 3576 leges
1673 3505 1915 3576 publica
1964 3522 2081 3560 non

451 3599 780 3668 admittunt,
807 3616 1005 3654 omnes
1037 3598 1192 3652 enim
1221 3598 1475 3652 infamia
1503 3601 1737 3654 maculis
1765 3600 1996 3670 aspersi,
2022 3599 2082 3653 id

447 3698 550 3762 est,
585 3693 888 3748 histriones
917 3709 980 3746 ac
1007 3692 1455 3763 turpitudinibus
1500 3693 1766 3763 subjecta
1806 3711 2079 3764 persona,

447 3786 702 3841 haeretici
729 3787 922 3854 etiam,
951 3785 1066 3838 sive
1111 3785 1339 3856 pagani,
1370 3785 1484 3840 sive
1525 3786 1726 3853 Judaei,
1755 3787 1852 3839 sed
1888 3791 2082 3840 tamen

449 3880 716 3934 omnibus
742 3879 945 3951 quibus
972 3878 1247 3932 accusatio
1275 3879 1607 3950 denegatur,
1637 3879 1695 3932 in
1744 3880 1924 3933 causis
1954 3897 2083 3950 pro-

448 3973 585 4044 priis
613 3972 917 4027 accusandi
949 3972 1178 4026 licentia
1205 3988 1322 4026 non
1350 3972 1636 4043 neganda.

2174 1930 2290 1967 non
2310 1914 2765 1968 communicatur
2786 1914 3084 1986 episcopis,
3107 1918 3169 1968 ut
3186 1915 3368 1986 magis
3388 1919 3580 1970 caveat
3598 1917 3813 1986 episco—

2175 2024 2300 2078 pus,
2335 2024 2406 2060 ne
2437 2007 2588 2061 dicat
2613 2006 2673 2061 in
2705 2024 3053 2078 quemquam
3094 2009 3249 2080 quod
3289 2009 3412 2063 aliis
3458 2010 3812 2064 documentis

2178 2099 2515 2154 convincere
2556 2117 2670 2153 non
2701 2107 2903 2171 potest.
2949 2103 3015 2155 Et
3061 2102 3513 2174 subscripserunt
3551 2105 3812 2157 Aurelius

2180 2194 2477 2264 episcopus
2501 2194 2750 2247 ecclesia
2780 2195 3259 2266 Carthaginiensis,
3290 2197 3582 2250 Faustinus
3611 2199 3816 2251 Poten-

2178 2286 2313 2340 tina
2337 2286 2642 2357 provincia
2670 2287 2880 2353 Piceni,
2909 2288 3166 2358 Alippius
3192 2290 3544 2359 Tagastensis
3586 2291 3812 2360 legatus

2179 2380 2480 2450 provincia
2507 2380 2807 2447 Numidia,
2837 2381 3184 2450 Augustinus
3211 2382 3487 2454 Hippona
3515 2383 3813 2454 Regiensis

2178 2473 2395 2543 legatus
2443 2473 2727 2526 Numidia
2785 2474 3109 2544 provincia,
3165 2475 3452 2529 Possidius
3514 2476 3814 2547 episcopus

2180 2566 2528 2621 Calamensis
2582 2568 2798 2636 legatus
2853 2567 3158 2637 provincia
3213 2569 3514 2637 Numidia,
3569 2571 3814 2623 Novatus

2181 2659 2453 2714 Sitifensis
2479 2661 2700 2731 legatus
2749 2661 3049 2731 provincia
3089 2662 3364 2732 ejusdem,
3395 2663 3504 2717 Leo
3551 2663 3815 2734 Optensis

2179 2753 2402 2824 legatus
2445 2754 2751 2824 provincia
2797 2755 3146 2809 Mauritania
3201 2755 3497 2824 Sitifensis,
3542 2757 3812 2812 Maurita-

2182 2847 2311 2900 nius
2351 2847 2799 2917 Uzipparitanus,
2849 2849 3121 2902 Ruﬁanus
3173 2849 3462 2918 Muzensis,
3510 2851 3818 2914 Quodvult-

2185 2940 2324 2994 deus
2360 2941 2635 3009 Verensis,
2666 2941 2951 2994 Candidus
2996 2942 3323 2996 Abiritanus
3365 2943 3817 2998 Germaniciano-

2182 3050 2331 3102 rum,
2363 3034 2728 3088 Gallonianus
2769 3035 3065 3102 Uticensis,
3091 3037 3373 3091 Jocundus
3413 3037 3701 3093 Suffetula
3740 3039 3819 3092 le-

2189 3131 2349 3197 gatus
2406 3128 2714 3197 provincia
2768 3129 3108 3197 Bizancena,
3165 3131 3446 3185 Hilarinus
3491 3131 3817 3185 Horreocel-

2189 3175 2346 3197 C"“"
2407 3175 2464 3197 1"
2481 3175 2506 3181 '
2526 3175 2534 3180 '
2550 3175 2712 3184 "‘""'
2768 3175 3108 3197 ’“’““”““”“’“””’⁶¹“”“’“”ἳ
3165 3175 3308 3185 ’⁵⁸³⁸⁵“¹”⁵
3321 3175 3446 3185 ⁸⁸⁸⁹⁸¹¹
3491 3175 3624 3185 ⁸⁵⁵ν⁵⁸
3638 3175 3792 3185 νννν⁶

2107 3175 2162 3249 C
2189 3220 2359 3274 lensis
2419 3220 2636 3291 legatus
2689 3221 2992 3291 provincia
3047 3223 3390 3291 Bizancena,
3441 3224 3816 3278 Maximianus

2181 3313 2572 3369 Suffetulensis
2624 3316 2847 3385 legatus
2888 3316 3189 3386 provincia
3253 3318 3601 3384 Bizancena,
3644 3318 3814 3373 Maxi-

2179 3407 2406 3461 mianus
2454 3407 2794 3479 Aquiregnis
2851 3411 3069 3480 legatus
3111 3411 3416 3481 provincia
3466 3411 3813 3480 Bizancena,

2179 3501 2420 3555 Nivellus
2467 3502 2804 3556 Rusurensis
2851 3505 3068 3574 legatus
3105 3505 3407 3575 provincia
3438 3505 3814 3574 Casariensis,

2180 3595 2517 3649 Laurentius
2539 3597 2842 3651 Icositanus
2863 3598 3083 3668 legatus
3104 3599 3408 3669 provincia
3430 3599 3814 3667 Caesariensis,

2181 3689 2558 3742 Numerianus
2603 3691 3011 3762 Nusgumensis
3041 3694 3260 3762 legatus
3291 3693 3596 3763 provincia
3628 3695 3815 3749 Casa-

2179 3787 2416 3856 riensis,
2481 3788 2776 3858 Philippus
2841 3791 3139 3862 presbyter
3198 3791 3456 3846 Ecclesia
3518 3793 3815 3860 Romana,

2181 3880 2400 3934 Asellus
2423 3882 2720 3953 presbyter
2745 3884 2966 3955 legatus
2993 3886 3248 3940 Ecclesia
3281 3887 3579 3941 Romana.

473 4107 3810 4130 Μ

1240 4207 1638 4273 INCIPIUNT
1695 4209 2088 4275 CAPITULA
2149 4212 2482 4279 CONCILII
2546 4215 3029 4281 MILEVITANI.

527 4341 574 4391 t.
614 4338 823 4391 Contra
854 4337 1188 4408 Pelagianos
1229 4338 1325 4410 qui
1371 4339 1567 4394 dicunt
1592 4340 1765 4395 etiam
1796 4341 1917 4396 sine
1945 4358 2075 4413 pec-

448 4436 573 4486 cato
600 4431 749 4486 mori
779 4431 1025 4502 potuisse
1057 4433 1258 4487 Adam.

517 4529 569 4581 2.
614 4525 777 4590 Quod
817 4526 983 4596 juxta
1009 4527 1260 4596 Apostoli
1305 4527 1693 4583 testimonium
1739 4529 1909 4583 etiam
1956 4547 2081 4601 par-

446 4619 561 4674 vuli
593 4620 690 4691 qui
722 4620 863 4674 nihil
898 4621 1113 4691 peccati
1142 4621 1327 4676 adhuc
1359 4623 1766 4677 commiserunt
1791 4641 1990 4678 omnes
2021 4625 2078 4680 in

448 4717 810 4785 peccatorum
838 4714 1169 4769 remissione
1195 4717 1470 4770 veraciter
1489 4717 1865 4787 baptizentur.

521 4811 572 4862 3.
616 4808 778 4872 Quod
805 4804 987 4879 gratia
1030 4810 1128 4863 Dei
1173 4826 1287 4863 non
1322 4812 1508 4864 solum
1550 4817 1776 4882 peccata
1823 4813 2078 4882 dimittit,

449 4900 551 4955 sed
573 4902 744 4955 etiam
769 4902 997 4973 adjuvat
1023 4920 1094 4956 ne
1126 4904 1579 4958 committantur.

519 4995 573 5048 4.
615 4995 778 5058 Quod
802 5013 906 5065 per
932 4996 1172 5066 gratiam
1205 4997 1298 5052 Dei
1330 4998 1575 5052 sciamus
1603 4998 1738 5070 quid
1779 4998 1964 5054 facere
1989 5000 2084 5054 de-

447 5088 686 5142 beamus
714 5092 769 5142 et
801 5088 1038 5160 diligere
1071 5093 1133 5144 ut
1157 5091 1449 5147 faciamus.

521 5184 570 5235 5.
613 5183 770 5248 Quod
802 5184 983 5253 gratia
1008 5185 1111 5238 Dei
1140 5191 1373 5255 prastet
1402 5192 1463 5240 ut
1489 5187 1573 5240 lex
1615 5187 1937 5257 impleatur,
1968 5205 2082 5243 non

453 5274 615 5341 (sicut
645 5275 724 5328 ait
751 5277 1025 5348 Pelagius)
1057 5279 1216 5333 facile
1257 5280 1419 5350 quasi
1465 5280 1586 5334 sine
1619 5281 1803 5351 gratia
1847 5282 1948 5335 Dei
1980 5282 2080 5335 dif-

446 5369 650 5422 ﬁcilius
676 5371 853 5440 possit
882 5371 1124 5442 impleri.

516 5466 569 5517 6.
610 5465 762 5532 Quod
803 5465 968 5535 juxta
1010 5464 1354 5519 sententiam
1394 5466 1628 5520 Joannis
1674 5469 2074 5540 evangelista:

445 5554 624 5612 Nemo
651 5559 723 5612 sit
764 5559 861 5629 qui
893 5575 1013 5612 esse
1042 5558 1217 5628 possit
1246 5559 1366 5612 sine
1396 5565 1644 5630 peccato.

515 5655 566 5705 7.
610 5651 776 5715 Quod
819 5651 1125 5722 unicuique
1170 5652 1344 5707 etiam
1387 5654 1540 5724 justo
1582 5671 1699 5709 non
1741 5655 1927 5710 solum
1975 5675 2078 5729 pro

443 5741 587 5810 aliis,
616 5744 717 5797 sed
745 5748 802 5798 et
829 5761 932 5814 pro
964 5745 1265 5817 semetipso
1295 5746 1483 5802 dicere
1518 5753 1816 5819 oporteat:
1850 5750 2080 5808 Dimitte

437 5833 602 5885 nobis
629 5835 817 5889 debita
855 5840 1072 5890 nostra.

2249 4347 2301 4398 8.
2338 4344 2499 4407 Quod
2554 4362 2587 4399 a
2641 4345 2850 4399 sanctis
2911 4346 3189 4400 veraciter
3255 4345 3462 4401 dicitur
3509 4363 3523 4401 :
3586 4345 3816 4401 Dimitte

2105 4469 2118 4490 δ
2178 4436 2344 4491 nobis
2375 4437 2565 4492 debita
2594 4445 2803 4493 nostra.

2097 4507 2157 4577 D
2250 4553 2300 4604 9.
2342 4552 2498 4614 Quod
2526 4552 2596 4606 ad
2624 4569 2957 4607 communes
3001 4571 3195 4608 causas
3239 4554 3500 4610 Ecclesia
3546 4553 3814 4624 generale

2184 4644 2486 4698 concilium
2548 4647 2890 4718 congregari
2956 4652 3235 4718 oporteat,
3287 4649 3347 4702 in
3401 4647 3632 4719 privatis
3684 4662 3818 4700 vero

2185 4738 2368 4792 causis
2394 4739 2640 4810 speciale
2672 4741 3120 4814 uniuscujusque
3149 4742 3474 4813 provincia.

2259 4851 2340 4902 lO.
2383 4850 2454 4903 Ut
2495 4849 2755 4919 epistolas
2780 4851 2852 4904 ad
2882 4850 3188 4905 concilium
3235 4851 3583 4906 evocandum
3607 4853 3819 4904 metro-

2183 4942 2464 5012 politanus
2492 4943 2825 5010 subscribat,
2862 4949 2918 4998 et
2947 4944 3173 5015 dirigat.

2258 5059 2340 5109 ll.
2382 5057 2452 5110 Ut
2497 5057 2565 5110 de
2629 5057 2910 5110 hareticis
2955 5062 3010 5111 et
3052 5057 3377 5112 infidelibus
3438 5057 3716 5130 quidquid
3762 5059 3817 5112 in

2183 5149 2422 5202 concilio
2455 5150 2814 5204 constituitur
2839 5168 2872 5204 a
2899 5150 3154 5222 principe
3184 5152 3540 5222 impleretur.

2256 5264 2339 5315 l2.
2384 5262 2451 5315 Ut
2491 5279 2688 5332 preces
2733 5266 2790 5316 et
2830 5263 3114 5318 orationes
3162 5265 3494 5335 composita
3526 5264 3654 5336 (nisi
3685 5281 3814 5336 pro-

2181 5355 2326 5409 beta
2355 5354 2569 5409 fuerint
2595 5356 2653 5409 in
2681 5356 2938 5427 concilio)
2962 5374 3078 5411 non
3107 5357 3384 5412 dicantur.

2257 5461 2342 5512 13.
2383 5459 2455 5512 Ut
2513 5458 2855 5530 posteriores
2921 5459 3299 5514 anterioribus
3364 5459 3646 5532 episcopis
3697 5478 3811 5516 non

2182 5552 2577 5622 praeferantur,
2604 5569 2706 5607 nec
2733 5553 3065 5609 inconsultis
3095 5554 3433 5625 primatibus
3463 5555 3577 5609 suis
3606 5555 3816 5627 aliquid

2183 5662 2357 5717 agere
2384 5651 2755 5715 prasumant.

2258 5752 2339 5806 14.
2403 5753 2475 5806 Ut
2549 5754 2800 5824 episcopi
2872 5773 2974 5826 pro
3048 5762 3306 5827 tempore
3381 5757 3813 5813 consecrationis

2183 5862 2298 5900 sua
2329 5845 2544 5900 litteras
2571 5847 2640 5900 ab
2669 5848 3083 5904 ordinatoribus
3117 5851 3383 5906 habeant.
