4054 6298
204 329 303 379 369

1436 323 1910 377 DECRETALIUM
1949 323 2333 378 COLLECTIO.

3461 327 3562 380 370

271 431 398 505 8'7
435 437 516 486 15.
548 431 618 485 Ut
642 430 738 485 ubi
773 431 1022 502 primum
1063 430 1188 501 quis
1235 430 1452 500 legerit,
1485 430 1564 484 ibi
1602 446 1834 501 perma-
1860 442 1916 517 Α
2008 433 2095 484 21.
2131 433 2206 485 De
2237 429 2511 501 episcopis
2532 430 2631 501 qui
2654 431 2810 501 quod
2836 433 3094 502 repetere
3115 435 3395 502 poterant,
3421 449 3562 502 prae-

201 532 339 579 neat
369 526 626 580 clericus.

275 623 362 674 16.
396 621 466 674 Ut
490 636 592 690 pro
620 618 802 673 causis
828 618 1194 674 ecclesiarum
1223 622 1581 674 exsecutores
1611 619 1696 674 vel
1729 619 1832 675 ad-

198 714 383 768 vocati
409 732 441 768 a
469 713 727 784 principe
752 713 1128 783 postulentur.

275 812 362 862 l7.
398 809 470 862 Ut
499 823 684 878 neque
713 806 994 876 dimissus,
1027 823 1215 878 neque
1246 805 1475 861 dimissa
1501 805 1664 861 alteri
1699 822 1831 861 con-

189 904 538 974 jungantur.

271 1000 358 1050 18.
391 997 472 1050 De
504 996 590 1050 his
614 995 709 1066 qui
739 994 796 1048 in
826 1012 925 1050 sua
952 993 1244 1066 provincia
1267 1010 1382 1048 non
1403 993 1833 1049 communicant

198 1090 296 1143 ubi
329 1091 468 1144 alibi
496 1107 609 1144 non
642 1088 1083 1143 communicent.

273 1187 359 1238 l9.
395 1185 473 1238 De
503 1182 716 1237 clericis
745 1183 842 1252 qui
872 1182 1024 1252 apud
1049 1180 1362 1252 principem
1395 1181 1662 1235 saeculare
1685 1179 1834 1251 judi-

197 1278 351 1331 cium
379 1281 481 1332 aut
508 1277 779 1348 synodale
800 1275 1176 1346 impleverint.

270 1375 361 1425 20.
393 1372 462 1424 Ut
492 1371 613 1424 sine
645 1369 905 1424 formatis
929 1385 1100 1423 nemo
1135 1369 1207 1423 ad
1238 1368 1569 1424 comitatum
1598 1367 1829 1439 proﬁci-

200 1471 413 1533 scatur,
445 1469 503 1519 et
525 1463 774 1536 qualiter
799 1464 1059 1518 formata:
1085 1463 1248 1519 fiant.

1939 523 2206 580 termissa
2234 525 2448 593 synodo
2475 523 2818 579 invaserunt.

2006 621 2096 672 22.
2130 619 2210 672 De
2230 618 2442 672 clericis
2469 618 2567 689 qui
2588 617 2658 672 de
2678 617 2894 689 judicio
2913 618 3310 691 episcoporum
3331 637 3565 677 suorum

1936 718 2384 782 conquerantur.

2006 808 2095 859 23.
2126 807 2203 858 De
2230 805 2319 858 his
2343 805 2440 876 qui
2468 806 2619 877 apud
2646 807 2943 862 haereticos
2972 807 3368 879 paenitentiam
3402 825 3566 864 acce-

1933 903 2164 970 perunt.

2004 993 2094 1047 24.
2131 993 2208 1048 De
2253 993 2532 1065 episcopis
2585 993 3002 1065 negligentibus
3034 996 3300 1052 adversus
3333 997 3559 1051 haereti-

1933 1103 2047 1141 COS.

2005 1183 2092 1234 25.
2125 1181 2286 1234 Unde
2318 1198 2511 1252 supra.

2005 1277 2094 1328 26.
2127 1277 2202 1328 De
2236 1275 2554 1343 virginibus
2583 1293 2710 1346 quae
2752 1277 2902 1331 infra
2935 1278 3134 1348 viginti
3171 1279 3425 1350 quinque
3461 1295 3563 1334 an-

1933 1385 2056 1436 nos,
2090 1368 2426 1422 necessitate
2453 1375 2713 1441 cogente,
2742 1372 3022 1426 velantur.

2003 1466 2091 1516 27.
2125 1463 2205 1516 De
2238 1463 2520 1534 episcopis
2543 1464 2640 1535 qui
2667 1468 2795 1536 post
2820 1471 2946 1520 acta
2981 1466 3434 1538 Carthaginensis
3469 1484 3561 1540 sy-

1935 1555 2069 1610 nodi
2098 1557 2308 1611 retenti
2329 1559 2463 1612 sunt
2487 1557 2561 1613 ad
2588 1558 2809 1632 reliqua
2832 1560 3180 1632 peragenda.

862 1855 1278 1949 INCIPIT
1364 1852 1982 1948 CONCILIUM
2071 1853 2903 1949 MILEVITANUM.

267 2043 697 2100 Gloriosissimis
723 2041 1164 2113 imperatoribus
1205 2040 1438 2094 Arcadio
1475 2043 1531 2094 et
1561 2039 1828 2106 Honorio,
1851 2049 1908 2121 B
1935 2038 1992 2092 in
2020 2055 2131 2108 qua
2163 2039 2543 2109 justiticamur
2570 2057 2675 2110 per
2704 2042 2892 2094 Jesum
2931 2041 3217 2096 Christum
3255 2043 3564 2098 Dominum

194 2139 466 2209 Augustis
496 2138 646 2204 viris,
683 2136 1002 2190 clarissimis
1046 2134 1386 2201 consulibus,
1425 2139 1581 2187 sexto
1619 2133 1829 2186 Kalen-

193 2234 292 2287 das
323 2230 669 2302 Septembris
705 2230 764 2283 in
805 2229 1025 2283 civitate
1062 2227 1397 2291 Milevitana,
1439 2227 1495 2280 in
1531 2226 1832 2281 secretario

191 2326 443 2379 basilica:
471 2341 601 2378 cum
625 2323 888 2377 Aurelius
919 2321 1218 2393 episcopus
1244 2321 1502 2374 Ecclesiae
1528 2320 1829 2391 Carthagi-

195 2420 388 2472 nensis
415 2418 473 2472 in
509 2418 744 2472 concilio
773 2416 895 2470 unix
909 2416 1079 2470 ersali
1110 2415 1474 2482 consedisset,
1519 2413 1832 2468 astantibus

194 2512 548 2578 diaconibus,
575 2515 611 2566 Α
623 2511 832 2565 urelius
855 2510 1153 2581 episcopus
1166 2509 1336 2563 dixit:
1357 2507 1638 2572 Quoniam
1653 2508 1832 2562 Eccle-

192 2607 292 2660 sim
320 2609 528 2660 sanctas
559 2622 742 2660 unum
775 2608 860 2658 est
891 2621 1112 2674 corpus,
1142 2603 1516 2672 omniumque
1546 2601 1832 2655 membro-

195 2717 326 2754 rum
359 2705 528 2770 caput
561 2705 662 2764 est,
704 2715 886 2752 unum
923 2699 1131 2752 factum
1173 2701 1276 2766 est,
1320 2697 1544 2750 volente
1571 2695 1829 2762 Domino,

191 2811 257 2848 ac
284 2800 535 2848 nostram
578 2792 968 2846 infirmitatem
994 2792 1250 2862 juvante,
1283 2794 1348 2844 ut
1371 2791 1440 2844 ad
1479 2790 1628 2843 hanc
1655 2790 1830 2844 cccle-

193 2888 336 2942 siam
361 2887 800 2942 conveniremus
825 2885 1138 2940 dilectionis
1167 2888 1224 2938 et
1250 2884 1622 2938 fraternitatis
1649 2882 1832 2953 gratia

192 2981 438 3048 invitati,
471 2981 620 3035 unde
656 2996 845 3052 quaeso
887 2980 1226 3034 charitatem
1265 2984 1528 3047 vestram,
1573 2978 1708 3048 quia
1755 2977 1833 3030 ita

193 3075 550 3130 credendum
581 3077 685 3142 est,
709 3074 860 3145 quod
882 3078 1072 3127 noster
1097 3089 1352 3127 accessus
1381 3072 1451 3126 ad
1477 3088 1576 3126 vos
1604 3088 1707 3126 nec
1733 3087 1828 3124 su-

194 3168 453 3240 perﬂuus
483 3185 587 3223 nec
635 3167 878 3222 insuavis
917 3170 1001 3221 est
1045 3167 1282 3233 cunctis,
1326 3165 1568 3236 ideoque
1623 3165 1834 3235 pariter

191 3264 460 3334 quaedam
488 3263 556 3317 de
584 3261 765 3316 causis
791 3261 940 3327 fidei,
964 3261 1116 3315 unde
1143 3277 1294 3315 nunc
1315 3259 1552 3330 (ιιιωείίο
1574 3258 1828 3330 Pelagia-

193 3373 404 3411 norum
435 3355 717 3420 imminet,
756 3355 813 3409 in
845 3355 954 3409 hoc
999 3359 1144 3408 coatu
1178 3353 1530 3408 sanctissimo
1567 3352 1830 3424 primitus

1934 2136 2196 2187 nostrum
2225 2133 2298 2187 ad
2325 2135 2504 2188 solam
2543 2133 2936 2188 remissionem
2966 2140 3326 2206 peccatorum
3354 2139 3561 2206 valere,

1931 2242 2058 2296 qua:
2069 2226 2189 2296 jam
2210 2227 2512 2280 commissa
2523 2231 2674 2297 sunt,
2694 2244 2809 2282 non
2834 2228 3009 2282 etiam
3031 2229 3100 2283 ad
3121 2229 3470 2300 adjutorium
3501 2237 3565 2286 ut

1930 2335 2047 2373 non
2079 2321 2524 2390 committantur,
2556 2322 2858 2375 anathema
2886 2321 2974 2376 sit.

2006 2415 2086 2466 lV.
2116 2415 2252 2467 Item
2280 2415 2536 2485 quisquis
2567 2416 2772 2470 dixerit
2798 2417 3056 2470 eamdem
3077 2418 3316 2488 gratiam
3337 2419 3436 2472 Dei
3461 2434 3565 2488 per

1929 2508 2118 2560 Jesum
2135 2507 2423 2561 Christum
2451 2509 2751 2562 Dominum
2775 2513 3035 2564 nostrum
3057 2516 3292 2580 propter
3307 2511 3413 2564 hoc
3434 2515 3559 2565 tan-

1932 2603 2054 2653 tum
2076 2617 2180 2654 nos
2195 2601 2460 2671 adjuvare
2484 2603 2555 2656 ad
2577 2604 2754 2656 solam
2780 2620 2896 2657 non
2913 2603 3282 2674 peccandum,
3301 2604 3436 2674 quia
3456 2621 3562 2675 per

1929 2694 2110 2765 ipsam
2140 2695 2301 2748 nobis
2327 2697 2604 2750 revelatur
2635 2702 2691 2751 et
2718 2698 2970 2768 aperitur
2993 2696 3369 2768 intelligentia
3394 2715 3559 2752 man-

1931 2788 2194 2842 datorum
2220 2793 2285 2842 ut
2315 2789 2559 2843 sciamus
2587 2791 2723 2861 quid
2757 2795 3044 2862 appetere,
3078 2792 3215 2862 quid
3253 2791 3432 2845 vitare
3461 2791 3558 2846 de-

1931 2881 2186 2950 beamus,
2237 2900 2356 2937 non
2391 2889 2581 2938 autem
2623 2901 2726 2955 per
2777 2885 2932 2938 illam
2981 2885 3147 2939 nobis
3194 2885 3470 2956 praestari,
3502 2889 3564 2940 ut

1931 2977 2085 3048 quod
2136 2977 2456 3032 faciendum
2485 2978 2918 3049 cognoverimus
2947 2978 3119 3032 etiam
3149 2979 3333 3034 facere
3365 2979 3565 3050 diliga-

1931 3087 2057 3124 mus
2085 3076 2254 3141 atque
2276 3072 2583 3139 valeamus,
2612 3072 2920 3126 anathema
2949 3072 3038 3140 sit,
3076 3089 3205 3127 cum
3234 3072 3386 3127 dicat
3409 3075 3560 3144 Apo-

1932 3165 2106 3218 stolus
2134 3182 2145 3218 :
2177 3165 2420 3220 Scientia
2448 3166 2628 3233 inflat,
2661 3166 2906 3220 charitas
2949 3182 3082 3221 vero
3111 3166 3373 3236 aedificat,
3402 3166 3562 3221 valde

1932 3258 2170 3329 impium
2200 3265 2282 3314 est
2308 3264 2368 3313 ut
2394 3260 2690 3314 credamus
2728 3260 2800 3313 ad
2829 3277 2953 3314 eam
2978 3277 3103 3332 quae
3137 3260 3299 3315 inﬂat
3324 3278 3425 3315 nos
3460 3261 3565 3315 ha-

1929 3347 2062 3401 bere
2096 3347 2341 3418 gratiam
2370 3348 2597 3415 Christi,
2630 3348 2698 3402 ad
2731 3366 2857 3402 eam
2886 3366 3014 3420 qua:
3047 3348 3286 3404 aediﬁcat
3312 3366 3428 3404 non
3459 3350 3561 3404 ha-

195 3453 536 3518 tractentur,
567 3448 774 3504 deinde
798 3448 1238 3519 subsequantur,
1273 3451 1329 3501 et
1354 3447 1542 3518 aliqua
1569 3420 1696 3518 quae
1724 3445 1829 3500 dis—
1848 3420 1904 3495 Ο
1929 3440 2084 3507 bere,
2114 3458 2242 3495 cum
2279 3441 2351 3496 sit
2381 3445 2690 3512 utrumque
2731 3443 2950 3496 donum
2993 3443 3112 3509 Dei,
3157 3448 3214 3497 et
3250 3443 3393 3497 Scire
3428 3443 3564 3514 quid

194 3544 421 3615 ciplinae
451 3542 837 3598 ecclesiasticae
857 3542 1174 3597 necessaria
1205 3541 1476 3596 existunt.

264 3642 391 3695 CAP.
438 3639 480 3692 Ι.
522 3636 737 3691 Placuit
768 3653 906 3708 ergo
939 3636 1201 3690 omnibus
1241 3634 1521 3707 episcopis
1567 3634 1666 3704 qui
1704 3634 1828 3688 fue-

192 3737 328 3788 runt
354 3732 413 3786 in
445 3731 552 3784 hac
574 3733 766 3785 sancta
793 3731 1030 3801 synodo,
1073 3729 1414 3784 constituere
1455 3729 1577 3782 hac
1616 3744 1744 3799 quae
1770 3727 1828 3781 in

193 3824 464 3896 praesenti
495 3824 734 3878 concilio
766 3824 999 3879 deﬁnita
1025 3828 1176 3889 sunt,
1209 3826 1269 3876 ut
1294 3822 1618 3893 quicunque
1645 3821 1780 3876 dicit
1814 3839 1826 3876 :

191 3925 378 3978 Adam
418 3923 674 3994 primum
720 3921 1015 3976 hominem
1054 3922 1350 3976 mortalem
1392 3921 1625 3987 factum,
1671 3920 1744 3973 ita
1771 3925 1832 3975 ut

191 4019 306 4073 sive
336 4021 625 4089 peccaret,
655 4017 768 4071 sive
797 4033 911 4070 non
951 4019 1231 4087 peccaret,
1267 4020 1584 4069 moreretur
1622 4014 1680 4067 in
1707 4030 1830 4068 cor-

194 4128 353 4184 pore,
379 4111 489 4166 hoc
520 4116 604 4166 est
634 4111 705 4165 de
733 4127 964 4181 corpore
995 4109 1193 4177 exiret,
1227 4125 1342 4163 non
1361 4108 1576 4181 peccati
1604 4108 1828 4176 merito,

192 4206 284 4260 sed
318 4204 654 4260 necessitate
684 4209 926 4271 naturae,
959 4203 1267 4258 anathema
1297 4201 1384 4258 sit.

258 4301 328 4356 ll.
368 4300 512 4353 Item
540 4297 766 4369 placuit,
807 4302 873 4351 ut
913 4297 1240 4368 quicunque
1275 4296 1538 4367 parvulos
1576 4299 1832 4349 recentes

192 4393 258 4447 ab
300 4392 479 4447 uteris
507 4394 760 4446 matrum
787 4389 1152 4461 baptizandos
1180 4395 1369 4460 negat,
1407 4393 1504 4444 aut
1542 4389 1675 4443 dicit
1701 4388 1830 4460 qui-

196 4487 327 4541 dem
359 4503 372 4541 :
400 4487 463 4540 In
489 4485 882 4540 remissionem
903 4487 1264 4556 peccatorum
1296 4500 1394 4537 eos
1422 4483 1711 4554 baptizari,
1733 4482 1831 4536 sed

194 4580 336 4634 nihil
367 4596 436 4633 ex
459 4579 639 4633 Adam
667 4579 890 4634 trahere
919 4577 1217 4648 originalis
1247 4576 1462 4648 peccati
1489 4577 1645 4646 quod
1676 4593 1833 4647 rege-

197 4672 512 4729 nerationis
539 4673 758 4728 lavacro
785 4672 1062 4739 expietur,
1097 4672 1246 4726 unde
1268 4671 1330 4724 ﬁt
1360 4686 1736 4741 consequens,
1770 4674 1834 4724 ut

1929 3536 2114 3590 facere
2141 3535 2469 3602 debeamus,
2509 3539 2566 3588 et
2596 3535 2833 3606 diligere
2877 3541 2937 3590 ut
2975 3537 3264 3605 faciamus,
3294 3539 3355 3590 ut
3383 3536 3562 3591 aediﬁ-

1929 3633 2091 3684 cante
2111 3629 2379 3683 charitate
2411 3628 2652 3683 scientia
2679 3646 2791 3683 non
2829 3630 3005 3700 possit
3033 3629 3256 3697 inﬂare,
3289 3629 3433 3684 sicut
3463 3647 3562 3684 au-

1929 3728 2047 3777 tem
2078 3723 2146 3777 de
2177 3724 2294 3776 Deo
2325 3721 2597 3793 scriptum
2632 3728 2734 3788 est,
2765 3723 2859 3794 qui
2887 3723 3052 3778 docet
3077 3723 3368 3779 hominem
3391 3723 3568 3779 scien-

1929 3817 2088 3885 tiam,
2123 3816 2201 3870 ita
2227 3816 2396 3870 etiam
2425 3817 2696 3887 scriptum
2719 3822 2822 3872 est.

2000 3912 2062 3964 V.
2103 3912 2239 3964 Item
2269 3911 2480 3981 placuit
2520 3915 2581 3964 ut
2618 3911 2944 3983 quicunque
2991 3911 3198 3967 dixerit
3239 3911 3366 3967 ideo
3403 3912 3569 3967 nobis

1933 3994 2172 4074 gratiam
2191 4004 2612 4075 justiﬁcationis
2651 4005 2918 4074 (charitas
2947 4022 3014 4060 ex
3046 4008 3159 4061 Deo
3197 4006 3297 4076 est)
3327 4005 3472 4073 dari,
3506 4011 3568 4062 ut

1931 4098 2082 4169 quod
2111 4098 2296 4152 facere
2319 4114 2420 4169 per
2444 4099 2687 4152 liberum
2701 4099 2975 4169 jubemur
2996 4100 3316 4168 arbitrium,
3354 4099 3568 4154 facilius

1932 4192 2216 4262 possimus
2239 4191 2478 4262 implere
2509 4209 2614 4263 per
2635 4193 2900 4263 gratiam,
2936 4197 3210 4265 tanquam
3243 4199 3297 4248 et
3322 4193 3368 4248 si
3385 4194 3568 4264 gratia

1933 4302 2047 4338 non
2076 4285 2307 4339 daretur
2326 4302 2440 4338 non
2467 4285 2700 4354 quidem
2728 4287 2916 4356 facile,
2946 4287 3044 4340 sed
3066 4292 3262 4341 tamen
3290 4288 3568 4358 possimus

1933 4379 2104 4433 etiam
2124 4378 2244 4432 sine
2261 4378 2356 4431 illa
2373 4377 2609 4450 implere
2629 4378 2821 4433 divina
2839 4380 3133 4448 mandata,
3149 4381 3458 4436 anathema
3477 4381 3565 4449 sit,

1933 4473 2011 4526 De
2030 4471 2306 4526 fructibus
2324 4470 2480 4525 enim
2493 4473 2890 4527 mandatorum
2914 4474 3187 4527 Dominus
3203 4474 3566 4544 loquebatur,

1929 4567 2030 4620 ubi
2059 4583 2176 4620 non
2204 4565 2301 4633 ait,
2337 4565 2456 4620 sine
2506 4582 2598 4619 me
2636 4565 2918 4620 difﬁcilius
2955 4567 3189 4638 potestis
3229 4568 3437 4636 facere,
3468 4568 3568 4624 sed

1933 4658 2031 4725 ait,
2064 4660 2183 4714 sine
2214 4675 2306 4712 me
2336 4659 2478 4713 nihil
2504 4659 2741 4730 potestis
2771 4661 2978 4713 facere.

194 4767 248 4822 in
281 4767 366 4822 eis
394 4767 584 4821 forma
608 4766 963 4838 baptismatis
980 4766 1038 4820 in
1058 4764 1453 4819 remissionem
1473 4770 1829 4834 peccatorum
1850 4794 1910 4868 D
2003 4755 2089 4808 Ἦ·
2126 4754 2262 4806 Item
2288 4751 2518 4824 Ριᾶουίῐ,
2547 4753 2697 4823 (Ιιιοά
2719 4753 2799 4807 ait
2828 4757 3050 4807 Sanctus
3069 4756 3319 4809 Joannes
3347 4758 3568 4826 aposto-

607 4860 622 4868 ι
660 4861 679 4868 ,ι
711 4861 724 4868 -
822 4860 831 4868 ι
885 4865 892 4868 .
937 4859 990 4868 ..ι
1081 4863 1090 4868 .
1343 4858 1375 4868 ,ι
1596 4857 1626 4868 ιι
1936 4848 2018 4868 1.--
2079 4848 2116 4868 -ζ
2160 4847 2457 4868 λξ---.ἷ...Α---
2488 4847 2609 4868 -_-_:_
2646 4852 2930 4868 μ----ι--,.-
2964 4865 3070 4868 μ-..
3107 4849 3373 4868 1,,LA,,__,,
3435 4867 3461 4868 κ.
3492 4867 3526 4868 ,,

196 4878 308 4916 non
340 4877 494 4929 vera,
526 4860 627 4914 sed
653 4861 789 4914 falsa
818 4859 1188 4930 intelligatur,
1230 4858 1538 4912 anathema
1565 4857 1654 4925 sit,
1685 4873 1829 4926 quo-

195 4955 355 5010 niam
380 4970 496 5008 non
525 4954 688 5008 aliter
725 4953 1160 5024 intelligendum
1193 4957 1276 5007 est
1303 4951 1457 5023 quod
1492 4951 1568 5005 ait
1595 4953 1832 5021 Aposto-

194 5048 298 5114 lus,
328 5065 434 5119 per
458 5063 635 5103 unum
666 5047 964 5102 hominem
996 5051 1292 5119 peccatum
1319 5045 1548 5099 intravit
1576 5044 1632 5098 in
1663 5060 1834 5097 mun-

196 5141 352 5210 dum,
376 5145 435 5197 et
453 5158 556 5212 per
576 5144 874 5212 peccatum
895 5141 954 5195 in
981 5157 1105 5207 nos,
1126 5145 1181 5196 et
1195 5140 1275 5195 ita
1290 5139 1348 5194 in
1362 5156 1562 5193 omnes
1575 5137 1836 5193 homines

193 5235 544 5306 pertransiit,
575 5235 634 5289 in
666 5251 778 5305 quo
802 5251 998 5290 omnes
1022 5237 1421 5306 peccaverunt,
1445 5231 1837 5305 nisiquemad-

196 5329 430 5383 modum
465 5329 709 5383 Ecclesia
735 5328 1012 5384 catholica
1041 5327 1252 5399 ubique
1275 5327 1479 5381 diffusa
1506 5343 1731 5397 semper
1756 5325 1837 5379 in-

192 5423 433 5490 tellexit,
467 5427 699 5494 propter
723 5423 866 5477 hanc
890 5422 1044 5476 enim
1074 5422 1338 5492 regulam
1363 5420 1492 5475 fidei
1521 5421 1690 5474 etiam
1712 5436 1835 5489 par-

191 5516 302 5570 vuli
334 5516 434 5587 qui
461 5516 602 5570 nihil
636 5519 998 5588 peccatorum
1028 5515 1086 5569 in
1117 5515 1434 5586 semetipsis
1459 5515 1646 5569 adhuc
1675 5529 1832 5567 com-

194 5609 428 5664 mittere
458 5613 787 5680 potuerunt,
826 5609 956 5664 ideo
996 5609 1054 5663 in
1084 5612 1447 5680 peccatorum
1496 5605 1831 5662 remissione

197 5703 478 5757 veraciter
502 5703 879 5774 baptizantur,
915 5707 975 5757 ut
999 5702 1060 5756 in
1087 5701 1168 5756 eis
1193 5702 1636 5772 regeneratione
1663 5716 1830 5754 mun-

194 5794 360 5850 detur
384 5796 541 5867 quod
570 5796 944 5868 generatione
975 5797 1292 5850 traxerunt.

269 5890 354 5945 Ill.
392 5891 531 5945 Item
553 5890 764 5962 placuit
790 5895 853 5944 ut.
881 5890 1201 5961 quicunque
1219 5887 1426 5946 dixerit
1447 5887 1691 5958 gratiam
1711 5887 1830 5955 Dei,

1935 4848 2041 4914 lus,
2076 4848 2121 4901 si
2153 4847 2460 4900 dixerimus
2481 4847 2617 4917 quia
2645 4852 2937 4918 peccatum
2964 4865 3078 4902 non
3107 4849 3402 4918 habemus,
3434 4867 3565 4904 nos-

1936 4942 2089 5012 ipsos
2127 4941 2472 5010 seducimus,
2503 4944 2559 4994 et
2587 4942 2792 4996 veritas
2821 4941 2878 4995 in
2922 4943 3085 4998 nobis
3120 4960 3238 4998 non
3278 4947 3382 5013 est,
3409 4943 3565 5015 quis-

1934 5035 2062 5107 quis
2085 5036 2161 5089 sic
2185 5034 2582 5105 accipiendum
2605 5035 2902 5106 putaverit,
2928 5040 2987 5090 ut
3017 5036 3167 5091 dicat
3191 5043 3429 5109 propter
3456 5040 3566 5093 hu-

1934 5129 2270 5184 manitatem
2296 5146 2413 5183 non
2440 5131 2700 5199 oportere
2738 5129 2866 5198 dici,
2901 5147 3008 5184 nos
3043 5147 3158 5184 non
3198 5132 3406 5187 habere
3435 5150 3568 5205 pec-

1935 5228 2149 5290 catum,
2181 5240 2292 5277 non
2316 5222 2448 5294 quia
2477 5222 2680 5277 veritas
2710 5225 2812 5290 est,
2844 5224 3148 5279 anathema
3171 5225 3262 5281 sit.
3301 5227 3571 5298 Sequitur

1934 5335 2066 5371 eum
2094 5317 2406 5387 Apostolus,
2437 5319 2493 5370 et
2523 5315 2787 5387 adjungit
2815 5335 2828 5371 :
2864 5317 2922 5372 Si
2945 5321 3140 5373 autem
3171 5321 3413 5376 confessi
3441 5323 3567 5376 fue-

1932 5411 2111 5465 rimus
2138 5412 2372 5481 peccata
2402 5412 2616 5479 nostra,
2644 5409 2824 5464 ﬁdelis
2849 5417 2934 5466 est
2955 5417 3013 5467 et
3030 5413 3219 5484 justus
3249 5415 3347 5487 qui
3375 5415 3574 5470 remit-

1931 5510 2016 5559 tat
2042 5503 2202 5557 nobis
2227 5506 2475 5574 peccata,
2500 5507 2555 5558 et
2572 5504 2811 5559 mundet
2833 5521 2938 5560 nos
2970 5506 3040 5560 ab
3070 5508 3227 5562 omni
3250 5509 3564 5579 iniquitate.

1934 5597 2027 5652 ubi
2067 5597 2201 5651 satis
2237 5601 2475 5666 apparet
2524 5597 2629 5652 hoc
2672 5611 2787 5652 non
2845 5603 3063 5655 tantum
3112 5601 3423 5668 humiliter,
3467 5602 3569 5656 sed

1934 5691 2108 5747 etiam
2137 5689 2411 5745 veraciter
2431 5690 2538 5746 dici
2559 5708 2572 5746 :
2594 5697 2818 5764 poterat
2839 5693 2992 5748 enim
3015 5695 3315 5765 Apostolus
3339 5694 3524 5748 dicere
3549 5713 3561 5751 :

1934 5785 1992 5842 Si
2013 5785 2318 5840 dixerimus
2335 5784 2469 5855 quia
2490 5801 2604 5840 non
2635 5786 2910 5840 habemus
2936 5791 3251 5858 peccatum,
3298 5786 3570 5860 noslipsos

1934 5879 2273 5948 extollimus,
2303 5883 2360 5934 et
2386 5878 2674 5934 humilitas
2714 5881 2770 5934 in
2803 5879 3124 5950 nobisiuou
3162 5880 3406 5951 θεαθεοά
3439 5899 3566 5936 cum

3509 1545 3811 1723 4,
