  <div class='ocr_page' id='page_1' title='image "/cluster/home/n/w/nwhite01/storage/ocr_20150623/130/umn.319510024774230/241.png"; bbox 0 0 4054 6302; ppageno 0'>
   <div class='ocr_carea' id='block_1_1' title="bbox 468 328 621 389">
    <p class='ocr_par' dir='ltr' id='par_1_1' title="bbox 468 328 621 389">
     <span class='ocr_line' id='line_1_1' title="bbox 468 328 621 389; baseline -0.007 0"><span class='ocrx_word' id='word_1_1' title='bbox 468 332 561 389; x_wconf 80' lang='lat'>37!</span> <span class='ocrx_word' id='word_1_2' title='bbox 618 328 621 333; x_wconf 64' lang='grc'><em>’</em></span> 
     </span>
    </p>
   </div>
   <div class='ocr_carea' id='block_1_2' title="bbox 1353 323 2937 387">
    <p class='ocr_par' dir='ltr' id='par_1_2' title="bbox 1353 323 2937 387">
     <span class='ocr_line' id='line_1_2' title="bbox 1353 323 2937 387; baseline -0.004 0"><span class='ocrx_word' id='word_1_3' title='bbox 1353 330 1639 387; x_wconf 71' lang='grc' dir='ltr'>ΑΡΡΕΝΙ).</span> <span class='ocrx_word' id='word_1_4' title='bbox 1678 329 1765 384; x_wconf 75' lang='grc' dir='ltr'>ΑΙ)</span> <span class='ocrx_word' id='word_1_5' title='bbox 1801 328 1961 384; x_wconf 65' lang='lat' dir='ltr'>SrEC.</span> <span class='ocrx_word' id='word_1_6' title='bbox 2003 328 2090 383; x_wconf 82' lang='lat' dir='ltr'>IX.</span> <span class='ocrx_word' id='word_1_7' title='bbox 2120 356 2187 367; x_wconf 90' lang='lat'>—-</span> <span class='ocrx_word' id='word_1_8' title='bbox 2224 325 2475 383; x_wconf 81' lang='lat' dir='ltr'>lSlDORl</span> <span class='ocrx_word' id='word_1_9' title='bbox 2511 323 2937 383; x_wconf 80' lang='lat' dir='ltr'>MERCATORIS</span> 
     </span>
    </p>
   </div>
   <div class='ocr_carea' id='block_1_3' title="bbox 3727 322 3836 377">
    <p class='ocr_par' dir='ltr' id='par_1_3' title="bbox 3727 322 3836 377">
     <span class='ocr_line' id='line_1_3' title="bbox 3727 322 3836 377; baseline -0.018 0"><span class='ocrx_word' id='word_1_10' title='bbox 3727 322 3836 377; x_wconf 74' lang='lat'>372</span> 
     </span>
    </p>
   </div>
   <div class='ocr_carea' id='block_1_4' title="bbox 467 429 3829 527">
    <p class='ocr_par' dir='ltr' id='par_1_4' title="bbox 467 429 3829 527">
     <span class='ocr_line' id='line_1_4' title="bbox 467 429 3829 527; baseline -0.004 -29"><span class='ocrx_word' id='word_1_11' title='bbox 467 444 546 499; x_wconf 91' lang='lat' dir='ltr'>ait</span> <span class='ocrx_word' id='word_1_12' title='bbox 571 439 825 515; x_wconf 89' lang='lat' dir='ltr'>nosipsos</span> <span class='ocrx_word' id='word_1_13' title='bbox 848 440 1180 512; x_wconf 86' lang='lat' dir='ltr'>decipimus,</span> <span class='ocrx_word' id='word_1_14' title='bbox 1223 442 1281 496; x_wconf 89' lang='lat' dir='ltr'>et</span> <span class='ocrx_word' id='word_1_15' title='bbox 1317 441 1523 496; x_wconf 89' lang='lat' dir='ltr'>veritas</span> <span class='ocrx_word' id='word_1_16' title='bbox 1548 440 1608 495; x_wconf 91' lang='lat' dir='ltr'>in</span> <span class='ocrx_word' id='word_1_17' title='bbox 1655 439 1816 494; x_wconf 90' lang='lat' dir='ltr'>nobis</span> <span class='ocrx_word' id='word_1_18' title='bbox 1844 455 1957 493; x_wconf 90' lang='lat' dir='ltr'>non</span> <span class='ocrx_word' id='word_1_19' title='bbox 1986 442 2091 508; x_wconf 90' lang='lat' dir='ltr'>est,</span> <span class='ocrx_word' id='word_1_20' title='bbox 2115 453 2175 527; x_wconf 80' lang='grc' dir='ltr'><strong>Α</strong></span> <span class='ocrx_word' id='word_1_21' title='bbox 2194 437 2408 510; x_wconf 86' lang='lat' dir='ltr'>aliquid</span> <span class='ocrx_word' id='word_1_22' title='bbox 2439 440 2632 493; x_wconf 89' lang='lat' dir='ltr'>contra</span> <span class='ocrx_word' id='word_1_23' title='bbox 2648 436 2820 491; x_wconf 82' lang='lat' dir='ltr'>fidem</span> <span class='ocrx_word' id='word_1_24' title='bbox 2841 450 2942 507; x_wconf 92' lang='lat' dir='ltr'>per</span> <span class='ocrx_word' id='word_1_25' title='bbox 2964 429 3370 505; x_wconf 75' lang='lat' dir='ltr'>ignorantiam,</span> <span class='ocrx_word' id='word_1_26' title='bbox 3396 430 3484 487; x_wconf 88' lang='lat' dir='ltr'>vel</span> <span class='ocrx_word' id='word_1_27' title='bbox 3508 448 3615 506; x_wconf 89' lang='lat' dir='ltr'>per</span> <span class='ocrx_word' id='word_1_28' title='bbox 3632 431 3829 489; x_wconf 87' lang='lat' dir='ltr'>minus</span> 
     </span>
    </p>
   </div>
   <div class='ocr_carea' id='block_1_5' title="bbox 468 534 1550 607">
    <p class='ocr_par' dir='ltr' id='par_1_5' title="bbox 468 534 1550 607">
     <span class='ocr_line' id='line_1_5' title="bbox 468 534 1550 607; baseline -0.001 -17"><span class='ocrx_word' id='word_1_29' title='bbox 468 537 599 592; x_wconf 82' lang='lat' dir='ltr'>satis</span> <span class='ocrx_word' id='word_1_30' title='bbox 631 536 881 591; x_wconf 83' lang='lat' dir='ltr'>ostendit</span> <span class='ocrx_word' id='word_1_31' title='bbox 906 553 1037 590; x_wconf 90' lang='lat' dir='ltr'>eum</span> <span class='ocrx_word' id='word_1_32' title='bbox 1067 536 1163 607; x_wconf 87' lang='lat' dir='ltr'>qui</span> <span class='ocrx_word' id='word_1_33' title='bbox 1192 552 1250 590; x_wconf 90' lang='lat' dir='ltr'>se</span> <span class='ocrx_word' id='word_1_34' title='bbox 1275 534 1484 590; x_wconf 80' lang='lat' dir='ltr'>dixerit</span> <span class='ocrx_word' id='word_1_35' title='bbox 1511 551 1550 589; x_wconf 93' lang='lat' dir='ltr'>n</span> 
     </span>
    </p>
   </div>
   <div class='ocr_carea' id='block_1_6' title="bbox 467 623 1550 695">
    <p class='ocr_par' dir='ltr' id='par_1_6' title="bbox 467 623 1550 695">
     <span class='ocr_line' id='line_1_6' title="bbox 467 623 1550 695; baseline -0.004 -13"><span class='ocrx_word' id='word_1_36' title='bbox 467 631 612 693; x_wconf 89' lang='lat' dir='ltr'>tum,</span> <span class='ocrx_word' id='word_1_37' title='bbox 646 642 763 681; x_wconf 93' lang='lat' dir='ltr'>non</span> <span class='ocrx_word' id='word_1_38' title='bbox 786 641 981 680; x_wconf 87' lang='lat' dir='ltr'>verum</span> <span class='ocrx_word' id='word_1_39' title='bbox 1008 624 1165 695; x_wconf 87' lang='lat' dir='ltr'>loqui</span> <span class='ocrx_word' id='word_1_40' title='bbox 1196 623 1296 679; x_wconf 91' lang='lat' dir='ltr'>sed</span> <span class='ocrx_word' id='word_1_41' title='bbox 1324 624 1550 679; x_wconf 90' lang='lat' dir='ltr'>falsum.</span> 
     </span>
    </p>
   </div>
   <div class='ocr_carea' id='block_1_7' title="bbox 544 716 2105 790">
    <p class='ocr_par' dir='ltr' id='par_1_7' title="bbox 544 716 2105 790">
     <span class='ocr_line' id='line_1_7' title="bbox 544 716 2105 790; baseline -0.001 -19"><span class='ocrx_word' id='word_1_42' title='bbox 544 720 656 775; x_wconf 90' lang='lat' dir='ltr'>Vll.</span> <span class='ocrx_word' id='word_1_43' title='bbox 690 721 823 774; x_wconf 90' lang='lat' dir='ltr'>Item</span> <span class='ocrx_word' id='word_1_44' title='bbox 850 718 1083 790; x_wconf 86' lang='lat' dir='ltr'>placuit,</span> <span class='ocrx_word' id='word_1_45' title='bbox 1106 723 1168 773; x_wconf 92' lang='lat' dir='ltr'>ut</span> <span class='ocrx_word' id='word_1_46' title='bbox 1197 718 1518 789; x_wconf 87' lang='lat' dir='ltr'>quicunque</span> <span class='ocrx_word' id='word_1_47' title='bbox 1545 717 1752 772; x_wconf 84' lang='lat' dir='ltr'>dixerit</span> <span class='ocrx_word' id='word_1_48' title='bbox 1770 720 1830 771; x_wconf 90' lang='lat' dir='ltr'>in</span> <span class='ocrx_word' id='word_1_49' title='bbox 1850 716 2105 772; x_wconf 83' lang='lat' dir='ltr'>oratione</span> 
     </span>
    </p>
   </div>
   <div class='ocr_carea' id='block_1_8' title="bbox 470 809 2107 880">
    <p class='ocr_par' dir='ltr' id='par_1_8' title="bbox 470 809 2107 880">
     <span class='ocr_line' id='line_1_8' title="bbox 470 809 2107 880; baseline -0.003 -12"><span class='ocrx_word' id='word_1_50' title='bbox 470 814 782 880; x_wconf 91' lang='lat' dir='ltr'>Dominica,</span> <span class='ocrx_word' id='word_1_51' title='bbox 808 812 938 867; x_wconf 93' lang='lat' dir='ltr'>ideo</span> <span class='ocrx_word' id='word_1_52' title='bbox 971 812 1155 867; x_wconf 85' lang='lat' dir='ltr'>dicere</span> <span class='ocrx_word' id='word_1_53' title='bbox 1205 815 1443 877; x_wconf 88' lang='lat' dir='ltr'>sanctos,</span> <span class='ocrx_word' id='word_1_54' title='bbox 1472 811 1695 866; x_wconf 81' lang='lat' dir='ltr'>dimitte</span> <span class='ocrx_word' id='word_1_55' title='bbox 1721 810 1886 865; x_wconf 85' lang='lat' dir='ltr'>nobis</span> <span class='ocrx_word' id='word_1_56' title='bbox 1920 809 2107 865; x_wconf 88' lang='lat' dir='ltr'>debita</span> 
     </span>
    </p>
   </div>
   <div class='ocr_carea' id='block_1_9' title="bbox 471 904 2106 977">
    <p class='ocr_par' dir='ltr' id='par_1_9' title="bbox 471 904 2106 977">
     <span class='ocr_line' id='line_1_9' title="bbox 471 904 2106 977; baseline -0.003 -15"><span class='ocrx_word' id='word_1_57' title='bbox 471 910 682 973; x_wconf 86' lang='lat' dir='ltr'>nostra,</span> <span class='ocrx_word' id='word_1_58' title='bbox 706 911 768 961; x_wconf 92' lang='lat' dir='ltr'>ut</span> <span class='ocrx_word' id='word_1_59' title='bbox 797 923 909 961; x_wconf 91' lang='lat' dir='ltr'>non</span> <span class='ocrx_word' id='word_1_60' title='bbox 946 922 1050 977; x_wconf 90' lang='lat' dir='ltr'>pro</span> <span class='ocrx_word' id='word_1_61' title='bbox 1090 906 1287 977; x_wconf 89' lang='lat' dir='ltr'>seipsis</span> <span class='ocrx_word' id='word_1_62' title='bbox 1326 905 1431 959; x_wconf 92' lang='lat' dir='ltr'>hoc</span> <span class='ocrx_word' id='word_1_63' title='bbox 1471 904 1679 972; x_wconf 86' lang='lat' dir='ltr'>dicant,</span> <span class='ocrx_word' id='word_1_64' title='bbox 1707 904 1839 976; x_wconf 85' lang='lat' dir='ltr'>quia</span> <span class='ocrx_word' id='word_1_65' title='bbox 1878 919 1995 958; x_wconf 90' lang='lat' dir='ltr'>non</span> <span class='ocrx_word' id='word_1_66' title='bbox 2021 906 2106 958; x_wconf 87' lang='lat' dir='ltr'>est</span> 
     </span>
    </p>
   </div>
   <div class='ocr_carea' id='block_1_10' title="bbox 475 997 2106 1071">
    <p class='ocr_par' dir='ltr' id='par_1_10' title="bbox 475 997 2106 1071">
     <span class='ocr_line' id='line_1_10' title="bbox 475 997 2106 1071; baseline -0.002 -17"><span class='ocrx_word' id='word_1_67' title='bbox 475 1000 553 1055; x_wconf 91' lang='lat' dir='ltr'>eis</span> <span class='ocrx_word' id='word_1_68' title='bbox 575 1001 700 1071; x_wconf 90' lang='lat' dir='ltr'>jam</span> <span class='ocrx_word' id='word_1_69' title='bbox 729 1000 1047 1055; x_wconf 89' lang='lat' dir='ltr'>necessaria</span> <span class='ocrx_word' id='word_1_70' title='bbox 1073 999 1179 1053; x_wconf 88' lang='lat' dir='ltr'>ista</span> <span class='ocrx_word' id='word_1_71' title='bbox 1198 998 1418 1070; x_wconf 81' lang='lat' dir='ltr'>petitio,</span> <span class='ocrx_word' id='word_1_72' title='bbox 1447 998 1544 1053; x_wconf 88' lang='lat' dir='ltr'>sed</span> <span class='ocrx_word' id='word_1_73' title='bbox 1571 1014 1674 1069; x_wconf 93' lang='lat' dir='ltr'>pro</span> <span class='ocrx_word' id='word_1_74' title='bbox 1702 997 1826 1052; x_wconf 90' lang='lat' dir='ltr'>aliis</span> <span class='ocrx_word' id='word_1_75' title='bbox 1845 997 1942 1069; x_wconf 91' lang='lat' dir='ltr'>qui</span> <span class='ocrx_word' id='word_1_76' title='bbox 1973 1001 2106 1051; x_wconf 87' lang='lat' dir='ltr'>sunt</span> 
     </span>
    </p>
   </div>
   <div class='ocr_carea' id='block_1_11' title="bbox 472 1090 2105 1165">
    <p class='ocr_par' dir='ltr' id='par_1_11' title="bbox 472 1090 2105 1165">
     <span class='ocr_line' id='line_1_11' title="bbox 472 1090 2105 1165; baseline -0.002 -18"><span class='ocrx_word' id='word_1_77' title='bbox 472 1094 531 1149; x_wconf 90' lang='lat' dir='ltr'>in</span> <span class='ocrx_word' id='word_1_78' title='bbox 556 1111 656 1149; x_wconf 88' lang='lat' dir='ltr'>suo</span> <span class='ocrx_word' id='word_1_79' title='bbox 684 1094 896 1165; x_wconf 91' lang='lat' dir='ltr'>populo</span> <span class='ocrx_word' id='word_1_80' title='bbox 924 1096 1269 1164; x_wconf 85' lang='lat' dir='ltr'>peccatores,</span> <span class='ocrx_word' id='word_1_81' title='bbox 1299 1096 1356 1146; x_wconf 92' lang='lat' dir='ltr'>et</span> <span class='ocrx_word' id='word_1_82' title='bbox 1382 1091 1511 1146; x_wconf 91' lang='lat' dir='ltr'>ideo</span> <span class='ocrx_word' id='word_1_83' title='bbox 1540 1108 1656 1146; x_wconf 91' lang='lat' dir='ltr'>non</span> <span class='ocrx_word' id='word_1_84' title='bbox 1685 1090 1873 1145; x_wconf 86' lang='lat' dir='ltr'>dicere</span> <span class='ocrx_word' id='word_1_85' title='bbox 1904 1106 2105 1145; x_wconf 90' lang='lat' dir='ltr'>unum-</span> 
     </span>
    </p>
   </div>
   <div class='ocr_carea' id='block_1_12' title="bbox 472 1184 2104 1259">
    <p class='ocr_par' dir='ltr' id='par_1_12' title="bbox 472 1184 2104 1259">
     <span class='ocr_line' id='line_1_12' title="bbox 472 1184 2104 1259; baseline -0.002 -17"><span class='ocrx_word' id='word_1_86' title='bbox 472 1204 755 1259; x_wconf 87' lang='lat' dir='ltr'>quemque</span> <span class='ocrx_word' id='word_1_87' title='bbox 782 1190 1131 1255; x_wconf 89' lang='lat' dir='ltr'>sanctorum,</span> <span class='ocrx_word' id='word_1_88' title='bbox 1163 1185 1386 1241; x_wconf 87' lang='lat' dir='ltr'>dimitte</span> <span class='ocrx_word' id='word_1_89' title='bbox 1418 1185 1561 1239; x_wconf 91' lang='lat' dir='ltr'>mihi</span> <span class='ocrx_word' id='word_1_90' title='bbox 1594 1185 1783 1240; x_wconf 90' lang='lat' dir='ltr'>debita</span> <span class='ocrx_word' id='word_1_91' title='bbox 1816 1200 1965 1253; x_wconf 91' lang='lat' dir='ltr'>mea,</span> <span class='ocrx_word' id='word_1_92' title='bbox 2006 1184 2104 1239; x_wconf 93' lang='lat' dir='ltr'>sed</span> 
     </span>
    </p>
   </div>
   <div class='ocr_carea' id='block_1_13' title="bbox 471 1277 2104 1349">
    <p class='ocr_par' dir='ltr' id='par_1_13' title="bbox 471 1277 2104 1349">
     <span class='ocr_line' id='line_1_13' title="bbox 471 1277 2104 1349; baseline -0.002 -14"><span class='ocrx_word' id='word_1_93' title='bbox 471 1281 693 1336; x_wconf 86' lang='lat' dir='ltr'>dimitte</span> <span class='ocrx_word' id='word_1_94' title='bbox 721 1280 883 1335; x_wconf 90' lang='lat' dir='ltr'>nobis</span> <span class='ocrx_word' id='word_1_95' title='bbox 911 1280 1102 1335; x_wconf 89' lang='lat' dir='ltr'>debita</span> <span class='ocrx_word' id='word_1_96' title='bbox 1132 1282 1343 1345; x_wconf 89' lang='lat' dir='ltr'>nostra,</span> <span class='ocrx_word' id='word_1_97' title='bbox 1374 1283 1438 1333; x_wconf 93' lang='lat' dir='ltr'>ut</span> <span class='ocrx_word' id='word_1_98' title='bbox 1477 1279 1582 1333; x_wconf 90' lang='lat' dir='ltr'>hoc</span> <span class='ocrx_word' id='word_1_99' title='bbox 1620 1295 1723 1349; x_wconf 88' lang='lat' dir='ltr'>pro</span> <span class='ocrx_word' id='word_1_100' title='bbox 1757 1278 1879 1332; x_wconf 89' lang='lat' dir='ltr'>aliis</span> <span class='ocrx_word' id='word_1_101' title='bbox 1917 1277 2104 1349; x_wconf 86' lang='lat' dir='ltr'>potius</span> 
     </span>
    </p>
   </div>
   <div class='ocr_carea' id='block_1_14' title="bbox 473 1371 2105 1447">
    <p class='ocr_par' dir='ltr' id='par_1_14' title="bbox 473 1371 2105 1447">
     <span class='ocr_line' id='line_1_14' title="bbox 473 1371 2105 1447; baseline -0.002 -19"><span class='ocrx_word' id='word_1_102' title='bbox 473 1390 644 1447; x_wconf 89' lang='lat' dir='ltr'>quam</span> <span class='ocrx_word' id='word_1_103' title='bbox 691 1390 798 1445; x_wconf 91' lang='lat' dir='ltr'>pro</span> <span class='ocrx_word' id='word_1_104' title='bbox 829 1390 885 1428; x_wconf 92' lang='lat' dir='ltr'>se</span> <span class='ocrx_word' id='word_1_105' title='bbox 916 1374 1103 1443; x_wconf 91' lang='lat' dir='ltr'>justus</span> <span class='ocrx_word' id='word_1_106' title='bbox 1144 1378 1338 1444; x_wconf 88' lang='lat' dir='ltr'>petere</span> <span class='ocrx_word' id='word_1_107' title='bbox 1379 1371 1750 1443; x_wconf 82' lang='lat' dir='ltr'>intelligatur,</span> <span class='ocrx_word' id='word_1_108' title='bbox 1802 1371 2105 1426; x_wconf 84' lang='lat' dir='ltr'>anathema</span> 
     </span>
    </p>
   </div>
   <div class='ocr_carea' id='block_1_15' title="bbox 473 1464 2104 1548">
    <p class='ocr_par' dir='ltr' id='par_1_15' title="bbox 473 1464 2104 1548">
     <span class='ocr_line' id='line_1_15' title="bbox 473 1464 2104 1548; baseline -0.003 -26"><span class='ocrx_word' id='word_1_109' title='bbox 473 1467 563 1522; x_wconf 89' lang='lat' dir='ltr'>sit.</span> <span class='ocrx_word' id='word_1_110' title='bbox 605 1467 843 1522; x_wconf 89' lang='lat' dir='ltr'>Sanctus</span> <span class='ocrx_word' id='word_1_111' title='bbox 879 1465 1033 1520; x_wconf 88' lang='lat' dir='ltr'>enim</span> <span class='ocrx_word' id='word_1_112' title='bbox 1075 1470 1131 1548; x_wconf 76' lang='lat' dir='ltr'>et</span> <span class='ocrx_word' id='word_1_113' title='bbox 1162 1465 1350 1536; x_wconf 90' lang='lat' dir='ltr'>justus</span> <span class='ocrx_word' id='word_1_114' title='bbox 1392 1470 1512 1519; x_wconf 91' lang='lat' dir='ltr'>erat</span> <span class='ocrx_word' id='word_1_115' title='bbox 1542 1464 1827 1536; x_wconf 84' lang='lat' dir='ltr'>apostolus</span> <span class='ocrx_word' id='word_1_116' title='bbox 1863 1464 2104 1520; x_wconf 89' lang='lat' dir='ltr'>Jacobus</span> 
     </span>
    </p>
   </div>
   <div class='ocr_carea' id='block_1_16' title="bbox 471 1557 2104 1629">
    <p class='ocr_par' dir='ltr' id='par_1_16' title="bbox 471 1557 2104 1629">
     <span class='ocr_line' id='line_1_16' title="bbox 471 1557 2104 1629; baseline -0.002 -14"><span class='ocrx_word' id='word_1_117' title='bbox 471 1577 601 1615; x_wconf 89' lang='lat' dir='ltr'>cum</span> <span class='ocrx_word' id='word_1_118' title='bbox 628 1560 871 1629; x_wconf 90' lang='lat' dir='ltr'>dicebat,</span> <span class='ocrx_word' id='word_1_119' title='bbox 896 1559 954 1614; x_wconf 92' lang='lat' dir='ltr'>in</span> <span class='ocrx_word' id='word_1_120' title='bbox 978 1559 1173 1615; x_wconf 90' lang='lat' dir='ltr'>multis</span> <span class='ocrx_word' id='word_1_121' title='bbox 1184 1558 1339 1613; x_wconf 89' lang='lat' dir='ltr'>enim</span> <span class='ocrx_word' id='word_1_122' title='bbox 1358 1557 1702 1614; x_wconf 78' lang='lat' dir='ltr'>offendimus</span> <span class='ocrx_word' id='word_1_123' title='bbox 1721 1573 1942 1612; x_wconf 91' lang='lat' dir='ltr'>omnes.</span> <span class='ocrx_word' id='word_1_124' title='bbox 1961 1559 2104 1612; x_wconf 84' lang='lat' dir='ltr'>Nam</span> 
     </span>
    </p>
   </div>
   <div class='ocr_carea' id='block_1_17' title="bbox 474 1650 2099 1725">
    <p class='ocr_par' dir='ltr' id='par_1_17' title="bbox 474 1650 2099 1725">
     <span class='ocr_line' id='line_1_17' title="bbox 474 1650 2099 1725; baseline -0.001 -19"><span class='ocrx_word' id='word_1_125' title='bbox 474 1671 647 1725; x_wconf 83' lang='lat' dir='ltr'>quare</span> <span class='ocrx_word' id='word_1_126' title='bbox 663 1654 917 1709; x_wconf 90' lang='lat' dir='ltr'>additum</span> <span class='ocrx_word' id='word_1_127' title='bbox 951 1658 1033 1708; x_wconf 89' lang='lat' dir='ltr'>est</span> <span class='ocrx_word' id='word_1_128' title='bbox 1063 1670 1284 1719; x_wconf 91' lang='lat' dir='ltr'>omnes,</span> <span class='ocrx_word' id='word_1_129' title='bbox 1314 1652 1510 1707; x_wconf 89' lang='lat' dir='ltr'>nisiut</span> <span class='ocrx_word' id='word_1_130' title='bbox 1534 1652 1643 1706; x_wconf 91' lang='lat' dir='ltr'>ista</span> <span class='ocrx_word' id='word_1_131' title='bbox 1661 1650 1944 1706; x_wconf 86' lang='lat' dir='ltr'>sententia</span> <span class='ocrx_word' id='word_1_132' title='bbox 1968 1667 2099 1705; x_wconf 90' lang='lat' dir='ltr'>con-</span> 
     </span>
    </p>
   </div>
   <div class='ocr_carea' id='block_1_18' title="bbox 472 1744 2100 1818">
    <p class='ocr_par' dir='ltr' id='par_1_18' title="bbox 472 1744 2100 1818">
     <span class='ocr_line' id='line_1_18' title="bbox 472 1744 2100 1818; baseline 0 -19"><span class='ocrx_word' id='word_1_133' title='bbox 472 1748 710 1815; x_wconf 83' lang='lat' dir='ltr'>veniret,</span> <span class='ocrx_word' id='word_1_134' title='bbox 744 1752 801 1803; x_wconf 90' lang='lat' dir='ltr'>et</span> <span class='ocrx_word' id='word_1_135' title='bbox 828 1747 887 1801; x_wconf 91' lang='lat' dir='ltr'>in</span> <span class='ocrx_word' id='word_1_136' title='bbox 916 1748 1133 1818; x_wconf 89' lang='lat' dir='ltr'>psalmo</span> <span class='ocrx_word' id='word_1_137' title='bbox 1158 1747 1255 1801; x_wconf 93' lang='lat' dir='ltr'>ubi</span> <span class='ocrx_word' id='word_1_138' title='bbox 1275 1746 1523 1817; x_wconf 90' lang='lat' dir='ltr'>legitur:</span> <span class='ocrx_word' id='word_1_139' title='bbox 1556 1746 1678 1799; x_wconf 91' lang='lat' dir='ltr'>Non</span> <span class='ocrx_word' id='word_1_140' title='bbox 1708 1745 1885 1800; x_wconf 88' lang='lat' dir='ltr'>intres</span> <span class='ocrx_word' id='word_1_141' title='bbox 1922 1745 1982 1799; x_wconf 92' lang='lat' dir='ltr'>in</span> <span class='ocrx_word' id='word_1_142' title='bbox 2002 1744 2100 1815; x_wconf 88' lang='lat' dir='ltr'>ju-</span> 
     </span>
    </p>
   </div>
   <div class='ocr_carea' id='block_1_19' title="bbox 1653 534 2092 605">
    <p class='ocr_par' dir='ltr' id='par_1_19' title="bbox 1653 534 2092 605">
     <span class='ocr_line' id='line_1_19' title="bbox 1653 534 2092 605; baseline -0.007 -16"><span class='ocrx_word' id='word_1_143' title='bbox 1653 534 1864 589; x_wconf 89' lang='lat' dir='ltr'>habere</span> <span class='ocrx_word' id='word_1_144' title='bbox 1893 549 2092 605; x_wconf 83' lang='lat' dir='ltr'>pecca-</span> 
     </span>
    </p>
   </div>
   <div class='ocr_carea' id='block_1_20' title="bbox 2205 529 2973 601">
    <p class='ocr_par' dir='ltr' id='par_1_20' title="bbox 2205 529 2973 601">
     <span class='ocr_line' id='line_1_20' title="bbox 2205 529 2973 601; baseline -0.005 -15"><span class='ocrx_word' id='word_1_145' title='bbox 2205 532 2456 587; x_wconf 90' lang='lat' dir='ltr'>studium</span> <span class='ocrx_word' id='word_1_146' title='bbox 2487 532 2559 585; x_wconf 89' lang='lat' dir='ltr'>sit</span> <span class='ocrx_word' id='word_1_147' title='bbox 2573 529 2973 601; x_wconf 90' lang='lat' dir='ltr'>compositum.</span> 
     </span>
    </p>
   </div>
   <div class='ocr_carea' id='block_1_21' title="bbox 2272 623 3840 698">
    <p class='ocr_par' dir='ltr' id='par_1_21' title="bbox 2272 623 3840 698">
     <span class='ocr_line' id='line_1_21' title="bbox 2272 623 3840 698; baseline -0.004 -15"><span class='ocrx_word' id='word_1_148' title='bbox 2272 630 2409 684; x_wconf 82' lang='lat' dir='ltr'><strong>XIII.</strong></span> <span class='ocrx_word' id='word_1_149' title='bbox 2452 628 2777 683; x_wconf 90' lang='lat' dir='ltr'>Palentinns</span> <span class='ocrx_word' id='word_1_150' title='bbox 2832 627 3127 698; x_wconf 88' lang='lat' dir='ltr'>episcopus</span> <span class='ocrx_word' id='word_1_151' title='bbox 3191 625 3334 681; x_wconf 83' lang='lat' dir='ltr'>dixit</span> <span class='ocrx_word' id='word_1_152' title='bbox 3380 641 3394 681; x_wconf 89' lang='lat'><strong>:</strong></span> <span class='ocrx_word' id='word_1_153' title='bbox 3460 623 3514 680; x_wconf 92' lang='lat' dir='ltr'>Si</span> <span class='ocrx_word' id='word_1_154' title='bbox 3554 623 3840 696; x_wconf 89' lang='lat' dir='ltr'>permittit</span> 
     </span>
    </p>
   </div>
   <div class='ocr_carea' id='block_1_22' title="bbox 2202 722 3835 792">
    <p class='ocr_par' dir='ltr' id='par_1_22' title="bbox 2202 722 3835 792">
     <span class='ocr_line' id='line_1_22' title="bbox 2202 722 3835 792; baseline -0.004 -16"><span class='ocrx_word' id='word_1_155' title='bbox 2202 723 2419 776; x_wconf 88' lang='lat' dir='ltr'>bonum</span> <span class='ocrx_word' id='word_1_156' title='bbox 2445 722 2731 792; x_wconf 89' lang='lat' dir='ltr'>patientia</span> <span class='ocrx_word' id='word_1_157' title='bbox 2766 725 2986 785; x_wconf 84' lang='lat' dir='ltr'>vestra,</span> <span class='ocrx_word' id='word_1_158' title='bbox 3021 736 3336 791; x_wconf 90' lang='lat' dir='ltr'>prosequar</span> <span class='ocrx_word' id='word_1_159' title='bbox 3375 736 3443 773; x_wconf 89' lang='lat' dir='ltr'>ea</span> <span class='ocrx_word' id='word_1_160' title='bbox 3476 734 3606 790; x_wconf 90' lang='lat' dir='ltr'>qua</span> <span class='ocrx_word' id='word_1_161' title='bbox 3638 734 3835 771; x_wconf 90' lang='lat' dir='ltr'>neces-</span> 
     </span>
    </p>
   </div>
   <div class='ocr_carea' id='block_1_23' title="bbox 2204 810 3837 884">
    <p class='ocr_par' dir='ltr' id='par_1_23' title="bbox 2204 810 3837 884">
     <span class='ocr_line' id='line_1_23' title="bbox 2204 810 3837 884; baseline -0.004 -13"><span class='ocrx_word' id='word_1_162' title='bbox 2204 815 2352 871; x_wconf 88' lang='lat' dir='ltr'>saria</span> <span class='ocrx_word' id='word_1_163' title='bbox 2372 819 2505 871; x_wconf 90' lang='lat' dir='ltr'>sunt</span> <span class='ocrx_word' id='word_1_164' title='bbox 2530 814 2922 869; x_wconf 90' lang='lat' dir='ltr'>ecclesiastica</span> <span class='ocrx_word' id='word_1_165' title='bbox 2962 812 3293 884; x_wconf 88' lang='lat' dir='ltr'>disciplina.</span> <span class='ocrx_word' id='word_1_166' title='bbox 3329 813 3546 867; x_wconf 90' lang='lat' dir='ltr'>Scimus</span> <span class='ocrx_word' id='word_1_167' title='bbox 3574 811 3729 866; x_wconf 88' lang='lat' dir='ltr'>enim</span> <span class='ocrx_word' id='word_1_168' title='bbox 3755 810 3837 865; x_wconf 90' lang='lat' dir='ltr'>sic</span> 
     </span>
    </p>
   </div>
   <div class='ocr_carea' id='block_1_24' title="bbox 2203 904 3834 979">
    <p class='ocr_par' dir='ltr' id='par_1_24' title="bbox 2203 904 3834 979">
     <span class='ocr_line' id='line_1_24' title="bbox 2203 904 3834 979; baseline -0.002 -16"><span class='ocrx_word' id='word_1_169' title='bbox 2203 910 2532 964; x_wconf 86' lang='lat' dir='ltr'>inviolatam</span> <span class='ocrx_word' id='word_1_170' title='bbox 2570 908 2947 979; x_wconf 88' lang='lat' dir='ltr'>permansisse</span> <span class='ocrx_word' id='word_1_171' title='bbox 2985 906 3420 962; x_wconf 88' lang='lat' dir='ltr'>ecclesiasticam</span> <span class='ocrx_word' id='word_1_172' title='bbox 3456 904 3834 977; x_wconf 90' lang='lat' dir='ltr'>disciplinam,</span> 
     </span>
    </p>
   </div>
   <div class='ocr_carea' id='block_1_25' title="bbox 2203 998 3836 1072">
    <p class='ocr_par' dir='ltr' id='par_1_25' title="bbox 2203 998 3836 1072">
     <span class='ocr_line' id='line_1_25' title="bbox 2203 998 3836 1072; baseline -0.003 -14"><span class='ocrx_word' id='word_1_173' title='bbox 2203 1004 2282 1057; x_wconf 91' lang='lat' dir='ltr'>ita</span> <span class='ocrx_word' id='word_1_174' title='bbox 2320 1007 2383 1058; x_wconf 91' lang='lat' dir='ltr'>ut</span> <span class='ocrx_word' id='word_1_175' title='bbox 2422 1003 2612 1057; x_wconf 91' lang='lat' dir='ltr'>nullus</span> <span class='ocrx_word' id='word_1_176' title='bbox 2653 1002 2897 1057; x_wconf 85' lang='lat' dir='ltr'>fratrum</span> <span class='ocrx_word' id='word_1_177' title='bbox 2946 1001 3230 1072; x_wconf 83' lang='lat' dir='ltr'>prioribus</span> <span class='ocrx_word' id='word_1_178' title='bbox 3273 1000 3388 1054; x_wconf 90' lang='lat' dir='ltr'>suis</span> <span class='ocrx_word' id='word_1_179' title='bbox 3428 1017 3487 1054; x_wconf 90' lang='lat' dir='ltr'>se</span> <span class='ocrx_word' id='word_1_180' title='bbox 3528 998 3836 1070; x_wconf 86' lang='lat' dir='ltr'>aliquando</span> 
     </span>
    </p>
   </div>
   <div class='ocr_carea' id='block_1_26' title="bbox 2203 1093 3840 1167">
    <p class='ocr_par' dir='ltr' id='par_1_26' title="bbox 2203 1093 3840 1167">
     <span class='ocr_line' id='line_1_26' title="bbox 2203 1093 3840 1167; baseline -0.002 -16"><span class='ocrx_word' id='word_1_181' title='bbox 2203 1097 2442 1151; x_wconf 84' lang='lat' dir='ltr'>auderet</span> <span class='ocrx_word' id='word_1_182' title='bbox 2472 1100 2838 1167; x_wconf 87' lang='lat' dir='ltr'>anteponere,</span> <span class='ocrx_word' id='word_1_183' title='bbox 2869 1096 2967 1149; x_wconf 91' lang='lat' dir='ltr'>sed</span> <span class='ocrx_word' id='word_1_184' title='bbox 2999 1094 3198 1149; x_wconf 75' lang='lat' dir='ltr'>ofﬁciis</span> <span class='ocrx_word' id='word_1_185' title='bbox 3225 1094 3495 1165; x_wconf 81' lang='lat' dir='ltr'>legitimis</span> <span class='ocrx_word' id='word_1_186' title='bbox 3528 1093 3585 1148; x_wconf 92' lang='lat' dir='ltr'>id</span> <span class='ocrx_word' id='word_1_187' title='bbox 3610 1109 3840 1165; x_wconf 88' lang='lat' dir='ltr'>semper</span> 
     </span>
    </p>
   </div>
   <div class='ocr_carea' id='block_1_27' title="bbox 2205 1187 3840 1260">
    <p class='ocr_par' dir='ltr' id='par_1_27' title="bbox 2205 1187 3840 1260">
     <span class='ocr_line' id='line_1_27' title="bbox 2205 1187 3840 1260; baseline -0.002 -15"><span class='ocrx_word' id='word_1_188' title='bbox 2205 1191 2519 1246; x_wconf 87' lang='lat' dir='ltr'>exhibitum</span> <span class='ocrx_word' id='word_1_189' title='bbox 2574 1195 2659 1244; x_wconf 90' lang='lat' dir='ltr'>est</span> <span class='ocrx_word' id='word_1_190' title='bbox 2697 1189 3016 1260; x_wconf 86' lang='lat' dir='ltr'>prioribus,</span> <span class='ocrx_word' id='word_1_191' title='bbox 3076 1188 3224 1259; x_wconf 92' lang='lat' dir='ltr'>quod</span> <span class='ocrx_word' id='word_1_192' title='bbox 3283 1188 3354 1242; x_wconf 91' lang='lat' dir='ltr'>ab</span> <span class='ocrx_word' id='word_1_193' title='bbox 3403 1187 3840 1259; x_wconf 89' lang='lat' dir='ltr'>insequentibus</span> 
     </span>
    </p>
   </div>
   <div class='ocr_carea' id='block_1_28' title="bbox 2204 1280 3838 1354">
    <p class='ocr_par' dir='ltr' id='par_1_28' title="bbox 2204 1280 3838 1354">
     <span class='ocr_line' id='line_1_28' title="bbox 2204 1280 3838 1354; baseline -0.002 -16"><span class='ocrx_word' id='word_1_194' title='bbox 2204 1283 2622 1338; x_wconf 86' lang='lat' dir='ltr'>rationabiliter</span> <span class='ocrx_word' id='word_1_195' title='bbox 2666 1298 2892 1354; x_wconf 86' lang='lat' dir='ltr'>semper</span> <span class='ocrx_word' id='word_1_196' title='bbox 2936 1282 3309 1353; x_wconf 87' lang='lat' dir='ltr'>acciperetur.</span> <span class='ocrx_word' id='word_1_197' title='bbox 3369 1282 3528 1336; x_wconf 87' lang='lat' dir='ltr'>Hunc</span> <span class='ocrx_word' id='word_1_198' title='bbox 3570 1280 3838 1336; x_wconf 91' lang='lat' dir='ltr'>ordinem</span> 
     </span>
    </p>
   </div>
   <div class='ocr_carea' id='block_1_29' title="bbox 2196 1374 3840 1449">
    <p class='ocr_par' dir='ltr' id='par_1_29' title="bbox 2196 1374 3840 1449">
     <span class='ocr_line' id='line_1_29' title="bbox 2196 1374 3840 1449; baseline -0.002 -17"><span class='ocrx_word' id='word_1_199' title='bbox 2196 1378 2400 1449; x_wconf 87' lang='lat' dir='ltr'>jubeat</span> <span class='ocrx_word' id='word_1_200' title='bbox 2428 1377 2694 1432; x_wconf 87' lang='lat' dir='ltr'>sanctitas</span> <span class='ocrx_word' id='word_1_201' title='bbox 2723 1380 2914 1431; x_wconf 88' lang='lat' dir='ltr'>vestra</span> <span class='ocrx_word' id='word_1_202' title='bbox 2938 1375 3142 1430; x_wconf 90' lang='lat' dir='ltr'>melius</span> <span class='ocrx_word' id='word_1_203' title='bbox 3168 1375 3368 1430; x_wconf 87' lang='lat' dir='ltr'>vestris</span> <span class='ocrx_word' id='word_1_204' title='bbox 3394 1374 3840 1430; x_wconf 82' lang='lat' dir='ltr'>interlocutioni-</span> 
     </span>
    </p>
   </div>
   <div class='ocr_carea' id='block_1_30' title="bbox 2203 1468 3838 1542">
    <p class='ocr_par' dir='ltr' id='par_1_30' title="bbox 2203 1468 3838 1542">
     <span class='ocr_line' id='line_1_30' title="bbox 2203 1468 3838 1542; baseline -0.001 -17"><span class='ocrx_word' id='word_1_205' title='bbox 2203 1472 2309 1526; x_wconf 91' lang='lat' dir='ltr'>bus</span> <span class='ocrx_word' id='word_1_206' title='bbox 2332 1471 2620 1526; x_wconf 89' lang='lat' dir='ltr'>roborare.</span> <span class='ocrx_word' id='word_1_207' title='bbox 2647 1471 2909 1526; x_wconf 85' lang='lat' dir='ltr'>Aurelius</span> <span class='ocrx_word' id='word_1_208' title='bbox 2938 1470 3239 1542; x_wconf 89' lang='lat' dir='ltr'>episcopus</span> <span class='ocrx_word' id='word_1_209' title='bbox 3270 1468 3451 1524; x_wconf 86' lang='lat' dir='ltr'>dixit:</span> <span class='ocrx_word' id='word_1_210' title='bbox 3482 1469 3603 1523; x_wconf 90' lang='lat' dir='ltr'>Non</span> <span class='ocrx_word' id='word_1_211' title='bbox 3624 1468 3838 1523; x_wconf 89' lang='lat' dir='ltr'>decue-</span> 
     </span>
    </p>
   </div>
   <div class='ocr_carea' id='block_1_31' title="bbox 2203 1562 3839 1637">
    <p class='ocr_par' dir='ltr' id='par_1_31' title="bbox 2203 1562 3839 1637">
     <span class='ocr_line' id='line_1_31' title="bbox 2203 1562 3839 1637; baseline -0.003 -17"><span class='ocrx_word' id='word_1_212' title='bbox 2203 1570 2290 1620; x_wconf 88' lang='lat' dir='ltr'>rat</span> <span class='ocrx_word' id='word_1_213' title='bbox 2314 1564 2548 1637; x_wconf 88' lang='lat' dir='ltr'>quidem</span> <span class='ocrx_word' id='word_1_214' title='bbox 2572 1569 2633 1619; x_wconf 92' lang='lat' dir='ltr'>ut</span> <span class='ocrx_word' id='word_1_215' title='bbox 2656 1564 2780 1619; x_wconf 89' lang='lat' dir='ltr'>hac</span> <span class='ocrx_word' id='word_1_216' title='bbox 2797 1570 3201 1635; x_wconf 90' lang='lat' dir='ltr'>repeteremus,</span> <span class='ocrx_word' id='word_1_217' title='bbox 3222 1562 3334 1617; x_wconf 91' lang='lat' dir='ltr'>nisi</span> <span class='ocrx_word' id='word_1_218' title='bbox 3353 1562 3499 1617; x_wconf 90' lang='lat' dir='ltr'>forte</span> <span class='ocrx_word' id='word_1_219' title='bbox 3526 1562 3839 1616; x_wconf 82' lang='lat' dir='ltr'>existerent</span> 
     </span>
    </p>
   </div>
   <div class='ocr_carea' id='block_1_32' title="bbox 2203 1655 3841 1729">
    <p class='ocr_par' dir='ltr' id='par_1_32' title="bbox 2203 1655 3841 1729">
     <span class='ocr_line' id='line_1_32' title="bbox 2203 1655 3841 1729; baseline -0.002 -17"><span class='ocrx_word' id='word_1_220' title='bbox 2203 1658 2632 1713; x_wconf 87' lang='lat' dir='ltr'>inconsiderata</span> <span class='ocrx_word' id='word_1_221' title='bbox 2658 1662 2879 1712; x_wconf 82' lang='lat' dir='ltr'>mentes</span> <span class='ocrx_word' id='word_1_222' title='bbox 2904 1656 3286 1729; x_wconf 89' lang='lat' dir='ltr'>quorumdam</span> <span class='ocrx_word' id='word_1_223' title='bbox 3318 1672 3447 1728; x_wconf 86' lang='lat' dir='ltr'>qua</span> <span class='ocrx_word' id='word_1_224' title='bbox 3482 1655 3554 1710; x_wconf 90' lang='lat' dir='ltr'>ad</span> <span class='ocrx_word' id='word_1_225' title='bbox 3586 1656 3703 1709; x_wconf 88' lang='lat' dir='ltr'>hac</span> <span class='ocrx_word' id='word_1_226' title='bbox 3727 1660 3841 1709; x_wconf 84' lang='lat' dir='ltr'>sta-</span> 
     </span>
    </p>
   </div>
   <div class='ocr_carea' id='block_1_33' title="bbox 2201 1749 3839 1818">
    <p class='ocr_par' dir='ltr' id='par_1_33' title="bbox 2201 1749 3839 1818">
     <span class='ocr_line' id='line_1_33' title="bbox 2201 1749 3839 1818; baseline -0.001 -13"><span class='ocrx_word' id='word_1_227' title='bbox 2201 1752 2415 1806; x_wconf 89' lang='lat' dir='ltr'>tuenda</span> <span class='ocrx_word' id='word_1_228' title='bbox 2459 1756 2685 1806; x_wconf 91' lang='lat' dir='ltr'>nostros</span> <span class='ocrx_word' id='word_1_229' title='bbox 2726 1754 3001 1805; x_wconf 89' lang='lat' dir='ltr'>acuerent</span> <span class='ocrx_word' id='word_1_230' title='bbox 3039 1767 3255 1818; x_wconf 89' lang='lat' dir='ltr'>sensus,</span> <span class='ocrx_word' id='word_1_231' title='bbox 3286 1749 3385 1804; x_wconf 90' lang='lat' dir='ltr'>sed</span> <span class='ocrx_word' id='word_1_232' title='bbox 3420 1752 3477 1803; x_wconf 90' lang='lat' dir='ltr'>et</span> <span class='ocrx_word' id='word_1_233' title='bbox 3516 1749 3839 1803; x_wconf 87' lang='lat' dir='ltr'>communis</span> 
     </span>
    </p>
   </div>
   <div class='ocr_carea' id='block_1_34' title="bbox 476 1836 2125 1917">
    <p class='ocr_par' dir='ltr' id='par_1_34' title="bbox 476 1839 2108 1911">
     <span class='ocr_line' id='line_1_34' title="bbox 476 1839 2108 1911; baseline -0.002 -15"><span class='ocrx_word' id='word_1_234' title='bbox 476 1841 685 1896; x_wconf 90' lang='lat' dir='ltr'>dicium</span> <span class='ocrx_word' id='word_1_235' title='bbox 706 1858 835 1896; x_wconf 91' lang='lat' dir='ltr'>cum</span> <span class='ocrx_word' id='word_1_236' title='bbox 857 1857 1019 1896; x_wconf 91' lang='lat' dir='ltr'>servo</span> <span class='ocrx_word' id='word_1_237' title='bbox 1040 1846 1161 1908; x_wconf 89' lang='lat' dir='ltr'>tuo,</span> <span class='ocrx_word' id='word_1_238' title='bbox 1192 1840 1328 1911; x_wconf 89' lang='lat' dir='ltr'>quia</span> <span class='ocrx_word' id='word_1_239' title='bbox 1345 1857 1461 1895; x_wconf 91' lang='lat' dir='ltr'>non</span> <span class='ocrx_word' id='word_1_240' title='bbox 1475 1839 1879 1910; x_wconf 87' lang='lat' dir='ltr'>justiﬁcabitur</span> <span class='ocrx_word' id='word_1_241' title='bbox 1895 1839 1955 1893; x_wconf 90' lang='lat' dir='ltr'>in</span> <span class='ocrx_word' id='word_1_242' title='bbox 1975 1855 2108 1893; x_wconf 91' lang='lat' dir='ltr'>con-</span> 
     </span>
    </p>
   </div>
   <div class='ocr_carea' id='block_1_35' title="bbox 2217 1836 3840 1917">
    <p class='ocr_par' dir='ltr' id='par_1_35' title="bbox 2217 1842 3840 1917">
     <span class='ocr_line' id='line_1_35' title="bbox 2217 1842 3840 1917; baseline -0.002 -17"><span class='ocrx_word' id='word_1_243' title='bbox 2217 1846 2328 1900; x_wconf 84' lang='lat' dir='ltr'>hac</span> <span class='ocrx_word' id='word_1_244' title='bbox 2349 1861 2519 1899; x_wconf 88' lang='lat' dir='ltr'>causa</span> <span class='ocrx_word' id='word_1_245' title='bbox 2545 1850 2632 1900; x_wconf 91' lang='lat' dir='ltr'>est</span> <span class='ocrx_word' id='word_1_246' title='bbox 2657 1861 2828 1917; x_wconf 89' lang='lat' dir='ltr'>quam</span> <span class='ocrx_word' id='word_1_247' title='bbox 2858 1844 3165 1900; x_wconf 85' lang='lat' dir='ltr'>insinuavit</span> <span class='ocrx_word' id='word_1_248' title='bbox 3188 1844 3362 1898; x_wconf 87' lang='lat' dir='ltr'>frater</span> <span class='ocrx_word' id='word_1_249' title='bbox 3391 1846 3449 1897; x_wconf 93' lang='lat' dir='ltr'>et</span> <span class='ocrx_word' id='word_1_250' title='bbox 3473 1842 3840 1915; x_wconf 89' lang='lat' dir='ltr'>coepiscopus</span> 
     </span>
    </p>
   </div>
   <div class='ocr_carea' id='block_1_36' title="bbox 475 1932 2105 2006">
    <p class='ocr_par' dir='ltr' id='par_1_36' title="bbox 475 1932 2105 2006">
     <span class='ocr_line' id='line_1_36' title="bbox 475 1932 2105 2006; baseline -0.002 -16"><span class='ocrx_word' id='word_1_251' title='bbox 475 1940 673 2006; x_wconf 91' lang='lat' dir='ltr'>spectu</span> <span class='ocrx_word' id='word_1_252' title='bbox 712 1938 808 1990; x_wconf 89' lang='lat' dir='ltr'>tuo</span> <span class='ocrx_word' id='word_1_253' title='bbox 839 1935 1023 1990; x_wconf 87' lang='lat' dir='ltr'>omnis</span> <span class='ocrx_word' id='word_1_254' title='bbox 1061 1934 1285 2003; x_wconf 84' lang='lat' dir='ltr'>vivens;</span> <span class='ocrx_word' id='word_1_255' title='bbox 1332 1937 1390 1988; x_wconf 91' lang='lat' dir='ltr'>et</span> <span class='ocrx_word' id='word_1_256' title='bbox 1422 1934 1482 1988; x_wconf 92' lang='lat' dir='ltr'>in</span> <span class='ocrx_word' id='word_1_257' title='bbox 1520 1933 1771 1987; x_wconf 89' lang='lat' dir='ltr'>oratione</span> <span class='ocrx_word' id='word_1_258' title='bbox 1809 1932 2105 2004; x_wconf 87' lang='lat' dir='ltr'>sapientis-</span> 
     </span>
    </p>
   </div>
   <div class='ocr_carea' id='block_1_37' title="bbox 474 2026 2107 2098">
    <p class='ocr_par' dir='ltr' id='par_1_37' title="bbox 474 2026 2107 2098">
     <span class='ocr_line' id='line_1_37' title="bbox 474 2026 2107 2098; baseline -0.001 -16"><span class='ocrx_word' id='word_1_259' title='bbox 474 2029 604 2083; x_wconf 86' lang='lat' dir='ltr'>simi</span> <span class='ocrx_word' id='word_1_260' title='bbox 624 2028 944 2085; x_wconf 91' lang='lat' dir='ltr'>Salomonis</span> <span class='ocrx_word' id='word_1_261' title='bbox 971 2046 982 2082; x_wconf 90' lang='lat'>:</span> <span class='ocrx_word' id='word_1_262' title='bbox 1008 2028 1127 2082; x_wconf 89' lang='lat' dir='ltr'>Non</span> <span class='ocrx_word' id='word_1_263' title='bbox 1148 2033 1231 2083; x_wconf 91' lang='lat' dir='ltr'>est</span> <span class='ocrx_word' id='word_1_264' title='bbox 1252 2028 1423 2082; x_wconf 89' lang='lat' dir='ltr'>homo</span> <span class='ocrx_word' id='word_1_265' title='bbox 1450 2026 1545 2098; x_wconf 88' lang='lat' dir='ltr'>qui</span> <span class='ocrx_word' id='word_1_266' title='bbox 1568 2043 1686 2082; x_wconf 92' lang='lat' dir='ltr'>non</span> <span class='ocrx_word' id='word_1_267' title='bbox 1705 2029 1932 2098; x_wconf 87' lang='lat' dir='ltr'>peccet;</span> <span class='ocrx_word' id='word_1_268' title='bbox 1964 2030 2022 2080; x_wconf 90' lang='lat' dir='ltr'>et</span> <span class='ocrx_word' id='word_1_269' title='bbox 2047 2026 2107 2081; x_wconf 90' lang='lat' dir='ltr'>in</span> 
     </span>
    </p>
   </div>
   <div class='ocr_carea' id='block_1_38' title="bbox 474 2119 2111 2193">
    <p class='ocr_par' dir='ltr' id='par_1_38' title="bbox 474 2119 2111 2193">
     <span class='ocr_line' id='line_1_38' title="bbox 474 2119 2111 2193; baseline -0.003 -15"><span class='ocrx_word' id='word_1_270' title='bbox 474 2123 618 2178; x_wconf 91' lang='lat' dir='ltr'>libro</span> <span class='ocrx_word' id='word_1_271' title='bbox 645 2122 750 2178; x_wconf 87' lang='lat' dir='ltr'>Job</span> <span class='ocrx_word' id='word_1_272' title='bbox 775 2139 788 2177; x_wconf 89' lang='lat'><strong>:</strong></span> <span class='ocrx_word' id='word_1_273' title='bbox 813 2125 875 2178; x_wconf 94' lang='lat' dir='ltr'><strong>In</strong></span> <span class='ocrx_word' id='word_1_274' title='bbox 908 2138 1084 2177; x_wconf 89' lang='lat' dir='ltr'>manu</span> <span class='ocrx_word' id='word_1_275' title='bbox 1112 2122 1298 2177; x_wconf 91' lang='lat' dir='ltr'>omnis</span> <span class='ocrx_word' id='word_1_276' title='bbox 1336 2120 1587 2176; x_wconf 91' lang='lat' dir='ltr'>hominis</span> <span class='ocrx_word' id='word_1_277' title='bbox 1631 2120 1836 2193; x_wconf 81' lang='lat' dir='ltr'>signat,</span> <span class='ocrx_word' id='word_1_278' title='bbox 1882 2124 1948 2174; x_wconf 92' lang='lat' dir='ltr'>ut</span> <span class='ocrx_word' id='word_1_279' title='bbox 1974 2119 2111 2174; x_wconf 89' lang='lat' dir='ltr'>sciat</span> 
     </span>
    </p>
   </div>
   <div class='ocr_carea' id='block_1_39' title="bbox 475 2213 2108 2272">
    <p class='ocr_par' dir='ltr' id='par_1_39' title="bbox 475 2213 2108 2272">
     <span class='ocr_line' id='line_1_39' title="bbox 475 2213 2108 2272; baseline -0.002 -1"><span class='ocrx_word' id='word_1_280' title='bbox 475 2216 664 2272; x_wconf 87' lang='lat' dir='ltr'>omnis</span> <span class='ocrx_word' id='word_1_281' title='bbox 692 2217 869 2271; x_wconf 91' lang='lat' dir='ltr'>homo</span> <span class='ocrx_word' id='word_1_282' title='bbox 894 2216 1287 2271; x_wconf 86' lang='lat' dir='ltr'>inﬁrmitatem</span> <span class='ocrx_word' id='word_1_283' title='bbox 1314 2232 1498 2270; x_wconf 88' lang='lat' dir='ltr'>suam.</span> <span class='ocrx_word' id='word_1_284' title='bbox 1518 2214 1678 2269; x_wconf 91' lang='lat' dir='ltr'>Unde</span> <span class='ocrx_word' id='word_1_285' title='bbox 1709 2214 1879 2268; x_wconf 90' lang='lat' dir='ltr'>etiam</span> <span class='ocrx_word' id='word_1_286' title='bbox 1904 2213 2108 2268; x_wconf 89' lang='lat' dir='ltr'>Daniel</span> 
     </span>
    </p>
   </div>
   <div class='ocr_carea' id='block_1_40' title="bbox 474 2306 2106 2382">
    <p class='ocr_par' dir='ltr' id='par_1_40' title="bbox 474 2306 2106 2382">
     <span class='ocr_line' id='line_1_40' title="bbox 474 2306 2106 2382; baseline -0.002 -18"><span class='ocrx_word' id='word_1_287' title='bbox 474 2315 703 2365; x_wconf 90' lang='lat' dir='ltr'>sanctus</span> <span class='ocrx_word' id='word_1_288' title='bbox 732 2313 789 2365; x_wconf 91' lang='lat' dir='ltr'>et</span> <span class='ocrx_word' id='word_1_289' title='bbox 822 2311 1011 2382; x_wconf 85' lang='lat' dir='ltr'>justus</span> <span class='ocrx_word' id='word_1_290' title='bbox 1056 2326 1186 2364; x_wconf 90' lang='lat' dir='ltr'>cum</span> <span class='ocrx_word' id='word_1_291' title='bbox 1220 2309 1279 2364; x_wconf 91' lang='lat' dir='ltr'>in</span> <span class='ocrx_word' id='word_1_292' title='bbox 1326 2308 1582 2364; x_wconf 89' lang='lat' dir='ltr'>oratione</span> <span class='ocrx_word' id='word_1_293' title='bbox 1621 2306 1919 2379; x_wconf 89' lang='lat' dir='ltr'>pluraliter</span> <span class='ocrx_word' id='word_1_294' title='bbox 1954 2307 2106 2361; x_wconf 89' lang='lat' dir='ltr'>dice-</span> 
     </span>
    </p>
   </div>
   <div class='ocr_carea' id='block_1_41' title="bbox 475 2401 2105 2475">
    <p class='ocr_par' dir='ltr' id='par_1_41' title="bbox 475 2401 2105 2475">
     <span class='ocr_line' id='line_1_41' title="bbox 475 2401 2105 2475; baseline -0.002 -18"><span class='ocrx_word' id='word_1_295' title='bbox 475 2408 609 2459; x_wconf 90' lang='lat' dir='ltr'>ret:</span> <span class='ocrx_word' id='word_1_296' title='bbox 656 2404 1035 2470; x_wconf 89' lang='lat' dir='ltr'>Peccavimus,</span> <span class='ocrx_word' id='word_1_297' title='bbox 1083 2403 1444 2475; x_wconf 87' lang='lat' dir='ltr'>iniquitatem</span> <span class='ocrx_word' id='word_1_298' title='bbox 1489 2401 1746 2469; x_wconf 87' lang='lat' dir='ltr'>fecimus,</span> <span class='ocrx_word' id='word_1_299' title='bbox 1788 2405 1844 2455; x_wconf 90' lang='lat' dir='ltr'>et</span> <span class='ocrx_word' id='word_1_300' title='bbox 1881 2404 2105 2467; x_wconf 78' lang='lat' dir='ltr'>catera,</span> 
     </span>
    </p>
   </div>
   <div class='ocr_carea' id='block_1_42' title="bbox 474 2496 2106 2568">
    <p class='ocr_par' dir='ltr' id='par_1_42' title="bbox 474 2496 2106 2568">
     <span class='ocr_line' id='line_1_42' title="bbox 474 2496 2106 2568; baseline -0.002 -17"><span class='ocrx_word' id='word_1_301' title='bbox 474 2514 602 2568; x_wconf 87' lang='lat' dir='ltr'>qua</span> <span class='ocrx_word' id='word_1_302' title='bbox 633 2497 714 2552; x_wconf 91' lang='lat' dir='ltr'>ibi</span> <span class='ocrx_word' id='word_1_303' title='bbox 739 2497 1011 2552; x_wconf 87' lang='lat' dir='ltr'>veraciter</span> <span class='ocrx_word' id='word_1_304' title='bbox 1052 2500 1111 2551; x_wconf 89' lang='lat' dir='ltr'>et</span> <span class='ocrx_word' id='word_1_305' title='bbox 1146 2496 1436 2552; x_wconf 88' lang='lat' dir='ltr'>humiliter</span> <span class='ocrx_word' id='word_1_306' title='bbox 1474 2496 1796 2564; x_wconf 84' lang='lat' dir='ltr'>confitetur,</span> <span class='ocrx_word' id='word_1_307' title='bbox 1836 2510 1909 2549; x_wconf 91' lang='lat' dir='ltr'>ne</span> <span class='ocrx_word' id='word_1_308' title='bbox 1938 2497 2106 2565; x_wconf 87' lang='lat' dir='ltr'>puta-</span> 
     </span>
    </p>
   </div>
   <div class='ocr_carea' id='block_1_43' title="bbox 475 2587 2108 2663">
    <p class='ocr_par' dir='ltr' id='par_1_43' title="bbox 475 2587 2108 2663">
     <span class='ocr_line' id='line_1_43' title="bbox 475 2587 2108 2663; baseline -0.001 -18"><span class='ocrx_word' id='word_1_309' title='bbox 475 2596 649 2661; x_wconf 91' lang='lat' dir='ltr'>retur,</span> <span class='ocrx_word' id='word_1_310' title='bbox 678 2590 1165 2663; x_wconf 88' lang='lat' dir='ltr'>quemadmodum</span> <span class='ocrx_word' id='word_1_311' title='bbox 1196 2590 1431 2661; x_wconf 89' lang='lat' dir='ltr'>quidam</span> <span class='ocrx_word' id='word_1_312' title='bbox 1462 2590 1714 2645; x_wconf 90' lang='lat' dir='ltr'>sentiunt</span> <span class='ocrx_word' id='word_1_313' title='bbox 1746 2589 1868 2643; x_wconf 85' lang='lat' dir='ltr'>hac</span> <span class='ocrx_word' id='word_1_314' title='bbox 1893 2604 2011 2643; x_wconf 91' lang='lat' dir='ltr'>non</span> <span class='ocrx_word' id='word_1_315' title='bbox 2038 2587 2108 2643; x_wconf 90' lang='lat' dir='ltr'>de</span> 
     </span>
    </p>
   </div>
   <div class='ocr_carea' id='block_1_44' title="bbox 477 2682 2110 2757">
    <p class='ocr_par' dir='ltr' id='par_1_44' title="bbox 477 2682 2110 2757">
     <span class='ocr_line' id='line_1_44' title="bbox 477 2682 2110 2757; baseline -0.002 -18"><span class='ocrx_word' id='word_1_316' title='bbox 477 2686 614 2754; x_wconf 91' lang='lat' dir='ltr'>suis,</span> <span class='ocrx_word' id='word_1_317' title='bbox 645 2686 742 2741; x_wconf 82' lang='lat' dir='ltr'>sed</span> <span class='ocrx_word' id='word_1_318' title='bbox 771 2686 841 2741; x_wconf 89' lang='lat' dir='ltr'>de</span> <span class='ocrx_word' id='word_1_319' title='bbox 868 2685 1062 2757; x_wconf 92' lang='lat' dir='ltr'>populi</span> <span class='ocrx_word' id='word_1_320' title='bbox 1092 2684 1181 2740; x_wconf 92' lang='lat' dir='ltr'>sui</span> <span class='ocrx_word' id='word_1_321' title='bbox 1206 2684 1394 2756; x_wconf 90' lang='lat' dir='ltr'>potius</span> <span class='ocrx_word' id='word_1_322' title='bbox 1412 2684 1614 2739; x_wconf 90' lang='lat' dir='ltr'>dixisse</span> <span class='ocrx_word' id='word_1_323' title='bbox 1628 2682 1890 2755; x_wconf 90' lang='lat' dir='ltr'>peccatis,</span> <span class='ocrx_word' id='word_1_324' title='bbox 1913 2684 2110 2753; x_wconf 90' lang='lat' dir='ltr'>postea</span> 
     </span>
    </p>
   </div>
   <div class='ocr_carea' id='block_1_45' title="bbox 475 2778 2111 2849">
    <p class='ocr_par' dir='ltr' id='par_1_45' title="bbox 475 2778 2111 2849">
     <span class='ocr_line' id='line_1_45' title="bbox 475 2778 2111 2849; baseline -0.002 -15"><span class='ocrx_word' id='word_1_325' title='bbox 475 2779 618 2834; x_wconf 85' lang='lat' dir='ltr'>dixit</span> <span class='ocrx_word' id='word_1_326' title='bbox 645 2795 659 2833; x_wconf 87' lang='lat'><strong>:</strong></span> <span class='ocrx_word' id='word_1_327' title='bbox 690 2779 831 2834; x_wconf 89' lang='lat' dir='ltr'>Cum</span> <span class='ocrx_word' id='word_1_328' title='bbox 859 2795 1080 2833; x_wconf 90' lang='lat' dir='ltr'>orarem</span> <span class='ocrx_word' id='word_1_329' title='bbox 1102 2781 1158 2833; x_wconf 89' lang='lat' dir='ltr'>et</span> <span class='ocrx_word' id='word_1_330' title='bbox 1183 2778 1488 2833; x_wconf 82' lang='lat' dir='ltr'>confiterer</span> <span class='ocrx_word' id='word_1_331' title='bbox 1505 2779 1740 2849; x_wconf 88' lang='lat' dir='ltr'>peccata</span> <span class='ocrx_word' id='word_1_332' title='bbox 1758 2792 1891 2830; x_wconf 91' lang='lat' dir='ltr'>mea</span> <span class='ocrx_word' id='word_1_333' title='bbox 1911 2781 1967 2830; x_wconf 92' lang='lat' dir='ltr'>et</span> <span class='ocrx_word' id='word_1_334' title='bbox 1984 2791 2111 2847; x_wconf 87' lang='lat' dir='ltr'>pec-</span> 
     </span>
    </p>
   </div>
   <div class='ocr_carea' id='block_1_46' title="bbox 475 2869 2109 2944">
    <p class='ocr_par' dir='ltr' id='par_1_46' title="bbox 475 2869 2109 2944">
     <span class='ocr_line' id='line_1_46' title="bbox 475 2869 2109 2944; baseline -0.001 -17"><span class='ocrx_word' id='word_1_335' title='bbox 475 2877 599 2927; x_wconf 91' lang='lat' dir='ltr'>cata</span> <span class='ocrx_word' id='word_1_336' title='bbox 635 2872 835 2944; x_wconf 85' lang='lat' dir='ltr'>pOpuli</span> <span class='ocrx_word' id='word_1_337' title='bbox 872 2872 984 2927; x_wconf 89' lang='lat' dir='ltr'>mei</span> <span class='ocrx_word' id='word_1_338' title='bbox 1022 2872 1268 2927; x_wconf 88' lang='lat' dir='ltr'>Domino</span> <span class='ocrx_word' id='word_1_339' title='bbox 1309 2872 1423 2926; x_wconf 92' lang='lat' dir='ltr'>Deo</span> <span class='ocrx_word' id='word_1_340' title='bbox 1460 2875 1674 2938; x_wconf 90' lang='lat' dir='ltr'>nostro,</span> <span class='ocrx_word' id='word_1_341' title='bbox 1707 2869 1891 2925; x_wconf 91' lang='lat' dir='ltr'>noluit</span> <span class='ocrx_word' id='word_1_342' title='bbox 1924 2870 2109 2925; x_wconf 88' lang='lat' dir='ltr'>dicere</span> 
     </span>
    </p>
   </div>
   <div class='ocr_carea' id='block_1_47' title="bbox 477 2963 2110 3038">
    <p class='ocr_par' dir='ltr' id='par_1_47' title="bbox 477 2963 2110 3038">
     <span class='ocr_line' id='line_1_47' title="bbox 477 2963 2110 3038; baseline -0.001 -17"><span class='ocrx_word' id='word_1_343' title='bbox 477 2970 705 3038; x_wconf 86' lang='lat' dir='ltr'>peccata</span> <span class='ocrx_word' id='word_1_344' title='bbox 734 2969 943 3034; x_wconf 87' lang='lat' dir='ltr'>nostra,</span> <span class='ocrx_word' id='word_1_345' title='bbox 1000 2965 1101 3020; x_wconf 90' lang='lat' dir='ltr'>sed</span> <span class='ocrx_word' id='word_1_346' title='bbox 1142 2964 1341 3037; x_wconf 90' lang='lat' dir='ltr'>p0puli</span> <span class='ocrx_word' id='word_1_347' title='bbox 1388 2965 1473 3019; x_wconf 91' lang='lat' dir='ltr'>sui</span> <span class='ocrx_word' id='word_1_348' title='bbox 1517 2964 1662 3019; x_wconf 83' lang='lat' dir='ltr'>dixit</span> <span class='ocrx_word' id='word_1_349' title='bbox 1706 2967 1764 3018; x_wconf 90' lang='lat' dir='ltr'>et</span> <span class='ocrx_word' id='word_1_350' title='bbox 1803 2980 1922 3033; x_wconf 88' lang='lat' dir='ltr'>sua,</span> <span class='ocrx_word' id='word_1_351' title='bbox 1972 2963 2110 3035; x_wconf 91' lang='lat' dir='ltr'>quia</span> 
     </span>
    </p>
   </div>
   <div class='ocr_carea' id='block_1_48' title="bbox 476 3058 2109 3131">
    <p class='ocr_par' dir='ltr' id='par_1_48' title="bbox 476 3058 2109 3131">
     <span class='ocr_line' id='line_1_48' title="bbox 476 3058 2109 3131; baseline -0.002 -16"><span class='ocrx_word' id='word_1_352' title='bbox 476 3060 699 3115; x_wconf 87' lang='lat' dir='ltr'>futuros</span> <span class='ocrx_word' id='word_1_353' title='bbox 722 3059 860 3115; x_wconf 89' lang='lat' dir='ltr'>istos</span> <span class='ocrx_word' id='word_1_354' title='bbox 888 3058 985 3131; x_wconf 91' lang='lat' dir='ltr'>qui</span> <span class='ocrx_word' id='word_1_355' title='bbox 1014 3063 1133 3114; x_wconf 90' lang='lat' dir='ltr'>tam</span> <span class='ocrx_word' id='word_1_356' title='bbox 1150 3058 1301 3114; x_wconf 91' lang='lat' dir='ltr'>male</span> <span class='ocrx_word' id='word_1_357' title='bbox 1323 3058 1669 3130; x_wconf 86' lang='lat' dir='ltr'>intelligunt,</span> <span class='ocrx_word' id='word_1_358' title='bbox 1691 3062 1964 3130; x_wconf 88' lang='lat' dir='ltr'>tanquam</span> <span class='ocrx_word' id='word_1_359' title='bbox 1982 3072 2109 3128; x_wconf 89' lang='lat' dir='ltr'>pro-</span> 
     </span>
    </p>
   </div>
   <div class='ocr_carea' id='block_1_49' title="bbox 476 3153 960 3226">
    <p class='ocr_par' dir='ltr' id='par_1_49' title="bbox 476 3153 960 3226">
     <span class='ocr_line' id='line_1_49' title="bbox 476 3153 960 3226; baseline 0 -17"><span class='ocrx_word' id='word_1_360' title='bbox 476 3154 651 3226; x_wconf 83' lang='lat' dir='ltr'>pheta</span> <span class='ocrx_word' id='word_1_361' title='bbox 678 3153 960 3226; x_wconf 89' lang='lat' dir='ltr'>pravidit.</span> 
     </span>
    </p>
   </div>
   <div class='ocr_carea' id='block_1_50' title="bbox 551 3205 2182 3319">
    <p class='ocr_par' dir='ltr' id='par_1_50' title="bbox 551 3205 2182 3319">
     <span class='ocr_line' id='line_1_50' title="bbox 551 3205 2182 3319; baseline -0.002 -17"><span class='ocrx_word' id='word_1_362' title='bbox 1120 3252 1183 3303; x_wconf 90' lang='lat' dir='ltr'>ut</span> <span class='ocrx_word' id='word_1_363' title='bbox 1217 3247 1542 3318; x_wconf 89' lang='lat' dir='ltr'>quicunque</span> <span class='ocrx_word' id='word_1_364' title='bbox 1562 3246 1733 3302; x_wconf 91' lang='lat' dir='ltr'>verba</span> <span class='ocrx_word' id='word_1_365' title='bbox 1761 3245 1884 3317; x_wconf 91' lang='lat' dir='ltr'>ipsa</span> <span class='ocrx_word' id='word_1_366' title='bbox 1909 3244 2106 3301; x_wconf 81' lang='lat' dir='ltr'>Domi-</span> <span class='ocrx_word' id='word_1_367' title='bbox 2127 3205 2182 3280; x_wconf 67' lang='grc' dir='ltr'>Ο</span> 
     </span>
    </p>
   </div>
   <div class='ocr_carea' id='block_1_51' title="bbox 479 3339 2112 3396">
    <p class='ocr_par' dir='ltr' id='par_1_51' title="bbox 479 3339 2112 3396">
     <span class='ocr_line' id='line_1_51' title="bbox 479 3339 2112 3396; baseline -0.001 -1"><span class='ocrx_word' id='word_1_368' title='bbox 479 3341 623 3396; x_wconf 90' lang='lat' dir='ltr'>nica</span> <span class='ocrx_word' id='word_1_369' title='bbox 644 3340 913 3396; x_wconf 88' lang='lat' dir='ltr'>orationis</span> <span class='ocrx_word' id='word_1_370' title='bbox 937 3341 1035 3396; x_wconf 90' lang='lat' dir='ltr'>ubi</span> <span class='ocrx_word' id='word_1_371' title='bbox 1063 3341 1334 3396; x_wconf 89' lang='lat' dir='ltr'>dicimus:</span> <span class='ocrx_word' id='word_1_372' title='bbox 1356 3340 1581 3396; x_wconf 85' lang='lat' dir='ltr'>Dimitte</span> <span class='ocrx_word' id='word_1_373' title='bbox 1603 3339 1765 3395; x_wconf 90' lang='lat' dir='ltr'>nobis</span> <span class='ocrx_word' id='word_1_374' title='bbox 1795 3339 1983 3394; x_wconf 75' lang='lat' dir='ltr'>debita</span> <span class='ocrx_word' id='word_1_375' title='bbox 2011 3355 2112 3394; x_wconf 77' lang='lat' dir='ltr'>no-</span> 
     </span>
    </p>
   </div>
   <div class='ocr_carea' id='block_1_52' title="bbox 477 3433 2108 3504">
    <p class='ocr_par' dir='ltr' id='par_1_52' title="bbox 477 3433 2108 3504">
     <span class='ocr_line' id='line_1_52' title="bbox 477 3433 2108 3504; baseline -0.001 -14"><span class='ocrx_word' id='word_1_376' title='bbox 477 3439 615 3504; x_wconf 87' lang='lat' dir='ltr'>stra,</span> <span class='ocrx_word' id='word_1_377' title='bbox 645 3434 729 3490; x_wconf 91' lang='lat' dir='ltr'>ita</span> <span class='ocrx_word' id='word_1_378' title='bbox 774 3435 975 3491; x_wconf 90' lang='lat' dir='ltr'>volunt</span> <span class='ocrx_word' id='word_1_379' title='bbox 997 3452 1031 3490; x_wconf 89' lang='lat' dir='ltr'>a</span> <span class='ocrx_word' id='word_1_380' title='bbox 1055 3435 1263 3491; x_wconf 89' lang='lat' dir='ltr'>sanctis</span> <span class='ocrx_word' id='word_1_381' title='bbox 1300 3434 1431 3504; x_wconf 91' lang='lat' dir='ltr'>dici,</span> <span class='ocrx_word' id='word_1_382' title='bbox 1463 3439 1523 3490; x_wconf 90' lang='lat' dir='ltr'>ut</span> <span class='ocrx_word' id='word_1_383' title='bbox 1549 3433 1843 3489; x_wconf 90' lang='lat' dir='ltr'>humiliter</span> <span class='ocrx_word' id='word_1_384' title='bbox 1866 3449 1981 3487; x_wconf 90' lang='lat' dir='ltr'>non</span> <span class='ocrx_word' id='word_1_385' title='bbox 2009 3449 2108 3488; x_wconf 84' lang='lat' dir='ltr'>ve-</span> 
     </span>
    </p>
   </div>
   <div class='ocr_carea' id='block_1_53' title="bbox 476 3526 2113 3597">
    <p class='ocr_par' dir='ltr' id='par_1_53' title="bbox 476 3526 2113 3597">
     <span class='ocr_line' id='line_1_53' title="bbox 476 3526 2113 3597; baseline -0.002 -13"><span class='ocrx_word' id='word_1_386' title='bbox 476 3528 683 3585; x_wconf 89' lang='lat' dir='ltr'>raciter</span> <span class='ocrx_word' id='word_1_387' title='bbox 707 3530 817 3584; x_wconf 93' lang='lat' dir='ltr'>hoc</span> <span class='ocrx_word' id='word_1_388' title='bbox 853 3529 1090 3597; x_wconf 88' lang='lat' dir='ltr'>dicatur,</span> <span class='ocrx_word' id='word_1_389' title='bbox 1125 3529 1431 3584; x_wconf 89' lang='lat' dir='ltr'>anathema</span> <span class='ocrx_word' id='word_1_390' title='bbox 1468 3528 1557 3583; x_wconf 89' lang='lat' dir='ltr'>sit.</span> <span class='ocrx_word' id='word_1_391' title='bbox 1598 3527 1733 3593; x_wconf 91' lang='lat' dir='ltr'>Quis</span> <span class='ocrx_word' id='word_1_392' title='bbox 1773 3526 1929 3582; x_wconf 92' lang='lat' dir='ltr'>enim</span> <span class='ocrx_word' id='word_1_393' title='bbox 1966 3526 2113 3582; x_wconf 80' lang='lat' dir='ltr'>ferat</span> 
     </span>
    </p>
   </div>
   <div class='ocr_carea' id='block_1_54' title="bbox 477 3621 2108 3693">
    <p class='ocr_par' dir='ltr' id='par_1_54' title="bbox 477 3621 2108 3693">
     <span class='ocr_line' id='line_1_54' title="bbox 477 3621 2108 3693; baseline -0.002 -14"><span class='ocrx_word' id='word_1_394' title='bbox 477 3627 741 3679; x_wconf 89' lang='lat' dir='ltr'>orantem</span> <span class='ocrx_word' id='word_1_395' title='bbox 766 3628 824 3679; x_wconf 91' lang='lat' dir='ltr'>et</span> <span class='ocrx_word' id='word_1_396' title='bbox 860 3640 977 3679; x_wconf 92' lang='lat' dir='ltr'>non</span> <span class='ocrx_word' id='word_1_397' title='bbox 1014 3623 1363 3690; x_wconf 90' lang='lat' dir='ltr'>hominibus,</span> <span class='ocrx_word' id='word_1_398' title='bbox 1400 3623 1497 3678; x_wconf 91' lang='lat' dir='ltr'>sed</span> <span class='ocrx_word' id='word_1_399' title='bbox 1535 3622 1643 3693; x_wconf 90' lang='lat' dir='ltr'>ipsi</span> <span class='ocrx_word' id='word_1_400' title='bbox 1674 3621 1914 3678; x_wconf 89' lang='lat' dir='ltr'>Domino</span> <span class='ocrx_word' id='word_1_401' title='bbox 1944 3636 2108 3676; x_wconf 91' lang='lat' dir='ltr'>men-</span> 
     </span>
    </p>
   </div>
   <div class='ocr_carea' id='block_1_55' title="bbox 475 3715 2110 3790">
    <p class='ocr_par' dir='ltr' id='par_1_55' title="bbox 475 3715 2110 3790">
     <span class='ocr_line' id='line_1_55' title="bbox 475 3715 2110 3790; baseline -0.002 -18"><span class='ocrx_word' id='word_1_402' title='bbox 475 3718 713 3773; x_wconf 87' lang='lat' dir='ltr'>tientem</span> <span class='ocrx_word' id='word_1_403' title='bbox 737 3718 836 3790; x_wconf 89' lang='lat' dir='ltr'>qui</span> <span class='ocrx_word' id='word_1_404' title='bbox 883 3717 1046 3772; x_wconf 87' lang='lat' dir='ltr'>labiis</span> <span class='ocrx_word' id='word_1_405' title='bbox 1071 3717 1178 3772; x_wconf 88' lang='lat' dir='ltr'>sibi</span> <span class='ocrx_word' id='word_1_406' title='bbox 1220 3717 1355 3772; x_wconf 92' lang='lat' dir='ltr'>dicit</span> <span class='ocrx_word' id='word_1_407' title='bbox 1393 3716 1605 3773; x_wconf 88' lang='lat' dir='ltr'>dimitti</span> <span class='ocrx_word' id='word_1_408' title='bbox 1643 3716 1800 3785; x_wconf 92' lang='lat' dir='ltr'>velle,</span> <span class='ocrx_word' id='word_1_409' title='bbox 1839 3720 1897 3770; x_wconf 88' lang='lat' dir='ltr'>et</span> <span class='ocrx_word' id='word_1_410' title='bbox 1937 3715 2110 3769; x_wconf 90' lang='lat' dir='ltr'>corde</span> 
     </span>
    </p>
   </div>
   <div class='ocr_carea' id='block_1_56' title="bbox 476 3808 2110 3883">
    <p class='ocr_par' dir='ltr' id='par_1_56' title="bbox 476 3808 2110 3883">
     <span class='ocr_line' id='line_1_56' title="bbox 476 3808 2110 3883; baseline -0.001 -18"><span class='ocrx_word' id='word_1_411' title='bbox 476 3810 629 3879; x_wconf 92' lang='lat' dir='ltr'>dicit,</span> <span class='ocrx_word' id='word_1_412' title='bbox 687 3828 817 3883; x_wconf 87' lang='lat' dir='ltr'>qua</span> <span class='ocrx_word' id='word_1_413' title='bbox 858 3811 965 3866; x_wconf 90' lang='lat' dir='ltr'>sibi</span> <span class='ocrx_word' id='word_1_414' title='bbox 1014 3811 1386 3877; x_wconf 86' lang='lat' dir='ltr'>dimittantur,</span> <span class='ocrx_word' id='word_1_415' title='bbox 1449 3810 1645 3866; x_wconf 86' lang='lat' dir='ltr'>debita</span> <span class='ocrx_word' id='word_1_416' title='bbox 1700 3827 1816 3865; x_wconf 90' lang='lat' dir='ltr'>non</span> <span class='ocrx_word' id='word_1_417' title='bbox 1857 3808 2110 3864; x_wconf 87' lang='lat' dir='ltr'>habere?</span> 
     </span>
    </p>
   </div>
   <div class='ocr_carea' id='block_1_57' title="bbox 479 3902 2110 3976">
    <p class='ocr_par' dir='ltr' id='par_1_57' title="bbox 479 3902 2110 3976">
     <span class='ocr_line' id='line_1_57' title="bbox 479 3902 2110 3976; baseline -0.001 -18"><span class='ocrx_word' id='word_1_418' title='bbox 479 3906 781 3975; x_wconf 81' lang='lat' dir='ltr'>ilncusque</span> <span class='ocrx_word' id='word_1_419' title='bbox 822 3904 890 3959; x_wconf 89' lang='lat' dir='ltr'>de</span> <span class='ocrx_word' id='word_1_420' title='bbox 929 3904 1041 3959; x_wconf 83' lang='lat' dir='ltr'>ﬁde</span> <span class='ocrx_word' id='word_1_421' title='bbox 1077 3908 1277 3959; x_wconf 84' lang='lat' dir='ltr'>contra</span> <span class='ocrx_word' id='word_1_422' title='bbox 1313 3904 1664 3976; x_wconf 79' lang='lat' dir='ltr'>Pelagianos,</span> <span class='ocrx_word' id='word_1_423' title='bbox 1707 3920 1860 3958; x_wconf 92' lang='lat' dir='ltr'>nunc</span> <span class='ocrx_word' id='word_1_424' title='bbox 1895 3902 2110 3973; x_wconf 86' lang='lat' dir='ltr'>regula</span> 
     </span>
    </p>
   </div>
   <div class='ocr_carea' id='block_1_58' title="bbox 482 3998 1232 4055">
    <p class='ocr_par' dir='ltr' id='par_1_58' title="bbox 482 3998 1232 4055">
     <span class='ocr_line' id='line_1_58' title="bbox 482 3998 1232 4055; baseline 0.003 -3"><span class='ocrx_word' id='word_1_425' title='bbox 482 4001 799 4053; x_wconf 87' lang='lat' dir='ltr'>tractantur</span> <span class='ocrx_word' id='word_1_426' title='bbox 823 3998 1232 4055; x_wconf 83' lang='lat' dir='ltr'>ecclesiasticae.</span> 
     </span>
    </p>
   </div>
   <div class='ocr_carea' id='block_1_59' title="bbox 549 4090 2110 4162">
    <p class='ocr_par' dir='ltr' id='par_1_59' title="bbox 549 4090 2110 4162">
     <span class='ocr_line' id='line_1_59' title="bbox 549 4090 2110 4162; baseline -0.001 -15"><span class='ocrx_word' id='word_1_427' title='bbox 549 4094 632 4147; x_wconf 90' lang='lat' dir='ltr'>I.\&#39;.</span> <span class='ocrx_word' id='word_1_428' title='bbox 684 4092 899 4148; x_wconf 90' lang='lat' dir='ltr'>Placuit</span> <span class='ocrx_word' id='word_1_429' title='bbox 940 4096 1005 4148; x_wconf 93' lang='lat' dir='ltr'>ut</span> <span class='ocrx_word' id='word_1_430' title='bbox 1042 4110 1156 4149; x_wconf 91' lang='lat' dir='ltr'>non</span> <span class='ocrx_word' id='word_1_431' title='bbox 1195 4090 1291 4148; x_wconf 54' lang='lat' dir='ltr'>sit&quot;</span> <span class='ocrx_word' id='word_1_432' title='bbox 1305 4094 1455 4148; x_wconf 89' lang='lat' dir='ltr'>ultra</span> <span class='ocrx_word' id='word_1_433' title='bbox 1495 4090 1805 4162; x_wconf 86' lang='lat' dir='ltr'>fatigandis</span> <span class='ocrx_word' id='word_1_434' title='bbox 1845 4090 2110 4146; x_wconf 87' lang='lat' dir='ltr'>fratribus</span> 
     </span>
    </p>
   </div>
   <div class='ocr_carea' id='block_1_60' title="bbox 480 4185 2111 4257">
    <p class='ocr_par' dir='ltr' id='par_1_60' title="bbox 480 4185 2111 4257">
     <span class='ocr_line' id='line_1_60' title="bbox 480 4185 2111 4257; baseline -0.001 -16"><span class='ocrx_word' id='word_1_435' title='bbox 480 4186 866 4242; x_wconf 89' lang='lat' dir='ltr'>anniversaria</span> <span class='ocrx_word' id='word_1_436' title='bbox 902 4188 1225 4255; x_wconf 88' lang='lat' dir='ltr'>necessitas,</span> <span class='ocrx_word' id='word_1_437' title='bbox 1267 4187 1369 4241; x_wconf 92' lang='lat' dir='ltr'>sed</span> <span class='ocrx_word' id='word_1_438' title='bbox 1404 4185 1625 4257; x_wconf 90' lang='lat' dir='ltr'>quoties</span> <span class='ocrx_word' id='word_1_439' title='bbox 1657 4185 1912 4257; x_wconf 84' lang='lat' dir='ltr'>exegerit</span> <span class='ocrx_word' id='word_1_440' title='bbox 1942 4202 2111 4240; x_wconf 89' lang='lat' dir='ltr'>causa</span> 
     </span>
    </p>
   </div>
   <div class='ocr_carea' id='block_1_61' title="bbox 478 4279 2110 4352">
    <p class='ocr_par' dir='ltr' id='par_1_61' title="bbox 478 4279 2110 4352">
     <span class='ocr_line' id='line_1_61' title="bbox 478 4279 2110 4352; baseline -0.001 -15"><span class='ocrx_word' id='word_1_441' title='bbox 478 4281 813 4351; x_wconf 89' lang='lat' dir='ltr'>communis,</span> <span class='ocrx_word' id='word_1_442' title='bbox 838 4281 896 4335; x_wconf 91' lang='lat' dir='ltr'>id</span> <span class='ocrx_word' id='word_1_443' title='bbox 916 4287 1019 4351; x_wconf 89' lang='lat' dir='ltr'>est,</span> <span class='ocrx_word' id='word_1_444' title='bbox 1040 4283 1212 4337; x_wconf 90' lang='lat' dir='ltr'>totius</span> <span class='ocrx_word' id='word_1_445' title='bbox 1230 4281 1435 4335; x_wconf 84' lang='lat' dir='ltr'>Africa</span> <span class='ocrx_word' id='word_1_446' title='bbox 1457 4279 1840 4352; x_wconf 90' lang='lat' dir='ltr'>undecunque</span> <span class='ocrx_word' id='word_1_447' title='bbox 1861 4280 1933 4335; x_wconf 90' lang='lat' dir='ltr'>ad</span> <span class='ocrx_word' id='word_1_448' title='bbox 1960 4281 2110 4335; x_wconf 89' lang='lat' dir='ltr'>hanc</span> 
     </span>
    </p>
   </div>
   <div class='ocr_carea' id='block_1_62' title="bbox 479 4374 2108 4447">
    <p class='ocr_par' dir='ltr' id='par_1_62' title="bbox 479 4374 2108 4447">
     <span class='ocr_line' id='line_1_62' title="bbox 479 4374 2108 4447; baseline -0.001 -18"><span class='ocrx_word' id='word_1_449' title='bbox 479 4376 669 4431; x_wconf 86' lang='lat' dir='ltr'>sedem</span> <span class='ocrx_word' id='word_1_450' title='bbox 690 4392 791 4447; x_wconf 93' lang='lat' dir='ltr'>pro</span> <span class='ocrx_word' id='word_1_451' title='bbox 821 4375 1057 4431; x_wconf 88' lang='lat' dir='ltr'>concilio</span> <span class='ocrx_word' id='word_1_452' title='bbox 1089 4376 1233 4430; x_wconf 87' lang='lat' dir='ltr'>data</span> <span class='ocrx_word' id='word_1_453' title='bbox 1261 4375 1465 4429; x_wconf 88' lang='lat' dir='ltr'>littera</span> <span class='ocrx_word' id='word_1_454' title='bbox 1489 4374 1723 4444; x_wconf 82' lang='lat' dir='ltr'>fuerint,</span> <span class='ocrx_word' id='word_1_455' title='bbox 1752 4391 2108 4446; x_wconf 77' lang='lat' dir='ltr'>congregan-</span> 
     </span>
    </p>
   </div>
   <div class='ocr_carea' id='block_1_63' title="bbox 480 4468 2110 4542">
    <p class='ocr_par' dir='ltr' id='par_1_63' title="bbox 480 4468 2110 4542">
     <span class='ocr_line' id='line_1_63' title="bbox 480 4468 2110 4542; baseline 0 -19"><span class='ocrx_word' id='word_1_456' title='bbox 480 4469 614 4525; x_wconf 89' lang='lat' dir='ltr'>dam</span> <span class='ocrx_word' id='word_1_457' title='bbox 641 4487 760 4525; x_wconf 92' lang='lat' dir='ltr'>esse</span> <span class='ocrx_word' id='word_1_458' title='bbox 789 4469 1071 4542; x_wconf 87' lang='lat' dir='ltr'>synodum</span> <span class='ocrx_word' id='word_1_459' title='bbox 1099 4469 1157 4523; x_wconf 93' lang='lat' dir='ltr'>in</span> <span class='ocrx_word' id='word_1_460' title='bbox 1185 4486 1251 4523; x_wconf 90' lang='lat' dir='ltr'>ea</span> <span class='ocrx_word' id='word_1_461' title='bbox 1278 4468 1567 4540; x_wconf 91' lang='lat' dir='ltr'>provincia</span> <span class='ocrx_word' id='word_1_462' title='bbox 1591 4468 1692 4525; x_wconf 90' lang='lat' dir='ltr'>ubi</span> <span class='ocrx_word' id='word_1_463' title='bbox 1716 4469 2110 4541; x_wconf 81' lang='lat' dir='ltr'>opportunitas</span> 
     </span>
    </p>
   </div>
   <div class='ocr_carea' id='block_1_64' title="bbox 2206 1936 3840 2010">
    <p class='ocr_par' dir='ltr' id='par_1_64' title="bbox 2206 1936 3840 2010">
     <span class='ocr_line' id='line_1_64' title="bbox 2206 1936 3840 2010; baseline -0.001 -17"><span class='ocrx_word' id='word_1_464' title='bbox 2206 1942 2420 2007; x_wconf 88' lang='lat' dir='ltr'>noster,</span> <span class='ocrx_word' id='word_1_465' title='bbox 2450 1941 2515 1991; x_wconf 91' lang='lat' dir='ltr'>ut</span> <span class='ocrx_word' id='word_1_466' title='bbox 2538 1938 2931 2010; x_wconf 90' lang='lat' dir='ltr'>unusquisque</span> <span class='ocrx_word' id='word_1_467' title='bbox 2958 1941 3219 1992; x_wconf 89' lang='lat' dir='ltr'>nostrum</span> <span class='ocrx_word' id='word_1_468' title='bbox 3242 1936 3504 1991; x_wconf 88' lang='lat' dir='ltr'>ordinem</span> <span class='ocrx_word' id='word_1_469' title='bbox 3519 1936 3626 1990; x_wconf 91' lang='lat' dir='ltr'>sibi</span> <span class='ocrx_word' id='word_1_470' title='bbox 3648 1936 3840 1991; x_wconf 84' lang='lat' dir='ltr'>decre-</span> 
     </span>
    </p>
   </div>
   <div class='ocr_carea' id='block_1_65' title="bbox 2206 2029 3840 2103">
    <p class='ocr_par' dir='ltr' id='par_1_65' title="bbox 2206 2029 3840 2103">
     <span class='ocr_line' id='line_1_65' title="bbox 2206 2029 3840 2103; baseline -0.002 -15"><span class='ocrx_word' id='word_1_471' title='bbox 2206 2038 2329 2088; x_wconf 87' lang='lat' dir='ltr'>tum</span> <span class='ocrx_word' id='word_1_472' title='bbox 2366 2048 2400 2085; x_wconf 90' lang='lat' dir='ltr'>a</span> <span class='ocrx_word' id='word_1_473' title='bbox 2443 2032 2556 2086; x_wconf 89' lang='lat' dir='ltr'>Deo</span> <span class='ocrx_word' id='word_1_474' title='bbox 2600 2034 2923 2103; x_wconf 87' lang='lat' dir='ltr'>cognoscat,</span> <span class='ocrx_word' id='word_1_475' title='bbox 2965 2034 3023 2085; x_wconf 89' lang='lat' dir='ltr'>et</span> <span class='ocrx_word' id='word_1_476' title='bbox 3063 2031 3400 2102; x_wconf 90' lang='lat' dir='ltr'>posteriores</span> <span class='ocrx_word' id='word_1_477' title='bbox 3455 2029 3840 2085; x_wconf 89' lang='lat' dir='ltr'>anterioribus</span> 
     </span>
    </p>
   </div>
   <div class='ocr_carea' id='block_1_66' title="bbox 2209 2124 3836 2196">
    <p class='ocr_par' dir='ltr' id='par_1_66' title="bbox 2209 2124 3836 2196">
     <span class='ocr_line' id='line_1_66' title="bbox 2209 2124 3836 2196; baseline -0.004 -13"><span class='ocrx_word' id='word_1_478' title='bbox 2209 2128 2487 2196; x_wconf 88' lang='lat' dir='ltr'>deferant,</span> <span class='ocrx_word' id='word_1_479' title='bbox 2524 2144 2631 2182; x_wconf 89' lang='lat' dir='ltr'>nec</span> <span class='ocrx_word' id='word_1_480' title='bbox 2676 2126 2755 2180; x_wconf 89' lang='lat' dir='ltr'>eis</span> <span class='ocrx_word' id='word_1_481' title='bbox 2797 2125 3126 2180; x_wconf 85' lang='lat' dir='ltr'>inconsultis</span> <span class='ocrx_word' id='word_1_482' title='bbox 3164 2124 3375 2196; x_wconf 91' lang='lat' dir='ltr'>aliquid</span> <span class='ocrx_word' id='word_1_483' title='bbox 3411 2140 3582 2195; x_wconf 90' lang='lat' dir='ltr'>agere</span> <span class='ocrx_word' id='word_1_484' title='bbox 3617 2140 3836 2194; x_wconf 84' lang='lat' dir='ltr'>prasu-</span> 
     </span>
    </p>
   </div>
   <div class='ocr_carea' id='block_1_67' title="bbox 2208 2218 3841 2291">
    <p class='ocr_par' dir='ltr' id='par_1_67' title="bbox 2208 2218 3841 2291">
     <span class='ocr_line' id='line_1_67' title="bbox 2208 2218 3841 2291; baseline -0.003 -14"><span class='ocrx_word' id='word_1_485' title='bbox 2208 2226 2387 2277; x_wconf 89' lang='lat' dir='ltr'>mant.</span> <span class='ocrx_word' id='word_1_486' title='bbox 2419 2223 2541 2287; x_wconf 88' lang='lat' dir='ltr'>Qua</span> <span class='ocrx_word' id='word_1_487' title='bbox 2566 2222 2635 2276; x_wconf 91' lang='lat' dir='ltr'>de</span> <span class='ocrx_word' id='word_1_488' title='bbox 2665 2237 2726 2275; x_wconf 91' lang='lat' dir='ltr'>re</span> <span class='ocrx_word' id='word_1_489' title='bbox 2765 2222 2991 2291; x_wconf 89' lang='lat' dir='ltr'>oportet</span> <span class='ocrx_word' id='word_1_490' title='bbox 3025 2236 3120 2273; x_wconf 90' lang='lat' dir='ltr'>eos</span> <span class='ocrx_word' id='word_1_491' title='bbox 3159 2218 3256 2289; x_wconf 92' lang='lat' dir='ltr'>qui</span> <span class='ocrx_word' id='word_1_492' title='bbox 3285 2218 3608 2289; x_wconf 80' lang='lat' dir='ltr'>putaverint</span> <span class='ocrx_word' id='word_1_493' title='bbox 3634 2218 3841 2288; x_wconf 88' lang='lat' dir='ltr'>spretis</span> 
     </span>
    </p>
   </div>
   <div class='ocr_carea' id='block_1_68' title="bbox 2207 2311 3841 2387">
    <p class='ocr_par' dir='ltr' id='par_1_68' title="bbox 2207 2311 3841 2387">
     <span class='ocr_line' id='line_1_68' title="bbox 2207 2311 3841 2387; baseline -0.004 -15"><span class='ocrx_word' id='word_1_494' title='bbox 2207 2316 2524 2387; x_wconf 90' lang='lat' dir='ltr'>majoribus</span> <span class='ocrx_word' id='word_1_495' title='bbox 2554 2314 2766 2386; x_wconf 91' lang='lat' dir='ltr'>aliquid</span> <span class='ocrx_word' id='word_1_496' title='bbox 2795 2311 3263 2384; x_wconf 90' lang='lat' dir='ltr'>prasumendum</span> <span class='ocrx_word' id='word_1_497' title='bbox 3291 2315 3683 2383; x_wconf 89' lang='lat' dir='ltr'>competenter</span> <span class='ocrx_word' id='word_1_498' title='bbox 3715 2327 3841 2366; x_wconf 90' lang='lat' dir='ltr'>esse</span> 
     </span>
    </p>
   </div>
   <div class='ocr_carea' id='block_1_69' title="bbox 2208 2405 3839 2477">
    <p class='ocr_par' dir='ltr' id='par_1_69' title="bbox 2208 2405 3839 2477">
     <span class='ocr_line' id='line_1_69' title="bbox 2208 2405 3839 2477; baseline -0.002 -14"><span class='ocrx_word' id='word_1_499' title='bbox 2208 2410 2278 2463; x_wconf 91' lang='lat' dir='ltr'>ab</span> <span class='ocrx_word' id='word_1_500' title='bbox 2305 2410 2463 2464; x_wconf 91' lang='lat' dir='ltr'>omni</span> <span class='ocrx_word' id='word_1_501' title='bbox 2489 2408 2728 2465; x_wconf 90' lang='lat' dir='ltr'>concilio</span> <span class='ocrx_word' id='word_1_502' title='bbox 2745 2406 3108 2463; x_wconf 89' lang='lat' dir='ltr'>coercendos.</span> <span class='ocrx_word' id='word_1_503' title='bbox 3132 2405 3387 2460; x_wconf 91' lang='lat' dir='ltr'>Universi</span> <span class='ocrx_word' id='word_1_504' title='bbox 3409 2405 3656 2477; x_wconf 90' lang='lat' dir='ltr'>episcopi</span> <span class='ocrx_word' id='word_1_505' title='bbox 3676 2405 3839 2460; x_wconf 85' lang='lat' dir='ltr'>dixe-</span> 
     </span>
    </p>
   </div>
   <div class='ocr_carea' id='block_1_70' title="bbox 2208 2499 3845 2572">
    <p class='ocr_par' dir='ltr' id='par_1_70' title="bbox 2208 2499 3845 2572">
     <span class='ocr_line' id='line_1_70' title="bbox 2208 2499 3845 2572; baseline -0.004 -13"><span class='ocrx_word' id='word_1_506' title='bbox 2208 2510 2385 2559; x_wconf 90' lang='lat' dir='ltr'>runt:</span> <span class='ocrx_word' id='word_1_507' title='bbox 2435 2503 2532 2557; x_wconf 85' lang='lat' dir='ltr'>Hic</span> <span class='ocrx_word' id='word_1_508' title='bbox 2560 2504 2698 2558; x_wconf 91' lang='lat' dir='ltr'>ordo</span> <span class='ocrx_word' id='word_1_509' title='bbox 2750 2506 2806 2557; x_wconf 91' lang='lat' dir='ltr'>et</span> <span class='ocrx_word' id='word_1_510' title='bbox 2846 2518 2880 2555; x_wconf 93' lang='lat' dir='ltr'>a</span> <span class='ocrx_word' id='word_1_511' title='bbox 2923 2500 3180 2572; x_wconf 88' lang='lat' dir='ltr'>patribus</span> <span class='ocrx_word' id='word_1_512' title='bbox 3226 2502 3284 2555; x_wconf 90' lang='lat' dir='ltr'>et</span> <span class='ocrx_word' id='word_1_513' title='bbox 3322 2516 3356 2552; x_wconf 89' lang='lat' dir='ltr'>a</span> <span class='ocrx_word' id='word_1_514' title='bbox 3397 2499 3709 2569; x_wconf 88' lang='lat' dir='ltr'>majoribus</span> <span class='ocrx_word' id='word_1_515' title='bbox 3753 2502 3845 2553; x_wconf 90' lang='lat' dir='ltr'>est</span> 
     </span>
    </p>
   </div>
   <div class='ocr_carea' id='block_1_71' title="bbox 2210 2592 3840 2665">
    <p class='ocr_par' dir='ltr' id='par_1_71' title="bbox 2210 2592 3840 2665">
     <span class='ocr_line' id='line_1_71' title="bbox 2210 2592 3840 2665; baseline -0.003 -12"><span class='ocrx_word' id='word_1_516' title='bbox 2210 2602 2479 2664; x_wconf 89' lang='lat' dir='ltr'>servatus,</span> <span class='ocrx_word' id='word_1_517' title='bbox 2510 2600 2567 2651; x_wconf 91' lang='lat' dir='ltr'>et</span> <span class='ocrx_word' id='word_1_518' title='bbox 2608 2613 2642 2651; x_wconf 93' lang='lat' dir='ltr'>a</span> <span class='ocrx_word' id='word_1_519' title='bbox 2675 2595 2838 2651; x_wconf 91' lang='lat' dir='ltr'>nobis</span> <span class='ocrx_word' id='word_1_520' title='bbox 2881 2597 2992 2650; x_wconf 93' lang='lat' dir='ltr'>Deo</span> <span class='ocrx_word' id='word_1_521' title='bbox 3029 2592 3272 2665; x_wconf 90' lang='lat' dir='ltr'>propitio</span> <span class='ocrx_word' id='word_1_522' title='bbox 3310 2592 3642 2661; x_wconf 87' lang='lat' dir='ltr'>servabitur,</span> <span class='ocrx_word' id='word_1_523' title='bbox 3680 2593 3840 2648; x_wconf 89' lang='lat' dir='ltr'>salvo</span> 
     </span>
    </p>
   </div>
   <div class='ocr_carea' id='block_1_72' title="bbox 2209 2686 3622 2762">
    <p class='ocr_par' dir='ltr' id='par_1_72' title="bbox 2209 2686 3622 2762">
     <span class='ocr_line' id='line_1_72' title="bbox 2209 2686 3622 2762; baseline -0.004 -16"><span class='ocrx_word' id='word_1_524' title='bbox 2209 2692 2384 2747; x_wconf 90' lang='lat' dir='ltr'>etiam</span> <span class='ocrx_word' id='word_1_525' title='bbox 2406 2692 2538 2762; x_wconf 89' lang='lat' dir='ltr'>jure</span> <span class='ocrx_word' id='word_1_526' title='bbox 2564 2690 2844 2760; x_wconf 89' lang='lat' dir='ltr'>primatus</span> <span class='ocrx_word' id='word_1_527' title='bbox 2870 2687 3145 2743; x_wconf 79' lang='lat' dir='ltr'>Numidia</span> <span class='ocrx_word' id='word_1_528' title='bbox 3173 2693 3230 2742; x_wconf 91' lang='lat' dir='ltr'>et</span> <span class='ocrx_word' id='word_1_529' title='bbox 3251 2686 3622 2742; x_wconf 71' lang='lat' dir='ltr'>Mauritania.</span> 
     </span>
    </p>
   </div>
   <div class='ocr_carea' id='block_1_73' title="bbox 2279 2788 3836 2864">
    <p class='ocr_par' dir='ltr' id='par_1_73' title="bbox 2279 2788 3836 2864">
     <span class='ocr_line' id='line_1_73' title="bbox 2279 2788 3836 2864; baseline -0.004 -15"><span class='ocrx_word' id='word_1_530' title='bbox 2279 2796 2409 2850; x_wconf 87' lang='lat' dir='ltr'>XIV.</span> <span class='ocrx_word' id='word_1_531' title='bbox 2461 2792 2677 2848; x_wconf 90' lang='lat' dir='ltr'>Deinde</span> <span class='ocrx_word' id='word_1_532' title='bbox 2729 2791 2947 2864; x_wconf 90' lang='lat' dir='ltr'>placuit</span> <span class='ocrx_word' id='word_1_533' title='bbox 2982 2795 3047 2845; x_wconf 90' lang='lat' dir='ltr'>ut</span> <span class='ocrx_word' id='word_1_534' title='bbox 3088 2790 3416 2862; x_wconf 87' lang='lat' dir='ltr'>quicunque</span> <span class='ocrx_word' id='word_1_535' title='bbox 3457 2789 3726 2860; x_wconf 87' lang='lat' dir='ltr'>deinceps</span> <span class='ocrx_word' id='word_1_536' title='bbox 3764 2788 3836 2843; x_wconf 91' lang='lat' dir='ltr'>ab</span> 
     </span>
    </p>
   </div>
   <div class='ocr_carea' id='block_1_74' title="bbox 2209 2881 3840 2961">
    <p class='ocr_par' dir='ltr' id='par_1_74' title="bbox 2209 2881 3840 2961">
     <span class='ocr_line' id='line_1_74' title="bbox 2209 2881 3840 2961; baseline -0.005 -17"><span class='ocrx_word' id='word_1_537' title='bbox 2209 2887 2487 2961; x_wconf 88' lang='lat' dir='ltr'>episcopis</span> <span class='ocrx_word' id='word_1_538' title='bbox 2516 2886 2870 2955; x_wconf 87' lang='lat' dir='ltr'>ordinantur,</span> <span class='ocrx_word' id='word_1_539' title='bbox 2901 2885 3115 2941; x_wconf 87' lang='lat' dir='ltr'>litteras</span> <span class='ocrx_word' id='word_1_540' title='bbox 3143 2883 3422 2955; x_wconf 89' lang='lat' dir='ltr'>accipiant</span> <span class='ocrx_word' id='word_1_541' title='bbox 3443 2883 3513 2938; x_wconf 90' lang='lat' dir='ltr'>ab</span> <span class='ocrx_word' id='word_1_542' title='bbox 3540 2881 3840 2937; x_wconf 81' lang='lat' dir='ltr'>ordinato-</span> 
     </span>
    </p>
   </div>
   <div class='ocr_carea' id='block_1_75' title="bbox 2206 2977 3836 3048">
    <p class='ocr_par' dir='ltr' id='par_1_75' title="bbox 2206 2977 3836 3048">
     <span class='ocr_line' id='line_1_75' title="bbox 2206 2977 3836 3048; baseline -0.004 -11"><span class='ocrx_word' id='word_1_543' title='bbox 2206 2982 2363 3038; x_wconf 86' lang='lat' dir='ltr'>ribus</span> <span class='ocrx_word' id='word_1_544' title='bbox 2383 2981 2498 3035; x_wconf 91' lang='lat' dir='ltr'>suis</span> <span class='ocrx_word' id='word_1_545' title='bbox 2511 2996 2686 3034; x_wconf 88' lang='lat' dir='ltr'>manu</span> <span class='ocrx_word' id='word_1_546' title='bbox 2717 2995 2915 3034; x_wconf 88' lang='lat' dir='ltr'>eorum</span> <span class='ocrx_word' id='word_1_547' title='bbox 2934 2977 3297 3048; x_wconf 88' lang='lat' dir='ltr'>subscriptas,</span> <span class='ocrx_word' id='word_1_548' title='bbox 3316 2977 3672 3031; x_wconf 89' lang='lat' dir='ltr'>continentes</span> <span class='ocrx_word' id='word_1_549' title='bbox 3698 2992 3836 3031; x_wconf 91' lang='lat' dir='ltr'>con-</span> 
     </span>
    </p>
   </div>
   <div class='ocr_carea' id='block_1_76' title="bbox 2208 3070 3841 3142">
    <p class='ocr_par' dir='ltr' id='par_1_76' title="bbox 2208 3070 3841 3142">
     <span class='ocr_line' id='line_1_76' title="bbox 2208 3070 3841 3142; baseline -0.002 -12"><span class='ocrx_word' id='word_1_550' title='bbox 2208 3077 2392 3130; x_wconf 89' lang='lat' dir='ltr'>sulem</span> <span class='ocrx_word' id='word_1_551' title='bbox 2422 3079 2477 3129; x_wconf 91' lang='lat' dir='ltr'>et</span> <span class='ocrx_word' id='word_1_552' title='bbox 2501 3073 2674 3142; x_wconf 88' lang='lat' dir='ltr'>diem,</span> <span class='ocrx_word' id='word_1_553' title='bbox 2723 3077 2786 3128; x_wconf 91' lang='lat' dir='ltr'>ut</span> <span class='ocrx_word' id='word_1_554' title='bbox 2821 3072 2978 3128; x_wconf 90' lang='lat' dir='ltr'>nulla</span> <span class='ocrx_word' id='word_1_555' title='bbox 3012 3071 3302 3127; x_wconf 89' lang='lat' dir='ltr'>altercatio</span> <span class='ocrx_word' id='word_1_556' title='bbox 3325 3070 3395 3127; x_wconf 92' lang='lat' dir='ltr'>de</span> <span class='ocrx_word' id='word_1_557' title='bbox 3431 3070 3841 3142; x_wconf 87' lang='lat' dir='ltr'>posterioribus</span> 
     </span>
    </p>
   </div>
   <div class='ocr_carea' id='block_1_77' title="bbox 2206 3167 2961 3225">
    <p class='ocr_par' dir='ltr' id='par_1_77' title="bbox 2206 3167 2961 3225">
     <span class='ocr_line' id='line_1_77' title="bbox 2206 3167 2961 3225; baseline -0.005 0"><span class='ocrx_word' id='word_1_558' title='bbox 2206 3171 2293 3225; x_wconf 88' lang='lat' dir='ltr'>vel</span> <span class='ocrx_word' id='word_1_559' title='bbox 2318 3167 2698 3224; x_wconf 86' lang='lat' dir='ltr'>anterioribus</span> <span class='ocrx_word' id='word_1_560' title='bbox 2728 3167 2961 3222; x_wconf 91' lang='lat' dir='ltr'>oriatur.</span> 
     </span>
    </p>
   </div>
   <div class='ocr_carea' id='block_1_78' title="bbox 2278 3266 3840 3342">
    <p class='ocr_par' dir='ltr' id='par_1_78' title="bbox 2278 3266 3840 3342">
     <span class='ocr_line' id='line_1_78' title="bbox 2278 3266 3840 3342; baseline -0.002 -16"><span class='ocrx_word' id='word_1_561' title='bbox 2278 3273 2384 3326; x_wconf 87' lang='lat' dir='ltr'>XV.</span> <span class='ocrx_word' id='word_1_562' title='bbox 2432 3272 2575 3327; x_wconf 88' lang='lat' dir='ltr'>Item</span> <span class='ocrx_word' id='word_1_563' title='bbox 2617 3269 2833 3342; x_wconf 88' lang='lat' dir='ltr'>placuit</span> <span class='ocrx_word' id='word_1_564' title='bbox 2872 3272 2935 3323; x_wconf 90' lang='lat' dir='ltr'>ut</span> <span class='ocrx_word' id='word_1_565' title='bbox 2997 3267 3322 3339; x_wconf 88' lang='lat' dir='ltr'>quicunque</span> <span class='ocrx_word' id='word_1_566' title='bbox 3369 3266 3429 3321; x_wconf 91' lang='lat' dir='ltr'>in</span> <span class='ocrx_word' id='word_1_567' title='bbox 3471 3266 3706 3322; x_wconf 89' lang='lat' dir='ltr'>ecclesia</span> <span class='ocrx_word' id='word_1_568' title='bbox 3748 3268 3840 3323; x_wconf 85' lang='lat' dir='ltr'>vel</span> 
     </span>
    </p>
   </div>
   <div class='ocr_carea' id='block_1_79' title="bbox 2211 3360 3839 3435">
    <p class='ocr_par' dir='ltr' id='par_1_79' title="bbox 2211 3360 3839 3435">
     <span class='ocr_line' id='line_1_79' title="bbox 2211 3360 3839 3435; baseline -0.002 -15"><span class='ocrx_word' id='word_1_569' title='bbox 2211 3365 2388 3421; x_wconf 89' lang='lat' dir='ltr'>semel</span> <span class='ocrx_word' id='word_1_570' title='bbox 2424 3364 2629 3435; x_wconf 90' lang='lat' dir='ltr'>legerit</span> <span class='ocrx_word' id='word_1_571' title='bbox 2669 3362 2741 3419; x_wconf 92' lang='lat' dir='ltr'>ab</span> <span class='ocrx_word' id='word_1_572' title='bbox 2778 3362 2888 3418; x_wconf 88' lang='lat' dir='ltr'>alia</span> <span class='ocrx_word' id='word_1_573' title='bbox 2929 3360 3182 3429; x_wconf 86' lang='lat' dir='ltr'>ecclesia,</span> <span class='ocrx_word' id='word_1_574' title='bbox 3229 3360 3303 3416; x_wconf 89' lang='lat' dir='ltr'>ad</span> <span class='ocrx_word' id='word_1_575' title='bbox 3346 3360 3678 3416; x_wconf 90' lang='lat' dir='ltr'>clericatum</span> <span class='ocrx_word' id='word_1_576' title='bbox 3720 3377 3839 3416; x_wconf 92' lang='lat' dir='ltr'>non</span> 
     </span>
    </p>
   </div>
   <div class='ocr_carea' id='block_1_80' title="bbox 2207 3462 2494 3515">
    <p class='ocr_par' dir='ltr' id='par_1_80' title="bbox 2207 3462 2494 3515">
     <span class='ocr_line' id='line_1_80' title="bbox 2207 3462 2494 3515; baseline -0.007 0"><span class='ocrx_word' id='word_1_577' title='bbox 2207 3462 2494 3515; x_wconf 88' lang='lat' dir='ltr'>teneatur.</span> 
     </span>
    </p>
   </div>
   <div class='ocr_carea' id='block_1_81' title="bbox 2279 3567 3837 3641">
    <p class='ocr_par' dir='ltr' id='par_1_81' title="bbox 2279 3567 3837 3641">
     <span class='ocr_line' id='line_1_81' title="bbox 2279 3567 3837 3641; baseline -0.002 -16"><span class='ocrx_word' id='word_1_578' title='bbox 2279 3572 2408 3626; x_wconf 83' lang='lat' dir='ltr'><strong>XVI.</strong></span> <span class='ocrx_word' id='word_1_579' title='bbox 2436 3568 2651 3624; x_wconf 89' lang='lat' dir='ltr'>Placuit</span> <span class='ocrx_word' id='word_1_580' title='bbox 2675 3572 2975 3641; x_wconf 77' lang='lat' dir='ltr'>praeterea,</span> <span class='ocrx_word' id='word_1_581' title='bbox 3011 3571 3072 3623; x_wconf 89' lang='lat' dir='ltr'>ut</span> <span class='ocrx_word' id='word_1_582' title='bbox 3102 3567 3517 3623; x_wconf 87' lang='lat' dir='ltr'>exsecutoribns</span> <span class='ocrx_word' id='word_1_583' title='bbox 3549 3568 3608 3622; x_wconf 91' lang='lat' dir='ltr'>in</span> <span class='ocrx_word' id='word_1_584' title='bbox 3647 3568 3837 3623; x_wconf 89' lang='lat' dir='ltr'>omni-</span> 
     </span>
    </p>
   </div>
   <div class='ocr_carea' id='block_1_82' title="bbox 2208 3661 3841 3736">
    <p class='ocr_par' dir='ltr' id='par_1_82' title="bbox 2208 3661 3841 3736">
     <span class='ocr_line' id='line_1_82' title="bbox 2208 3661 3841 3736; baseline -0.002 -16"><span class='ocrx_word' id='word_1_585' title='bbox 2208 3666 2314 3720; x_wconf 89' lang='lat' dir='ltr'>bus</span> <span class='ocrx_word' id='word_1_586' title='bbox 2332 3664 2501 3736; x_wconf 90' lang='lat' dir='ltr'>justis</span> <span class='ocrx_word' id='word_1_587' title='bbox 2544 3663 2839 3718; x_wconf 86' lang='lat' dir='ltr'>desideriis</span> <span class='ocrx_word' id='word_1_588' title='bbox 2884 3662 3265 3733; x_wconf 89' lang='lat' dir='ltr'>impartiatnr,</span> <span class='ocrx_word' id='word_1_589' title='bbox 3312 3661 3525 3733; x_wconf 89' lang='lat' dir='ltr'>placuit</span> <span class='ocrx_word' id='word_1_590' title='bbox 3567 3662 3738 3717; x_wconf 88' lang='lat' dir='ltr'>etiam</span> <span class='ocrx_word' id='word_1_591' title='bbox 3775 3666 3841 3716; x_wconf 89' lang='lat' dir='ltr'>ut</span> 
     </span>
    </p>
   </div>
   <div class='ocr_carea' id='block_1_83' title="bbox 2210 3755 3841 3830">
    <p class='ocr_par' dir='ltr' id='par_1_83' title="bbox 2210 3755 3841 3830">
     <span class='ocr_line' id='line_1_83' title="bbox 2210 3755 3841 3830; baseline -0.001 -17"><span class='ocrx_word' id='word_1_592' title='bbox 2210 3763 2435 3830; x_wconf 86' lang='lat' dir='ltr'>petatur</span> <span class='ocrx_word' id='word_1_593' title='bbox 2472 3775 2502 3811; x_wconf 89' lang='lat' dir='ltr'>a</span> <span class='ocrx_word' id='word_1_594' title='bbox 2549 3756 2971 3829; x_wconf 88' lang='lat' dir='ltr'>gloriosissimis</span> <span class='ocrx_word' id='word_1_595' title='bbox 3013 3755 3471 3826; x_wconf 89' lang='lat' dir='ltr'>imperatoribus,</span> <span class='ocrx_word' id='word_1_596' title='bbox 3503 3760 3567 3810; x_wconf 86' lang='lat' dir='ltr'>ut</span> <span class='ocrx_word' id='word_1_597' title='bbox 3594 3755 3841 3826; x_wconf 89' lang='lat' dir='ltr'>jubeant</span> 
     </span>
    </p>
   </div>
   <div class='ocr_carea' id='block_1_84' title="bbox 2202 3848 3839 3923">
    <p class='ocr_par' dir='ltr' id='par_1_84' title="bbox 2202 3848 3839 3923">
     <span class='ocr_line' id='line_1_84' title="bbox 2202 3848 3839 3923; baseline -0.002 -17"><span class='ocrx_word' id='word_1_598' title='bbox 2202 3851 2491 3923; x_wconf 88' lang='lat' dir='ltr'>judicibus</span> <span class='ocrx_word' id='word_1_599' title='bbox 2528 3850 2665 3905; x_wconf 91' lang='lat' dir='ltr'>dare</span> <span class='ocrx_word' id='word_1_600' title='bbox 2710 3850 2912 3920; x_wconf 90' lang='lat' dir='ltr'>petitos</span> <span class='ocrx_word' id='word_1_601' title='bbox 2955 3849 3057 3903; x_wconf 85' lang='lat' dir='ltr'>sibi</span> <span class='ocrx_word' id='word_1_602' title='bbox 3101 3849 3421 3904; x_wconf 85' lang='lat' dir='ltr'>defensores</span> <span class='ocrx_word' id='word_1_603' title='bbox 3472 3848 3839 3903; x_wconf 89' lang='lat' dir='ltr'>scholasticos</span> 
     </span>
    </p>
   </div>
   <div class='ocr_carea' id='block_1_85' title="bbox 2094 3942 3840 4018">
    <p class='ocr_par' dir='ltr' id='par_1_85' title="bbox 2094 3942 3840 4018">
     <span class='ocr_line' id='line_1_85' title="bbox 2094 3942 3840 4018; baseline -0.002 -19"><span class='ocrx_word' id='word_1_604' title='bbox 2094 3942 2112 4017; x_wconf 66' lang='grc' dir='ltr'>ξ</span> <span class='ocrx_word' id='word_1_605' title='bbox 2211 3943 2339 4018; x_wconf 83' lang='grc'>88</span> <span class='ocrx_word' id='word_1_606' title='bbox 2368 3944 2466 4016; x_wconf 87' lang='lat' dir='ltr'>qui</span> <span class='ocrx_word' id='word_1_607' title='bbox 2494 3944 2552 3998; x_wconf 91' lang='lat' dir='ltr'>in</span> <span class='ocrx_word' id='word_1_608' title='bbox 2580 3946 2709 3999; x_wconf 85' lang='lat' dir='ltr'>actu</span> <span class='ocrx_word' id='word_1_609' title='bbox 2730 3943 2861 4010; x_wconf 89' lang='lat' dir='ltr'>sint,</span> <span class='ocrx_word' id='word_1_610' title='bbox 2884 3944 2971 3997; x_wconf 91' lang='lat' dir='ltr'>vel</span> <span class='ocrx_word' id='word_1_611' title='bbox 2998 3942 3056 3997; x_wconf 92' lang='lat' dir='ltr'>in</span> <span class='ocrx_word' id='word_1_612' title='bbox 3085 3943 3272 3996; x_wconf 83' lang='lat' dir='ltr'>ofﬁcio</span> <span class='ocrx_word' id='word_1_613' title='bbox 3293 3942 3686 3997; x_wconf 89' lang='lat' dir='ltr'>defensionum</span> <span class='ocrx_word' id='word_1_614' title='bbox 3710 3959 3840 3997; x_wconf 87' lang='lat' dir='ltr'>can-</span> 
     </span>
    </p>
   </div>
   <div class='ocr_carea' id='block_1_86' title="bbox 2210 4036 3836 4107">
    <p class='ocr_par' dir='ltr' id='par_1_86' title="bbox 2210 4036 3836 4107">
     <span class='ocr_line' id='line_1_86' title="bbox 2210 4036 3836 4107; baseline -0.001 -14"><span class='ocrx_word' id='word_1_615' title='bbox 2210 4055 2405 4093; x_wconf 89' lang='lat' dir='ltr'>sarum</span> <span class='ocrx_word' id='word_1_616' title='bbox 2439 4037 2964 4103; x_wconf 83' lang='lat' dir='ltr'>ecclesiasticarum,</span> <span class='ocrx_word' id='word_1_617' title='bbox 3004 4042 3071 4090; x_wconf 92' lang='lat' dir='ltr'>ut</span> <span class='ocrx_word' id='word_1_618' title='bbox 3103 4052 3266 4091; x_wconf 90' lang='lat' dir='ltr'>more</span> <span class='ocrx_word' id='word_1_619' title='bbox 3298 4036 3655 4091; x_wconf 84' lang='lat' dir='ltr'>sacerdotum</span> <span class='ocrx_word' id='word_1_620' title='bbox 3700 4052 3836 4107; x_wconf 89' lang='lat' dir='ltr'>pro-</span> 
     </span>
    </p>
   </div>
   <div class='ocr_carea' id='block_1_87' title="bbox 2209 4130 3837 4202">
    <p class='ocr_par' dir='ltr' id='par_1_87' title="bbox 2209 4130 3837 4202">
     <span class='ocr_line' id='line_1_87' title="bbox 2209 4130 3837 4202; baseline -0.002 -16"><span class='ocrx_word' id='word_1_621' title='bbox 2209 4131 2430 4200; x_wconf 87' lang='lat' dir='ltr'>vincia,</span> <span class='ocrx_word' id='word_1_622' title='bbox 2476 4132 2536 4187; x_wconf 93' lang='lat' dir='ltr'>id</span> <span class='ocrx_word' id='word_1_623' title='bbox 2580 4136 2683 4201; x_wconf 89' lang='lat' dir='ltr'>est,</span> <span class='ocrx_word' id='word_1_624' title='bbox 2729 4130 2833 4202; x_wconf 91' lang='lat' dir='ltr'>ipsi</span> <span class='ocrx_word' id='word_1_625' title='bbox 2894 4130 2992 4202; x_wconf 88' lang='lat' dir='ltr'>qui</span> <span class='ocrx_word' id='word_1_626' title='bbox 3032 4130 3418 4185; x_wconf 87' lang='lat' dir='ltr'>defensionem</span> <span class='ocrx_word' id='word_1_627' title='bbox 3469 4130 3837 4184; x_wconf 86' lang='lat' dir='ltr'>ecclesiarum</span> 
     </span>
    </p>
   </div>
   <div class='ocr_carea' id='block_1_88' title="bbox 2208 4223 3836 4297">
    <p class='ocr_par' dir='ltr' id='par_1_88' title="bbox 2208 4223 3836 4297">
     <span class='ocr_line' id='line_1_88' title="bbox 2208 4223 3836 4297; baseline -0.002 -16"><span class='ocrx_word' id='word_1_628' title='bbox 2208 4225 2581 4297; x_wconf 90' lang='lat' dir='ltr'>susceperint,</span> <span class='ocrx_word' id='word_1_629' title='bbox 2614 4225 2867 4280; x_wconf 88' lang='lat' dir='ltr'>habeant</span> <span class='ocrx_word' id='word_1_630' title='bbox 2895 4225 3222 4279; x_wconf 88' lang='lat' dir='ltr'>facultatem</span> <span class='ocrx_word' id='word_1_631' title='bbox 3259 4240 3361 4295; x_wconf 87' lang='lat' dir='ltr'>pro</span> <span class='ocrx_word' id='word_1_632' title='bbox 3390 4223 3630 4295; x_wconf 89' lang='lat' dir='ltr'>negotiis</span> <span class='ocrx_word' id='word_1_633' title='bbox 3657 4224 3836 4278; x_wconf 80' lang='lat' dir='ltr'>eccle-</span> 
     </span>
    </p>
   </div>
   <div class='ocr_carea' id='block_1_89' title="bbox 2210 4316 3835 4391">
    <p class='ocr_par' dir='ltr' id='par_1_89' title="bbox 2210 4316 3835 4391">
     <span class='ocr_line' id='line_1_89' title="bbox 2210 4316 3835 4391; baseline -0.002 -16"><span class='ocrx_word' id='word_1_634' title='bbox 2210 4321 2424 4375; x_wconf 90' lang='lat' dir='ltr'>siarum</span> <span class='ocrx_word' id='word_1_635' title='bbox 2454 4318 2696 4391; x_wconf 83' lang='lat' dir='ltr'>(quoties</span> <span class='ocrx_word' id='word_1_636' title='bbox 2742 4319 3043 4373; x_wconf 83' lang='lat' dir='ltr'>necessitas</span> <span class='ocrx_word' id='word_1_637' title='bbox 3085 4317 3439 4389; x_wconf 77' lang='lat' dir='ltr'>flagitaverit)</span> <span class='ocrx_word' id='word_1_638' title='bbox 3491 4317 3579 4371; x_wconf 93' lang='lat' dir='ltr'>vel</span> <span class='ocrx_word' id='word_1_639' title='bbox 3622 4316 3693 4371; x_wconf 84' lang='lat' dir='ltr'>ad</span> <span class='ocrx_word' id='word_1_640' title='bbox 3738 4318 3835 4371; x_wconf 81' lang='lat' dir='ltr'>ob-</span> 
     </span>
    </p>
   </div>
   <div class='ocr_carea' id='block_1_90' title="bbox 2210 4411 3835 4483">
    <p class='ocr_par' dir='ltr' id='par_1_90' title="bbox 2210 4411 3835 4483">
     <span class='ocr_line' id='line_1_90' title="bbox 2210 4411 3835 4483; baseline -0.003 -13"><span class='ocrx_word' id='word_1_641' title='bbox 2210 4413 2523 4470; x_wconf 88' lang='lat' dir='ltr'>sistendum</span> <span class='ocrx_word' id='word_1_642' title='bbox 2557 4412 2756 4467; x_wconf 85' lang='lat' dir='ltr'>callide</span> <span class='ocrx_word' id='word_1_643' title='bbox 2803 4412 3215 4483; x_wconf 90' lang='lat' dir='ltr'>decipientibus</span> <span class='ocrx_word' id='word_1_644' title='bbox 3262 4411 3349 4466; x_wconf 92' lang='lat' dir='ltr'>vel</span> <span class='ocrx_word' id='word_1_645' title='bbox 3388 4411 3794 4482; x_wconf 89' lang='lat' dir='ltr'>obrepentibus</span> <span class='ocrx_word' id='word_1_646' title='bbox 3822 4454 3835 4481; x_wconf 93' lang='lat'>,</span> 
     </span>
    </p>
   </div>
   <div class='ocr_carea' id='block_1_91' title="bbox 2210 4505 3840 4578">
    <p class='ocr_par' dir='ltr' id='par_1_91' title="bbox 2210 4505 3840 4578">
     <span class='ocr_line' id='line_1_91' title="bbox 2210 4505 3840 4578; baseline -0.001 -17"><span class='ocrx_word' id='word_1_647' title='bbox 2210 4509 2295 4563; x_wconf 89' lang='lat' dir='ltr'>vel</span> <span class='ocrx_word' id='word_1_648' title='bbox 2327 4507 2400 4563; x_wconf 92' lang='lat' dir='ltr'>ad</span> <span class='ocrx_word' id='word_1_649' title='bbox 2421 4506 2741 4562; x_wconf 90' lang='lat' dir='ltr'>necessaria</span> <span class='ocrx_word' id='word_1_650' title='bbox 2759 4506 3117 4578; x_wconf 88' lang='lat' dir='ltr'>suggerenda</span> <span class='ocrx_word' id='word_1_651' title='bbox 3138 4506 3362 4577; x_wconf 88' lang='lat' dir='ltr'>ingredi</span> <span class='ocrx_word' id='word_1_652' title='bbox 3382 4505 3641 4577; x_wconf 89' lang='lat' dir='ltr'>judicum</span> <span class='ocrx_word' id='word_1_653' title='bbox 3661 4521 3840 4560; x_wconf 86' lang='lat' dir='ltr'>secre-</span> 
     </span>
    </p>
   </div>
   <div class='ocr_carea' id='block_1_92' title="bbox 479 4564 2370 4657">
    <p class='ocr_par' dir='ltr' id='par_1_92' title="bbox 479 4564 2370 4657">
     <span class='ocr_line' id='line_1_92' title="bbox 479 4564 2370 4657; baseline 0.004 -39"><span class='ocrx_word' id='word_1_654' title='bbox 479 4564 835 4635; x_wconf 86' lang='lat' dir='ltr'>persuaserit,</span> <span class='ocrx_word' id='word_1_655' title='bbox 869 4580 1054 4619; x_wconf 88' lang='lat' dir='ltr'>causa</span> <span class='ocrx_word' id='word_1_656' title='bbox 1080 4567 1273 4618; x_wconf 88' lang='lat' dir='ltr'>autem</span> <span class='ocrx_word' id='word_1_657' title='bbox 1303 4579 1432 4636; x_wconf 86' lang='lat' dir='ltr'>qua</span> <span class='ocrx_word' id='word_1_658' title='bbox 1448 4580 1781 4619; x_wconf 90' lang='lat' dir='ltr'>communes</span> <span class='ocrx_word' id='word_1_659' title='bbox 1803 4580 1921 4619; x_wconf 90' lang='lat' dir='ltr'>non</span> <span class='ocrx_word' id='word_1_660' title='bbox 1949 4569 2098 4632; x_wconf 88' lang='lat' dir='ltr'>sunt,</span> <span class='ocrx_word' id='word_1_661' title='bbox 2120 4583 2181 4656; x_wconf 83' lang='lat' dir='ltr'><strong>D</strong></span> <span class='ocrx_word' id='word_1_662' title='bbox 2203 4601 2370 4657; x_wconf 43' lang='lat' dir='ltr'>talia.</span> 
     </span>
    </p>
   </div>
   <div class='ocr_carea' id='block_1_93' title="bbox 476 4655 1282 4730">
    <p class='ocr_par' dir='ltr' id='par_1_93' title="bbox 476 4655 1282 4730">
     <span class='ocr_line' id='line_1_93' title="bbox 476 4655 1282 4730; baseline 0.001 -20"><span class='ocrx_word' id='word_1_663' title='bbox 476 4658 588 4711; x_wconf 87' lang='lat' dir='ltr'>suis</span> <span class='ocrx_word' id='word_1_664' title='bbox 606 4657 912 4730; x_wconf 87' lang='lat' dir='ltr'>provinciis</span> <span class='ocrx_word' id='word_1_665' title='bbox 932 4655 1282 4727; x_wconf 91' lang='lat' dir='ltr'>judicentur.</span> 
     </span>
    </p>
   </div>
   <div class='ocr_carea' id='block_1_94' title="bbox 546 4749 2107 4823">
    <p class='ocr_par' dir='ltr' id='par_1_94' title="bbox 546 4749 2107 4823">
     <span class='ocr_line' id='line_1_94' title="bbox 546 4749 2107 4823; baseline -0.001 -17"><span class='ocrx_word' id='word_1_666' title='bbox 546 4753 608 4806; x_wconf 86' lang='lat' dir='ltr'>X.</span> <span class='ocrx_word' id='word_1_667' title='bbox 663 4752 879 4806; x_wconf 90' lang='lat' dir='ltr'>Placuit</span> <span class='ocrx_word' id='word_1_668' title='bbox 920 4751 1094 4806; x_wconf 90' lang='lat' dir='ltr'>etiam</span> <span class='ocrx_word' id='word_1_669' title='bbox 1138 4752 1255 4823; x_wconf 90' lang='lat' dir='ltr'>pati</span> <span class='ocrx_word' id='word_1_670' title='bbox 1296 4757 1361 4807; x_wconf 91' lang='lat' dir='ltr'>ut</span> <span class='ocrx_word' id='word_1_671' title='bbox 1400 4752 1654 4807; x_wconf 92' lang='lat' dir='ltr'>omnium</span> <span class='ocrx_word' id='word_1_672' title='bbox 1709 4749 2107 4823; x_wconf 88' lang='lat' dir='ltr'>episcoporum</span> 
     </span>
    </p>
   </div>
   <div class='ocr_carea' id='block_1_95' title="bbox 478 4844 2108 4917">
    <p class='ocr_par' dir='ltr' id='par_1_95' title="bbox 478 4844 2108 4917">
     <span class='ocr_line' id='line_1_95' title="bbox 478 4844 2108 4917; baseline -0.001 -17"><span class='ocrx_word' id='word_1_673' title='bbox 478 4846 729 4917; x_wconf 89' lang='lat' dir='ltr'>epistolis</span> <span class='ocrx_word' id='word_1_674' title='bbox 763 4845 1028 4900; x_wconf 89' lang='lat' dir='ltr'>omnibus</span> <span class='ocrx_word' id='word_1_675' title='bbox 1072 4846 1141 4901; x_wconf 93' lang='lat' dir='ltr'>de</span> <span class='ocrx_word' id='word_1_676' title='bbox 1188 4846 1423 4901; x_wconf 92' lang='lat' dir='ltr'>concilio</span> <span class='ocrx_word' id='word_1_677' title='bbox 1475 4845 1678 4899; x_wconf 88' lang='lat' dir='ltr'>dandis</span> <span class='ocrx_word' id='word_1_678' title='bbox 1721 4844 1985 4899; x_wconf 90' lang='lat' dir='ltr'>sanctitas</span> <span class='ocrx_word' id='word_1_679' title='bbox 2011 4849 2108 4899; x_wconf 87' lang='lat' dir='ltr'>tua</span> 
     </span>
    </p>
   </div>
   <div class='ocr_carea' id='block_1_96' title="bbox 476 4940 962 4995">
    <p class='ocr_par' dir='ltr' id='par_1_96' title="bbox 476 4940 962 4995">
     <span class='ocr_line' id='line_1_96' title="bbox 476 4940 962 4995; baseline 0.004 -2"><span class='ocrx_word' id='word_1_680' title='bbox 476 4940 599 4994; x_wconf 91' lang='lat' dir='ltr'>sola</span> <span class='ocrx_word' id='word_1_681' title='bbox 626 4940 962 4995; x_wconf 90' lang='lat' dir='ltr'>subscribat.</span> 
     </span>
    </p>
   </div>
   <div class='ocr_carea' id='block_1_97' title="bbox 550 5031 2107 5102">
    <p class='ocr_par' dir='ltr' id='par_1_97' title="bbox 550 5031 2107 5102">
     <span class='ocr_line' id='line_1_97' title="bbox 550 5031 2107 5102; baseline -0.001 -15"><span class='ocrx_word' id='word_1_682' title='bbox 550 5034 631 5089; x_wconf 87' lang='grc' dir='ltr'>ΧΙ.</span> <span class='ocrx_word' id='word_1_683' title='bbox 664 5033 875 5088; x_wconf 90' lang='lat' dir='ltr'>Placuit</span> <span class='ocrx_word' id='word_1_684' title='bbox 900 5037 954 5089; x_wconf 91' lang='lat' dir='ltr'>et</span> <span class='ocrx_word' id='word_1_685' title='bbox 982 5033 1123 5088; x_wconf 92' lang='lat' dir='ltr'>illud</span> <span class='ocrx_word' id='word_1_686' title='bbox 1169 5032 1434 5087; x_wconf 88' lang='lat' dir='ltr'>adversus</span> <span class='ocrx_word' id='word_1_687' title='bbox 1471 5031 1785 5100; x_wconf 67' lang='lat' dir='ltr'>haereticos,</span> <span class='ocrx_word' id='word_1_688' title='bbox 1817 5031 1903 5086; x_wconf 93' lang='lat' dir='ltr'>vel</span> <span class='ocrx_word' id='word_1_689' title='bbox 1931 5047 2107 5102; x_wconf 80' lang='lat' dir='ltr'>paga-</span> 
     </span>
    </p>
   </div>
   <div class='ocr_carea' id='block_1_98' title="bbox 477 5124 2109 5198">
    <p class='ocr_par' dir='ltr' id='par_1_98' title="bbox 477 5124 2109 5198">
     <span class='ocr_line' id='line_1_98' title="bbox 477 5124 2109 5198; baseline -0.001 -16"><span class='ocrx_word' id='word_1_690' title='bbox 477 5143 604 5193; x_wconf 88' lang='lat' dir='ltr'>nos,</span> <span class='ocrx_word' id='word_1_691' title='bbox 633 5128 719 5181; x_wconf 89' lang='lat' dir='ltr'>vel</span> <span class='ocrx_word' id='word_1_692' title='bbox 747 5144 948 5191; x_wconf 85' lang='lat' dir='ltr'>eorum</span> <span class='ocrx_word' id='word_1_693' title='bbox 978 5126 1432 5198; x_wconf 86' lang='lat' dir='ltr'>superstitiones,</span> <span class='ocrx_word' id='word_1_694' title='bbox 1452 5126 1707 5197; x_wconf 87' lang='lat' dir='ltr'>utlegati</span> <span class='ocrx_word' id='word_1_695' title='bbox 1728 5125 1882 5179; x_wconf 89' lang='lat' dir='ltr'>missi</span> <span class='ocrx_word' id='word_1_696' title='bbox 1908 5124 1978 5180; x_wconf 91' lang='lat' dir='ltr'>de</span> <span class='ocrx_word' id='word_1_697' title='bbox 2000 5126 2109 5180; x_wconf 91' lang='lat' dir='ltr'>hoc</span> 
     </span>
    </p>
   </div>
   <div class='ocr_carea' id='block_1_99' title="bbox 480 5219 2110 5293">
    <p class='ocr_par' dir='ltr' id='par_1_99' title="bbox 480 5219 2110 5293">
     <span class='ocr_line' id='line_1_99' title="bbox 480 5219 2110 5293; baseline -0.001 -18"><span class='ocrx_word' id='word_1_698' title='bbox 480 5221 727 5292; x_wconf 85' lang='lat' dir='ltr'>glorioso</span> <span class='ocrx_word' id='word_1_699' title='bbox 759 5221 998 5278; x_wconf 90' lang='lat' dir='ltr'>concilio</span> <span class='ocrx_word' id='word_1_700' title='bbox 1025 5220 1299 5292; x_wconf 90' lang='lat' dir='ltr'>quidquid</span> <span class='ocrx_word' id='word_1_701' title='bbox 1328 5221 1461 5277; x_wconf 87' lang='lat' dir='ltr'>utile</span> <span class='ocrx_word' id='word_1_702' title='bbox 1479 5219 1830 5293; x_wconf 90' lang='lat' dir='ltr'>providerint</span> <span class='ocrx_word' id='word_1_703' title='bbox 1847 5236 1880 5274; x_wconf 93' lang='lat' dir='ltr'>a</span> <span class='ocrx_word' id='word_1_704' title='bbox 1907 5219 2110 5291; x_wconf 87' lang='lat' dir='ltr'>glorio-</span> 
     </span>
    </p>
   </div>
   <div class='ocr_carea' id='block_1_100' title="bbox 478 5313 1452 5387">
    <p class='ocr_par' dir='ltr' id='par_1_100' title="bbox 478 5313 1452 5387">
     <span class='ocr_line' id='line_1_100' title="bbox 478 5313 1452 5387; baseline 0.002 -18"><span class='ocrx_word' id='word_1_705' title='bbox 478 5315 711 5371; x_wconf 89' lang='lat' dir='ltr'>sissimis</span> <span class='ocrx_word' id='word_1_706' title='bbox 739 5314 1091 5387; x_wconf 85' lang='lat' dir='ltr'>principibus</span> <span class='ocrx_word' id='word_1_707' title='bbox 1120 5313 1452 5387; x_wconf 88' lang='lat' dir='ltr'>impetrent.</span> 
     </span>
    </p>
   </div>
   <div class='ocr_carea' id='block_1_101' title="bbox 549 5408 2109 5481">
    <p class='ocr_par' dir='ltr' id='par_1_101' title="bbox 549 5408 2109 5481">
     <span class='ocr_line' id='line_1_101' title="bbox 549 5408 2109 5481; baseline -0.002 -15"><span class='ocrx_word' id='word_1_708' title='bbox 549 5411 655 5466; x_wconf 88' lang='lat' dir='ltr'><strong>XII.</strong></span> <span class='ocrx_word' id='word_1_709' title='bbox 684 5410 905 5465; x_wconf 88' lang='lat' dir='ltr'>Placuit</span> <span class='ocrx_word' id='word_1_710' title='bbox 936 5408 1109 5463; x_wconf 90' lang='lat' dir='ltr'>etiam</span> <span class='ocrx_word' id='word_1_711' title='bbox 1145 5413 1202 5463; x_wconf 92' lang='lat' dir='ltr'>et</span> <span class='ocrx_word' id='word_1_712' title='bbox 1235 5409 1393 5479; x_wconf 92' lang='lat' dir='ltr'>illud,</span> <span class='ocrx_word' id='word_1_713' title='bbox 1436 5413 1502 5464; x_wconf 92' lang='lat' dir='ltr'>ut</span> <span class='ocrx_word' id='word_1_714' title='bbox 1535 5425 1730 5481; x_wconf 92' lang='lat' dir='ltr'>preces</span> <span class='ocrx_word' id='word_1_715' title='bbox 1770 5411 1859 5464; x_wconf 92' lang='lat' dir='ltr'>vel</span> <span class='ocrx_word' id='word_1_716' title='bbox 1900 5408 2109 5464; x_wconf 88' lang='lat' dir='ltr'>oratio-</span> 
     </span>
    </p>
   </div>
   <div class='ocr_carea' id='block_1_102' title="bbox 480 5502 2112 5575">
    <p class='ocr_par' dir='ltr' id='par_1_102' title="bbox 480 5502 2112 5575">
     <span class='ocr_line' id='line_1_102' title="bbox 480 5502 2112 5575; baseline 0 -17"><span class='ocrx_word' id='word_1_717' title='bbox 480 5522 601 5575; x_wconf 89' lang='lat' dir='ltr'>nes,</span> <span class='ocrx_word' id='word_1_718' title='bbox 632 5520 734 5558; x_wconf 93' lang='lat' dir='ltr'>seu</span> <span class='ocrx_word' id='word_1_719' title='bbox 754 5503 941 5558; x_wconf 87' lang='lat' dir='ltr'>missa</span> <span class='ocrx_word' id='word_1_720' title='bbox 967 5518 1095 5574; x_wconf 89' lang='lat' dir='ltr'>qua</span> <span class='ocrx_word' id='word_1_721' title='bbox 1117 5502 1367 5573; x_wconf 88' lang='lat' dir='ltr'>probata</span> <span class='ocrx_word' id='word_1_722' title='bbox 1387 5503 1597 5560; x_wconf 90' lang='lat' dir='ltr'>fuerint</span> <span class='ocrx_word' id='word_1_723' title='bbox 1616 5505 1677 5559; x_wconf 92' lang='lat' dir='ltr'>in</span> <span class='ocrx_word' id='word_1_724' title='bbox 1707 5504 1966 5571; x_wconf 90' lang='lat' dir='ltr'>concilio,</span> <span class='ocrx_word' id='word_1_725' title='bbox 1996 5504 2112 5558; x_wconf 89' lang='lat' dir='ltr'>sive</span> 
     </span>
    </p>
   </div>
   <div class='ocr_carea' id='block_1_103' title="bbox 477 5596 2109 5669">
    <p class='ocr_par' dir='ltr' id='par_1_103' title="bbox 477 5596 2109 5669">
     <span class='ocr_line' id='line_1_103' title="bbox 477 5596 2109 5669; baseline -0.001 -16"><span class='ocrx_word' id='word_1_726' title='bbox 477 5598 857 5669; x_wconf 89' lang='lat' dir='ltr'>prafationes,</span> <span class='ocrx_word' id='word_1_727' title='bbox 881 5596 994 5650; x_wconf 90' lang='lat' dir='ltr'>sive</span> <span class='ocrx_word' id='word_1_728' title='bbox 1020 5597 1559 5666; x_wconf 86' lang='lat' dir='ltr'>commendationes,</span> <span class='ocrx_word' id='word_1_729' title='bbox 1584 5614 1681 5654; x_wconf 86' lang='lat' dir='ltr'>seu</span> <span class='ocrx_word' id='word_1_730' title='bbox 1702 5615 1907 5653; x_wconf 91' lang='lat' dir='ltr'>manus</span> <span class='ocrx_word' id='word_1_731' title='bbox 1925 5598 2109 5669; x_wconf 87' lang='lat' dir='ltr'>impo-</span> 
     </span>
    </p>
   </div>
   <div class='ocr_carea' id='block_1_104' title="bbox 481 5689 2111 5758">
    <p class='ocr_par' dir='ltr' id='par_1_104' title="bbox 481 5689 2111 5758">
     <span class='ocr_line' id='line_1_104' title="bbox 481 5689 2111 5758; baseline -0.001 -12"><span class='ocrx_word' id='word_1_732' title='bbox 481 5692 713 5746; x_wconf 87' lang='lat' dir='ltr'>sitiones</span> <span class='ocrx_word' id='word_1_733' title='bbox 752 5690 823 5743; x_wconf 92' lang='lat' dir='ltr'>ab</span> <span class='ocrx_word' id='word_1_734' title='bbox 860 5689 1125 5743; x_wconf 88' lang='lat' dir='ltr'>omnibus</span> <span class='ocrx_word' id='word_1_735' title='bbox 1165 5691 1545 5758; x_wconf 90' lang='lat' dir='ltr'>celebrentur,</span> <span class='ocrx_word' id='word_1_736' title='bbox 1573 5708 1679 5747; x_wconf 92' lang='lat' dir='ltr'>nec</span> <span class='ocrx_word' id='word_1_737' title='bbox 1709 5692 1836 5747; x_wconf 82' lang='lat' dir='ltr'>alia</span> <span class='ocrx_word' id='word_1_738' title='bbox 1876 5691 2111 5747; x_wconf 89' lang='lat' dir='ltr'>omnino</span> 
     </span>
    </p>
   </div>
   <div class='ocr_carea' id='block_1_105' title="bbox 484 5782 2110 5855">
    <p class='ocr_par' dir='ltr' id='par_1_105' title="bbox 484 5782 2110 5855">
     <span class='ocr_line' id='line_1_105' title="bbox 484 5782 2110 5855; baseline 0.001 -17"><span class='ocrx_word' id='word_1_739' title='bbox 484 5785 746 5838; x_wconf 83' lang='lat' dir='ltr'>dicantur</span> <span class='ocrx_word' id='word_1_740' title='bbox 773 5782 833 5836; x_wconf 93' lang='lat' dir='ltr'>in</span> <span class='ocrx_word' id='word_1_741' title='bbox 859 5782 1115 5849; x_wconf 89' lang='lat' dir='ltr'>ecclesia,</span> <span class='ocrx_word' id='word_1_742' title='bbox 1146 5783 1250 5838; x_wconf 90' lang='lat' dir='ltr'>nisi</span> <span class='ocrx_word' id='word_1_743' title='bbox 1278 5801 1408 5855; x_wconf 86' lang='lat' dir='ltr'>qua</span> <span class='ocrx_word' id='word_1_744' title='bbox 1444 5801 1477 5837; x_wconf 91' lang='lat' dir='ltr'>a</span> <span class='ocrx_word' id='word_1_745' title='bbox 1511 5785 1971 5855; x_wconf 90' lang='lat' dir='ltr'>prudentioribus</span> <span class='ocrx_word' id='word_1_746' title='bbox 1997 5790 2110 5839; x_wconf 85' lang='lat' dir='ltr'>tra-</span> 
     </span>
    </p>
   </div>
   <div class='ocr_carea' id='block_1_106' title="bbox 485 5874 2114 5952">
    <p class='ocr_par' dir='ltr' id='par_1_106' title="bbox 485 5874 2114 5952">
     <span class='ocr_line' id='line_1_106' title="bbox 485 5874 2114 5952; baseline 0.005 -25"><span class='ocrx_word' id='word_1_747' title='bbox 485 5881 647 5931; x_wconf 81' lang='lat' dir='ltr'>ctata</span> <span class='ocrx_word' id='word_1_748' title='bbox 676 5874 764 5930; x_wconf 89' lang='lat' dir='ltr'>vel</span> <span class='ocrx_word' id='word_1_749' title='bbox 804 5877 1183 5949; x_wconf 77' lang='lat' dir='ltr'>comprobata</span> <span class='ocrx_word' id='word_1_750' title='bbox 1225 5877 1284 5935; x_wconf 90' lang='lat' dir='ltr'>in</span> <span class='ocrx_word' id='word_1_751' title='bbox 1326 5877 1543 5952; x_wconf 85' lang='lat' dir='ltr'>synodo</span> <span class='ocrx_word' id='word_1_752' title='bbox 1579 5877 1809 5948; x_wconf 89' lang='lat' dir='ltr'>fuerint,</span> <span class='ocrx_word' id='word_1_753' title='bbox 1852 5894 1926 5935; x_wconf 84' lang='lat' dir='ltr'>ne</span> <span class='ocrx_word' id='word_1_754' title='bbox 1966 5878 2114 5935; x_wconf 87' lang='lat' dir='ltr'>forte</span> 
     </span>
    </p>
   </div>
   <div class='ocr_carea' id='block_1_107' title="bbox 2275 4712 3834 4784">
    <p class='ocr_par' dir='ltr' id='par_1_107' title="bbox 2275 4712 3834 4784">
     <span class='ocr_line' id='line_1_107' title="bbox 2275 4712 3834 4784; baseline -0.003 -13"><span class='ocrx_word' id='word_1_755' title='bbox 2275 4717 2434 4771; x_wconf 82' lang='lat' dir='ltr'><strong>XVII.</strong></span> <span class='ocrx_word' id='word_1_756' title='bbox 2462 4714 2676 4771; x_wconf 90' lang='lat' dir='ltr'>Placuit</span> <span class='ocrx_word' id='word_1_757' title='bbox 2696 4717 2758 4770; x_wconf 89' lang='lat' dir='ltr'>ut</span> <span class='ocrx_word' id='word_1_758' title='bbox 2783 4714 3093 4769; x_wconf 90' lang='lat' dir='ltr'>secundum</span> <span class='ocrx_word' id='word_1_759' title='bbox 3115 4712 3491 4784; x_wconf 88' lang='lat' dir='ltr'>evangelicam</span> <span class='ocrx_word' id='word_1_760' title='bbox 3524 4716 3579 4766; x_wconf 88' lang='lat' dir='ltr'>et</span> <span class='ocrx_word' id='word_1_761' title='bbox 3608 4717 3834 4784; x_wconf 89' lang='lat' dir='ltr'>aposto-</span> 
     </span>
    </p>
   </div>
   <div class='ocr_carea' id='block_1_108' title="bbox 2206 4807 3837 4880">
    <p class='ocr_par' dir='ltr' id='par_1_108' title="bbox 2206 4807 3837 4880">
     <span class='ocr_line' id='line_1_108' title="bbox 2206 4807 3837 4880; baseline -0.002 -15"><span class='ocrx_word' id='word_1_762' title='bbox 2206 4810 2433 4865; x_wconf 88' lang='lat' dir='ltr'>tolicam</span> <span class='ocrx_word' id='word_1_763' title='bbox 2460 4809 2842 4880; x_wconf 90' lang='lat' dir='ltr'>disciplinam,</span> <span class='ocrx_word' id='word_1_764' title='bbox 2862 4825 3048 4880; x_wconf 91' lang='lat' dir='ltr'>neque</span> <span class='ocrx_word' id='word_1_765' title='bbox 3069 4808 3332 4862; x_wconf 90' lang='lat' dir='ltr'>dimissus</span> <span class='ocrx_word' id='word_1_766' title='bbox 3354 4807 3425 4861; x_wconf 83' lang='lat' dir='ltr'>ab</span> <span class='ocrx_word' id='word_1_767' title='bbox 3446 4823 3623 4861; x_wconf 84' lang='lat' dir='ltr'>uxore</span> <span class='ocrx_word' id='word_1_768' title='bbox 3652 4823 3837 4878; x_wconf 86' lang='lat' dir='ltr'>neque</span> 
     </span>
    </p>
   </div>
   <div class='ocr_carea' id='block_1_109' title="bbox 2209 4902 3835 4973">
    <p class='ocr_par' dir='ltr' id='par_1_109' title="bbox 2209 4902 3835 4973">
     <span class='ocr_line' id='line_1_109' title="bbox 2209 4902 3835 4973; baseline -0.003 -14"><span class='ocrx_word' id='word_1_769' title='bbox 2209 4904 2436 4959; x_wconf 90' lang='lat' dir='ltr'>dimissa</span> <span class='ocrx_word' id='word_1_770' title='bbox 2465 4921 2498 4958; x_wconf 88' lang='lat' dir='ltr'>a</span> <span class='ocrx_word' id='word_1_771' title='bbox 2536 4902 2739 4958; x_wconf 90' lang='lat' dir='ltr'>marito</span> <span class='ocrx_word' id='word_1_772' title='bbox 2783 4902 2940 4957; x_wconf 90' lang='lat' dir='ltr'>alteri</span> <span class='ocrx_word' id='word_1_773' title='bbox 2984 4902 3424 4973; x_wconf 88' lang='lat' dir='ltr'>conjungantur,</span> <span class='ocrx_word' id='word_1_774' title='bbox 3467 4902 3565 4955; x_wconf 92' lang='lat' dir='ltr'>sed</span> <span class='ocrx_word' id='word_1_775' title='bbox 3603 4902 3678 4955; x_wconf 90' lang='lat' dir='ltr'>ita</span> <span class='ocrx_word' id='word_1_776' title='bbox 3715 4916 3835 4954; x_wconf 92' lang='lat' dir='ltr'>ma-</span> 
     </span>
    </p>
   </div>
   <div class='ocr_carea' id='block_1_110' title="bbox 2210 4994 3840 5067">
    <p class='ocr_par' dir='ltr' id='par_1_110' title="bbox 2210 4994 3840 5067">
     <span class='ocr_line' id='line_1_110' title="bbox 2210 4994 3840 5067; baseline -0.002 -15"><span class='ocrx_word' id='word_1_777' title='bbox 2210 5002 2401 5067; x_wconf 90' lang='lat' dir='ltr'>neant,</span> <span class='ocrx_word' id='word_1_778' title='bbox 2433 5001 2531 5053; x_wconf 88' lang='lat' dir='ltr'>aut</span> <span class='ocrx_word' id='word_1_779' title='bbox 2558 4996 2786 5051; x_wconf 86' lang='lat' dir='ltr'>sibimet</span> <span class='ocrx_word' id='word_1_780' title='bbox 2811 4995 3268 5064; x_wconf 89' lang='lat' dir='ltr'>reconcilientur,</span> <span class='ocrx_word' id='word_1_781' title='bbox 3300 4994 3448 5067; x_wconf 91' lang='lat' dir='ltr'>quod</span> <span class='ocrx_word' id='word_1_782' title='bbox 3480 4994 3525 5049; x_wconf 90' lang='lat' dir='ltr'>si</span> <span class='ocrx_word' id='word_1_783' title='bbox 3550 4997 3840 5066; x_wconf 81' lang='lat' dir='ltr'>contemp—</span> 
     </span>
    </p>
   </div>
   <div class='ocr_carea' id='block_1_111' title="bbox 2210 5089 3842 5163">
    <p class='ocr_par' dir='ltr' id='par_1_111' title="bbox 2210 5089 3842 5163">
     <span class='ocr_line' id='line_1_111' title="bbox 2210 5089 3842 5163; baseline -0.002 -16"><span class='ocrx_word' id='word_1_784' title='bbox 2210 5093 2387 5147; x_wconf 90' lang='lat' dir='ltr'>serint</span> <span class='ocrx_word' id='word_1_785' title='bbox 2413 5092 2486 5147; x_wconf 92' lang='lat' dir='ltr'>ad</span> <span class='ocrx_word' id='word_1_786' title='bbox 2518 5089 2916 5163; x_wconf 80' lang='lat' dir='ltr'>paenitentiam</span> <span class='ocrx_word' id='word_1_787' title='bbox 2960 5089 3312 5161; x_wconf 86' lang='lat' dir='ltr'>redigantur,</span> <span class='ocrx_word' id='word_1_788' title='bbox 3345 5090 3403 5144; x_wconf 91' lang='lat' dir='ltr'>in</span> <span class='ocrx_word' id='word_1_789' title='bbox 3438 5106 3546 5161; x_wconf 88' lang='lat' dir='ltr'>qua</span> <span class='ocrx_word' id='word_1_790' title='bbox 3571 5105 3734 5145; x_wconf 90' lang='lat' dir='ltr'>causa</span> <span class='ocrx_word' id='word_1_791' title='bbox 3759 5089 3842 5143; x_wconf 88' lang='lat' dir='ltr'>le-</span> 
     </span>
    </p>
   </div>
   <div class='ocr_carea' id='block_1_112' title="bbox 2211 5183 3452 5260">
    <p class='ocr_par' dir='ltr' id='par_1_112' title="bbox 2211 5183 3452 5260">
     <span class='ocr_line' id='line_1_112' title="bbox 2211 5183 3452 5260; baseline -0.002 -19"><span class='ocrx_word' id='word_1_792' title='bbox 2211 5204 2342 5260; x_wconf 87' lang='lat' dir='ltr'>gem</span> <span class='ocrx_word' id='word_1_793' title='bbox 2369 5186 2724 5258; x_wconf 89' lang='lat' dir='ltr'>imperialem</span> <span class='ocrx_word' id='word_1_794' title='bbox 2751 5184 3053 5257; x_wconf 89' lang='lat' dir='ltr'>petendam</span> <span class='ocrx_word' id='word_1_795' title='bbox 3081 5183 3452 5256; x_wconf 87' lang='lat' dir='ltr'>promulgari.</span> 
     </span>
    </p>
   </div>
   <div class='ocr_carea' id='block_1_113' title="bbox 2282 5295 3845 5370">
    <p class='ocr_par' dir='ltr' id='par_1_113' title="bbox 2282 5295 3845 5370">
     <span class='ocr_line' id='line_1_113' title="bbox 2282 5295 3845 5370; baseline -0.003 -15"><span class='ocrx_word' id='word_1_796' title='bbox 2282 5301 2455 5355; x_wconf 88' lang='lat' dir='ltr'><strong>XVIII.</strong></span> <span class='ocrx_word' id='word_1_797' title='bbox 2484 5298 2716 5367; x_wconf 88' lang='lat' dir='ltr'>Placuit,</span> <span class='ocrx_word' id='word_1_798' title='bbox 2745 5302 2810 5352; x_wconf 90' lang='lat' dir='ltr'>ut</span> <span class='ocrx_word' id='word_1_799' title='bbox 2835 5297 3163 5370; x_wconf 89' lang='lat' dir='ltr'>quicunque</span> <span class='ocrx_word' id='word_1_800' title='bbox 3190 5312 3307 5351; x_wconf 90' lang='lat' dir='ltr'>non</span> <span class='ocrx_word' id='word_1_801' title='bbox 3333 5295 3761 5351; x_wconf 90' lang='lat' dir='ltr'>communicans</span> <span class='ocrx_word' id='word_1_802' title='bbox 3786 5295 3845 5351; x_wconf 92' lang='lat' dir='ltr'>in</span> 
     </span>
    </p>
   </div>
   <div class='ocr_carea' id='block_1_114' title="bbox 2211 5388 3846 5466">
    <p class='ocr_par' dir='ltr' id='par_1_114' title="bbox 2211 5388 3846 5466">
     <span class='ocr_line' id='line_1_114' title="bbox 2211 5388 3846 5466; baseline -0.003 -18"><span class='ocrx_word' id='word_1_803' title='bbox 2211 5393 2497 5466; x_wconf 88' lang='lat' dir='ltr'>provincia</span> <span class='ocrx_word' id='word_1_804' title='bbox 2526 5392 2756 5465; x_wconf 88' lang='lat' dir='ltr'>propria</span> <span class='ocrx_word' id='word_1_805' title='bbox 2782 5392 2840 5445; x_wconf 89' lang='lat' dir='ltr'>in</span> <span class='ocrx_word' id='word_1_806' title='bbox 2861 5391 2981 5446; x_wconf 90' lang='lat' dir='ltr'>aliis</span> <span class='ocrx_word' id='word_1_807' title='bbox 3018 5390 3321 5462; x_wconf 90' lang='lat' dir='ltr'>provinciis</span> <span class='ocrx_word' id='word_1_808' title='bbox 3346 5391 3434 5444; x_wconf 92' lang='lat' dir='ltr'>vel</span> <span class='ocrx_word' id='word_1_809' title='bbox 3455 5388 3846 5445; x_wconf 86' lang='lat' dir='ltr'>transmarinis</span> 
     </span>
    </p>
   </div>
   <div class='ocr_carea' id='block_1_115' title="bbox 2209 5484 3844 5561">
    <p class='ocr_par' dir='ltr' id='par_1_115' title="bbox 2209 5484 3844 5561">
     <span class='ocr_line' id='line_1_115' title="bbox 2209 5484 3844 5561; baseline -0.002 -18"><span class='ocrx_word' id='word_1_810' title='bbox 2209 5488 2467 5561; x_wconf 89' lang='lat' dir='ltr'>partibus</span> <span class='ocrx_word' id='word_1_811' title='bbox 2492 5487 2563 5542; x_wconf 89' lang='lat' dir='ltr'>ad</span> <span class='ocrx_word' id='word_1_812' title='bbox 2593 5484 3134 5542; x_wconf 89' lang='lat' dir='ltr'>communicandum</span> <span class='ocrx_word' id='word_1_813' title='bbox 3177 5486 3515 5556; x_wconf 90' lang='lat' dir='ltr'>obrepserit,</span> <span class='ocrx_word' id='word_1_814' title='bbox 3554 5485 3844 5557; x_wconf 87' lang='lat' dir='ltr'>jacturam</span> 
     </span>
    </p>
   </div>
   <div class='ocr_carea' id='block_1_116' title="bbox 2212 5578 3358 5651">
    <p class='ocr_par' dir='ltr' id='par_1_116' title="bbox 2212 5578 3358 5651">
     <span class='ocr_line' id='line_1_116' title="bbox 2212 5578 3358 5651; baseline -0.003 -14"><span class='ocrx_word' id='word_1_815' title='bbox 2212 5580 2634 5637; x_wconf 90' lang='lat' dir='ltr'>communionis</span> <span class='ocrx_word' id='word_1_816' title='bbox 2663 5580 2750 5636; x_wconf 88' lang='lat' dir='ltr'>vel</span> <span class='ocrx_word' id='word_1_817' title='bbox 2768 5579 3073 5635; x_wconf 82' lang='lat' dir='ltr'>Clericatus</span> <span class='ocrx_word' id='word_1_818' title='bbox 3100 5578 3358 5651; x_wconf 90' lang='lat' dir='ltr'>excipiat.</span> 
     </span>
    </p>
   </div>
   <div class='ocr_carea' id='block_1_117' title="bbox 2282 5691 3844 5765">
    <p class='ocr_par' dir='ltr' id='par_1_117' title="bbox 2282 5691 3844 5765">
     <span class='ocr_line' id='line_1_117' title="bbox 2282 5691 3844 5765; baseline -0.002 -17"><span class='ocrx_word' id='word_1_819' title='bbox 2282 5694 2412 5749; x_wconf 85' lang='lat' dir='ltr'><strong>XIX.</strong></span> <span class='ocrx_word' id='word_1_820' title='bbox 2453 5693 2687 5761; x_wconf 89' lang='lat' dir='ltr'>Placuit,</span> <span class='ocrx_word' id='word_1_821' title='bbox 2728 5697 2795 5748; x_wconf 89' lang='lat' dir='ltr'>ut</span> <span class='ocrx_word' id='word_1_822' title='bbox 2831 5691 3157 5765; x_wconf 90' lang='lat' dir='ltr'>quicunque</span> <span class='ocrx_word' id='word_1_823' title='bbox 3191 5691 3266 5747; x_wconf 92' lang='lat' dir='ltr'>ad</span> <span class='ocrx_word' id='word_1_824' title='bbox 3304 5691 3714 5763; x_wconf 89' lang='lat' dir='ltr'>imperatorem</span> <span class='ocrx_word' id='word_1_825' title='bbox 3750 5706 3844 5745; x_wconf 87' lang='lat' dir='ltr'>co-</span> 
     </span>
    </p>
   </div>
   <div class='ocr_carea' id='block_1_118' title="bbox 2216 5784 3849 5859">
    <p class='ocr_par' dir='ltr' id='par_1_118' title="bbox 2216 5784 3849 5859">
     <span class='ocr_line' id='line_1_118' title="bbox 2216 5784 3849 5859; baseline -0.003 -17"><span class='ocrx_word' id='word_1_826' title='bbox 2216 5788 2535 5859; x_wconf 89' lang='lat' dir='ltr'>gnitionem</span> <span class='ocrx_word' id='word_1_827' title='bbox 2549 5787 2899 5859; x_wconf 88' lang='lat' dir='ltr'>judiciorum</span> <span class='ocrx_word' id='word_1_828' title='bbox 2927 5786 3288 5858; x_wconf 90' lang='lat' dir='ltr'>publicorum</span> <span class='ocrx_word' id='word_1_829' title='bbox 3326 5786 3397 5841; x_wconf 89' lang='lat' dir='ltr'>ab</span> <span class='ocrx_word' id='word_1_830' title='bbox 3439 5784 3718 5857; x_wconf 86' lang='lat' dir='ltr'>episcopis</span> <span class='ocrx_word' id='word_1_831' title='bbox 3755 5800 3849 5855; x_wconf 81' lang='lat' dir='ltr'>pe-</span> 
     </span>
    </p>
   </div>
   <div class='ocr_carea' id='block_1_119' title="bbox 2215 5879 3844 5955">
    <p class='ocr_par' dir='ltr' id='par_1_119' title="bbox 2215 5879 3844 5955">
     <span class='ocr_line' id='line_1_119' title="bbox 2215 5879 3844 5955; baseline -0.004 -18"><span class='ocrx_word' id='word_1_832' title='bbox 2215 5881 2388 5953; x_wconf 86' lang='lat' dir='ltr'>tierit,</span> <span class='ocrx_word' id='word_1_833' title='bbox 2418 5881 2638 5938; x_wconf 87' lang='lat' dir='ltr'>honore</span> <span class='ocrx_word' id='word_1_834' title='bbox 2666 5880 2896 5953; x_wconf 89' lang='lat' dir='ltr'>proprio</span> <span class='ocrx_word' id='word_1_835' title='bbox 2930 5880 3201 5955; x_wconf 82' lang='lat' dir='ltr'>privetur,</span> <span class='ocrx_word' id='word_1_836' title='bbox 3234 5880 3278 5935; x_wconf 89' lang='lat' dir='ltr'>si</span> <span class='ocrx_word' id='word_1_837' title='bbox 3306 5882 3500 5937; x_wconf 86' lang='lat' dir='ltr'>autem</span> <span class='ocrx_word' id='word_1_838' title='bbox 3528 5879 3844 5952; x_wconf 81' lang='lat' dir='ltr'>episcopale</span> 
     </span>
    </p>
   </div>
  </div>
