4054 6298
230 321 328 373 373

1486 319 1960 377 DECRETALIUM
1997 319 2379 377 COLLECTIO.
2435 347 2444 354 -

3489 328 3589 385 374

221 426 503 497 judicium
531 425 602 482 ab
639 425 980 498 imperatore
1009 427 1393 498 postulaverit,
1429 428 1572 482 nihil
1599 430 1652 484 ei
1691 429 1854 484 obsit.
1881 430 2082 516 Aticis
2112 431 2347 502 impune
2379 433 2441 484 ut
2476 429 2551 486 ibi
2582 431 2697 486 sint
2735 434 2794 487 et
2825 448 2989 488 suam
3024 432 3378 504 diligentiam
3414 435 3584 489 fuisse

297 522 406 577 XX.
453 521 684 588 Placuit,
728 524 791 575 ut
836 522 1156 594 quicunque
1205 522 1441 576 clericus
1484 529 1716 595 propter
1761 541 1859 579 ne-

227 615 548 670 cessitatem
579 632 741 670 suam
773 615 980 670 alicubi
1009 615 1080 670 ad
1111 599 1443 670 comitatum
1477 617 1557 671 ire
1601 619 1856 687 voluerit,

227 709 538 764 formatam
581 710 651 764 ab
692 709 951 781 episcopo
995 727 1096 764 suo
1146 710 1410 781 accipiat,
1462 712 1615 782 quod
1661 711 1706 765 si
1740 712 1860 768 sine

229 803 472 858 formata
501 804 738 858 voluerit
765 821 1026 874 pergere,
1071 821 1104 858 a
1135 804 1539 861 communione
1576 822 1861 861 removea-

226 901 338 966 tur,
377 897 531 968 quod
562 897 607 951 si
637 897 840 952 alicubi
871 898 923 952 ei
949 898 1250 969 repentina
1277 899 1577 954 necessitas
1601 905 1724 954 orta
1743 901 1862 956 fue-

225 992 301 1045 rit
323 991 399 1044 ad
429 991 763 1046 comitatum
793 992 1090 1063 pergendi,
1111 992 1318 1063 alleget
1348 994 1496 1064 apud
1527 995 1860 1066 episcopum

225 1085 330 1138 loci
364 1085 490 1156 ejus
517 1086 696 1157 ipsam
723 1085 1136 1154 necessitatem,
1167 1089 1224 1142 et
1251 1087 1320 1140 de
1350 1087 1458 1141 hoc
1484 1088 1692 1159 scripta
1718 1089 1861 1159 ejus-

225 1177 357 1232 dem
385 1179 634 1250 episcopi
666 1181 900 1250 deferat,
927 1181 1186 1235 formata
1213 1184 1405 1234 autem
1438 1198 1566 1251 qua
1591 1200 1623 1236 a
1652 1183 1858 1252 prima-

225 1272 397 1342 tibus,
427 1275 512 1328 vel
538 1291 570 1328 a
599 1275 1053 1345 quibuscumque
1077 1274 1355 1345 episcopis
1375 1275 1592 1330 clericis
1612 1276 1858 1347 propriis

224 1366 456 1434 dantur,
494 1368 738 1422 habeant
767 1369 921 1423 diem
955 1369 1206 1423 Pascha.
1236 1369 1393 1434 Quod
1421 1370 1467 1424 si
1503 1369 1687 1424 adhuc
1715 1371 1860 1441 ejus-

225 1461 358 1516 dem
385 1461 519 1516 anni
567 1463 788 1516 Pascha
835 1463 956 1516 dies
998 1462 1214 1518 incerta
1255 1467 1356 1530 est,
1400 1463 1494 1518 ille
1531 1464 1859 1534 pracedens

225 1555 576 1627 adjungatur
603 1547 888 1715 quoano
910 1557 1048 1612 solet
1073 1562 1197 1629 post
1227 1557 1579 1612 consulatum
1599 1557 1656 1612 in
1681 1558 1860 1630 publi-

225 1647 302 1703 cis
331 1650 507 1715 gestis
527 1650 749 1705 ascribi.

223 1647 302 1703 cis
331 1650 507 1720 gestis
527 1650 749 1705 ascribi.

298 1745 426 1799 XXI.
465 1746 604 1798 Item
630 1745 858 1816 placuit,
912 1751 972 1801 ut
1017 1745 1343 1818 quicunque
1391 1746 1655 1818 episcopi,
1689 1763 1854 1817 quas-

225 1854 452 1909 cunque
480 1838 740 1894 ecclesias
757 1840 842 1894 vel
865 1840 1056 1910 plebes
1076 1857 1218 1911 quas
1247 1840 1318 1894 ad
1346 1857 1505 1895 suam
1531 1841 1855 1895 cathedram

224 1931 513 1987 astimant
541 1933 846 2003 pertinere,
872 1950 988 1988 non
1018 1933 1094 1988 ita
1123 1939 1391 2005 repetunt
1422 1939 1482 1988 ut
1511 1951 1704 1988 causas
1727 1951 1854 1988 suas

224 2025 504 2096 episcopis
514 2026 905 2096 judicantibus
935 2031 1125 2097 agant,
1154 2027 1254 2081 sed
1280 2028 1324 2081 si
1352 2028 1411 2081 in
1435 2028 1543 2082 alio
1572 2027 1852 2082 retinente

224 2119 519 2186 irruerint,
569 2121 682 2175 sive
727 2122 1048 2176 volentibus
1088 2121 1202 2176 sive
1240 2122 1566 2176 nolentibus
1594 2121 1854 2193 plebibus

223 2229 406 2266 causa
427 2230 543 2268 sua
565 2214 977 2270 detrimentum
993 2217 1302 2286 patiantur,
1321 2221 1377 2270 et
1397 2216 1722 2287 quicunque
1732 2217 1852 2286 jam

222 2307 334 2361 hoc
372 2308 650 2375 fecerint,
692 2308 735 2363 si
767 2310 1023 2364 nondum
1051 2315 1134 2364 est
1171 2311 1324 2364 inter
1362 2310 1656 2381 episc0pos
1694 2309 1854 2364 finita

221 2402 536 2470 contentio,
566 2403 662 2456 sed
692 2403 876 2456 adhuc
906 2403 1038 2458 inde
1073 2405 1442 2471 contendunt,
1473 2405 1565 2458 ille
1600 2404 1735 2458 inde
1766 2403 1849 2458 di-

224 2494 438 2563 scedat,
497 2512 668 2566 quem
721 2497 1039 2551 constiterit
1080 2497 1476 2568 pratermissis
1506 2497 1732 2568 judiciis
1762 2515 1853 2556 ec-

221 2588 546 2642 clesiasticis
582 2589 826 2656 irruisse,
865 2606 965 2644 nec
999 2591 1105 2644 sibi
1147 2591 1390 2662 quisque
1432 2591 1773 2660 blandiatur,
1806 2591 1852 2645 si

222 2700 256 2735 a
293 2683 532 2753 primate
571 2688 632 2737 ut
674 2683 910 2738 retineat
952 2685 1182 2754 litteras,
1227 2686 1565 2755 impetrarit,
1601 2685 1696 2739 sed
1737 2686 1852 2739 sive

220 2775 437 2830 habeat
468 2777 703 2844 litteras,
735 2778 850 2831 sive
877 2795 991 2832 non
1019 2779 1250 2848 habeat,
1279 2779 1575 2834 conveniat
1605 2795 1736 2834 eum
1755 2780 1854 2850 qui

224 2874 400 2937 tenet,
432 2876 490 2924 et
515 2871 637 2940 ejus
668 2870 885 2926 litteras
909 2871 1171 2943 accipiat,
1199 2877 1264 2927 ut
1290 2889 1420 2927 eum
1447 2879 1721 2944 appareat
1748 2890 1851 2944 pa-

221 2963 381 3018 ciﬁce
400 2963 648 3018 tenuisse
666 2965 960 3019 ecclesiam
986 2965 1056 3020 ad
1072 2983 1128 3021 se
1150 2967 1526 3037 pertinentem
1550 2984 1562 3033 ;
1597 2967 1640 3020 si
1662 2971 1854 3021 autem

222 3058 320 3112 ille
348 3058 609 3143 aliquam
634 3058 1009 3128 quastionem
1034 3061 1291 3116 retulerit
1321 3077 1424 3132 per
1450 3062 1744 3132 episcopos
1764 3061 1854 3132 ju—

221 3151 379 3206 dices
408 3168 576 3206 causa
596 3152 844 3220 finiatur,
882 3153 996 3206 sive
1026 3154 1105 3208 eis
1133 3154 1406 3225 primates
1431 3155 1706 3225 dederint,
1737 3155 1850 3209 sive
1873 3193 1926 3267 Ο

226 3262 360 3267 .__--_
395 3246 778 3267 _'__-___!-2___
815 3263 871 3267 Α-
912 3263 1180 3267 --μ--.Αμα
1221 3248 1460 3267 ,1-1Αγγκ]
1512 3251 1527 3267 ι

218 3262 363 3318 quos
394 3246 545 3317 ipsos
571 3246 782 3301 vicinos
808 3263 872 3301 ex
904 3263 1185 3302 consensu
1212 3248 1550 3319 delegerint.

295 3341 447 3395 XXII.
495 3340 631 3394 Item
678 3340 922 3412 placuit,
968 3347 1029 3396 ut
1074 3342 1408 3413 presbyteri,
1459 3342 1715 3410 diaconi,
1765 3344 1850 3396 vel

217 3434 411 3488 caeteri
432 3434 734 3488 inferiores
759 3434 945 3488 clerici
974 3434 1032 3489 in
1063 3452 1262 3489 causas
1283 3452 1425 3507 quas
1456 3436 1780 3504 habuerint,
1807 3435 1852 3490 si

222 3527 292 3581 de
314 3527 544 3598 judiciis
583 3527 980 3600 episcoporum
1024 3546 1255 3583 suorum
1288 3529 1470 3600 questi
1508 3530 1738 3596 fuerint,
1768 3530 1848 3584 vi-

222 3621 336 3675 cini
365 3621 616 3692 episcopi
646 3638 742 3676 eos
781 3622 1032 3692 audiant,
1065 3626 1121 3677 et
1148 3623 1299 3677 inter
1324 3640 1417 3677 eos
1443 3624 1716 3694 quidquid
1745 3628 1849 3691 est,

225 3715 429 3770 ﬁniant
449 3715 688 3770 adhibiti
716 3715 786 3770 ab
808 3716 886 3770 eis
913 3733 982 3770 ex
1003 3733 1280 3771 consensu
1308 3717 1709 3788 episcoporum
1731 3735 1853 3772 suo-

219 3825 372 3864 rum.
404 3809 565 3873 Quod
605 3809 654 3862 si
699 3814 754 3864 et
799 3810 870 3863 ab
909 3810 991 3864 eis
1040 3811 1459 3880 provocandum
1510 3811 1849 3882 putaverint,

220 3920 339 3957 non
368 3907 700 3974 provocent,
732 3903 840 3956 nisi
856 3903 926 3956 ad
954 3903 1216 3958 Africana
1241 3903 1493 3972 concilia,
1523 3905 1604 3958 vel
1636 3905 1710 3958 ad
1736 3905 1848 3976 pri-

219 4001 404 4052 mates
434 3996 857 4068 provinciarum
885 4014 1134 4065 suarum,
1164 3998 1233 4052 ad
1260 3999 1633 4052 transmarina
1663 4003 1852 4053 autem

217 4091 317 4162 qui
343 4090 626 4162 putaverit
649 4091 1056 4162 appellandum
1082 4108 1115 4145 a
1144 4091 1298 4146 nullo
1341 4092 1489 4146 intra
1521 4092 1763 4146 Africam
1794 4092 1851 4147 in

219 4185 628 4240 communione
653 4155 1037 4256 suscipiatur]

290 4281 467 4334 XXIII.
498 4278 728 4347 Placuit,
761 4283 821 4333 ut
840 4278 1165 4350 quicunque
1193 4295 1494 4333 conversus
1523 4280 1592 4333 ab
1619 4280 1848 4335 hareti-

217 4374 297 4428 cis
323 4373 532 4428 dixerit
558 4389 614 4426 se
647 4373 802 4444 apud
831 4389 925 4428 eos
939 4373 1327 4444 paenitentiam
1361 4373 1635 4444 accipere,
1687 4390 1854 4428 unus-

220 4467 465 4538 quisque
508 4465 814 4521 catholicus
856 4466 1155 4538 episcopus
1203 4467 1475 4538 requirat,
1526 4466 1625 4520 ubi
1679 4471 1735 4522 et
1782 4467 1853 4522 ob

1961 529 2328 595 praventam,
2369 530 2430 580 ut
2460 541 2526 580 eo
2557 525 2726 580 modo
2756 527 2879 597 ejus
2909 543 3046 582 cura
3078 527 3342 582 solertior
3382 527 3587 582 vitare-

1962 621 2074 686 tur,
2103 635 2233 672 cum
2263 619 2367 673 hoc
2387 619 2607 690 judices
2636 620 2888 691 episcopi
2928 622 3314 693 cognoverint,
3353 622 3467 676 sive
3495 639 3589 676 ca-

1959 712 2177 768 thedra
2205 713 2321 767 loca
2349 713 2667 768 restituant.
2704 714 2856 769 Sane
2895 715 2942 768 si
2982 715 3230 788 episcopi
3271 716 3420 770 inter
3450 733 3592 787 quos

1962 823 2130 861 causa
2159 811 2429 876 versatur,
2471 807 2822 863 diversarum
2860 812 2992 863 sunt
3023 809 3464 880 provinciarum,
3497 810 3590 864 ille

1961 900 2175 971 primas
2207 901 2302 956 det
2324 900 2545 972 judices
2585 902 2644 956 in
2683 903 2844 973 cujus
2883 903 3170 974 provincia
3216 909 3301 959 est
3333 905 3487 957 locus
3519 903 3588 958 de

1961 1011 2074 1068 quo
2108 994 2492 1062 contenditur,
2527 995 2575 1049 si
2601 1000 2794 1050 autem
2817 1013 2884 1051 ex
2912 997 3204 1051 communi
3235 997 3438 1068 placito
3461 996 3589 1051 vici-

1959 1105 2062 1142 nos
2092 1089 2320 1159 judices
2367 1089 2662 1159 elegerint,
2709 1095 2805 1144 aut
2849 1091 2960 1145 duo
3001 1091 3426 1160 eliganturaut
3456 1094 3586 1157 tres,

1959 1183 2109 1254 quod
2138 1183 2185 1236 si
2211 1188 2326 1237 tres
2352 1183 2646 1253 elegerint,
2685 1189 2784 1238 aut
2817 1184 3076 1238 omnium
3117 1184 3461 1238 sententiam
3496 1201 3584 1238 se-

1959 1279 2224 1348 quantur,
2255 1280 2355 1330 aut
2395 1277 2660 1346 duorum,
2695 1276 2983 1348 judicibus
3023 1281 3213 1331 autem
3255 1295 3395 1348 quos
3425 1293 3584 1331 com-

1958 1370 2150 1424 munis
2175 1386 2484 1424 consensus
2518 1370 2776 1441 elegerit,
2819 1387 2932 1425 non
2973 1370 3140 1424 liceat
3174 1387 3498 1440 provocare,
3533 1374 3589 1424 et

1958 1465 2214 1536 quisquis
2239 1464 2515 1536 probatus
2549 1464 2724 1520 fuerit
2761 1481 2866 1536 pro
2915 1464 3268 1519 contumacia
3306 1465 3459 1519 nolle
3486 1464 3584 1518 ob-

1961 1561 2275 1629 temperare
2295 1557 2603 1628 judicibus,
2628 1575 2756 1612 cum
2778 1559 2884 1612 hoc
2913 1558 3114 1629 prima
3147 1558 3292 1613 sedis
3326 1558 3588 1629 episcopo

1958 1652 2129 1706 fuerit
2154 1652 2480 1724 probatum,
2511 1653 2608 1706 det
2632 1652 2845 1707 litteras
2871 1658 2932 1707 ut
2959 1653 3148 1724 nullus
3186 1651 3238 1706 ei
3268 1651 3588 1706 communi-

1959 1669 2129 1706 Iueru
2154 1669 2480 1724 pronatum,
2511 1669 2608 1706 aet
2632 1669 2845 1707 litteras
2871 1669 2932 1707 ut
2959 1669 3118 1706 nuuu

1959 1749 2045 1799 cet
2077 1746 2473 1816 episcoporum
2503 1746 2683 1800 donec
2708 1746 3079 1816 obtemperet.
3105 1669 3148 1858 Ῐ

2029 1840 2154 1858 νινῐγ
2229 1839 2279 1858 (12
2326 1838 2373 1858 3η
2437 1839 2765 1858 _-_1,,'_2Ln_n
2830 1839 3098 1858 _,ll,_J,,f,

1877 1819 1933 1890 Β
2027 1840 2174 1893 XXV.
2229 1839 2283 1894 Si
2326 1838 2383 1892 in
2436 1839 2773 1894 matricibus
2820 1819 3121 1893 cathedris'
3146 1839 3443 1909 episcopus
3487 1854 3590 1892 ne-

1955 1930 2179 2002 gligens
2209 1932 2386 1987 fuerit
2406 1933 2674 1987 adversus
2711 1933 3022 2000 hareticos,
3051 1933 3424 1988 conveniatur
3453 1949 3485 1986 a
3510 1931 3589 1985 vi-

1953 2025 2092 2079 cinis
2138 2025 2416 2096 episcopis
2464 2026 2854 2096 diligentibus,
2903 2030 2959 2080 et
3004 2027 3055 2080 ei
3095 2042 3194 2079 sua
3243 2025 3592 2096 negligentia

1955 2123 2395 2193 demonstretur,
2419 2128 2484 2178 ut
2504 2141 2562 2180 se
2590 2140 2853 2179 excusare
2881 2140 2999 2178 non
3031 2123 3239 2194 possit;
3273 2124 3424 2194 quod
3453 2123 3498 2177 si
3524 2139 3590 2178 ex

1955 2216 2048 2270 die
2091 2233 2204 2286 quo
2247 2214 2580 2271 convenitur
2624 2217 2775 2272 intra
2828 2233 2922 2272 sex
2973 2233 3231 2283 menses,
3277 2216 3323 2270 si
3367 2217 3426 2270 in
3468 2216 3590 2286 ejus

1954 2310 2242 2380 provincia
2271 2311 2556 2366 exsecutio
2584 2311 2779 2381 fuerit,
2819 2315 2877 2366 et
2913 2327 3026 2365 non
3065 2327 3162 2366 eos
3201 2310 3269 2364 ad
3308 2311 3588 2364 unitatem

1953 2403 2284 2458 catholicam
2311 2406 2724 2460 convertendos
2761 2405 3060 2475 curaverit,
3092 2421 3206 2458 non
3244 2405 3295 2458 ei
3328 2421 3588 2458 commu-

1954 2497 2172 2552 nicetur
2201 2498 2377 2552 donec
2404 2499 2670 2570 impleat;
2711 2499 2756 2551 si
2787 2503 2979 2552 autem
3023 2501 3320 2552 exsecutor
3357 2498 3427 2551 ad
3466 2498 3590 2551 loca

1955 2608 2070 2645 non
2098 2592 2330 2656 venerit,
2362 2609 2475 2646 non
2501 2592 2817 2646 ascribatur
2844 2591 3133 2662 episcopo,
3165 2591 3209 2644 si
3235 2594 3428 2644 autem
3459 2607 3588 2660 pro-

1952 2685 2149 2739 batum
2195 2685 2366 2739 fuerit
2405 2702 2538 2740 eum
2583 2686 2653 2739 de
2703 2685 3106 2740 communione
3146 2685 3375 2739 illorum
3416 2684 3588 2738 fuisse

1952 2779 2260 2833 mentitum
2277 2779 2520 2834 dicendo
2543 2795 2638 2835 eos
2655 2779 3107 2834 communicasse
3129 2795 3269 2850 quos
3291 2795 3360 2832 eo
3379 2778 3586 2832 sciente

1952 2889 2067 2927 non
2116 2875 2565 2928 communicasse
2613 2873 2950 2940 constiterit,
2985 2873 3156 2928 etiam
3199 2873 3589 2945 episcopatum

1953 2966 2195 3022 amittat.

2024 3061 2196 3114 XXVI.
2246 3062 2390 3116 Item
2434 3060 2668 3130 placuit,
2713 3065 2778 3115 ut
2823 3061 3149 3131 quicunque
3194 3059 3589 3131 episcoporum

1951 3155 2278 3209 necessitate
2327 3153 2701 3226 periclitantis
2750 3154 3039 3225 pudicitia
3097 3153 3421 3224 virginalis,
3455 3170 3586 3208 cum

1951 3249 2037 3302 vel
2084 3248 2297 3320 petitor
2340 3253 2564 3318 potens,
2608 3248 2697 3302 vel
2744 3253 2940 3320 raptor
2987 3248 3192 3320 aliquis
3231 3247 3583 3315 formidatur,

1952 3343 2038 3395 vel
2069 3341 2112 3396 si
2143 3342 2334 3412 aliquo
2365 3341 2537 3396 etiam
2568 3341 2764 3395 mortis
2795 3341 3058 3413 scrupulo
3079 3341 3398 3412 periculoso
3425 3357 3585 3395 com-

1953 3441 2165 3507 puncta
2195 3435 2385 3503 fuerit,
2420 3451 2523 3488 nec
2545 3451 2659 3489 non
2686 3435 2866 3488 velata
2891 3435 3082 3500 fuerit,
3109 3438 3208 3488 aut
3234 3434 3588 3505 exigentibus

1951 3529 2298 3600 parentibus,
2330 3532 2428 3582 aut
2458 3528 2545 3582 his
2571 3528 2642 3582 ad
2669 3545 2916 3599 quorum
2961 3544 3156 3582 curam
3201 3528 3464 3599 pertinet,
3497 3544 3588 3581 ve-

1950 3622 2154 3676 laverit
2177 3621 2478 3692 virginem,
2525 3638 2626 3676 seu
2664 3621 2868 3676 velavit
2907 3621 3056 3675 intra
3094 3621 3295 3691 viginti
3329 3621 3585 3692 quinque

1953 3733 2134 3771 annos
2163 3716 2368 3783 atatis,
2402 3732 2518 3770 non
2551 3716 2603 3769 ei
2643 3715 2791 3770 obsit
2827 3715 3150 3783 concilium,
3189 3715 3339 3786 quod
3384 3714 3453 3770 de
3483 3715 3588 3769 isto

1955 3826 2237 3865 annorum
2264 3826 2503 3864 numero
2527 3810 2896 3864 constitutum
2932 3812 3034 3863 est.

2025 3905 2220 3960 XXVII.
2265 3906 2406 3960 Item
2447 3903 2661 3974 placuit
2701 3921 2772 3958 ne
2818 3903 3006 3958 diutus
3050 3903 3299 3957 universi
3341 3902 3587 3974 episcopi

1955 4000 2053 4070 qui
2099 3998 2168 4053 ad
2210 3997 2511 4052 concilium
2561 3997 2897 4068 congregati
2947 4001 3096 4063 sunt,
3145 4001 3480 4052 tenerentur
3515 3996 3586 4050 ab

1955 4092 2214 4146 universo
2241 4091 2481 4146 concilio
2511 4096 2703 4145 ternos
2732 4091 2956 4160 judices
2986 4092 3054 4146 de
3094 4091 3331 4160 singulis
3363 4090 3590 4161 provin-

1953 4185 2053 4240 ciis
2081 4185 2232 4257 eligi,
2264 4190 2320 4239 et
2356 4185 2517 4239 electi
2557 4191 2689 4239 sunt
2728 4185 2797 4240 de
2833 4185 3116 4256 provincia
3157 4184 3589 4255 Carthaginensi

1952 4279 2300 4344 Vincentius,
2351 4279 2789 4332 Fortunatianus
2833 4283 2888 4333 et
2941 4280 3133 4333 Clarus
3186 4279 3257 4333 dc
3297 4277 3590 4349 provincia

1953 4372 2255 4439 Numidiae,
2271 4371 2546 4442 Alippius,
2569 4372 2938 4441 Augustinus,
2959 4378 3014 4427 et
3034 4373 3347 4427 Restitutus
3370 4372 3438 4427 de
3468 4388 3591 4442 pro-

1952 4465 2135 4520 vincia
2175 4465 2503 4534 Bizancena,
2537 4482 2667 4519 cum
2711 4469 2907 4520 sancto
2942 4483 3075 4520 sene
3119 4466 3433 4520 Domitiano
3480 4464 3591 4534 pri-

217 4577 392 4632 quam
423 4577 650 4614 causam
678 4561 827 4631 apud
868 4561 1095 4614 eosdem
1127 4560 1421 4614 hareticos
1465 4561 1850 4630 paenitentiam
1873 4563 1933 4635 D
1956 4563 2104 4613 mate
2133 4559 2482 4626 Cresconius,
2520 4560 2802 4613 .Iocundus
2842 4564 2899 4614 et
2941 4560 3227 4627 Meliauus,
3270 4559 3341 4612 de
3381 4557 3587 4612 Mauri-

219 4653 554 4726 susceperit,
583 4658 647 4708 ut
672 4671 803 4708 cum
838 4654 1194 4709 documentis
1219 4653 1384 4708 certis
1415 4653 1520 4708 hoc
1543 4654 1732 4724 ipsum
1757 4672 1854 4725 ap-

221 4747 552 4820 probavcrit
585 4747 693 4801 sibi
738 4764 840 4818 pro
881 4747 1157 4818 qualitate
1205 4746 1438 4818 peccati,
1489 4747 1632 4802 sicut
1674 4747 1859 4802 eidem

222 4843 490 4913 episcopo
517 4841 792 4895 catholico
822 4841 1002 4895 visum
1035 4840 1224 4910 fuerit,
1263 4845 1486 4912 tempus
1513 4840 1859 4911 poenitentia

222 4934 700 4990 reconciliationis
731 4935 1017 4990 decernat.

292 5030 469 5085 XXIV.
515 5029 654 5082 Item
683 5029 912 5100 placuit,
947 5031 1007 5082 ut
1046 5029 1373 5101 quicunque
1409 5028 1713 5099 negligunt
1737 5027 1861 5082 loca

223 5124 294 5178 ad
327 5139 492 5178 suam
519 5123 848 5177 cathedram
865 5122 1211 5195 pertinentia
1229 5124 1290 5177 in
1310 5123 1645 5178 catholicam
1670 5123 1857 5178 unita~

221 5223 338 5272 tem
366 5216 577 5274 lucrari
613 5216 1023 5270 conveniantur
1053 5234 1083 5270 a
1112 5215 1477 5287 diligentibus
1507 5216 1700 5270 vicinis
1735 5215 1858 5286 epi-

221 5311 430 5383 sc0pis,
462 5316 523 5365 ut
549 5311 606 5364 id
632 5327 802 5381 agere
835 5328 952 5365 non
981 5313 1297 5377 morentur,
1323 5311 1476 5381 quod
1511 5311 1557 5364 si
1585 5310 1731 5364 intra
1761 5327 1858 5364 sex

218 5421 447 5460 menses
494 5421 529 5458 a
572 5403 663 5458 die
708 5403 1094 5459 conventionis
1142 5420 1259 5458 non
1311 5404 1417 5458 hoc
1462 5404 1719 5470 fecerint,
1763 5403 1858 5472 qui

218 5498 471 5568 potuerit
495 5514 592 5552 eas
637 5498 844 5552 lucrari
888 5498 959 5552 ad
1005 5499 1196 5569 ipsum
1233 5497 1577 5569 pertineant,
1612 5497 1691 5552 ita
1728 5513 1860 5551 sane

220 5597 284 5646 ut
312 5593 358 5647 si
387 5591 485 5647 ille
513 5591 583 5646 ad
628 5608 803 5663 quem
853 5589 1188 5663 pertinuisse
1226 5590 1581 5659 videbantur,
1622 5591 1859 5662 probare

219 5685 478 5757 potuerit
504 5685 694 5758 magis
719 5684 870 5741 illius
891 5685 1132 5742 electam
1155 5685 1570 5758 negligentiam
1598 5683 1668 5740 ab
1685 5685 1862 5739 hare-

1959 4653 2113 4706 tania
2157 4651 2420 4720 Sitifensi,
2472 4652 2826 4718 Severianus,
2878 4652 3168 4720 Asiaticus,
3219 4656 3275 4704 et
3318 4651 3584 4716 Donatus,

1960 4748 2027 4801 de
2067 4746 2352 4818 provincia
2391 4746 2755 4816 Tripolitana,
2802 4745 3052 4800 Plautius
3094 4745 3192 4816 qui
3227 4761 3292 4798 ex
3329 4760 3486 4798 more
3512 4744 3590 4797 le-

1962 4846 2124 4910 gatus
2149 4857 2295 4894 unus
2323 4845 2407 4895 est
2432 4841 2656 4894 missus.
2697 4840 2802 4904 Qui
2831 4857 3030 4894 omnes
3066 4856 3195 4893 cum
3226 4842 3422 4893 sancto
3455 4853 3589 4892 sene

1959 4936 2186 4989 Aurelio
2212 4935 2471 4988 universa
2487 4937 2856 5005 cognoscant,
2878 4951 2910 4987 a
2930 4950 3043 5004 quo
3072 4933 3235 5003 petiit
3261 4932 3594 4987 universum

1960 5029 2283 5097 concilium,
2317 5032 2381 5083 ut
2406 5029 2622 5083 cunctis
2651 5028 2765 5082 sive
2808 5031 2978 5097 gestis
3015 5044 3143 5098 qua
3173 5028 3432 5081 confecta
3466 5027 3592 5096 jam

1959 5127 2109 5191 sunt,
2153 5123 2426 5193 episcopis
2474 5123 2594 5192 ipse
2639 5122 2971 5186 subscribat,
3019 5127 3075 5175 et
3115 5121 3587 5191 subscripserunt.

1959 5216 2216 5270 Aurelius
2269 5216 2562 5287 episcopus
2609 5215 2868 5270 Ecclesia
2921 5214 3402 5284 Carthaginensis,
3461 5215 3592 5268 huic

1959 5311 2188 5364 decreto
2217 5309 2472 5363 consensi
2499 5313 2554 5362 et
2591 5310 2839 5379 perlecto
2863 5309 3199 5380 subscripsi;
3241 5308 3588 5362 Donatianus

1957 5403 2306 5474 Telepsensis
2357 5402 2558 5473 prima
2621 5402 2773 5457 sedis
2835 5403 3170 5474 subscripsi;
3238 5402 3589 5474 Augustinus

1960 5497 2234 5567 Ilippona
2281 5495 2572 5566 Regiensis
2619 5496 2939 5568 subscripsi.
2990 5496 3258 5552 Similiter
3301 5501 3356 5550 et
3395 5510 3591 5548 omnes

1960 5589 2206 5660 episcopi
2236 5589 2711 5660 subscripserunt.

2370 5685 2667 5757 Hucusque
2693 5683 2929 5741 concilia
2953 5683 3175 5738 Africa.
