4054 6294
453 350 556 401 375

1354 344 1634 401 ΑΡΡΕΝΒ.
1678 343 1764 397 A1)
1800 342 1960 396 SASC.
1999 341 2084 394 IX.
2117 371 2185 380 ——
2224 341 2462 397 lSlDOltl
2496 341 2920 399 MERCATORIS

681 678 1780 836 SEQUUNTUR
1884 674 2738 812 CONCILIA
2843 675 3592 810 GALLI/E.

1925 903 2304 921 τῇ

1221 1043 1622 1111 INCIPIUNT
1665 1043 2060 1112 CAPITULA
2102 1041 2436 1109 CONCILII
2480 1040 3046 1109 ARELATENSIS.

532 1315 581 1366 1.
622 1313 692 1366 Ut
714 1328 830 1366 uno
861 1312 951 1366 die
979 1314 1036 1364 et
1065 1313 1322 1381 tempore
1348 1310 1562 1365 Pascha
1593 1310 1928 1365 celebretur.

527 1409 580 1458 2.
622 1407 692 1460 Ut
718 1405 813 1458 ubi
841 1405 1080 1476 quisque
1116 1404 1436 1472 ordinatur,
1466 1404 1543 1457 ibi
1573 1409 1926 1474 permaneat.

528 1501 584 1552 3.
625 1499 696 1552 Ut
735 1498 834 1571 qui
874 1498 932 1552 in
969 1514 1104 1569 pace
1143 1510 1308 1552 arma
1346 1497 1670 1569 projieiunt,
1709 1497 2094 1553 excommuni-

463 1597 682 1646 centur.

528 1686 579 1740 4.
622 1686 694 1739 Ut
718 1685 931 1758 auriga:
956 1686 1092 1740 dum
1120 1685 1337 1756 agitant
1363 1685 1941 1740 excommunicentur.

531 1783 584 1832 5.
626 1779 696 1832 Ut
736 1779 835 1852 qui
887 1779 947 1834 in
1001 1779 1234 1834 theatris
1288 1779 1650 1848 conveniunt,
1709 1777 2095 1833 excommuni-

460 1875 679 1926 centur.

533 1968 584 2018 6.
628 1967 698 2020 Ut
722 1965 779 2020 in
806 1966 1140 2022 inﬁrmitate
1161 1967 1415 2021 conversi
1443 1982 1645 2021 manus
1671 1965 2093 2038 impositionem

462 2058 764 2130 accipiant.

535 2159 587 2208 7.
631 2156 708 2208 De
736 2154 1097 2226 praesidibus,
1122 2159 1184 2209 ut
1211 2171 1340 2210 cum
1370 2153 1714 2209 conscientia
1743 2153 1989 2225 episcopi
2009 2154 2095 2209 sui

459 2248 910 2304 communicent.

533 2347 586 2397 8.
629 2344 699 2397 Ut
723 2359 787 2396 ex
819 2341 1023 2396 haeresi
1050 2342 1304 2396 conversi
1333 2342 1393 2396 in
1413 2342 1684 2396 Trinitate
1714 2341 2093 2412 baptizentur.

534 2441 586 2490 9.
629 2438 698 2491 Ut
727 2436 826 2508 qui
854 2436 1247 2491 confessorum
1275 2436 1490 2491 litteras
1519 2439 1766 2508 portant,
1797 2437 1935 2492 alias
1961 2435 2098 2490 acci-

462 2530 643 2601 piant.

540 2627 624 2679 10.
666 2625 737 2678 Ut
765 2624 924 2696 cujus
943 2639 1092 2679 uxor
1110 2623 1468 2692 adulteravit,
1497 2623 1616 2696 ipse
1631 2623 1799 2678 aliam
1823 2640 1941 2679 non
1961 2625 2100 2680 acci-

463 2719 602 2790 piat.

538 2815 623 2865 11.
665 2813 738 2866 Ut
762 2811 988 2866 feminas
1007 2811 1202 2866 ﬁdeles
1230 2828 1360 2884 quae
1389 2811 1653 2882 gentibus
1679 2828 1737 2866 se
1757 2812 2094 2882 junxerunt,

465 2906 1055 2961 excommunicentur.

542 3003 626 3057 12.
668 3001 738 3055 Ut
763 2999 948 3055 clerici
968 2999 1320 3054 feneratores
1346 3000 1928 3055 excommunicentur.

2112 1322 2171 1396 Α
2271 1312 2354 1364 13.
2388 1310 2458 1364 Ut
2488 1309 2804 1380 proditores
2833 1309 3095 1379 fratrum,
3122 1310 3208 1365 vel
3236 1326 3514 1380 vasorum,
3544 1326 3642 1367 seu
3671 1309 3823 1366 Scri-

2194 1408 2498 1476 pturarum
2525 1419 2653 1458 cum
2679 1403 3010 1457 verberibus
3035 1404 3410 1474 deponantur.

2269 1499 2354 1552 14.
2396 1499 2465 1552 Ut
2492 1496 2620 1551 falsi
2644 1502 2992 1552 accusatores
3020 1498 3262 1556 fratrum
3291 1513 3472 1573 usque
3503 1498 3576 1553 ad
3606 1498 3826 1555 exitum

2194 1590 2780 1646 excommunicentur.

2269 1689 2353 1740 15.
2395 1687 2466 1740 Ut
2490 1684 2673 1739 levitas
2695 1697 2812 1738 non
2840 1683 3098 1740 offerant.

2275 1782 2358 1833 16.
2401 1779 2472 1833 Ut
2496 1779 2838 1849 pcenitentes
2856 1779 2960 1833 ubi
2985 1777 3305 1850 acceperint
3330 1780 3726 1838 onerationem
3746 1781 3832 1837 ibi

2196 1872 2641 1927 communicent.

2270 1969 2354 2021 17.
2397 1967 2468 2020 Ut
2505 1965 2693 2020 nullus
2730 1965 3026 2038 episcopus
3066 1966 3239 2021 alium
3277 1967 3569 2023 conculcet
3607 1969 3820 2040 episco‘

2193 2077 2353 2132 pum.

2273 2161 2357 2213 18.
2399 2159 2469 2213 Ut
2496 2157 2765 2213 diaconus
2790 2158 2936 2212 nihil
2967 2158 3087 2213 sine
3116 2158 3443 2230 presbytero
3472 2175 3570 2214 suo
3596 2165 3743 2232 agat.

2271 2256 2356 2306 19.
2399 2254 2470 2306 Ut
2511 2252 2833 2323 presbyteri
2877 2251 2997 2307 sine
3045 2253 3387 2308 conscientia
3434 2253 3833 2326 episcoporum

2198 2363 2433 2400 suorum
2461 2345 2607 2400 nihil
2632 2346 2858 2400 faciant.

2267 2443 2358 2495 20.
2399 2441 2470 2494 Ut
2549 2438 2854 2510 peregrino
2924 2439 3188 2512 episcopo
3259 2440 3413 2495 locus
3478 2439 3834 2497 sacriﬁcandi

2198 2531 2384 2588 detur.

2270 2631 2358 2681 21.
2400 2627 2471 2681 Ut
2496 2626 2614 2680 sine
2633 2625 2816 2681 tribus
2843 2626 3120 2699 episcopis
3140 2627 3328 2684 nullus
3355 2628 3649 2700 episcopus
3671 2628 3830 2684 ordi-

2118 2696 2174 2769 B
2199 2725 2383 2776 netur.

2268 2819 2357 2869 22.
2400 2815 2469 2869 Ut
2497 2813 2734 2868 clericus
2761 2814 2893 2869 alibi
2921 2814 3200 2869 transiens
3231 2816 3780 2872 excommunicetur.

2267 2912 2355 2963 23.
2396 2909 2467 2962 Ut
2489 2911 2758 2978 apostata:
2788 2908 2886 2979 qui
2921 2908 3134 2963 tardius
3169 2912 3550 2980 revertuntur,
3588 2910 3696 2965 nisi
3724 2927 3836 2984 per

2197 3003 2434 3073 dignam
2465 3001 2858 3074 paenitentiam
2887 3018 3002 3058 non
3022 3003 3388 3075 recipiantur.

825 3277 1283 3375 INCIPIT
1363 3277 2032 3375 GONCILIUM
2109 3279 2915 3376 ARELATENSE
2990 3280 3474 3377 PRIMUM

1377 3455 1695 3520 Habitum
1725 3463 2011 3539 tempore
2042 3455 2457 3520 Constantini
2488 3456 2924 3536 imperatoris.

1934 3615 2352 3630 ἡ

538 3735 781 3790 Domino
813 3739 871 3790 et
915 3735 1264 3790 sanctissimo
1303 3735 1584 3806 Sylvestro
1617 3733 1879 3804 episcopo
1927 3738 2101 3788 coetus
2122 3746 2175 3820 ρ
2203 3733 2595 3800 excludantur,
2626 3731 2886 3788 similiter
2910 3732 3054 3786 etde
3085 3731 3286 3787 hisﬁat
3303 3730 3400 3803 qui
3419 3730 3834 3802 rempublicam

468 3829 866 3898 episcoporum
908 3830 1005 3900 qui
1053 3828 1285 3882 adunati
1315 3828 1547 3882 fuerunt
1572 3827 1630 3881 in
1665 3827 1873 3897 oppido
1921 3829 2103 3882 Arela-

467 3921 632 3975 tensi.
675 3922 811 3985 Quae
854 3922 1206 3976 decrevimus
1250 3919 1822 3992 communiconcilio
1863 3921 2106 3977 Charita-

467 4014 578 4070 tive
604 4013 1008 4084 signiﬁcamus,
1038 4021 1102 4070 ut
1133 4032 1329 4069 omnes
1373 4014 1554 4069 sciant
1582 4014 1717 4085 quid
1744 4014 1803 4068 in
1844 4015 2103 4070 futurum

469 4109 761 4163 observare
790 4109 1054 4163 debeant.

539 4204 673 4258 CAP.
712 4205 751 4258 l.
798 4203 876 4257 De
913 4202 1301 4258 observatione
1342 4203 1568 4257 Pascha:
1609 4202 1855 4271 Domini,
1889 4207 1952 4257 ut
1986 4220 2102 4259 uno

467 4296 559 4350 die
589 4300 646 4351 et
694 4300 950 4367 tempore
999 4314 1100 4368 per
1144 4314 1372 4352 omnem
1414 4297 1615 4352 orbem
1662 4296 2012 4366 observetur,
2046 4301 2104 4352 et

458 4390 626 4461 juxta
653 4391 1113 4446 consuetudinem
1145 4392 1356 4446 litteras
1383 4391 1455 4445 ad
1487 4408 1685 4446 omnes
1712 4396 1772 4445 tu
1805 4391 2039 4464 dirigas.

537 4487 601 4540 11.
637 4485 715 4538 De
753 4485 838 4538 his
867 4485 962 4555 qui
991 4485 1048 4539 in
1077 4485 1511 4556 quibuscunque
1540 4485 1674 4539 locis
1700 4485 1945 4540 ordinati
1977 4485 2096 4541 fue-

466 4578 581 4632 rint
606 4578 872 4646 ministri,
901 4579 960 4632 in
989 4579 1124 4650 ipsis
1151 4578 1288 4633 locis
1315 4582 1693 4649 perseverent.

540 4674 624 4727 Ill.
662 4674 736 4727 De
771 4673 858 4726 his
890 4673 984 4745 qui
1016 4690 1179 4727 arma
1223 4673 1533 4744 projiciunt
1571 4672 1629 4726 in
1677 4687 1834 4742 pace,
1868 4670 2096 4742 placuit,

469 4766 755 4820 abstinere
783 4785 879 4822 eos
905 4785 936 4820 a
965 4766 1384 4822 communione.

538 4862 622 4914 ιν.
658 4863 732 4915 De
777 4861 1146 4930 agitaloribus
1180 4860 1276 4930 qui
1315 4859 1513 4913 ﬁdeles
1553 4863 1703 4928 sunt,
1749 4857 1963 4930 placuit
2002 4874 2099 4912 eos

466 4954 719 5024 quandiu
747 4955 966 5024 agitant
992 4971 1025 5007 a
1050 4953 1453 5008 communione
1486 4952 1758 5024 separari.

541 5048 600 5102 V.
631 5048 710 5100 De
742 5046 1053 5114 theatricis,
1087 5053 1141 5102 et
1168 5048 1317 5119 ipsos
1348 5047 1562 5120 placuit
1593 5045 1865 5118 (quandiu
1897 5044 2094 5116 agunt)

469 5159 502 5196 a
533 5140 934 5195 communione
963 5143 1231 5214 separari.

541 5237 624 5290 Vl.
655 5236 736 5289 De
762 5234 852 5289 his
881 5237 978 5307 qui
1007 5236 1336 5292 inﬁrmitate
1380 5235 1612 5291 credere
1643 5233 1858 5300 volunt,
1887 5231 2102 5304 placuit

472 5330 682 5384 debere
705 5329 794 5382 his
815 5313 1052 5385 manum
1073 5331 1151 5384 im
1161 5311 1340 5423 ponii

539 5421 666 5496 89
695 5425 803 5478 VlI.
829 5425 906 5478 De
925 5424 1264 5495 praasidibus
1291 5420 1389 5493 qui
1413 5421 1610 5477 ﬁdeles
1635 5421 1706 5476 ad
1732 5420 2100 5492 prsesidatum

464 5518 768 5589 prosiliunt
792 5518 868 5572 ita
897 5517 1128 5587 placuit,
1149 5519 1212 5570 ut
1244 5532 1372 5570 cum
1389 5517 1634 5586 promoti
1661 5513 2100 5570 fuerintlilteras

464 5612 745 5683 accipiant
771 5609 1171 5666 ecclesiasticas
1211 5609 1762 5675 communicatorias,
1792 5607 1870 5662 ita
1907 5612 2100 5664 tamen

469 5709 530 5758 ut
551 5705 986 5774 quibuscunque
1003 5702 1141 5756 locis
1165 5702 1446 5772 gesserint
1463 5703 1532 5755 ab
1555 5703 1822 5773 episcopo
1845 5701 2100 5772 ejusdem

469 5797 575 5851 loci
602 5813 738 5848 cura
768 5795 838 5848 de
876 5794 986 5847 illis
1019 5800 1240 5863 agatur,
1259 5797 1321 5847 ut
1342 5810 1473 5847 cum
1497 5795 1770 5864 coeperint
1789 5812 1916 5848 cum
1941 5795 2102 5850 disci-

475 5891 630 5959 plina
654 5890 881 5960 publica
925 5907 1115 5962 agere,
1169 5897 1302 5946 tunc
1340 5890 1572 5948 demum
1621 5907 1653 5944 a
1698 5893 2099 5950 communione

2205 3844 2372 3898 agere
2405 3827 2621 3881 volunt.

2274 3923 2406 3976 Vlll.
2439 3922 2514 3974 De
2538 3920 2759 3976 Arianis
2789 3921 2887 3992 qui
2922 3919 3153 3992 propria
3182 3919 3308 3990 lege
3345 3935 3447 3972 sua
3481 3923 3740 3985 utuntur,
3772 3924 3837 3974 ut

2203 4015 2621 4086 rebaptizentur
2647 4015 2878 4086 placuit.
2908 4015 2962 4069 Si
2999 4014 3071 4067 ad
3108 4012 3402 4068 ecclesiam
3432 4012 3600 4084 aliqui
3629 4013 3697 4066 de
3729 4013 3836 4067 hac

2203 4114 2406 4168 haeresi
2435 4113 2716 4183 venerint,
2746 4113 3102 4182 interrogent
3125 4128 3220 4165 eos
3248 4116 3450 4164 nostrae
3482 4111 3613 4166 ﬁdei
3643 4128 3833 4165 sacer-

2203 4209 2362 4263 dotes
2391 4208 2733 4280 symbolum,
2763 4210 2819 4261 et
2861 4206 2908 4259 si
2937 4205 3300 4276 praeviderint
3332 4205 3391 4258 in
3424 4207 3582 4258 Patre
3609 4210 3667 4259 et
3695 4205 3832 4259 Filio

2203 4307 2260 4358 et
2290 4301 2502 4373 Spiritu
2535 4305 2731 4356 sancto
2760 4317 2856 4355 eos
2902 4299 3229 4369 baptizatos,
3263 4315 3463 4352 manus
3494 4298 3572 4352 eis
3605 4302 3832 4352 tantum

2203 4397 2547 4466 imponatur,
2580 4400 2640 4449 ut
2669 4394 2947 4465 accipiant
2977 4392 3250 4463 Spiritum
3293 4395 3571 4446 sanctum.
3600 4393 3758 4454 Quod
3787 4392 3833 4446 si

2201 4488 2556 4559 interrogati,
2592 4505 2708 4542 non
2735 4485 3136 4558 responderint
3154 4485 3303 4539 hanc
3332 4485 3691 4551 Trinitatem,
3714 4502 3832 4540 non

2199 4582 2578 4654 baptizentur.

2268 4677 2350 4730 1X.
2386 4677 2463 4730 De
2495 4675 2582 4729 his
2607 4675 2705 4747 qui
2735 4674 3123 4729 confessorum
3161 4672 3373 4727 litteras
3414 4671 3679 4739 afferunt,
3711 4671 3832 4744 pla-

2199 4769 2314 4825 cuit
2340 4775 2401 4824 ut
2431 4769 2660 4824 sublatis
2686 4769 2765 4824 eis
2794 4767 3020 4838 litteris,
3050 4766 3188 4821 alias
3214 4766 3490 4839 accipiant
3514 4765 3832 4820 communi-

2200 4864 2464 4919 catorias.

2268 4959 2327 5012 Χ.
2375 4959 2453 5011 De
2481 4957 2570 5012 his
2617 4957 2714 5028 qui
2759 4957 3030 5028 eonjuges
3057 4972 3188 5010 suas
3233 4954 3292 5008 in
3320 4952 3596 5008 adulterio
3633 4954 3835 5025 depre-

2199 5052 2476 5118 hendunt,
2506 5056 2561 5105 et
2597 5051 2769 5105 iidem
2808 5054 2940 5105 sunt
2975 5050 3362 5104 adolescentes
3391 5047 3584 5102 ﬁdeles
3615 5051 3673 5101 et
3706 5063 3835 5119 pro-

2116 5123 2174 5195 D
2200 5145 2471 5198 bibentur
2502 5145 2742 5211 nubere,
2775 5143 2988 5215 placuit
3008 5150 3068 5197 ut
3095 5143 3152 5197 in
3178 5147 3458 5214 quantum
3485 5144 3677 5213 potest
3706 5158 3833 5196 con-

2200 5239 2390 5292 silium
2422 5238 2503 5292 eis
2545 5238 2729 5306 detur,
2769 5255 2840 5292 ne
2876 5237 3192 5292 viventibus
3229 5235 3490 5290 uxoribus
3531 5235 3665 5305 suis,
3703 5235 3832 5290 licet

2201 5331 2497 5401 adulteris,
2529 5331 2670 5386 alias
2700 5331 3000 5402 accipiant.

2269 5428 2349 5482 XI.
2385 5429 2461 5482 De
2500 5425 2702 5498 puellis
2731 5425 2991 5480 ﬁdelibus
3033 5439 3162 5495 quae
3199 5423 3461 5494 gentibus
3483 5423 3828 5494 junguntur,

2200 5521 2412 5591 placuit
2439 5526 2499 5575 ut
2537 5521 2827 5592 aliquanto
2865 5524 3123 5590 tempore
3159 5535 3192 5572 a
3228 5517 3632 5572 communione
3676 5532 3832 5588 sepa-

2200 5619 2420 5667 rentur.

2271 5709 2379 5762 XII.
2413 5709 2494 5764 De
2518 5707 2792 5763 ministris
2816 5707 2914 5778 qui
2941 5707 3296 5774 fenerantur,
3325 5705 3537 5777 placuit
3563 5721 3660 5760 eos
3675 5704 3831 5776 juxta

2200 5801 2445 5855 formam
2479 5801 2749 5855 divinitus
2777 5802 2966 5855 datam
2994 5817 3028 5854 a
3054 5799 3454 5854 communione
3479 5799 3784 5853 abstinere.

2271 5895 2394 5952 Xlll.
2422 5895 2500 5948 De
2518 5893 2602 5948 his
2621 5894 2721 5967 qui
2746 5893 3065 5965 Scripturas
3087 5899 3304 5950 sanctas
3322 5893 3617 5951 tradidisse
3639 5893 3826 5949 dicun-
