4054 6298
249 313 349 365 377

1506 305 1977 390 DICCRE'I‘ALLUSI
2017 305 2399 363 COLLECTIO.

3503 313 3602 365 378

248 425 362 486 tur,
387 421 474 473 vel
495 436 625 473 vasa
648 421 958 488 Dominica,
983 419 1070 474 vel
1093 420 1329 474 nomina
1355 419 1597 472 fratrum
1619 393 1955 502 suorumJA
2049 418 2217 471 XVIII.
2249 418 2322 472 De
2350 416 2687 472 diaconibus
2728 412 2956 484 urbicis,
2987 419 3052 471 ut
3083 433 3199 472 non
3245 416 3458 488 aliquid
3500 436 3603 490 per

246 513 460 583 placuit
483 513 662 580 nobis,
696 519 759 569 ut
785 513 1108 584 quicunque
1140 530 1340 568 eorum
1387 513 1443 566 in
1473 513 1609 566 actis
1641 511 1877 584 publicis

247 607 422 660 fuerit
478 607 748 675 detectus,
791 609 876 662 vel
926 608 1108 661 verbis
1156 607 1322 660 nudis
1372 607 1440 659 ab
1493 605 1689 659 ordine
1743 605 1877 658 cleri

246 705 603 756 amoveatur.
633 702 770 754 Nam
803 701 848 754 si
878 701 1047 755 iidem
1078 701 1300 771 aliquos
1341 699 1633 753 ordinasse
1665 699 1878 752 fuerint

246 793 614 864 deprehensi,
645 798 703 847 et
727 794 771 847 si
799 794 855 848 in
883 794 972 848 his
999 794 1096 864 qui
1123 793 1546 857 ordinaverunt,
1577 791 1718 844 ratio
1741 790 1874 844 sub-

243 886 412 954 sistit,
443 905 558 942 non
588 893 780 942 tamen
824 887 931 941 illis
969 888 1236 941 subsistat
1277 885 1576 950 ordinatio,
1610 883 1877 955 quoniam

243 980 413 1033 multi
445 986 576 1034 sunt
599 981 695 1051 qui
737 985 935 1035 contra
981 979 1417 1034 ecclesiasticam
1468 978 1724 1048 regulam
1772 993 1874 1047 pu-

246 1090 424 1144 gnare
455 1072 736 1141 videntur,
765 1076 821 1127 et
862 1089 964 1143 per
991 1076 1164 1128 testes
1210 1071 1533 1142 redemptos
1578 1075 1780 1141 putant
1820 1085 1877 1123 se

247 1167 321 1220 ad
365 1167 791 1220 accusationem
823 1166 1046 1220 admitti
1088 1165 1314 1232 debere,
1343 1164 1440 1235 qui
1485 1163 1717 1217 omnino
1759 1179 1875 1216 non

244 1259 646 1326 admittantur,
677 1260 785 1314 nisi
818 1261 897 1328 (ut
940 1275 1111 1330 supra
1164 1258 1426 1327 diximus)
1455 1257 1591 1310 actis
1640 1255 1877 1327 publicis

246 1352 549 1406 docuerint
577 1354 735 1407 omni
765 1369 822 1406 se
851 1353 1168 1423 suspicione
1199 1368 1410 1405 carere.

317 1446 448 1499 XIV.
486 1447 560 1499 De
589 1446 677 1500 his
717 1447 812 1517 qui
855 1447 997 1501 falso
1030 1450 1296 1500 accusant
1344 1445 1547 1498 fratres
1575 1460 1726 1510 suos,
1754 1442 1874 1513 pla-

245 1539 365 1592 cuit
409 1555 505 1592 eos
549 1556 724 1610 usque
762 1540 834 1594 ad
870 1541 1080 1595 exitum
1127 1555 1243 1593 non
1290 1537 1732 1602 communicare,
1779 1535 1875 1589 sed

247 1632 454 1686 falsum
498 1635 700 1686 testem
738 1633 919 1704 (juxta
961 1631 1332 1703 Scripturam)
1363 1630 1709 1702 impunitum
1756 1645 1873 1683 non

246 1726 416 1780 licere
446 1742 586 1786 esse,

1977 509 2045 564 se’
2066 514 2428 581 praesumant,
2458 511 2558 564 sed
2587 511 2774 564 honor
2802 510 3146 581 presbyteris
3174 513 3510 566 reservetur.

2048 604 2174 657 XIX.
2209 606 2278 659 Ut
2316 603 2630 674 presbyteri
2670 604 2790 658 sine
2823 603 3166 658 conscientia
3213 603 3607 674 episcoporum

1978 697 2119 750 nihil
2148 696 2374 751 faciant.

2049 791 2154 843 XX.
2201 791 2272 843 Ut
2323 790 2628 860 peregrino
2691 790 2956 862 episcOpo
3003 791 3162 845 locus
3224 790 3604 846 satisfaciendi

1979 884 2165 937 detur.

2048 977 2172 1030 XXI.
2206 977 2284 1030 De
2313 975 2400 1030 his
2441 976 2536 1047 qui
2579 983 2862 1048 usurpant
2897 979 3000 1032 sibi
3031 978 3187 1050 quod
3231 979 3332 1033 soli
3360 979 3606 1034 debeant

1977 1069 2306 1140 episcopum
2333 1069 2623 1137 ordinare,
2648 1071 2878 1142 placuit,
2909 1077 2970 1125 ut
2988 1073 3176 1126 nullus
3202 1071 3311 1126 hoc
3339 1070 3444 1126 sibi
3467 1090 3606 1144 prze-
3635 1081 3639 1086 “

1977 1165 2186 1229 sumat,
2217 1162 2324 1216 nisi
2355 1163 2662 1233 assumptis
2687 1163 2792 1216 sibi
2819 1164 2941 1218 aliis
2969 1169 3184 1236 septem
3229 1165 3523 1236 episcopis,
3559 1167 3606 1220 si

1975 1259 2169 1310 tamen
2215 1272 2329 1308 non
2370 1256 2662 1326 potuerint
2700 1260 2940 1327 septem,
2970 1257 3089 1312 sine
3117 1259 3297 1312 tribus
3339 1259 3606 1312 fratribus

1976 1366 2093 1402 non
2126 1349 2377 1402 audeant
2404 1349 2694 1404 ordinare.

2045 1443 2198 1497 XXII.
2251 1444 2326 1496 De
2380 1443 2724 1514 presbyteris
2769 1447 2870 1498 aut
2915 1444 3239 1499 diaconibus
3283 1447 3380 1517 qui
3423 1448 3606 1503 solent

1976 1535 2263 1589 dimittere
2309 1537 2434 1590 loca
2464 1553 2562 1590 sua
2591 1537 2650 1590 in
2691 1537 2896 1608 quibus
2949 1537 3197 1592 ordinati
3253 1545 3384 1594 sunt
3431 1547 3487 1596 et
3532 1543 3605 1597 ad

1977 1628 2090 1682 alia
2117 1630 2240 1683 loca
2279 1645 2336 1682 se
2380 1630 2814 1698 transtulerunt,
2845 1631 3058 1702 placuit
3101 1636 3162 1686 ut
3199 1633 3286 1686 his
3329 1633 3466 1688 locis
3496 1634 3597 1689 mi-

1976 1721 2221 1775 nistrent
2244 1721 2450 1792 quibus
2477 1722 2695 1792 praeﬁxi
2720 1728 2881 1789 sunt;
2913 1723 3029 1794 qui,
3062 1725 3270 1779 relictis
3296 1726 3434 1780 locis
3470 1727 3603 1794 suis,

316 1821 423 1874 XV.
455 1821 532 1874 De
562 1820 910 1887 diaconibus,
942 1835 1086 1890 quos
1115 1818 1480 1888 cognovimus
1519 1816 1712 1877 multis
1739 1816 1870 1869 locis
1891 1795 1947 1867 B
1973 1815 2046 1868 ad
2077 1815 2250 1869 alium
2283 1815 2473 1869 locum
2519 1833 2577 1868 sc
2632 1815 2858 1870 deferre
2893 1817 3196 1887 voluerint,
3227 1820 3602 1890 deponantur.

245 1913 474 1980 offerre,
504 1914 716 1984 placuit
739 1913 973 1968 minime
998 1912 1122 1966 ﬁeri
1153 1913 1379 1966 debere.

315 2009 446 2060 XVI.
481 2008 559 2061 De
589 2007 676 2061 his
707 2007 806 2078 qui
849 2023 951 2078 pro
992 2005 1196 2060 delicto
1243 2022 1344 2059 suo
1394 2021 1426 2058 a
1472 2002 1874 2058 communione

242 2105 600 2172 separantur,
668 2101 742 2155 ita
805 2099 1038 2171 placuit,
1098 2104 1162 2153 ut
1233 2097 1662 2168 quibuscumque
1737 2096 1873 2150 locis

244 2195 472 2248 fuerant
514 2194 740 2263 exclusi,
768 2193 968 2248 eodem
996 2192 1120 2247 loco
1159 2191 1622 2246 communionem
1668 2207 1870 2245 conse-

247 2290 516 2358 quantur.

313 2381 466 2434 XVII.
511 2381 583 2435 Ut
627 2380 815 2434 nullus
866 2380 1263 2452 episcoporum
1322 2376 1496 2434 alium
1546 2377 1870 2450 episcopum

244 2474 554 2529 conculcet.

1439 2624 1706 2636 ...ο-ψ.-

1717 2627 1740 2635 ρ.

2045 1909 2219 1963 XXIII.
2253 1909 2328 1962 De
2376 1909 2464 1962 his
2503 1909 2600 1979 qui
2640 1913 2978 1981 apostatant,
3007 1917 3062 1966 et
3108 1915 3414 1984 antequam
3447 1930 3506 1968 se
3536 1916 3607 1969 ad

1973 2000 2281 2055 ecclesiam
2309 2005 2738 2072 repraesentem,
2786 2020 2889 2057 nec
2933 2003 3163 2075 quidem
3209 2007 3606 2076 pcenitentiam

1972 2111 2141 2165 agere
2170 2101 2451 2166 quaerunt,
2485 2101 2542 2150 et
2573 2101 2764 2166 postea
2789 2097 2846 2150 in
2877 2097 3208 2153 inﬁrmitate
3237 2101 3468 2172 arrepti,
3500 2119 3600 2173 pe-

1972 2191 2104 2242 tunt
2127 2190 2616 2256 communionem,
2646 2190 2856 2260 placuit
2898 2191 2978 2244 eis
3013 2208 3128 2245 non
3157 2193 3404 2248 dandam
3447 2210 3602 2249 com-

1971 2282 2331 2349 munionem,
2362 2283 2468 2336 nisi
2498 2283 2873 2338 revelaverint
2898 2287 2954 2338 et
2978 2286 3204 2355 egerint
3246 2286 3449 2358 dignos
3479 2289 3601 2343 fru-

1972 2378 2096 2429 ctus
2133 2373 2507 2447 pmnitentize.

2167 2468 2405 2540 Explicit
2429 2467 2736 2524 concilium
2762 2470 3088 2526 Arelatense
3118 2471 3398 2544 primum.

2515 2622 2952 2636 mw

824 2757 1223 2827 INCIPIUNT
1267 2759 1662 2825 CAPITULA
1703 2758 2035 2825 CONCILII
2081 2754 2410 2822 SECUNDI
2454 2753 3022 2824 ARELATENSIS.

320 2919 369 2971 I.
412 2916 487 2970 De
513 2915 795 2987 neophitis
823 2916 1040 2970 clericis
1068 2933 1184 2970 non
1214 2915 1560 2971 ordinandis.

317 3014 369 3064 2.
410 3010 657 3074 Qualiter
681 3010 970 3081 conjugati
1013 3009 1084 3064 ad
1130 3010 1509 3065 sacerdotium
1549 3009 1870 3082 provehan-

244 3105 358 3157 tur.

2044 2916 2127 2969 13.
2170 2915 2240 2969 Ut
2280 2931 2352 2970 ne
2400 2912 2524 2987 quis
2567 2915 2820 2986 qualibet
2864 2912 3200 2970 necessitate
3231 2929 3393 2971 suam
3424 2913 3598 2973 relin-

1971 3010 2111 3079 quat
2146 3007 2462 3063 ecclesiam.

2047 3101 2129 3156 14.
2175 3103 2251 3156 Ne
2283 3102 2517 3156 clericus
2551 3119 2778 3158 usuram
2810 3100 3066 3175 accipiat.

315 3200 368 3252 3.
410 3197 481 3251 Ut
508 3196 698 3252 nullus
742 3197 978 3252 clericus
1002 3201 1099 3252 aut
1129 3197 1400 3252 diaconus
1446 3196 1505 3251 in
1551 3196 1746 3251 solatio
1773 3212 1872 3250 suo
1893 3173 1947 3246 C
2046 3198 2129 3249 I5.
2172 3195 2248 3250 Ne
2275 3196 2546 3250 diaconus
2573 3213 2761 3250 coram
2793 3173 3125 3269 presbytero
3156 3193 3348 3253 sedeat
3377 3195 3465 3253 vel
3496 3199 3598 3254 Eua

244 3295 578 3345 extraneam
611 3291 815 3345 habeat
841 3291 1160 3346 mulierem.

315 3385 368 3439 4.
410 3386 480 3439 Ut
520 3385 709 3439 nullus
751 3385 987 3439 clericus
1035 3384 1093 3439 in
1145 3384 1373 3440 cellario
1419 3383 1507 3438 vel
1556 3383 1612 3437 in
1655 3387 1872 3437 secreto

241 3476 585 3533 intromittat
612 3479 882 3549 puellam.

314 3575 364 3626 5.
406 3571 479 3626 Ut
507 3573 802 3643 episcopus
824 3589 954 3626 cum
984 3571 1283 3627 ordinatur
1302 3587 1431 3626 cum
1452 3587 1733 3626 consensu
1753 3557 1872 3623 me-

242 3666 590 3737 tropolitani,
619 3671 736 3720 tres
759 3683 890 3720 eum
917 3667 1185 3721 ordinent
1211 3665 1474 3737 episcopi.

313 3758 366 3810 6.
409 3757 487 3809 De
517 3755 780 3826 episcopo
824 3756 921 3826 qui
951 3756 1072 3810 sine
1119 3753 1547 3827 metropolitani
1592 3770 1869 3808 consensu

239 3848 412 3904 fuerit
441 3847 752 3904 ordinatus.

312 3947 364 3997 7.
406 3942 483 3997 De
508 3942 596 3996 his
622 3942 717 4014 qui
742 3941 954 4013 seipsos
983 3941 1339 3998 abscindunt.

312 4040 364 4092 8.
412 4037 486 4091 De
541 4036 629 4090 his
674 4036 773 4108 qui
824 4037 1343 4091 excommunicatos
1401 4035 1633 4091 alterius
1693 4034 1867 4089 susci-

240 4129 430 4202 piunt.

310 4223 363 4279 9.
405 4225 477 4279 Ut
499 4223 786 4280 Novatiani
813 4223 871 4278 in
903 4222 1366 4279 communionem
1398 4240 1513 4279 non
1546 4223 1864 4295 suscipian-

239 4319 354 4374 tur.

314 4415 402 4468 IO.
447 4413 522 4466 De
551 4411 639 4467 his
669 4412 761 4484 qui
793 4411 851 4467 in
892 4411 1287 4483 persecutione
1333 4409 1685 4482 praevaricati
1713 4413 1864 4465 sunt.

1973 3288 2302 3343 charistiam
2331 3289 2538 3343 tradat.

2045 3385 2128 3436 I6.
2171 3383 2240 3435 Ut
2268 3381 2549 3435 Fotiniani
2577 3385 2634 3436 et
2662 3382 3019 3438 Paulianistae
3043 3381 3420 3456 baptizentur.

2045 3479 2127 3528 I7.
2171 3475 2240 3529 Ut
2283 3475 2534 3529 haeretici
2561 3475 2658 3546 qui
2703 3476 2760 3529 in
2801 3475 3075 3533 Trinitate
3120 3477 3389 3549 baptizati
3444 3485 3594 3549 sunt,

1971 3584 2099 3622 cum
2128 3568 2429 3622 chrismate
2459 3574 2515 3623 et
2542 3586 2748 3623 manus
2773 3569 3129 3641 impositione
3156 3572 3521 3644 recipiantur.

2044 3664 2129 3717 48.
2171 3662 2240 3716 Ut
2267 3662 2686 3733 metropolitani
2729 3663 2964 3719 arbitrio
3002 3665 3254 3736 synodus
3281 3684 3594 3740 congrege-

1969 3758 2084 3811 tur.

2045 3853 2129 3906 I9.
2171 3848 2241 3906 Ut
2277 3849 2415 3905 nulli
2461 3849 2728 3924 episcopo
2774 3851 2941 3908 liceat
2965 3870 2996 3907 a
3029 3855 3243 3925 synodo
3269 3855 3481 3927 deesse,
3509 3857 3597 3913 vel

1971 3948 2103 3999 ante
2135 3948 2424 4017 peractam
2454 3947 2735 4017 synodum
2762 3945 3073 4003 discedere.

2039 4041 2126 4093 20.
2171 4040 2250 4093 De
2290 4037 2503 4109 aurigis
2548 4045 2604 4094 et
2633 4039 2924 4095 theatricis
2966 4040 3242 4097 ﬁdelibus.

2041 4133 2126 4186 21.
2169 4132 2222 4186 Si
2262 4135 2388 4202 post
2416 4139 2703 4204 acceptam
2739 4133 3131 4204 pcenitentiam
3168 4135 3293 4206 quis
3318 4138 3594 4208 nupserit.

2038 4228 2124 4278 22.
2168 4226 2238 4279 Ut
2267 4225 2598 4295 poenitentia
2642 4227 2965 4298 conjugatis
3000 4245 3068 4282 ex
3108 4246 3382 4284 consensu
3409 4231 3592 4286 detur.

1985 4314 1988 4316 ⁷
2040 4320 2129 4372 23.
2171 4319 2250 4371 De
2279 4317 2660 4373 sacerdotibus
2692 4320 2789 4391 qui
2825 4320 3201 4376 idololatriam
3233 4340 3348 4378 non
3381 4328 3592 4381 everte—

1968 4416 2122 4466 runt.

314 4511 400 4562 II.
446 4507 526 4560 De
571 4506 658 4560 his
707 4506 803 4578 qui
843 4506 1024 4578 poenis
1054 4506 1204 4576 victi,
1237 4505 1548 4561 sacriﬁcare
1590 4505 1947 4617 compulsiD
2038 4507 2128 4560 24.
2172 4504 2250 4559 De
2277 4505 2696 4561 accusatoribus
2724 4506 2987 4564 fratrum.

237 4606 390 4656 sunt.

314 4699 400 4750 12.
447 4695 520 4748 De
551 4694 638 4749 his
669 4694 764 4766 qui
795 4694 853 4749 in
897 4693 1230 4766 poenitentia
1271 4693 1441 4765 positi
1471 4693 1643 4748 vitam
1674 4709 1867 4750 exces-

240 4794 457 4846 serunt.

2039 4602 2126 4654 25.
2168 4599 2248 4654 De
2273 4600 2543 4672 apostatis
2570 4598 2615 4654 si
2647 4618 2761 4655 non
2791 4607 3166 4658 revertuntur.

2505 4694 2734 4748 Finiunt
2773 4696 3036 4767 capitula.

1707 4863 2133 4882 d——_ﬁ_‘..

484 5037 940 5136 INCIPIT
1019 5036 1685 5134 CONCILIUM
1763 5033 2568 5136 ARELATENSE
2651 5034 3338 5141 SECUNDUM.

1284 5215 1572 5282 Nomina
1599 5221 1942 5278 auctorum
1971 5215 2262 5296 ejusdem
2291 5217 2564 5279 concilii.

309 5377 388 5433 Ex
443 5376 633 5433 Sicilia
682 5377 1160 5450 Syracusanorum
1215 5377 1400 5433 Sixtus
1450 5378 1767 5450 episcopus,
1816 5383 1874 5432 et

241 5470 439 5526 Florus
467 5472 756 5540 diaconus,
798 5489 868 5527 ex
906 5471 1198 5543 provincia
1237 5473 1565 5544 Campaniae
1610 5472 1869 5541 civitatis,

240 5565 482 5621 Prothus
512 5565 806 5638 episcopus
829 5570 885 5620 et
910 5566 1180 5637 Agrippa,
1215 5568 1272 5619 et
1299 5567 1472 5620 Tutus
1502 5567 1773 5620 diaconus
1804 5582 1872 5620 ex

242 5659 528 5730 provincia
587 5660 803 5731 Apauli,
859 5660 1074 5714 Pardus
1127 5659 1445 5730 episcopus,
1497 5665 1553 5714 et
1605 5661 1872 5716 Crescens

243 5752 518 5809 diaconus
555 5770 623 5807 ex
654 5753 947 5824 provincia
989 5753 1254 5821 Damulti,
1283 5753 1607 5808 Theodorus
1653 5754 1871 5825 episco-

241 5862 363 5920 pus,
395 5853 452 5902 et
477 5847 1050 5924 Agathon,diaconus
1081 5864 1149 5902 ex
1195 5847 1330 5902 urbe
1377 5848 1557 5902 Roma
1589 5864 1728 5920 quos
1763 5848 1870 5903 Sil-

1971 5382 2157 5434 vester
2182 5378 2479 5451 episc0pus
2509 5377 2679 5448 misit,
2709 5379 3047 5436 Claudianus
3073 5386 3131 5437 et
3151 5382 3350 5439 Abitus
3377 5376 3602 5456 presbya

1971 5474 2099 5540 teri,
2137 5474 2422 5544 Eugenius
2470 5477 2525 5527 et
2583 5473 2874 5538 Quiriacus
2926 5475 3148 5531 diaconi
3196 5494 3265 5532 ex
3315 5478 3603 5549 provincia

1970 5567 2167 5633 Italiae,
2199 5568 2428 5622 Orosius
2476 5567 2794 5640 episcopus,
2824 5571 3100 5624 Nazareus
3143 5572 3337 5638 lector,
3370 5588 3439 5626 ex
3469 5587 3596 5641 pro-

1972 5660 2152 5713 vincia
2194 5661 2603 5716 Viennensium
2647 5662 2884 5718 civitatis
2931 5665 3143 5732 Arelas,
3171 5664 3440 5719 Martinus
3484 5665 3602 5736 epi-

1972 5770 2190 5824 scopus,
2242 5755 2488 5810 Salanias
2536 5755 2850 5828 presbyter,
2901 5757 3127 5811 Nicetus
3167 5756 3315 5822 Afer,
3363 5757 3595 5825 Ursinis,

1973 5851 2030 5913 et
2063 5849 2259 5905 Petrus
2306 5848 2570 5906 diacones
2623 5867 2689 5904 ex
2733 5849 3022 5923 provincia
3064 5865 3176 5921 qua
3217 5864 3387 5920 supra
3427 5850 3596 5908 Vien‘
