  <div class='ocr_page' id='page_1' title='image "/cluster/home/n/w/nwhite01/storage/ocr_20150623/130/umn.319510024774230/245.png"; bbox 0 0 4054 6312; ppageno 0'>
   <div class='ocr_carea' id='block_1_1' title="bbox 441 342 541 399">
    <p class='ocr_par' dir='ltr' id='par_1_1' title="bbox 441 342 541 399">
     <span class='ocr_line' id='line_1_1' title="bbox 441 342 541 399; baseline -0.02 -1"><span class='ocrx_word' id='word_1_1' title='bbox 441 342 541 399; x_wconf 71' lang='lat'>379</span> 
     </span>
    </p>
   </div>
   <div class='ocr_carea' id='block_1_2' title="bbox 1334 327 2908 399">
    <p class='ocr_par' dir='ltr' id='par_1_2' title="bbox 1334 327 2908 399">
     <span class='ocr_line' id='line_1_2' title="bbox 1334 327 2908 399; baseline -0.005 -1"><span class='ocrx_word' id='word_1_2' title='bbox 1334 335 1612 399; x_wconf 78' lang='lat' dir='ltr'>APPEND.</span> <span class='ocrx_word' id='word_1_3' title='bbox 1657 339 1742 398; x_wconf 81' lang='lat' dir='ltr'>Al)</span> <span class='ocrx_word' id='word_1_4' title='bbox 1781 344 1940 397; x_wconf 73' lang='lat' dir='ltr'>S/EC.</span> <span class='ocrx_word' id='word_1_5' title='bbox 1987 341 2070 394; x_wconf 77' lang='lat' dir='ltr'>Ix.</span> <span class='ocrx_word' id='word_1_6' title='bbox 2096 368 2162 376; x_wconf 65' lang='grc' dir='ltr'>-ο</span> <span class='ocrx_word' id='word_1_7' title='bbox 2201 327 2445 392; x_wconf 79' lang='lat' dir='ltr'>Ismom</span> <span class='ocrx_word' id='word_1_8' title='bbox 2487 331 2908 395; x_wconf 78' lang='lat' dir='ltr'>MEBCATORIS</span> 
     </span>
    </p>
   </div>
   <div class='ocr_carea' id='block_1_3' title="bbox 3699 344 3805 392">
    <p class='ocr_par' dir='ltr' id='par_1_3' title="bbox 3699 344 3805 392">
     <span class='ocr_line' id='line_1_3' title="bbox 3699 344 3805 392; baseline 0 -6"><span class='ocrx_word' id='word_1_9' title='bbox 3699 344 3725 391; x_wconf 83' lang='grc'>3</span> <span class='ocrx_word' id='word_1_10' title='bbox 3736 347 3805 392; x_wconf 72' lang='grc' dir='ltr'>δυ</span> 
     </span>
    </p>
   </div>
   <div class='ocr_carea' id='block_1_4' title="bbox 443 445 3804 531">
    <p class='ocr_par' dir='ltr' id='par_1_4' title="bbox 443 445 3804 531">
     <span class='ocr_line' id='line_1_4' title="bbox 443 445 3804 531; baseline -0.002 -25"><span class='ocrx_word' id='word_1_11' title='bbox 443 454 725 520; x_wconf 83' lang='lat' dir='ltr'>nensium,</span> <span class='ocrx_word' id='word_1_12' title='bbox 753 455 926 507; x_wconf 90' lang='lat' dir='ltr'>Verus</span> <span class='ocrx_word' id='word_1_13' title='bbox 976 452 1287 524; x_wconf 90' lang='lat' dir='ltr'>episcopus,</span> <span class='ocrx_word' id='word_1_14' title='bbox 1319 453 1496 507; x_wconf 89' lang='lat' dir='ltr'>Bedas</span> <span class='ocrx_word' id='word_1_15' title='bbox 1545 452 1837 520; x_wconf 84' lang='lat' dir='ltr'>exorcista,</span> <span class='ocrx_word' id='word_1_16' title='bbox 1883 468 1946 505; x_wconf 82' lang='lat' dir='ltr'>ex</span> <span class='ocrx_word' id='word_1_17' title='bbox 1991 450 2066 503; x_wconf 93' lang='lat' dir='ltr'>ci-</span> <span class='ocrx_word' id='word_1_18' title='bbox 2093 458 2152 531; x_wconf 78' lang='grc' dir='ltr'><strong>Α</strong></span> <span class='ocrx_word' id='word_1_19' title='bbox 2173 463 2375 516; x_wconf 89' lang='lat' dir='ltr'>scopus</span> <span class='ocrx_word' id='word_1_20' title='bbox 2398 446 2558 515; x_wconf 85' lang='lat' dir='ltr'>juxta</span> <span class='ocrx_word' id='word_1_21' title='bbox 2577 462 2846 514; x_wconf 83' lang='lat' dir='ltr'>magnam</span> <span class='ocrx_word' id='word_1_22' title='bbox 2872 445 3153 516; x_wconf 81' lang='lat' dir='ltr'>synodum</span> <span class='ocrx_word' id='word_1_23' title='bbox 3181 461 3301 500; x_wconf 89' lang='lat' dir='ltr'>esse</span> <span class='ocrx_word' id='word_1_24' title='bbox 3329 445 3656 517; x_wconf 74' lang='lat' dir='ltr'>episcopum</span> <span class='ocrx_word' id='word_1_25' title='bbox 3682 463 3804 502; x_wconf 86' lang='lat' dir='ltr'>non</span> 
     </span>
    </p>
   </div>
   <div class='ocr_carea' id='block_1_5' title="bbox 441 545 2068 616">
    <p class='ocr_par' dir='ltr' id='par_1_5' title="bbox 441 545 2068 616">
     <span class='ocr_line' id='line_1_5' title="bbox 441 545 2068 616; baseline -0.001 -17"><span class='ocrx_word' id='word_1_26' title='bbox 441 547 614 600; x_wconf 81' lang='lat' dir='ltr'>vitate</span> <span class='ocrx_word' id='word_1_27' title='bbox 640 547 885 601; x_wconf 91' lang='lat' dir='ltr'>Vasione</span> <span class='ocrx_word' id='word_1_28' title='bbox 919 546 1184 600; x_wconf 90' lang='lat' dir='ltr'>Dammas</span> <span class='ocrx_word' id='word_1_29' title='bbox 1215 546 1531 616; x_wconf 91' lang='lat' dir='ltr'>episcopus,</span> <span class='ocrx_word' id='word_1_30' title='bbox 1558 545 1744 600; x_wconf 86' lang='lat' dir='ltr'>Victor</span> <span class='ocrx_word' id='word_1_31' title='bbox 1772 545 2068 610; x_wconf 80' lang='lat' dir='ltr'>exorcista,</span> 
     </span>
    </p>
   </div>
   <div class='ocr_carea' id='block_1_6' title="bbox 444 639 2072 710">
    <p class='ocr_par' dir='ltr' id='par_1_6' title="bbox 444 639 2072 710">
     <span class='ocr_line' id='line_1_6' title="bbox 444 639 2072 710; baseline -0.002 -17"><span class='ocrx_word' id='word_1_32' title='bbox 444 656 513 694; x_wconf 79' lang='lat' dir='ltr'>ex</span> <span class='ocrx_word' id='word_1_33' title='bbox 566 639 784 694; x_wconf 84' lang='lat' dir='ltr'>civitate</span> <span class='ocrx_word' id='word_1_34' title='bbox 837 639 1256 707; x_wconf 85' lang='lat' dir='ltr'>Aurasicorum,</span> <span class='ocrx_word' id='word_1_35' title='bbox 1307 639 1604 693; x_wconf 90' lang='lat' dir='ltr'>Laustinus</span> <span class='ocrx_word' id='word_1_36' title='bbox 1663 639 1957 710; x_wconf 83' lang='lat' dir='ltr'>presbyter</span> <span class='ocrx_word' id='word_1_37' title='bbox 2005 654 2072 691; x_wconf 85' lang='lat' dir='ltr'>ex</span> 
     </span>
    </p>
   </div>
   <div class='ocr_carea' id='block_1_7' title="bbox 443 732 2073 804">
    <p class='ocr_par' dir='ltr' id='par_1_7' title="bbox 443 732 2073 804">
     <span class='ocr_line' id='line_1_7' title="bbox 443 732 2073 804; baseline -0.001 -17"><span class='ocrx_word' id='word_1_38' title='bbox 443 738 630 804; x_wconf 89' lang='lat' dir='ltr'>porta,</span> <span class='ocrx_word' id='word_1_39' title='bbox 661 733 1020 787; x_wconf 83' lang='lat' dir='ltr'>Innocentius</span> <span class='ocrx_word' id='word_1_40' title='bbox 1065 732 1348 800; x_wconf 84' lang='lat' dir='ltr'>diaconus,</span> <span class='ocrx_word' id='word_1_41' title='bbox 1380 732 1628 802; x_wconf 87' lang='lat' dir='ltr'>Agapius</span> <span class='ocrx_word' id='word_1_42' title='bbox 1677 732 1972 799; x_wconf 85' lang='lat' dir='ltr'>exorcista,</span> <span class='ocrx_word' id='word_1_43' title='bbox 2005 747 2073 785; x_wconf 86' lang='lat' dir='ltr'>ex</span> 
     </span>
    </p>
   </div>
   <div class='ocr_carea' id='block_1_8' title="bbox 444 823 2072 896">
    <p class='ocr_par' dir='ltr' id='par_1_8' title="bbox 444 823 2072 896">
     <span class='ocr_line' id='line_1_8' title="bbox 444 823 2072 896; baseline -0.001 -18"><span class='ocrx_word' id='word_1_44' title='bbox 444 824 734 896; x_wconf 83' lang='lat' dir='ltr'>provincia</span> <span class='ocrx_word' id='word_1_45' title='bbox 771 825 944 879; x_wconf 88' lang='lat' dir='ltr'>Gallia</span> <span class='ocrx_word' id='word_1_46' title='bbox 971 824 1209 878; x_wconf 83' lang='lat' dir='ltr'>civitatis</span> <span class='ocrx_word' id='word_1_47' title='bbox 1236 825 1565 893; x_wconf 85' lang='lat' dir='ltr'>Remorum,</span> <span class='ocrx_word' id='word_1_48' title='bbox 1595 824 1923 880; x_wconf 89' lang='lat' dir='ltr'>Ibethanius</span> <span class='ocrx_word' id='word_1_49' title='bbox 1952 823 2072 894; x_wconf 89' lang='lat' dir='ltr'>epi-</span> 
     </span>
    </p>
   </div>
   <div class='ocr_carea' id='block_1_9' title="bbox 446 917 2072 989">
    <p class='ocr_par' dir='ltr' id='par_1_9' title="bbox 446 917 2072 989">
     <span class='ocr_line' id='line_1_9' title="bbox 446 917 2072 989; baseline -0.001 -17"><span class='ocrx_word' id='word_1_50' title='bbox 446 935 666 989; x_wconf 85' lang='lat' dir='ltr'>scopus,</span> <span class='ocrx_word' id='word_1_51' title='bbox 718 918 1016 987; x_wconf 88' lang='lat' dir='ltr'>Prigenius</span> <span class='ocrx_word' id='word_1_52' title='bbox 1064 917 1334 971; x_wconf 83' lang='lat' dir='ltr'>diaconus</span> <span class='ocrx_word' id='word_1_53' title='bbox 1379 933 1448 972; x_wconf 84' lang='lat' dir='ltr'>ex</span> <span class='ocrx_word' id='word_1_54' title='bbox 1494 918 1716 972; x_wconf 86' lang='lat' dir='ltr'>civitate</span> <span class='ocrx_word' id='word_1_55' title='bbox 1769 917 2072 970; x_wconf 80' lang='lat' dir='ltr'>Rothoma-</span> 
     </span>
    </p>
   </div>
   <div class='ocr_carea' id='block_1_10' title="bbox 446 1010 2075 1083">
    <p class='ocr_par' dir='ltr' id='par_1_10' title="bbox 446 1010 2075 1083">
     <span class='ocr_line' id='line_1_10' title="bbox 446 1010 2075 1083; baseline -0.001 -18"><span class='ocrx_word' id='word_1_56' title='bbox 446 1011 702 1083; x_wconf 85' lang='lat' dir='ltr'>gensium</span> <span class='ocrx_word' id='word_1_57' title='bbox 717 1053 729 1076; x_wconf 91' lang='lat'>,</span> <span class='ocrx_word' id='word_1_58' title='bbox 752 1011 1056 1064; x_wconf 88' lang='lat' dir='ltr'>Avidamus</span> <span class='ocrx_word' id='word_1_59' title='bbox 1086 1010 1406 1082; x_wconf 88' lang='lat' dir='ltr'>episcopus,</span> <span class='ocrx_word' id='word_1_60' title='bbox 1428 1011 1675 1065; x_wconf 76' lang='lat' dir='ltr'>Nicetius</span> <span class='ocrx_word' id='word_1_61' title='bbox 1695 1011 1986 1078; x_wconf 87' lang='lat' dir='ltr'>diaconus,</span> <span class='ocrx_word' id='word_1_62' title='bbox 2011 1027 2075 1064; x_wconf 84' lang='lat' dir='ltr'>ex</span> 
     </span>
    </p>
   </div>
   <div class='ocr_carea' id='block_1_11' title="bbox 445 1103 2076 1174">
    <p class='ocr_par' dir='ltr' id='par_1_11' title="bbox 445 1103 2076 1174">
     <span class='ocr_line' id='line_1_11' title="bbox 445 1103 2076 1174; baseline -0.001 -17"><span class='ocrx_word' id='word_1_63' title='bbox 445 1104 667 1157; x_wconf 84' lang='lat' dir='ltr'>civitate</span> <span class='ocrx_word' id='word_1_64' title='bbox 710 1105 983 1174; x_wconf 79' lang='lat' dir='ltr'>Augusta,</span> <span class='ocrx_word' id='word_1_65' title='bbox 1017 1103 1384 1174; x_wconf 83' lang='lat' dir='ltr'>Idonupetius</span> <span class='ocrx_word' id='word_1_66' title='bbox 1431 1103 1747 1174; x_wconf 90' lang='lat' dir='ltr'>episcopus,</span> <span class='ocrx_word' id='word_1_67' title='bbox 1787 1103 2076 1156; x_wconf 91' lang='lat' dir='ltr'>Amandus</span> 
     </span>
    </p>
   </div>
   <div class='ocr_carea' id='block_1_12' title="bbox 444 1195 2073 1268">
    <p class='ocr_par' dir='ltr' id='par_1_12' title="bbox 444 1195 2073 1268">
     <span class='ocr_line' id='line_1_12' title="bbox 444 1195 2073 1268; baseline -0.001 -17"><span class='ocrx_word' id='word_1_68' title='bbox 444 1197 756 1268; x_wconf 70' lang='lat' dir='ltr'>presbyter,</span> <span class='ocrx_word' id='word_1_69' title='bbox 814 1196 1106 1250; x_wconf 88' lang='lat' dir='ltr'>Filomatis</span> <span class='ocrx_word' id='word_1_70' title='bbox 1164 1196 1454 1265; x_wconf 86' lang='lat' dir='ltr'>diaconus,</span> <span class='ocrx_word' id='word_1_71' title='bbox 1507 1213 1577 1250; x_wconf 82' lang='lat' dir='ltr'>ex</span> <span class='ocrx_word' id='word_1_72' title='bbox 1616 1197 1837 1251; x_wconf 89' lang='lat' dir='ltr'>civitate</span> <span class='ocrx_word' id='word_1_73' title='bbox 1890 1195 2073 1250; x_wconf 87' lang='lat' dir='ltr'>Helvi-</span> 
     </span>
    </p>
   </div>
   <div class='ocr_carea' id='block_1_13' title="bbox 449 1288 2075 1360">
    <p class='ocr_par' dir='ltr' id='par_1_13' title="bbox 449 1288 2075 1360">
     <span class='ocr_line' id='line_1_13' title="bbox 449 1288 2075 1360; baseline -0.001 -16"><span class='ocrx_word' id='word_1_74' title='bbox 449 1291 614 1359; x_wconf 90' lang='lat' dir='ltr'>dono,</span> <span class='ocrx_word' id='word_1_75' title='bbox 646 1289 838 1344; x_wconf 89' lang='lat' dir='ltr'>Votius</span> <span class='ocrx_word' id='word_1_76' title='bbox 882 1289 1195 1360; x_wconf 88' lang='lat' dir='ltr'>episcopus,</span> <span class='ocrx_word' id='word_1_77' title='bbox 1227 1290 1460 1344; x_wconf 86' lang='lat' dir='ltr'>Pitulius</span> <span class='ocrx_word' id='word_1_78' title='bbox 1509 1290 1797 1356; x_wconf 85' lang='lat' dir='ltr'>exorcista,</span> <span class='ocrx_word' id='word_1_79' title='bbox 1831 1307 1900 1343; x_wconf 83' lang='lat' dir='ltr'>ex</span> <span class='ocrx_word' id='word_1_80' title='bbox 1943 1288 2075 1343; x_wconf 90' lang='lat' dir='ltr'>civi-</span> 
     </span>
    </p>
   </div>
   <div class='ocr_carea' id='block_1_14' title="bbox 448 1382 2080 1454">
    <p class='ocr_par' dir='ltr' id='par_1_14' title="bbox 448 1382 2080 1454">
     <span class='ocr_line' id='line_1_14' title="bbox 448 1382 2080 1454; baseline -0.001 -17"><span class='ocrx_word' id='word_1_81' title='bbox 448 1388 562 1438; x_wconf 87' lang='lat' dir='ltr'>tate</span> <span class='ocrx_word' id='word_1_82' title='bbox 587 1383 923 1454; x_wconf 87' lang='lat' dir='ltr'>Agrippina,</span> <span class='ocrx_word' id='word_1_83' title='bbox 954 1384 1236 1436; x_wconf 85' lang='lat' dir='ltr'>Maternus</span> <span class='ocrx_word' id='word_1_84' title='bbox 1255 1383 1566 1454; x_wconf 83' lang='lat' dir='ltr'>episcOpus,</span> <span class='ocrx_word' id='word_1_85' title='bbox 1590 1384 1878 1441; x_wconf 79' lang='lat' dir='ltr'>Maurinus</span> <span class='ocrx_word' id='word_1_86' title='bbox 1896 1382 2080 1436; x_wconf 84' lang='lat' dir='ltr'>diaco-</span> 
     </span>
    </p>
   </div>
   <div class='ocr_carea' id='block_1_15' title="bbox 447 1475 2080 1547">
    <p class='ocr_par' dir='ltr' id='par_1_15' title="bbox 447 1475 2080 1547">
     <span class='ocr_line' id='line_1_15' title="bbox 447 1475 2080 1547; baseline -0.002 -15"><span class='ocrx_word' id='word_1_87' title='bbox 447 1493 573 1542; x_wconf 79' lang='lat' dir='ltr'>nus,</span> <span class='ocrx_word' id='word_1_88' title='bbox 597 1494 662 1529; x_wconf 80' lang='lat' dir='ltr'>ex</span> <span class='ocrx_word' id='word_1_89' title='bbox 678 1475 1320 1546; x_wconf 86' lang='lat' dir='ltr'>provinciaAquitanica</span> <span class='ocrx_word' id='word_1_90' title='bbox 1337 1475 1572 1531; x_wconf 89' lang='lat' dir='ltr'>civitatis</span> <span class='ocrx_word' id='word_1_91' title='bbox 1588 1476 1824 1547; x_wconf 85' lang='lat' dir='ltr'>Vagalii,</span> <span class='ocrx_word' id='word_1_92' title='bbox 1838 1476 2080 1530; x_wconf 89' lang='lat' dir='ltr'>Genialis</span> 
     </span>
    </p>
   </div>
   <div class='ocr_carea' id='block_1_16' title="bbox 449 1569 2077 1642">
    <p class='ocr_par' dir='ltr' id='par_1_16' title="bbox 449 1569 2077 1642">
     <span class='ocr_line' id='line_1_16' title="bbox 449 1569 2077 1642; baseline -0.001 -17"><span class='ocrx_word' id='word_1_93' title='bbox 449 1571 767 1642; x_wconf 73' lang='lat' dir='ltr'>episcopus,</span> <span class='ocrx_word' id='word_1_94' title='bbox 798 1586 866 1622; x_wconf 87' lang='lat' dir='ltr'>ex</span> <span class='ocrx_word' id='word_1_95' title='bbox 895 1569 1121 1623; x_wconf 87' lang='lat' dir='ltr'>civitate</span> <span class='ocrx_word' id='word_1_96' title='bbox 1151 1569 1487 1641; x_wconf 88' lang='lat' dir='ltr'>Burdegala,</span> <span class='ocrx_word' id='word_1_97' title='bbox 1522 1570 1825 1624; x_wconf 84' lang='lat' dir='ltr'>Orientalis</span> <span class='ocrx_word' id='word_1_98' title='bbox 1865 1570 2077 1639; x_wconf 90' lang='lat' dir='ltr'>episco-</span> 
     </span>
    </p>
   </div>
   <div class='ocr_carea' id='block_1_17' title="bbox 448 1662 2080 1735">
    <p class='ocr_par' dir='ltr' id='par_1_17' title="bbox 448 1662 2080 1735">
     <span class='ocr_line' id='line_1_17' title="bbox 448 1662 2080 1735; baseline -0.001 -18"><span class='ocrx_word' id='word_1_99' title='bbox 448 1681 576 1735; x_wconf 88' lang='lat' dir='ltr'>pus,</span> <span class='ocrx_word' id='word_1_100' title='bbox 606 1663 826 1716; x_wconf 90' lang='lat' dir='ltr'>Flavius</span> <span class='ocrx_word' id='word_1_101' title='bbox 869 1662 1155 1732; x_wconf 90' lang='lat' dir='ltr'>diaconus,</span> <span class='ocrx_word' id='word_1_102' title='bbox 1188 1679 1257 1716; x_wconf 84' lang='lat' dir='ltr'>ex</span> <span class='ocrx_word' id='word_1_103' title='bbox 1298 1662 1522 1717; x_wconf 87' lang='lat' dir='ltr'>civitate</span> <span class='ocrx_word' id='word_1_104' title='bbox 1566 1665 1861 1730; x_wconf 87' lang='lat' dir='ltr'>Verorum,</span> <span class='ocrx_word' id='word_1_105' title='bbox 1891 1663 2080 1716; x_wconf 84' lang='lat' dir='ltr'>Artius</span> 
     </span>
    </p>
   </div>
   <div class='ocr_carea' id='block_1_18' title="bbox 452 1755 2075 1828">
    <p class='ocr_par' dir='ltr' id='par_1_18' title="bbox 452 1755 2075 1828">
     <span class='ocr_line' id='line_1_18' title="bbox 452 1755 2075 1828; baseline -0.001 -17"><span class='ocrx_word' id='word_1_106' title='bbox 452 1757 766 1828; x_wconf 88' lang='lat' dir='ltr'>episcopus,</span> <span class='ocrx_word' id='word_1_107' title='bbox 802 1755 955 1809; x_wconf 81' lang='lat' dir='ltr'>Felix</span> <span class='ocrx_word' id='word_1_108' title='bbox 987 1756 1257 1810; x_wconf 89' lang='lat' dir='ltr'>exorcista</span> <span class='ocrx_word' id='word_1_109' title='bbox 1287 1773 1353 1809; x_wconf 83' lang='lat' dir='ltr'>ex</span> <span class='ocrx_word' id='word_1_110' title='bbox 1383 1756 1606 1810; x_wconf 87' lang='lat' dir='ltr'>civitate</span> <span class='ocrx_word' id='word_1_111' title='bbox 1649 1757 1905 1824; x_wconf 89' lang='lat' dir='ltr'>Tholosa,</span> <span class='ocrx_word' id='word_1_112' title='bbox 1935 1757 2075 1810; x_wconf 87' lang='lat' dir='ltr'>Mar-</span> 
     </span>
    </p>
   </div>
   <div class='ocr_carea' id='block_1_19' title="bbox 451 1828 2156 1920">
    <p class='ocr_par' dir='ltr' id='par_1_19' title="bbox 451 1828 2156 1920">
     <span class='ocr_line' id='line_1_19' title="bbox 451 1828 2156 1920; baseline -0.003 -16"><span class='ocrx_word' id='word_1_113' title='bbox 451 1849 609 1904; x_wconf 89' lang='lat' dir='ltr'>tinus</span> <span class='ocrx_word' id='word_1_114' title='bbox 662 1848 980 1919; x_wconf 89' lang='lat' dir='ltr'>episcopus,</span> <span class='ocrx_word' id='word_1_115' title='bbox 1039 1848 1304 1903; x_wconf 88' lang='lat' dir='ltr'>Leontius</span> <span class='ocrx_word' id='word_1_116' title='bbox 1354 1848 1620 1903; x_wconf 90' lang='lat' dir='ltr'>diaconus</span> <span class='ocrx_word' id='word_1_117' title='bbox 1674 1867 1743 1903; x_wconf 82' lang='lat' dir='ltr'>ex</span> <span class='ocrx_word' id='word_1_118' title='bbox 1796 1828 2156 1920; x_wconf 81' lang='lat' dir='ltr'>provinciaB</span> 
     </span>
    </p>
   </div>
   <div class='ocr_carea' id='block_1_20' title="bbox 450 1941 2077 2013">
    <p class='ocr_par' dir='ltr' id='par_1_20' title="bbox 450 1941 2077 2013">
     <span class='ocr_line' id='line_1_20' title="bbox 450 1941 2077 2013; baseline -0.002 -14"><span class='ocrx_word' id='word_1_119' title='bbox 450 1942 690 2008; x_wconf 89' lang='lat' dir='ltr'>Bitania,</span> <span class='ocrx_word' id='word_1_120' title='bbox 725 1942 965 1996; x_wconf 85' lang='lat' dir='ltr'>Eburius</span> <span class='ocrx_word' id='word_1_121' title='bbox 995 1941 1287 2013; x_wconf 91' lang='lat' dir='ltr'>episcopus</span> <span class='ocrx_word' id='word_1_122' title='bbox 1314 1959 1379 1996; x_wconf 84' lang='lat' dir='ltr'>ex</span> <span class='ocrx_word' id='word_1_123' title='bbox 1409 1943 1629 1998; x_wconf 87' lang='lat' dir='ltr'>civitate</span> <span class='ocrx_word' id='word_1_124' title='bbox 1664 1943 1883 2011; x_wconf 89' lang='lat' dir='ltr'>Culnia,</span> <span class='ocrx_word' id='word_1_125' title='bbox 1913 1943 2077 1997; x_wconf 89' lang='lat' dir='ltr'>Adel-</span> 
     </span>
    </p>
   </div>
   <div class='ocr_carea' id='block_1_21' title="bbox 449 2035 2074 2107">
    <p class='ocr_par' dir='ltr' id='par_1_21' title="bbox 449 2035 2074 2107">
     <span class='ocr_line' id='line_1_21' title="bbox 449 2035 2074 2107; baseline 0 -17"><span class='ocrx_word' id='word_1_126' title='bbox 449 2037 565 2090; x_wconf 84' lang='lat' dir='ltr'>sius</span> <span class='ocrx_word' id='word_1_127' title='bbox 616 2053 682 2090; x_wconf 82' lang='lat' dir='ltr'>ex</span> <span class='ocrx_word' id='word_1_128' title='bbox 727 2035 947 2090; x_wconf 89' lang='lat' dir='ltr'>civitate</span> <span class='ocrx_word' id='word_1_129' title='bbox 994 2037 1402 2104; x_wconf 85' lang='lat' dir='ltr'>Romanorum,</span> <span class='ocrx_word' id='word_1_130' title='bbox 1456 2037 1706 2092; x_wconf 84' lang='lat' dir='ltr'>Liberius</span> <span class='ocrx_word' id='word_1_131' title='bbox 1759 2037 2074 2107; x_wconf 86' lang='lat' dir='ltr'>episcopus,</span> 
     </span>
    </p>
   </div>
   <div class='ocr_carea' id='block_1_22' title="bbox 450 2128 2079 2198">
    <p class='ocr_par' dir='ltr' id='par_1_22' title="bbox 450 2128 2079 2198">
     <span class='ocr_line' id='line_1_22' title="bbox 450 2128 2079 2198; baseline -0.001 -14"><span class='ocrx_word' id='word_1_132' title='bbox 450 2129 733 2184; x_wconf 82' lang='lat' dir='ltr'>Flonetius</span> <span class='ocrx_word' id='word_1_133' title='bbox 813 2129 1084 2183; x_wconf 86' lang='lat' dir='ltr'>diaconus</span> <span class='ocrx_word' id='word_1_134' title='bbox 1158 2146 1224 2184; x_wconf 88' lang='lat' dir='ltr'>ex</span> <span class='ocrx_word' id='word_1_135' title='bbox 1285 2128 1508 2184; x_wconf 89' lang='lat' dir='ltr'>civitate</span> <span class='ocrx_word' id='word_1_136' title='bbox 1575 2130 1785 2198; x_wconf 90' lang='lat' dir='ltr'>Betica,</span> <span class='ocrx_word' id='word_1_137' title='bbox 1840 2129 2079 2185; x_wconf 90' lang='lat' dir='ltr'>Sabinus</span> 
     </span>
    </p>
   </div>
   <div class='ocr_carea' id='block_1_23' title="bbox 447 2221 2077 2295">
    <p class='ocr_par' dir='ltr' id='par_1_23' title="bbox 447 2221 2077 2295">
     <span class='ocr_line' id='line_1_23' title="bbox 447 2221 2077 2295; baseline 0.001 -19"><span class='ocrx_word' id='word_1_138' title='bbox 447 2223 745 2295; x_wconf 84' lang='lat' dir='ltr'>presbyter</span> <span class='ocrx_word' id='word_1_139' title='bbox 786 2238 851 2276; x_wconf 86' lang='lat' dir='ltr'>ex</span> <span class='ocrx_word' id='word_1_140' title='bbox 900 2221 1124 2277; x_wconf 85' lang='lat' dir='ltr'>civitate</span> <span class='ocrx_word' id='word_1_141' title='bbox 1178 2223 1508 2290; x_wconf 89' lang='lat' dir='ltr'>Tarcacona,</span> <span class='ocrx_word' id='word_1_142' title='bbox 1537 2223 1820 2278; x_wconf 86' lang='lat' dir='ltr'>Probatus</span> <span class='ocrx_word' id='word_1_143' title='bbox 1844 2223 2077 2294; x_wconf 88' lang='lat' dir='ltr'>presby-</span> 
     </span>
    </p>
   </div>
   <div class='ocr_carea' id='block_1_24' title="bbox 451 2315 2075 2387">
    <p class='ocr_par' dir='ltr' id='par_1_24' title="bbox 451 2315 2075 2387">
     <span class='ocr_line' id='line_1_24' title="bbox 451 2315 2075 2387; baseline 0.001 -18"><span class='ocrx_word' id='word_1_144' title='bbox 451 2321 558 2382; x_wconf 89' lang='lat' dir='ltr'>ter,</span> <span class='ocrx_word' id='word_1_145' title='bbox 592 2315 874 2370; x_wconf 88' lang='lat' dir='ltr'>Castorius</span> <span class='ocrx_word' id='word_1_146' title='bbox 924 2315 1189 2370; x_wconf 88' lang='lat' dir='ltr'>diaconus</span> <span class='ocrx_word' id='word_1_147' title='bbox 1237 2332 1305 2370; x_wconf 83' lang='lat' dir='ltr'>ex</span> <span class='ocrx_word' id='word_1_148' title='bbox 1357 2316 1580 2371; x_wconf 87' lang='lat' dir='ltr'>civitate</span> <span class='ocrx_word' id='word_1_149' title='bbox 1624 2317 2075 2387; x_wconf 81' lang='lat' dir='ltr'>Caesaraugusta,</span> 
     </span>
    </p>
   </div>
   <div class='ocr_carea' id='block_1_25' title="bbox 449 2408 2074 2480">
    <p class='ocr_par' dir='ltr' id='par_1_25' title="bbox 449 2408 2074 2480">
     <span class='ocr_line' id='line_1_25' title="bbox 449 2408 2074 2480; baseline -0.001 -16"><span class='ocrx_word' id='word_1_150' title='bbox 449 2408 838 2464; x_wconf 86' lang='lat' dir='ltr'>Clementinus</span> <span class='ocrx_word' id='word_1_151' title='bbox 886 2409 1202 2480; x_wconf 88' lang='lat' dir='ltr'>presbyter,</span> <span class='ocrx_word' id='word_1_152' title='bbox 1234 2409 1482 2463; x_wconf 87' lang='lat' dir='ltr'>Rovinus</span> <span class='ocrx_word' id='word_1_153' title='bbox 1525 2411 1805 2464; x_wconf 87' lang='lat' dir='ltr'>exorcista</span> <span class='ocrx_word' id='word_1_154' title='bbox 1849 2427 1918 2464; x_wconf 83' lang='lat' dir='ltr'>ex</span> <span class='ocrx_word' id='word_1_155' title='bbox 1945 2410 2074 2465; x_wconf 87' lang='lat' dir='ltr'>civi-</span> 
     </span>
    </p>
   </div>
   <div class='ocr_carea' id='block_1_26' title="bbox 448 2501 2080 2574">
    <p class='ocr_par' dir='ltr' id='par_1_26' title="bbox 448 2501 2080 2574">
     <span class='ocr_line' id='line_1_26' title="bbox 448 2501 2080 2574; baseline 0.001 -18"><span class='ocrx_word' id='word_1_156' title='bbox 448 2505 561 2556; x_wconf 86' lang='lat' dir='ltr'>tate</span> <span class='ocrx_word' id='word_1_157' title='bbox 607 2501 1140 2572; x_wconf 89' lang='lat' dir='ltr'>Tebestigenstium,</span> <span class='ocrx_word' id='word_1_158' title='bbox 1191 2501 1490 2557; x_wconf 88' lang='lat' dir='ltr'>Trimanus</span> <span class='ocrx_word' id='word_1_159' title='bbox 1537 2503 1850 2574; x_wconf 82' lang='lat' dir='ltr'>presbyter,</span> <span class='ocrx_word' id='word_1_160' title='bbox 1892 2504 2080 2558; x_wconf 86' lang='lat' dir='ltr'>Victor</span> 
     </span>
    </p>
   </div>
   <div class='ocr_carea' id='block_1_27' title="bbox 449 2595 2076 2668">
    <p class='ocr_par' dir='ltr' id='par_1_27' title="bbox 449 2595 2076 2668">
     <span class='ocr_line' id='line_1_27' title="bbox 449 2595 2076 2668; baseline 0.001 -20"><span class='ocrx_word' id='word_1_161' title='bbox 449 2595 723 2649; x_wconf 90' lang='lat' dir='ltr'>diaconus</span> <span class='ocrx_word' id='word_1_162' title='bbox 749 2612 818 2650; x_wconf 82' lang='lat' dir='ltr'>ex</span> <span class='ocrx_word' id='word_1_163' title='bbox 858 2595 1143 2666; x_wconf 88' lang='lat' dir='ltr'>provincia</span> <span class='ocrx_word' id='word_1_164' title='bbox 1188 2595 1518 2650; x_wconf 82' lang='lat' dir='ltr'>Mauritania</span> <span class='ocrx_word' id='word_1_165' title='bbox 1565 2596 2076 2668; x_wconf 20' lang='lat' dir='ltr'>Caesariensi,iFor-</span> 
     </span>
    </p>
   </div>
   <div class='ocr_carea' id='block_1_28' title="bbox 445 2689 2079 2761">
    <p class='ocr_par' dir='ltr' id='par_1_28' title="bbox 445 2689 2079 2761">
     <span class='ocr_line' id='line_1_28' title="bbox 445 2689 2079 2761; baseline 0.001 -19"><span class='ocrx_word' id='word_1_166' title='bbox 445 2692 680 2742; x_wconf 87' lang='lat' dir='ltr'>tunatus</span> <span class='ocrx_word' id='word_1_167' title='bbox 709 2689 1019 2760; x_wconf 89' lang='lat' dir='ltr'>episcopus,</span> <span class='ocrx_word' id='word_1_168' title='bbox 1051 2689 1352 2743; x_wconf 92' lang='lat' dir='ltr'>Deuterius</span> <span class='ocrx_word' id='word_1_169' title='bbox 1395 2689 1665 2744; x_wconf 89' lang='lat' dir='ltr'>diaconus</span> <span class='ocrx_word' id='word_1_170' title='bbox 1691 2707 1759 2744; x_wconf 85' lang='lat' dir='ltr'>ex</span> <span class='ocrx_word' id='word_1_171' title='bbox 1786 2690 2079 2761; x_wconf 87' lang='lat' dir='ltr'>provincia</span> 
     </span>
    </p>
   </div>
   <div class='ocr_carea' id='block_1_29' title="bbox 450 2779 2080 2855">
    <p class='ocr_par' dir='ltr' id='par_1_29' title="bbox 450 2779 2080 2855">
     <span class='ocr_line' id='line_1_29' title="bbox 450 2779 2080 2855; baseline 0.001 -19"><span class='ocrx_word' id='word_1_172' title='bbox 450 2779 723 2847; x_wconf 87' lang='lat' dir='ltr'>Sardinia,</span> <span class='ocrx_word' id='word_1_173' title='bbox 779 2781 1014 2844; x_wconf 85' lang='lat' dir='ltr'>Quintus</span> <span class='ocrx_word' id='word_1_174' title='bbox 1066 2781 1382 2852; x_wconf 90' lang='lat' dir='ltr'>episcopus,</span> <span class='ocrx_word' id='word_1_175' title='bbox 1422 2783 1736 2836; x_wconf 92' lang='lat' dir='ltr'>Admonius</span> <span class='ocrx_word' id='word_1_176' title='bbox 1783 2783 2080 2855; x_wconf 84' lang='lat' dir='ltr'>presbyter</span> 
     </span>
    </p>
   </div>
   <div class='ocr_carea' id='block_1_30' title="bbox 452 2874 2076 2948">
    <p class='ocr_par' dir='ltr' id='par_1_30' title="bbox 452 2874 2076 2948">
     <span class='ocr_line' id='line_1_30' title="bbox 452 2874 2076 2948; baseline 0.001 -20"><span class='ocrx_word' id='word_1_177' title='bbox 452 2890 522 2928; x_wconf 84' lang='lat' dir='ltr'>ex</span> <span class='ocrx_word' id='word_1_178' title='bbox 565 2874 853 2945; x_wconf 85' lang='lat' dir='ltr'>provincia</span> <span class='ocrx_word' id='word_1_179' title='bbox 897 2874 1103 2940; x_wconf 86' lang='lat' dir='ltr'>Africa,</span> <span class='ocrx_word' id='word_1_180' title='bbox 1132 2874 1444 2930; x_wconf 88' lang='lat' dir='ltr'>Cecilianus</span> <span class='ocrx_word' id='word_1_181' title='bbox 1488 2875 1802 2946; x_wconf 86' lang='lat' dir='ltr'>presbyter,</span> <span class='ocrx_word' id='word_1_182' title='bbox 1835 2878 2076 2948; x_wconf 91' lang='lat' dir='ltr'>Speran-</span> 
     </span>
    </p>
   </div>
   <div class='ocr_carea' id='block_1_31' title="bbox 447 2967 2078 3041">
    <p class='ocr_par' dir='ltr' id='par_1_31' title="bbox 447 2967 2078 3041">
     <span class='ocr_line' id='line_1_31' title="bbox 447 2967 2078 3041; baseline 0.002 -20"><span class='ocrx_word' id='word_1_183' title='bbox 447 2967 561 3021; x_wconf 91' lang='lat' dir='ltr'>tius</span> <span class='ocrx_word' id='word_1_184' title='bbox 591 2967 857 3021; x_wconf 88' lang='lat' dir='ltr'>diaconus</span> <span class='ocrx_word' id='word_1_185' title='bbox 886 2984 956 3021; x_wconf 81' lang='lat' dir='ltr'>ex</span> <span class='ocrx_word' id='word_1_186' title='bbox 994 2967 1214 3022; x_wconf 83' lang='lat' dir='ltr'>civitate</span> <span class='ocrx_word' id='word_1_187' title='bbox 1260 2967 1466 3037; x_wconf 89' lang='lat' dir='ltr'>Onina,</span> <span class='ocrx_word' id='word_1_188' title='bbox 1495 2968 1835 3040; x_wconf 88' lang='lat' dir='ltr'>Lampadius</span> <span class='ocrx_word' id='word_1_189' title='bbox 1866 2971 2078 3041; x_wconf 88' lang='lat' dir='ltr'>episco-</span> 
     </span>
    </p>
   </div>
   <div class='ocr_carea' id='block_1_32' title="bbox 450 3058 2077 3133">
    <p class='ocr_par' dir='ltr' id='par_1_32' title="bbox 450 3058 2077 3133">
     <span class='ocr_line' id='line_1_32' title="bbox 450 3058 2077 3133; baseline 0.003 -20"><span class='ocrx_word' id='word_1_190' title='bbox 450 3077 556 3132; x_wconf 88' lang='lat' dir='ltr'>pus</span> <span class='ocrx_word' id='word_1_191' title='bbox 601 3077 669 3114; x_wconf 78' lang='lat' dir='ltr'>ex</span> <span class='ocrx_word' id='word_1_192' title='bbox 713 3058 935 3114; x_wconf 89' lang='lat' dir='ltr'>civitate</span> <span class='ocrx_word' id='word_1_193' title='bbox 981 3060 1160 3126; x_wconf 91' lang='lat' dir='ltr'>Utica,</span> <span class='ocrx_word' id='word_1_194' title='bbox 1190 3060 1375 3115; x_wconf 90' lang='lat' dir='ltr'>Victor</span> <span class='ocrx_word' id='word_1_195' title='bbox 1405 3059 1698 3133; x_wconf 90' lang='lat' dir='ltr'>episcopus</span> <span class='ocrx_word' id='word_1_196' title='bbox 1743 3079 1807 3117; x_wconf 87' lang='lat' dir='ltr'>ex</span> <span class='ocrx_word' id='word_1_197' title='bbox 1856 3063 2077 3118; x_wconf 88' lang='lat' dir='ltr'>civitate</span> 
     </span>
    </p>
   </div>
   <div class='ocr_carea' id='block_1_33' title="bbox 452 3153 2080 3226">
    <p class='ocr_par' dir='ltr' id='par_1_33' title="bbox 452 3153 2080 3226">
     <span class='ocr_line' id='line_1_33' title="bbox 452 3153 2080 3226; baseline 0.001 -18"><span class='ocrx_word' id='word_1_198' title='bbox 452 3153 852 3223; x_wconf 87' lang='lat' dir='ltr'>Beneventina,</span> <span class='ocrx_word' id='word_1_199' title='bbox 887 3155 1210 3208; x_wconf 88' lang='lat' dir='ltr'>Anastasius</span> <span class='ocrx_word' id='word_1_200' title='bbox 1241 3155 1539 3226; x_wconf 87' lang='lat' dir='ltr'>episcOpus</span> <span class='ocrx_word' id='word_1_201' title='bbox 1581 3173 1648 3210; x_wconf 87' lang='lat' dir='ltr'>ex</span> <span class='ocrx_word' id='word_1_202' title='bbox 1697 3157 1917 3212; x_wconf 88' lang='lat' dir='ltr'>civitate</span> <span class='ocrx_word' id='word_1_203' title='bbox 1946 3159 2080 3211; x_wconf 89' lang='lat' dir='ltr'>Tur-</span> 
     </span>
    </p>
   </div>
   <div class='ocr_carea' id='block_1_34' title="bbox 451 3247 2074 3320">
    <p class='ocr_par' dir='ltr' id='par_1_34' title="bbox 451 3247 2074 3320">
     <span class='ocr_line' id='line_1_34' title="bbox 451 3247 2074 3320; baseline 0.002 -18"><span class='ocrx_word' id='word_1_204' title='bbox 451 3247 679 3315; x_wconf 90' lang='lat' dir='ltr'>bistina,</span> <span class='ocrx_word' id='word_1_205' title='bbox 731 3247 962 3301; x_wconf 87' lang='lat' dir='ltr'>Faustus</span> <span class='ocrx_word' id='word_1_206' title='bbox 1018 3248 1309 3319; x_wconf 90' lang='lat' dir='ltr'>episcopus</span> <span class='ocrx_word' id='word_1_207' title='bbox 1367 3265 1434 3302; x_wconf 82' lang='lat' dir='ltr'>ex</span> <span class='ocrx_word' id='word_1_208' title='bbox 1489 3249 1708 3304; x_wconf 90' lang='lat' dir='ltr'>civitate</span> <span class='ocrx_word' id='word_1_209' title='bbox 1762 3250 2074 3320; x_wconf 89' lang='lat' dir='ltr'>Cocofeltis,</span> 
     </span>
    </p>
   </div>
   <div class='ocr_carea' id='block_1_35' title="bbox 452 3339 2078 3415">
    <p class='ocr_par' dir='ltr' id='par_1_35' title="bbox 452 3339 2078 3415">
     <span class='ocr_line' id='line_1_35' title="bbox 452 3339 2078 3415; baseline 0.001 -19"><span class='ocrx_word' id='word_1_210' title='bbox 452 3339 786 3412; x_wconf 87' lang='lat' dir='ltr'>Surgentius</span> <span class='ocrx_word' id='word_1_211' title='bbox 812 3340 1113 3412; x_wconf 89' lang='lat' dir='ltr'>episcopus</span> <span class='ocrx_word' id='word_1_212' title='bbox 1141 3357 1210 3395; x_wconf 83' lang='lat' dir='ltr'>ex</span> <span class='ocrx_word' id='word_1_213' title='bbox 1255 3342 1542 3410; x_wconf 76' lang='lat' dir='ltr'>Numidia,</span> <span class='ocrx_word' id='word_1_214' title='bbox 1567 3343 1756 3397; x_wconf 90' lang='lat' dir='ltr'>Victor</span> <span class='ocrx_word' id='word_1_215' title='bbox 1781 3343 2078 3415; x_wconf 90' lang='lat' dir='ltr'>episcopus</span> 
     </span>
    </p>
   </div>
   <div class='ocr_carea' id='block_1_36' title="bbox 451 3434 2079 3509">
    <p class='ocr_par' dir='ltr' id='par_1_36' title="bbox 451 3434 2079 3509">
     <span class='ocr_line' id='line_1_36' title="bbox 451 3434 2079 3509; baseline 0.001 -19"><span class='ocrx_word' id='word_1_216' title='bbox 451 3452 516 3490; x_wconf 88' lang='lat' dir='ltr'>ex</span> <span class='ocrx_word' id='word_1_217' title='bbox 565 3434 785 3490; x_wconf 88' lang='lat' dir='ltr'>civitate</span> <span class='ocrx_word' id='word_1_218' title='bbox 833 3435 1176 3504; x_wconf 86' lang='lat' dir='ltr'>Virensium,</span> <span class='ocrx_word' id='word_1_219' title='bbox 1218 3435 1412 3491; x_wconf 90' lang='lat' dir='ltr'>Vitalis</span> <span class='ocrx_word' id='word_1_220' title='bbox 1460 3435 1757 3509; x_wconf 90' lang='lat' dir='ltr'>episc0pus</span> <span class='ocrx_word' id='word_1_221' title='bbox 1803 3455 1867 3491; x_wconf 85' lang='lat' dir='ltr'>ex</span> <span class='ocrx_word' id='word_1_222' title='bbox 1908 3441 2079 3509; x_wconf 89' lang='lat' dir='ltr'>portu</span> 
     </span>
    </p>
   </div>
   <div class='ocr_carea' id='block_1_37' title="bbox 452 3528 2075 3602">
    <p class='ocr_par' dir='ltr' id='par_1_37' title="bbox 452 3528 2075 3602">
     <span class='ocr_line' id='line_1_37' title="bbox 452 3528 2075 3602; baseline 0.002 -19"><span class='ocrx_word' id='word_1_223' title='bbox 452 3528 604 3583; x_wconf 87' lang='lat' dir='ltr'>urbis</span> <span class='ocrx_word' id='word_1_224' title='bbox 628 3530 840 3597; x_wconf 73' lang='lat' dir='ltr'>Romae,</span> <span class='ocrx_word' id='word_1_225' title='bbox 869 3529 1171 3600; x_wconf 79' lang='lat' dir='ltr'>Gregorius</span> <span class='ocrx_word' id='word_1_226' title='bbox 1220 3529 1516 3602; x_wconf 88' lang='lat' dir='ltr'>episcopus</span> <span class='ocrx_word' id='word_1_227' title='bbox 1559 3547 1623 3585; x_wconf 81' lang='lat' dir='ltr'>ex</span> <span class='ocrx_word' id='word_1_228' title='bbox 1663 3532 2075 3598; x_wconf 87' lang='lat' dir='ltr'>Centumcellis,</span> 
     </span>
    </p>
   </div>
   <div class='ocr_carea' id='block_1_38' title="bbox 452 3623 2080 3694">
    <p class='ocr_par' dir='ltr' id='par_1_38' title="bbox 452 3623 2080 3694">
     <span class='ocr_line' id='line_1_38' title="bbox 452 3623 2080 3694; baseline 0.002 -17"><span class='ocrx_word' id='word_1_229' title='bbox 452 3623 706 3694; x_wconf 90' lang='lat' dir='ltr'>Epitatus</span> <span class='ocrx_word' id='word_1_230' title='bbox 749 3623 1040 3694; x_wconf 89' lang='lat' dir='ltr'>episcopus</span> <span class='ocrx_word' id='word_1_231' title='bbox 1088 3641 1158 3678; x_wconf 85' lang='lat' dir='ltr'>ex</span> <span class='ocrx_word' id='word_1_232' title='bbox 1202 3624 1427 3678; x_wconf 87' lang='lat' dir='ltr'>civitate</span> <span class='ocrx_word' id='word_1_233' title='bbox 1459 3624 1701 3692; x_wconf 89' lang='lat' dir='ltr'>Ostensi,</span> <span class='ocrx_word' id='word_1_234' title='bbox 1733 3626 1997 3680; x_wconf 90' lang='lat' dir='ltr'>Leontius</span> <span class='ocrx_word' id='word_1_235' title='bbox 2024 3630 2080 3680; x_wconf 92' lang='lat' dir='ltr'>et</span> 
     </span>
    </p>
   </div>
   <div class='ocr_carea' id='block_1_39' title="bbox 449 3716 1137 3788">
    <p class='ocr_par' dir='ltr' id='par_1_39' title="bbox 449 3716 1137 3788">
     <span class='ocr_line' id='line_1_39' title="bbox 449 3716 1137 3788; baseline 0.001 -18"><span class='ocrx_word' id='word_1_236' title='bbox 449 3716 763 3772; x_wconf 88' lang='lat' dir='ltr'>Macharius</span> <span class='ocrx_word' id='word_1_237' title='bbox 801 3717 1137 3788; x_wconf 81' lang='lat' dir='ltr'>presbyteri.</span> 
     </span>
    </p>
   </div>
   <div class='ocr_carea' id='block_1_40' title="bbox 523 3810 2078 3868">
    <p class='ocr_par' dir='ltr' id='par_1_40' title="bbox 523 3810 2078 3868">
     <span class='ocr_line' id='line_1_40' title="bbox 523 3810 2078 3868; baseline 0.003 -4"><span class='ocrx_word' id='word_1_238' title='bbox 523 3812 562 3865; x_wconf 87' lang='grc' dir='ltr'><strong>Ι.</strong></span> <span class='ocrx_word' id='word_1_239' title='bbox 594 3810 856 3866; x_wconf 89' lang='lat' dir='ltr'>Ordinari</span> <span class='ocrx_word' id='word_1_240' title='bbox 889 3810 961 3863; x_wconf 91' lang='lat' dir='ltr'>ad</span> <span class='ocrx_word' id='word_1_241' title='bbox 998 3810 1332 3865; x_wconf 87' lang='lat' dir='ltr'>diaconatus</span> <span class='ocrx_word' id='word_1_242' title='bbox 1360 3812 1448 3865; x_wconf 87' lang='lat' dir='ltr'>vel</span> <span class='ocrx_word' id='word_1_243' title='bbox 1489 3812 1784 3867; x_wconf 85' lang='lat' dir='ltr'>sacerdotii</span> <span class='ocrx_word' id='word_1_244' title='bbox 1830 3813 2078 3868; x_wconf 86' lang='lat' dir='ltr'>ofﬁcium</span> 
     </span>
    </p>
   </div>
   <div class='ocr_carea' id='block_1_41' title="bbox 449 3902 1190 3974">
    <p class='ocr_par' dir='ltr' id='par_1_41' title="bbox 449 3902 1190 3974">
     <span class='ocr_line' id='line_1_41' title="bbox 449 3902 1190 3974; baseline -0.003 -14"><span class='ocrx_word' id='word_1_245' title='bbox 449 3903 786 3974; x_wconf 89' lang='lat' dir='ltr'>neophitum</span> <span class='ocrx_word' id='word_1_246' title='bbox 822 3919 936 3957; x_wconf 90' lang='lat' dir='ltr'>non</span> <span class='ocrx_word' id='word_1_247' title='bbox 964 3902 1190 3958; x_wconf 90' lang='lat' dir='ltr'>debere.</span> 
     </span>
    </p>
   </div>
   <div class='ocr_carea' id='block_1_42' title="bbox 527 3993 2079 4072">
    <p class='ocr_par' dir='ltr' id='par_1_42' title="bbox 527 3993 2079 4072">
     <span class='ocr_line' id='line_1_42' title="bbox 527 3993 2079 4072; baseline 0.002 -20"><span class='ocrx_word' id='word_1_248' title='bbox 527 4000 591 4052; x_wconf 93' lang='lat' dir='ltr'>ll.</span> <span class='ocrx_word' id='word_1_249' title='bbox 626 3996 844 4052; x_wconf 84' lang='lat' dir='ltr'>Assumi</span> <span class='ocrx_word' id='word_1_250' title='bbox 870 3996 1121 4067; x_wconf 87' lang='lat' dir='ltr'>aliquem</span> <span class='ocrx_word' id='word_1_251' title='bbox 1149 3993 1220 4051; x_wconf 88' lang='lat' dir='ltr'>ad</span> <span class='ocrx_word' id='word_1_252' title='bbox 1247 3996 1634 4053; x_wconf 89' lang='lat' dir='ltr'>sacerdotium</span> <span class='ocrx_word' id='word_1_253' title='bbox 1674 4016 1792 4054; x_wconf 93' lang='lat' dir='ltr'>non</span> <span class='ocrx_word' id='word_1_254' title='bbox 1822 4017 1987 4072; x_wconf 89' lang='lat' dir='ltr'>posse</span> <span class='ocrx_word' id='word_1_255' title='bbox 2021 4001 2079 4055; x_wconf 93' lang='lat' dir='ltr'>in</span> 
     </span>
    </p>
   </div>
   <div class='ocr_carea' id='block_1_43' title="bbox 452 4089 2082 4165">
    <p class='ocr_par' dir='ltr' id='par_1_43' title="bbox 452 4089 2082 4165">
     <span class='ocr_line' id='line_1_43' title="bbox 452 4089 2082 4165; baseline 0.002 -19"><span class='ocrx_word' id='word_1_256' title='bbox 452 4089 705 4161; x_wconf 87' lang='lat' dir='ltr'>conjugii</span> <span class='ocrx_word' id='word_1_257' title='bbox 749 4089 971 4144; x_wconf 90' lang='lat' dir='ltr'>vinculo</span> <span class='ocrx_word' id='word_1_258' title='bbox 1013 4089 1406 4160; x_wconf 87' lang='lat' dir='ltr'>constitutum,</span> <span class='ocrx_word' id='word_1_259' title='bbox 1437 4093 1539 4146; x_wconf 92' lang='lat' dir='ltr'>nisi</span> <span class='ocrx_word' id='word_1_260' title='bbox 1584 4093 1757 4148; x_wconf 87' lang='lat' dir='ltr'>fuerit</span> <span class='ocrx_word' id='word_1_261' title='bbox 1803 4095 2082 4165; x_wconf 89' lang='lat' dir='ltr'>promissa</span> 
     </span>
    </p>
   </div>
   <div class='ocr_carea' id='block_1_44' title="bbox 454 4183 1387 4255">
    <p class='ocr_par' dir='ltr' id='par_1_44' title="bbox 454 4183 1387 4255">
     <span class='ocr_line' id='line_1_44' title="bbox 454 4183 1387 4255; baseline -0.006 -15"><span class='ocrx_word' id='word_1_262' title='bbox 454 4183 758 4240; x_wconf 88' lang='lat' dir='ltr'>conversio.</span> <span class='ocrx_word' id='word_1_263' title='bbox 1380 4247 1387 4255; x_wconf 32' lang='grc' dir='ltr'><strong>η</strong></span> 
     </span>
    </p>
   </div>
   <div class='ocr_carea' id='block_1_45' title="bbox 529 4277 2079 4352">
    <p class='ocr_par' dir='ltr' id='par_1_45' title="bbox 529 4277 2079 4352">
     <span class='ocr_line' id='line_1_45' title="bbox 529 4277 2079 4352; baseline 0.003 -20"><span class='ocrx_word' id='word_1_264' title='bbox 529 4280 615 4334; x_wconf 94' lang='lat' dir='ltr'>IlI.</span> <span class='ocrx_word' id='word_1_265' title='bbox 644 4278 700 4333; x_wconf 92' lang='lat' dir='ltr'>Si</span> <span class='ocrx_word' id='word_1_266' title='bbox 729 4277 855 4350; x_wconf 90' lang='lat' dir='ltr'>quis</span> <span class='ocrx_word' id='word_1_267' title='bbox 884 4279 954 4333; x_wconf 88' lang='lat' dir='ltr'>de</span> <span class='ocrx_word' id='word_1_268' title='bbox 978 4279 1194 4334; x_wconf 84' lang='lat' dir='ltr'>clericis</span> <span class='ocrx_word' id='word_1_269' title='bbox 1219 4296 1252 4334; x_wconf 85' lang='lat' dir='ltr'>a</span> <span class='ocrx_word' id='word_1_270' title='bbox 1279 4281 1454 4352; x_wconf 90' lang='lat' dir='ltr'>gradu</span> <span class='ocrx_word' id='word_1_271' title='bbox 1482 4280 1807 4336; x_wconf 90' lang='lat' dir='ltr'>diaconatus</span> <span class='ocrx_word' id='word_1_272' title='bbox 1837 4283 1895 4336; x_wconf 91' lang='lat' dir='ltr'>in</span> <span class='ocrx_word' id='word_1_273' title='bbox 1935 4285 2079 4338; x_wconf 90' lang='lat' dir='ltr'>sola-</span> 
     </span>
    </p>
   </div>
   <div class='ocr_carea' id='block_1_46' title="bbox 453 4371 2080 4445">
    <p class='ocr_par' dir='ltr' id='par_1_46' title="bbox 453 4371 2080 4445">
     <span class='ocr_line' id='line_1_46' title="bbox 453 4371 2080 4445; baseline 0.001 -16"><span class='ocrx_word' id='word_1_274' title='bbox 453 4371 532 4429; x_wconf 88' lang='lat' dir='ltr'>tio</span> <span class='ocrx_word' id='word_1_275' title='bbox 567 4389 666 4426; x_wconf 89' lang='lat' dir='ltr'>suo</span> <span class='ocrx_word' id='word_1_276' title='bbox 708 4372 1007 4426; x_wconf 91' lang='lat' dir='ltr'>mulierem</span> <span class='ocrx_word' id='word_1_277' title='bbox 1036 4379 1248 4445; x_wconf 67' lang='lat' dir='ltr'>praeter</span> <span class='ocrx_word' id='word_1_278' title='bbox 1270 4374 1474 4441; x_wconf 89' lang='lat' dir='ltr'>aviam,</span> <span class='ocrx_word' id='word_1_279' title='bbox 1512 4381 1774 4443; x_wconf 89' lang='lat' dir='ltr'>matrem,</span> <span class='ocrx_word' id='word_1_280' title='bbox 1807 4394 2080 4444; x_wconf 87' lang='lat' dir='ltr'>sororem,</span> 
     </span>
    </p>
   </div>
   <div class='ocr_carea' id='block_1_47' title="bbox 454 4467 2079 4537">
    <p class='ocr_par' dir='ltr' id='par_1_47' title="bbox 454 4467 2079 4537">
     <span class='ocr_line' id='line_1_47' title="bbox 454 4467 2079 4537; baseline 0.002 -17"><span class='ocrx_word' id='word_1_281' title='bbox 454 4467 650 4533; x_wconf 89' lang='lat' dir='ltr'>ﬁliam,</span> <span class='ocrx_word' id='word_1_282' title='bbox 678 4469 928 4537; x_wconf 89' lang='lat' dir='ltr'>neptem,</span> <span class='ocrx_word' id='word_1_283' title='bbox 959 4467 1046 4520; x_wconf 90' lang='lat' dir='ltr'>vel</span> <span class='ocrx_word' id='word_1_284' title='bbox 1096 4484 1428 4522; x_wconf 90' lang='lat' dir='ltr'>conversam</span> <span class='ocrx_word' id='word_1_285' title='bbox 1475 4485 1665 4524; x_wconf 91' lang='lat' dir='ltr'>secum</span> <span class='ocrx_word' id='word_1_286' title='bbox 1707 4487 1940 4525; x_wconf 77' lang='lat' dir='ltr'>uxorem</span> <span class='ocrx_word' id='word_1_287' title='bbox 1979 4471 2079 4524; x_wconf 87' lang='lat' dir='ltr'>ha-</span> 
     </span>
    </p>
   </div>
   <div class='ocr_carea' id='block_1_48' title="bbox 2099 3198 2153 3272">
    <p class='ocr_par' dir='ltr' id='par_1_48' title="bbox 2099 3198 2153 3272">
     <span class='ocr_line' id='line_1_48' title="bbox 2099 3198 2153 3272; baseline 0 0"><span class='ocrx_word' id='word_1_288' title='bbox 2099 3198 2153 3272; x_wconf 89' lang='lat' dir='ltr'><strong>C</strong></span> 
     </span>
    </p>
   </div>
   <div class='ocr_carea' id='block_1_49' title="bbox 2172 540 2399 594">
    <p class='ocr_par' dir='ltr' id='par_1_49' title="bbox 2172 540 2399 594">
     <span class='ocr_line' id='line_1_49' title="bbox 2172 540 2399 594; baseline -0.004 0"><span class='ocrx_word' id='word_1_289' title='bbox 2172 540 2399 594; x_wconf 88' lang='lat' dir='ltr'>debere.</span> 
     </span>
    </p>
   </div>
   <div class='ocr_carea' id='block_1_50' title="bbox 2243 632 3807 706">
    <p class='ocr_par' dir='ltr' id='par_1_50' title="bbox 2243 632 3807 706">
     <span class='ocr_line' id='line_1_50' title="bbox 2243 632 3807 706; baseline 0 -20"><span class='ocrx_word' id='word_1_290' title='bbox 2243 634 2350 687; x_wconf 91' lang='lat' dir='ltr'>VII.</span> <span class='ocrx_word' id='word_1_291' title='bbox 2381 632 2436 686; x_wconf 90' lang='lat' dir='ltr'>Si</span> <span class='ocrx_word' id='word_1_292' title='bbox 2464 632 2562 702; x_wconf 89' lang='lat' dir='ltr'>qui</span> <span class='ocrx_word' id='word_1_293' title='bbox 2594 649 2652 686; x_wconf 92' lang='lat' dir='ltr'>se</span> <span class='ocrx_word' id='word_1_294' title='bbox 2684 633 2894 687; x_wconf 88' lang='lat' dir='ltr'>carnali</span> <span class='ocrx_word' id='word_1_295' title='bbox 2939 632 3073 688; x_wconf 81' lang='lat' dir='ltr'>vitio</span> <span class='ocrx_word' id='word_1_296' title='bbox 3118 650 3442 706; x_wconf 88' lang='lat' dir='ltr'>repugnare</span> <span class='ocrx_word' id='word_1_297' title='bbox 3490 635 3807 688; x_wconf 81' lang='lat' dir='ltr'>nescientes</span> 
     </span>
    </p>
   </div>
   <div class='ocr_carea' id='block_1_51' title="bbox 2173 725 3635 799">
    <p class='ocr_par' dir='ltr' id='par_1_51' title="bbox 2173 725 3635 799">
     <span class='ocr_line' id='line_1_51' title="bbox 2173 725 3635 799; baseline 0.002 -20"><span class='ocrx_word' id='word_1_298' title='bbox 2173 725 2529 791; x_wconf 88' lang='lat' dir='ltr'>abscindunt,</span> <span class='ocrx_word' id='word_1_299' title='bbox 2563 725 2632 778; x_wconf 89' lang='lat' dir='ltr'>ad</span> <span class='ocrx_word' id='word_1_300' title='bbox 2662 727 2876 780; x_wconf 91' lang='lat' dir='ltr'>clerum</span> <span class='ocrx_word' id='word_1_301' title='bbox 2907 728 3204 798; x_wconf 86' lang='lat' dir='ltr'>pervenire</span> <span class='ocrx_word' id='word_1_302' title='bbox 3231 746 3347 782; x_wconf 91' lang='lat' dir='ltr'>non</span> <span class='ocrx_word' id='word_1_303' title='bbox 3378 734 3635 799; x_wconf 88' lang='lat' dir='ltr'>possunt.</span> 
     </span>
    </p>
   </div>
   <div class='ocr_carea' id='block_1_52' title="bbox 2248 817 3803 888">
    <p class='ocr_par' dir='ltr' id='par_1_52' title="bbox 2248 817 3803 888">
     <span class='ocr_line' id='line_1_52' title="bbox 2248 817 3803 888; baseline 0.003 -18"><span class='ocrx_word' id='word_1_304' title='bbox 2248 819 2372 873; x_wconf 85' lang='lat' dir='ltr'>VIII.</span> <span class='ocrx_word' id='word_1_305' title='bbox 2416 817 2473 872; x_wconf 91' lang='lat' dir='ltr'>Si</span> <span class='ocrx_word' id='word_1_306' title='bbox 2517 817 2642 888; x_wconf 89' lang='lat' dir='ltr'>quis</span> <span class='ocrx_word' id='word_1_307' title='bbox 2683 821 3240 876; x_wconf 89' lang='lat' dir='ltr'>excommunicatum</span> <span class='ocrx_word' id='word_1_308' title='bbox 3281 821 3514 876; x_wconf 90' lang='lat' dir='ltr'>alterius</span> <span class='ocrx_word' id='word_1_309' title='bbox 3545 823 3658 876; x_wconf 86' lang='lat' dir='ltr'>sive</span> <span class='ocrx_word' id='word_1_310' title='bbox 3689 821 3803 875; x_wconf 88' lang='lat' dir='ltr'>cle-</span> 
     </span>
    </p>
   </div>
   <div class='ocr_carea' id='block_1_53' title="bbox 2175 911 3805 986">
    <p class='ocr_par' dir='ltr' id='par_1_53' title="bbox 2175 911 3805 986">
     <span class='ocr_line' id='line_1_53' title="bbox 2175 911 3805 986; baseline 0.002 -20"><span class='ocrx_word' id='word_1_311' title='bbox 2175 911 2378 980; x_wconf 86' lang='lat' dir='ltr'>ricum,</span> <span class='ocrx_word' id='word_1_312' title='bbox 2425 912 2537 966; x_wconf 87' lang='lat' dir='ltr'>sive</span> <span class='ocrx_word' id='word_1_313' title='bbox 2582 913 2909 967; x_wconf 67' lang='lat' dir='ltr'>saecularem</span> <span class='ocrx_word' id='word_1_314' title='bbox 2959 914 3213 985; x_wconf 88' lang='lat' dir='ltr'>recipere</span> <span class='ocrx_word' id='word_1_315' title='bbox 3259 919 3389 986; x_wconf 89' lang='lat' dir='ltr'>post</span> <span class='ocrx_word' id='word_1_316' title='bbox 3433 915 3805 970; x_wconf 90' lang='lat' dir='ltr'>interdictum</span> 
     </span>
    </p>
   </div>
   <div class='ocr_carea' id='block_1_54' title="bbox 2175 1004 3807 1078">
    <p class='ocr_par' dir='ltr' id='par_1_54' title="bbox 2175 1004 3807 1078">
     <span class='ocr_line' id='line_1_54' title="bbox 2175 1004 3807 1078; baseline 0.001 -18"><span class='ocrx_word' id='word_1_317' title='bbox 2175 1006 2616 1077; x_wconf 70' lang='lat' dir='ltr'>pmsumpserit,</span> <span class='ocrx_word' id='word_1_318' title='bbox 2644 1004 2770 1078; x_wconf 85' lang='lat'>90</span> <span class='ocrx_word' id='word_1_319' title='bbox 2799 1008 3022 1061; x_wconf 88' lang='lat' dir='ltr'>noverit</span> <span class='ocrx_word' id='word_1_320' title='bbox 3050 1025 3107 1062; x_wconf 90' lang='lat' dir='ltr'>se</span> <span class='ocrx_word' id='word_1_321' title='bbox 3127 1025 3292 1063; x_wconf 91' lang='lat' dir='ltr'>reum</span> <span class='ocrx_word' id='word_1_322' title='bbox 3325 1008 3700 1064; x_wconf 85' lang='lat' dir='ltr'>fraternitatis</span> <span class='ocrx_word' id='word_1_323' title='bbox 3727 1009 3807 1062; x_wconf 87' lang='lat' dir='ltr'>fa-</span> 
     </span>
    </p>
   </div>
   <div class='ocr_carea' id='block_1_55' title="bbox 2176 1099 3336 1156">
    <p class='ocr_par' dir='ltr' id='par_1_55' title="bbox 2176 1099 3336 1156">
     <span class='ocr_line' id='line_1_55' title="bbox 2176 1099 3336 1156; baseline 0.003 -4"><span class='ocrx_word' id='word_1_324' title='bbox 2176 1102 2331 1152; x_wconf 92' lang='lat' dir='ltr'>ctum</span> <span class='ocrx_word' id='word_1_325' title='bbox 2357 1115 2582 1153; x_wconf 87' lang='lat' dir='ltr'>causam</span> <span class='ocrx_word' id='word_1_326' title='bbox 2608 1099 2664 1153; x_wconf 94' lang='lat' dir='ltr'>in</span> <span class='ocrx_word' id='word_1_327' title='bbox 2695 1100 2930 1154; x_wconf 90' lang='lat' dir='ltr'>concilio</span> <span class='ocrx_word' id='word_1_328' title='bbox 2956 1101 3336 1156; x_wconf 89' lang='lat' dir='ltr'>redditurum.</span> 
     </span>
    </p>
   </div>
   <div class='ocr_carea' id='block_1_56' title="bbox 2247 1193 3804 1267">
    <p class='ocr_par' dir='ltr' id='par_1_56' title="bbox 2247 1193 3804 1267">
     <span class='ocr_line' id='line_1_56' title="bbox 2247 1193 3804 1267; baseline 0.003 -22"><span class='ocrx_word' id='word_1_329' title='bbox 2247 1194 2329 1246; x_wconf 79' lang='lat' dir='ltr'>IX.</span> <span class='ocrx_word' id='word_1_330' title='bbox 2363 1194 2730 1246; x_wconf 87' lang='lat' dir='ltr'>Novatianum</span> <span class='ocrx_word' id='word_1_331' title='bbox 2762 1193 2818 1247; x_wconf 91' lang='lat' dir='ltr'>in</span> <span class='ocrx_word' id='word_1_332' title='bbox 2857 1195 3317 1250; x_wconf 90' lang='lat' dir='ltr'>communionem</span> <span class='ocrx_word' id='word_1_333' title='bbox 3348 1195 3523 1267; x_wconf 90' lang='lat' dir='ltr'>recipi</span> <span class='ocrx_word' id='word_1_334' title='bbox 3551 1213 3668 1250; x_wconf 93' lang='lat' dir='ltr'>non</span> <span class='ocrx_word' id='word_1_335' title='bbox 3700 1197 3804 1250; x_wconf 92' lang='lat' dir='ltr'>de-</span> 
     </span>
    </p>
   </div>
   <div class='ocr_carea' id='block_1_57' title="bbox 2176 1285 3809 1360">
    <p class='ocr_par' dir='ltr' id='par_1_57' title="bbox 2176 1285 3809 1360">
     <span class='ocr_line' id='line_1_57' title="bbox 2176 1285 3809 1360; baseline 0.002 -21"><span class='ocrx_word' id='word_1_336' title='bbox 2176 1285 2333 1351; x_wconf 91' lang='lat' dir='ltr'>bere,</span> <span class='ocrx_word' id='word_1_337' title='bbox 2359 1286 2463 1339; x_wconf 88' lang='lat' dir='ltr'>nisi</span> <span class='ocrx_word' id='word_1_338' title='bbox 2493 1291 2750 1356; x_wconf 90' lang='lat' dir='ltr'>suscepta</span> <span class='ocrx_word' id='word_1_339' title='bbox 2779 1287 3113 1358; x_wconf 63' lang='lat' dir='ltr'>pugnitentia</span> <span class='ocrx_word' id='word_1_340' title='bbox 3141 1289 3554 1343; x_wconf 88' lang='lat' dir='ltr'>incredulitatis</span> <span class='ocrx_word' id='word_1_341' title='bbox 3576 1293 3809 1360; x_wconf 82' lang='lat' dir='ltr'>praeter-</span> 
     </span>
    </p>
   </div>
   <div class='ocr_carea' id='block_1_58' title="bbox 2177 1379 2884 1436">
    <p class='ocr_par' dir='ltr' id='par_1_58' title="bbox 2177 1379 2884 1436">
     <span class='ocr_line' id='line_1_58' title="bbox 2177 1379 2884 1436; baseline 0.004 -4"><span class='ocrx_word' id='word_1_342' title='bbox 2177 1379 2320 1433; x_wconf 91' lang='lat' dir='ltr'>itum</span> <span class='ocrx_word' id='word_1_343' title='bbox 2351 1379 2584 1434; x_wconf 88' lang='lat' dir='ltr'>damnet</span> <span class='ocrx_word' id='word_1_344' title='bbox 2611 1396 2884 1436; x_wconf 90' lang='lat' dir='ltr'>errorem.</span> 
     </span>
    </p>
   </div>
   <div class='ocr_carea' id='block_1_59' title="bbox 2250 1473 3810 1547">
    <p class='ocr_par' dir='ltr' id='par_1_59' title="bbox 2250 1473 3810 1547">
     <span class='ocr_line' id='line_1_59' title="bbox 2250 1473 3810 1547; baseline 0.003 -22"><span class='ocrx_word' id='word_1_345' title='bbox 2250 1473 2310 1526; x_wconf 87' lang='lat' dir='ltr'>X.</span> <span class='ocrx_word' id='word_1_346' title='bbox 2342 1473 2417 1526; x_wconf 87' lang='lat' dir='ltr'>De</span> <span class='ocrx_word' id='word_1_347' title='bbox 2451 1473 2538 1526; x_wconf 91' lang='lat' dir='ltr'>his</span> <span class='ocrx_word' id='word_1_348' title='bbox 2566 1474 2663 1544; x_wconf 89' lang='lat' dir='ltr'>qui</span> <span class='ocrx_word' id='word_1_349' title='bbox 2686 1475 2745 1528; x_wconf 92' lang='lat' dir='ltr'>in</span> <span class='ocrx_word' id='word_1_350' title='bbox 2770 1476 3164 1545; x_wconf 90' lang='lat' dir='ltr'>persecutione</span> <span class='ocrx_word' id='word_1_351' title='bbox 3202 1477 3551 1547; x_wconf 74' lang='lat' dir='ltr'>praevaricati</span> <span class='ocrx_word' id='word_1_352' title='bbox 3577 1480 3726 1547; x_wconf 90' lang='lat' dir='ltr'>sunt,</span> <span class='ocrx_word' id='word_1_353' title='bbox 3759 1477 3810 1530; x_wconf 93' lang='lat' dir='ltr'>si</span> 
     </span>
    </p>
   </div>
   <div class='ocr_carea' id='block_1_60' title="bbox 2177 1567 3806 1640">
    <p class='ocr_par' dir='ltr' id='par_1_60' title="bbox 2177 1567 3806 1640">
     <span class='ocr_line' id='line_1_60' title="bbox 2177 1567 3806 1640; baseline 0.002 -20"><span class='ocrx_word' id='word_1_354' title='bbox 2177 1567 2493 1621; x_wconf 87' lang='lat' dir='ltr'>voluntarie</span> <span class='ocrx_word' id='word_1_355' title='bbox 2523 1567 2694 1622; x_wconf 90' lang='lat' dir='ltr'>ﬁdem</span> <span class='ocrx_word' id='word_1_356' title='bbox 2729 1569 3080 1639; x_wconf 80' lang='lat' dir='ltr'>negaverint,</span> <span class='ocrx_word' id='word_1_357' title='bbox 3114 1569 3222 1623; x_wconf 92' lang='lat' dir='ltr'>hoc</span> <span class='ocrx_word' id='word_1_358' title='bbox 3253 1570 3320 1624; x_wconf 93' lang='lat' dir='ltr'>de</span> <span class='ocrx_word' id='word_1_359' title='bbox 3349 1571 3428 1624; x_wconf 88' lang='lat' dir='ltr'>eis</span> <span class='ocrx_word' id='word_1_360' title='bbox 3454 1571 3680 1624; x_wconf 59' lang='lat' dir='ltr'>Nicaana</span> <span class='ocrx_word' id='word_1_361' title='bbox 3710 1588 3806 1640; x_wconf 77' lang='lat' dir='ltr'>sy-</span> 
     </span>
    </p>
   </div>
   <div class='ocr_carea' id='block_1_61' title="bbox 2178 1660 3807 1733">
    <p class='ocr_par' dir='ltr' id='par_1_61' title="bbox 2178 1660 3807 1733">
     <span class='ocr_line' id='line_1_61' title="bbox 2178 1660 3807 1733; baseline 0.002 -20"><span class='ocrx_word' id='word_1_362' title='bbox 2178 1660 2362 1714; x_wconf 91' lang='lat' dir='ltr'>nodus</span> <span class='ocrx_word' id='word_1_363' title='bbox 2387 1660 2596 1727; x_wconf 88' lang='lat' dir='ltr'>statuit,</span> <span class='ocrx_word' id='word_1_364' title='bbox 2620 1664 2683 1714; x_wconf 86' lang='lat' dir='ltr'>ut</span> <span class='ocrx_word' id='word_1_365' title='bbox 2714 1661 2969 1733; x_wconf 87' lang='lat' dir='ltr'>quinque</span> <span class='ocrx_word' id='word_1_366' title='bbox 2998 1662 3164 1715; x_wconf 91' lang='lat' dir='ltr'>annis</span> <span class='ocrx_word' id='word_1_367' title='bbox 3185 1663 3337 1716; x_wconf 92' lang='lat' dir='ltr'>inter</span> <span class='ocrx_word' id='word_1_368' title='bbox 3361 1663 3807 1717; x_wconf 86' lang='lat' dir='ltr'>catechumenos</span> 
     </span>
    </p>
   </div>
   <div class='ocr_carea' id='block_1_62' title="bbox 2182 1752 3811 1825">
    <p class='ocr_par' dir='ltr' id='par_1_62' title="bbox 2182 1752 3811 1825">
     <span class='ocr_line' id='line_1_62' title="bbox 2182 1752 3811 1825; baseline 0.002 -19"><span class='ocrx_word' id='word_1_369' title='bbox 2182 1759 2399 1820; x_wconf 84' lang='lat' dir='ltr'>exeant,</span> <span class='ocrx_word' id='word_1_370' title='bbox 2425 1758 2482 1807; x_wconf 91' lang='lat' dir='ltr'>et</span> <span class='ocrx_word' id='word_1_371' title='bbox 2504 1752 2644 1807; x_wconf 92' lang='lat' dir='ltr'>duos</span> <span class='ocrx_word' id='word_1_372' title='bbox 2668 1754 2822 1807; x_wconf 90' lang='lat' dir='ltr'>inter</span> <span class='ocrx_word' id='word_1_373' title='bbox 2845 1754 3441 1825; x_wconf 89' lang='lat' dir='ltr'>discommunicantes,</span> <span class='ocrx_word' id='word_1_374' title='bbox 3468 1756 3544 1810; x_wconf 84' lang='lat' dir='ltr'>ita</span> <span class='ocrx_word' id='word_1_375' title='bbox 3565 1761 3630 1810; x_wconf 90' lang='lat' dir='ltr'>ut</span> <span class='ocrx_word' id='word_1_376' title='bbox 3654 1773 3811 1810; x_wconf 57' lang='lat' dir='ltr'>com-</span> 
     </span>
    </p>
   </div>
   <div class='ocr_carea' id='block_1_63' title="bbox 2181 1846 3813 1920">
    <p class='ocr_par' dir='ltr' id='par_1_63' title="bbox 2181 1846 3813 1920">
     <span class='ocr_line' id='line_1_63' title="bbox 2181 1846 3813 1920; baseline 0.002 -21"><span class='ocrx_word' id='word_1_377' title='bbox 2181 1846 2512 1900; x_wconf 91' lang='lat' dir='ltr'>munionem</span> <span class='ocrx_word' id='word_1_378' title='bbox 2541 1847 2690 1901; x_wconf 90' lang='lat' dir='ltr'>inter</span> <span class='ocrx_word' id='word_1_379' title='bbox 2718 1848 3051 1918; x_wconf 64' lang='lat' dir='ltr'>poenitentes</span> <span class='ocrx_word' id='word_1_380' title='bbox 3082 1865 3196 1902; x_wconf 92' lang='lat' dir='ltr'>non</span> <span class='ocrx_word' id='word_1_381' title='bbox 3229 1854 3594 1919; x_wconf 67' lang='lat' dir='ltr'>praesumant,</span> <span class='ocrx_word' id='word_1_382' title='bbox 3623 1849 3680 1902; x_wconf 93' lang='lat' dir='ltr'>in</span> <span class='ocrx_word' id='word_1_383' title='bbox 3709 1866 3813 1920; x_wconf 90' lang='lat' dir='ltr'>po-</span> 
     </span>
    </p>
   </div>
   <div class='ocr_carea' id='block_1_64' title="bbox 2179 1940 3807 2014">
    <p class='ocr_par' dir='ltr' id='par_1_64' title="bbox 2179 1940 3807 2014">
     <span class='ocr_line' id='line_1_64' title="bbox 2179 1940 3807 2014; baseline 0.001 -20"><span class='ocrx_word' id='word_1_384' title='bbox 2179 1943 2382 1994; x_wconf 89' lang='lat' dir='ltr'>testate</span> <span class='ocrx_word' id='word_1_385' title='bbox 2408 1944 2600 1994; x_wconf 87' lang='lat' dir='ltr'>tamen</span> <span class='ocrx_word' id='word_1_386' title='bbox 2623 1941 2712 1994; x_wconf 88' lang='lat' dir='ltr'>vel</span> <span class='ocrx_word' id='word_1_387' title='bbox 2741 1940 2973 1995; x_wconf 87' lang='lat' dir='ltr'>arbitrio</span> <span class='ocrx_word' id='word_1_388' title='bbox 3007 1941 3112 1995; x_wconf 90' lang='lat' dir='ltr'>erit</span> <span class='ocrx_word' id='word_1_389' title='bbox 3142 1941 3415 2014; x_wconf 87' lang='lat' dir='ltr'>episcopi,</span> <span class='ocrx_word' id='word_1_390' title='bbox 3439 1947 3504 1996; x_wconf 90' lang='lat' dir='ltr'>ut</span> <span class='ocrx_word' id='word_1_391' title='bbox 3529 1943 3573 1996; x_wconf 90' lang='lat' dir='ltr'>si</span> <span class='ocrx_word' id='word_1_392' title='bbox 3606 1959 3700 1996; x_wconf 91' lang='lat' dir='ltr'>eos</span> <span class='ocrx_word' id='word_1_393' title='bbox 3736 1958 3807 1996; x_wconf 80' lang='lat' dir='ltr'>ex</span> 
     </span>
    </p>
   </div>
   <div class='ocr_carea' id='block_1_65' title="bbox 2179 2033 3806 2106">
    <p class='ocr_par' dir='ltr' id='par_1_65' title="bbox 2179 2033 3806 2106">
     <span class='ocr_line' id='line_1_65' title="bbox 2179 2033 3806 2106; baseline 0.002 -20"><span class='ocrx_word' id='word_1_394' title='bbox 2179 2033 2369 2086; x_wconf 90' lang='lat' dir='ltr'>animo</span> <span class='ocrx_word' id='word_1_395' title='bbox 2395 2049 2649 2087; x_wconf 89' lang='lat' dir='ltr'>errorem</span> <span class='ocrx_word' id='word_1_396' title='bbox 2676 2034 2883 2088; x_wconf 89' lang='lat' dir='ltr'>deﬂere</span> <span class='ocrx_word' id='word_1_397' title='bbox 2905 2039 2960 2088; x_wconf 91' lang='lat' dir='ltr'>et</span> <span class='ocrx_word' id='word_1_398' title='bbox 2981 2051 3150 2104; x_wconf 88' lang='lat' dir='ltr'>agere</span> <span class='ocrx_word' id='word_1_399' title='bbox 3169 2035 3566 2106; x_wconf 80' lang='lat' dir='ltr'>paenitentiam</span> <span class='ocrx_word' id='word_1_400' title='bbox 3580 2035 3806 2103; x_wconf 89' lang='lat' dir='ltr'>viderit,</span> 
     </span>
    </p>
   </div>
   <div class='ocr_carea' id='block_1_66' title="bbox 2180 2125 3805 2198">
    <p class='ocr_par' dir='ltr' id='par_1_66' title="bbox 2180 2125 3805 2198">
     <span class='ocr_line' id='line_1_66' title="bbox 2180 2125 3805 2198; baseline 0.001 -19"><span class='ocrx_word' id='word_1_401' title='bbox 2180 2125 2226 2179; x_wconf 88' lang='lat' dir='ltr'>si</span> <span class='ocrx_word' id='word_1_402' title='bbox 2255 2127 2321 2180; x_wconf 91' lang='lat' dir='ltr'>ad</span> <span class='ocrx_word' id='word_1_403' title='bbox 2349 2125 2806 2181; x_wconf 88' lang='lat' dir='ltr'>communionem</span> <span class='ocrx_word' id='word_1_404' title='bbox 2837 2127 2896 2180; x_wconf 91' lang='lat' dir='ltr'>in</span> <span class='ocrx_word' id='word_1_405' title='bbox 2921 2127 3148 2198; x_wconf 90' lang='lat' dir='ltr'>propria</span> <span class='ocrx_word' id='word_1_406' title='bbox 3177 2128 3412 2182; x_wconf 90' lang='lat' dir='ltr'>ecclesia</span> <span class='ocrx_word' id='word_1_407' title='bbox 3437 2129 3571 2182; x_wconf 90' lang='lat' dir='ltr'>velit</span> <span class='ocrx_word' id='word_1_408' title='bbox 3601 2129 3805 2183; x_wconf 85' lang='lat' dir='ltr'>huma-</span> 
     </span>
    </p>
   </div>
   <div class='ocr_carea' id='block_1_67' title="bbox 2179 2219 2737 2291">
    <p class='ocr_par' dir='ltr' id='par_1_67' title="bbox 2179 2219 2737 2291">
     <span class='ocr_line' id='line_1_67' title="bbox 2179 2219 2737 2291; baseline 0.005 -19"><span class='ocrx_word' id='word_1_409' title='bbox 2179 2219 2354 2273; x_wconf 90' lang='lat' dir='ltr'>nitate</span> <span class='ocrx_word' id='word_1_410' title='bbox 2389 2220 2688 2291; x_wconf 88' lang='lat' dir='ltr'>suscipere.</span> <span class='ocrx_word' id='word_1_411' title='bbox 2717 2225 2737 2268; x_wconf 57' lang='lat'><strong><em>4&quot;</em></strong></span> 
     </span>
    </p>
   </div>
   <div class='ocr_carea' id='block_1_68' title="bbox 2249 2313 3807 2386">
    <p class='ocr_par' dir='ltr' id='par_1_68' title="bbox 2249 2313 3807 2386">
     <span class='ocr_line' id='line_1_68' title="bbox 2249 2313 3807 2386; baseline 0.002 -20"><span class='ocrx_word' id='word_1_412' title='bbox 2249 2313 2288 2366; x_wconf 85' lang='grc' dir='ltr'>Χ</span> <span class='ocrx_word' id='word_1_413' title='bbox 2297 2313 2332 2366; x_wconf 93' lang='grc'>1.</span> <span class='ocrx_word' id='word_1_414' title='bbox 2365 2313 2418 2367; x_wconf 91' lang='lat' dir='ltr'>Si</span> <span class='ocrx_word' id='word_1_415' title='bbox 2446 2313 2544 2383; x_wconf 89' lang='lat' dir='ltr'>qui</span> <span class='ocrx_word' id='word_1_416' title='bbox 2571 2329 2704 2367; x_wconf 93' lang='lat' dir='ltr'>vero</span> <span class='ocrx_word' id='word_1_417' title='bbox 2729 2313 2921 2368; x_wconf 87' lang='lat' dir='ltr'>dolore</span> <span class='ocrx_word' id='word_1_418' title='bbox 2947 2313 3078 2367; x_wconf 90' lang='lat' dir='ltr'>victi</span> <span class='ocrx_word' id='word_1_419' title='bbox 3103 2318 3158 2368; x_wconf 91' lang='lat' dir='ltr'>et</span> <span class='ocrx_word' id='word_1_420' title='bbox 3182 2315 3430 2385; x_wconf 90' lang='lat' dir='ltr'>pondere</span> <span class='ocrx_word' id='word_1_421' title='bbox 3460 2313 3807 2386; x_wconf 85' lang='lat' dir='ltr'>persecutio-</span> 
     </span>
    </p>
   </div>
   <div class='ocr_carea' id='block_1_69' title="bbox 2180 2405 3811 2478">
    <p class='ocr_par' dir='ltr' id='par_1_69' title="bbox 2180 2405 3811 2478">
     <span class='ocr_line' id='line_1_69' title="bbox 2180 2405 3811 2478; baseline 0.002 -19"><span class='ocrx_word' id='word_1_422' title='bbox 2180 2405 2266 2459; x_wconf 90' lang='lat' dir='ltr'>nis</span> <span class='ocrx_word' id='word_1_423' title='bbox 2292 2422 2502 2476; x_wconf 90' lang='lat' dir='ltr'>negare</span> <span class='ocrx_word' id='word_1_424' title='bbox 2533 2411 2587 2460; x_wconf 89' lang='lat' dir='ltr'>et</span> <span class='ocrx_word' id='word_1_425' title='bbox 2614 2406 2922 2461; x_wconf 87' lang='lat' dir='ltr'>sacriﬁcare</span> <span class='ocrx_word' id='word_1_426' title='bbox 2967 2407 3243 2478; x_wconf 89' lang='lat' dir='ltr'>compulsi</span> <span class='ocrx_word' id='word_1_427' title='bbox 3283 2411 3434 2475; x_wconf 90' lang='lat' dir='ltr'>sunt,</span> <span class='ocrx_word' id='word_1_428' title='bbox 3465 2408 3685 2464; x_wconf 91' lang='lat' dir='ltr'>duobus</span> <span class='ocrx_word' id='word_1_429' title='bbox 3712 2427 3811 2463; x_wconf 90' lang='lat' dir='ltr'>an-</span> 
     </span>
    </p>
   </div>
   <div class='ocr_carea' id='block_1_70' title="bbox 2180 2499 3810 2573">
    <p class='ocr_par' dir='ltr' id='par_1_70' title="bbox 2180 2499 3810 2573">
     <span class='ocr_line' id='line_1_70' title="bbox 2180 2499 3810 2573; baseline 0.002 -20"><span class='ocrx_word' id='word_1_430' title='bbox 2180 2499 2265 2553; x_wconf 92' lang='lat' dir='ltr'>nis</span> <span class='ocrx_word' id='word_1_431' title='bbox 2303 2499 2450 2554; x_wconf 90' lang='lat' dir='ltr'>inter</span> <span class='ocrx_word' id='word_1_432' title='bbox 2487 2499 2946 2566; x_wconf 89' lang='lat' dir='ltr'>catechumenos,</span> <span class='ocrx_word' id='word_1_433' title='bbox 2980 2500 3226 2555; x_wconf 92' lang='lat' dir='ltr'>triennio</span> <span class='ocrx_word' id='word_1_434' title='bbox 3275 2501 3429 2556; x_wconf 90' lang='lat' dir='ltr'>inter</span> <span class='ocrx_word' id='word_1_435' title='bbox 3471 2501 3810 2573; x_wconf 81' lang='lat' dir='ltr'>poenitentes</span> 
     </span>
    </p>
   </div>
   <div class='ocr_carea' id='block_1_71' title="bbox 2179 2592 3288 2665">
    <p class='ocr_par' dir='ltr' id='par_1_71' title="bbox 2179 2592 3288 2665">
     <span class='ocr_line' id='line_1_71' title="bbox 2179 2592 3288 2665; baseline 0.003 -19"><span class='ocrx_word' id='word_1_436' title='bbox 2179 2593 2494 2647; x_wconf 87' lang='lat' dir='ltr'>habeantur</span> <span class='ocrx_word' id='word_1_437' title='bbox 2520 2609 2552 2646; x_wconf 92' lang='lat' dir='ltr'>a</span> <span class='ocrx_word' id='word_1_438' title='bbox 2583 2592 2984 2648; x_wconf 90' lang='lat' dir='ltr'>communione</span> <span class='ocrx_word' id='word_1_439' title='bbox 3011 2595 3288 2665; x_wconf 88' lang='lat' dir='ltr'>suspensi.</span> 
     </span>
    </p>
   </div>
   <div class='ocr_carea' id='block_1_72' title="bbox 2249 2686 3811 2758">
    <p class='ocr_par' dir='ltr' id='par_1_72' title="bbox 2249 2686 3811 2758">
     <span class='ocr_line' id='line_1_72' title="bbox 2249 2686 3811 2758; baseline 0.004 -20"><span class='ocrx_word' id='word_1_440' title='bbox 2249 2686 2359 2739; x_wconf 86' lang='lat' dir='ltr'>XII.</span> <span class='ocrx_word' id='word_1_441' title='bbox 2393 2687 2470 2739; x_wconf 92' lang='lat' dir='ltr'>De</span> <span class='ocrx_word' id='word_1_442' title='bbox 2497 2686 2585 2739; x_wconf 89' lang='lat' dir='ltr'>his</span> <span class='ocrx_word' id='word_1_443' title='bbox 2616 2686 2714 2758; x_wconf 89' lang='lat' dir='ltr'>qui</span> <span class='ocrx_word' id='word_1_444' title='bbox 2739 2686 2799 2739; x_wconf 92' lang='lat' dir='ltr'>in</span> <span class='ocrx_word' id='word_1_445' title='bbox 2829 2687 3154 2757; x_wconf 63' lang='lat' dir='ltr'>poenitentia</span> <span class='ocrx_word' id='word_1_446' title='bbox 3194 2688 3366 2758; x_wconf 88' lang='lat' dir='ltr'>positi</span> <span class='ocrx_word' id='word_1_447' title='bbox 3408 2689 3582 2743; x_wconf 90' lang='lat' dir='ltr'>vitam</span> <span class='ocrx_word' id='word_1_448' title='bbox 3621 2706 3811 2744; x_wconf 75' lang='lat' dir='ltr'>exces-</span> 
     </span>
    </p>
   </div>
   <div class='ocr_carea' id='block_1_73' title="bbox 2178 2779 3808 2850">
    <p class='ocr_par' dir='ltr' id='par_1_73' title="bbox 2178 2779 3808 2850">
     <span class='ocr_line' id='line_1_73' title="bbox 2178 2779 3808 2850; baseline 0.001 -16"><span class='ocrx_word' id='word_1_449' title='bbox 2178 2782 2394 2845; x_wconf 90' lang='lat' dir='ltr'>serunt,</span> <span class='ocrx_word' id='word_1_450' title='bbox 2413 2779 2645 2850; x_wconf 91' lang='lat' dir='ltr'>placuit,</span> <span class='ocrx_word' id='word_1_451' title='bbox 2666 2780 2886 2834; x_wconf 91' lang='lat' dir='ltr'>nullum</span> <span class='ocrx_word' id='word_1_452' title='bbox 2910 2780 3316 2836; x_wconf 90' lang='lat' dir='ltr'>communione</span> <span class='ocrx_word' id='word_1_453' title='bbox 3335 2798 3574 2837; x_wconf 88' lang='lat' dir='ltr'>vacuum</span> <span class='ocrx_word' id='word_1_454' title='bbox 3596 2783 3808 2836; x_wconf 90' lang='lat' dir='ltr'>debere</span> 
     </span>
    </p>
   </div>
   <div class='ocr_carea' id='block_1_74' title="bbox 2180 2872 3805 2946">
    <p class='ocr_par' dir='ltr' id='par_1_74' title="bbox 2180 2872 3805 2946">
     <span class='ocr_line' id='line_1_74' title="bbox 2180 2872 3805 2946; baseline 0.002 -21"><span class='ocrx_word' id='word_1_455' title='bbox 2180 2872 2408 2939; x_wconf 90' lang='lat' dir='ltr'>dimitti,</span> <span class='ocrx_word' id='word_1_456' title='bbox 2442 2872 2542 2926; x_wconf 92' lang='lat' dir='ltr'>sed</span> <span class='ocrx_word' id='word_1_457' title='bbox 2578 2889 2683 2944; x_wconf 91' lang='lat' dir='ltr'>pro</span> <span class='ocrx_word' id='word_1_458' title='bbox 2729 2889 2795 2928; x_wconf 91' lang='lat' dir='ltr'>eo</span> <span class='ocrx_word' id='word_1_459' title='bbox 2841 2874 2992 2945; x_wconf 92' lang='lat' dir='ltr'>quod</span> <span class='ocrx_word' id='word_1_460' title='bbox 3038 2874 3339 2930; x_wconf 90' lang='lat' dir='ltr'>honoravit</span> <span class='ocrx_word' id='word_1_461' title='bbox 3384 2875 3805 2946; x_wconf 84' lang='lat' dir='ltr'>paenitentiam,</span> 
     </span>
    </p>
   </div>
   <div class='ocr_carea' id='block_1_75' title="bbox 2182 2964 2923 3036">
    <p class='ocr_par' dir='ltr' id='par_1_75' title="bbox 2182 2964 2923 3036">
     <span class='ocr_line' id='line_1_75' title="bbox 2182 2964 2923 3036; baseline 0.003 -17"><span class='ocrx_word' id='word_1_462' title='bbox 2182 2966 2388 3020; x_wconf 87' lang='lat' dir='ltr'>oblatio</span> <span class='ocrx_word' id='word_1_463' title='bbox 2418 2964 2571 3019; x_wconf 91' lang='lat' dir='ltr'>illius</span> <span class='ocrx_word' id='word_1_464' title='bbox 2596 2965 2923 3036; x_wconf 89' lang='lat' dir='ltr'>recipiatur.</span> 
     </span>
    </p>
   </div>
   <div class='ocr_carea' id='block_1_76' title="bbox 2247 3059 3808 3132">
    <p class='ocr_par' dir='ltr' id='par_1_76' title="bbox 2247 3059 3808 3132">
     <span class='ocr_line' id='line_1_76' title="bbox 2247 3059 3808 3132; baseline 0.003 -19"><span class='ocrx_word' id='word_1_465' title='bbox 2247 3060 2377 3114; x_wconf 79' lang='lat' dir='ltr'>XIII.</span> <span class='ocrx_word' id='word_1_466' title='bbox 2429 3059 2623 3113; x_wconf 86' lang='lat' dir='ltr'>Nullus</span> <span class='ocrx_word' id='word_1_467' title='bbox 2664 3060 3069 3132; x_wconf 86' lang='lat' dir='ltr'>cujuscumque</span> <span class='ocrx_word' id='word_1_468' title='bbox 3122 3061 3337 3116; x_wconf 90' lang='lat' dir='ltr'>ordinis</span> <span class='ocrx_word' id='word_1_469' title='bbox 3390 3062 3642 3130; x_wconf 91' lang='lat' dir='ltr'>clericus,</span> <span class='ocrx_word' id='word_1_470' title='bbox 3691 3081 3808 3117; x_wconf 92' lang='lat' dir='ltr'>non</span> 
     </span>
    </p>
   </div>
   <div class='ocr_carea' id='block_1_77' title="bbox 2184 3153 3810 3228">
    <p class='ocr_par' dir='ltr' id='par_1_77' title="bbox 2184 3153 3810 3228">
     <span class='ocr_line' id='line_1_77' title="bbox 2184 3153 3810 3228; baseline 0.002 -21"><span class='ocrx_word' id='word_1_471' title='bbox 2184 3153 2480 3221; x_wconf 89' lang='lat' dir='ltr'>diaconus,</span> <span class='ocrx_word' id='word_1_472' title='bbox 2507 3169 2620 3206; x_wconf 91' lang='lat' dir='ltr'>non</span> <span class='ocrx_word' id='word_1_473' title='bbox 2642 3153 2952 3224; x_wconf 84' lang='lat' dir='ltr'>presbyter,</span> <span class='ocrx_word' id='word_1_474' title='bbox 2971 3170 3085 3208; x_wconf 90' lang='lat' dir='ltr'>non</span> <span class='ocrx_word' id='word_1_475' title='bbox 3107 3155 3422 3227; x_wconf 90' lang='lat' dir='ltr'>episcopus,</span> <span class='ocrx_word' id='word_1_476' title='bbox 3448 3173 3810 3228; x_wconf 90' lang='lat' dir='ltr'>quacumque</span> 
     </span>
    </p>
   </div>
   <div class='ocr_carea' id='block_1_78' title="bbox 2181 3246 3806 3321">
    <p class='ocr_par' dir='ltr' id='par_1_78' title="bbox 2181 3246 3806 3321">
     <span class='ocr_line' id='line_1_78' title="bbox 2181 3246 3806 3321; baseline 0.001 -20"><span class='ocrx_word' id='word_1_477' title='bbox 2181 3247 2472 3301; x_wconf 90' lang='lat' dir='ltr'>occasione</span> <span class='ocrx_word' id='word_1_478' title='bbox 2511 3246 2773 3316; x_wconf 88' lang='lat' dir='ltr'>faciente,</span> <span class='ocrx_word' id='word_1_479' title='bbox 2818 3247 3111 3318; x_wconf 90' lang='lat' dir='ltr'>propriam</span> <span class='ocrx_word' id='word_1_480' title='bbox 3158 3249 3447 3320; x_wconf 86' lang='lat' dir='ltr'>relinquat</span> <span class='ocrx_word' id='word_1_481' title='bbox 3487 3250 3806 3321; x_wconf 83' lang='lat' dir='ltr'>ecclesiam,</span> 
     </span>
    </p>
   </div>
   <div class='ocr_carea' id='block_1_79' title="bbox 2179 3339 3808 3412">
    <p class='ocr_par' dir='ltr' id='par_1_79' title="bbox 2179 3339 3808 3412">
     <span class='ocr_line' id='line_1_79' title="bbox 2179 3339 3808 3412; baseline 0.001 -17"><span class='ocrx_word' id='word_1_482' title='bbox 2179 3340 2276 3395; x_wconf 91' lang='lat' dir='ltr'>sed</span> <span class='ocrx_word' id='word_1_483' title='bbox 2308 3339 2636 3395; x_wconf 89' lang='lat' dir='ltr'>omnimodo</span> <span class='ocrx_word' id='word_1_484' title='bbox 2665 3346 2762 3395; x_wconf 88' lang='lat' dir='ltr'>aut</span> <span class='ocrx_word' id='word_1_485' title='bbox 2787 3341 3331 3412; x_wconf 87' lang='lat' dir='ltr'>excommunicetur,</span> <span class='ocrx_word' id='word_1_486' title='bbox 3363 3348 3461 3396; x_wconf 89' lang='lat' dir='ltr'>aut</span> <span class='ocrx_word' id='word_1_487' title='bbox 3496 3343 3684 3397; x_wconf 91' lang='lat' dir='ltr'>redire</span> <span class='ocrx_word' id='word_1_488' title='bbox 3712 3360 3808 3397; x_wconf 92' lang='lat' dir='ltr'>co-</span> 
     </span>
    </p>
   </div>
   <div class='ocr_carea' id='block_1_80' title="bbox 2181 3435 3812 3508">
    <p class='ocr_par' dir='ltr' id='par_1_80' title="bbox 2181 3435 3812 3508">
     <span class='ocr_line' id='line_1_80' title="bbox 2181 3435 3812 3508; baseline 0 -18"><span class='ocrx_word' id='word_1_489' title='bbox 2181 3438 2368 3506; x_wconf 85' lang='lat' dir='ltr'>gatur.</span> <span class='ocrx_word' id='word_1_490' title='bbox 2389 3436 2551 3500; x_wconf 89' lang='lat' dir='ltr'>Quod</span> <span class='ocrx_word' id='word_1_491' title='bbox 2570 3436 2615 3490; x_wconf 88' lang='lat' dir='ltr'>si</span> <span class='ocrx_word' id='word_1_492' title='bbox 2629 3435 2831 3508; x_wconf 87' lang='lat' dir='ltr'>aliquis</span> <span class='ocrx_word' id='word_1_493' title='bbox 2849 3437 3318 3493; x_wconf 88' lang='lat' dir='ltr'>commorationis</span> <span class='ocrx_word' id='word_1_494' title='bbox 3335 3439 3616 3507; x_wconf 87' lang='lat' dir='ltr'>tempore,</span> <span class='ocrx_word' id='word_1_495' title='bbox 3633 3437 3812 3491; x_wconf 86' lang='lat' dir='ltr'>invito</span> 
     </span>
    </p>
   </div>
   <div class='ocr_carea' id='block_1_81' title="bbox 2180 3530 3808 3602">
    <p class='ocr_par' dir='ltr' id='par_1_81' title="bbox 2180 3530 3808 3602">
     <span class='ocr_line' id='line_1_81' title="bbox 2180 3530 3808 3602; baseline 0.001 -20"><span class='ocrx_word' id='word_1_496' title='bbox 2180 3530 2444 3602; x_wconf 89' lang='lat' dir='ltr'>episcopo</span> <span class='ocrx_word' id='word_1_497' title='bbox 2463 3548 2585 3598; x_wconf 91' lang='lat' dir='ltr'>suo,</span> <span class='ocrx_word' id='word_1_498' title='bbox 2608 3531 2665 3584; x_wconf 93' lang='lat' dir='ltr'>in</span> <span class='ocrx_word' id='word_1_499' title='bbox 2683 3532 2869 3585; x_wconf 88' lang='lat' dir='ltr'>aliena</span> <span class='ocrx_word' id='word_1_500' title='bbox 2889 3531 3121 3587; x_wconf 86' lang='lat' dir='ltr'>ecclesia</span> <span class='ocrx_word' id='word_1_501' title='bbox 3146 3530 3431 3597; x_wconf 89' lang='lat' dir='ltr'>habitans,</span> <span class='ocrx_word' id='word_1_502' title='bbox 3454 3530 3522 3583; x_wconf 90' lang='lat' dir='ltr'>ab</span> <span class='ocrx_word' id='word_1_503' title='bbox 3540 3531 3808 3602; x_wconf 91' lang='lat' dir='ltr'>episcopo</span> 
     </span>
    </p>
   </div>
   <div class='ocr_carea' id='block_1_82' title="bbox 2178 3623 3810 3696">
    <p class='ocr_par' dir='ltr' id='par_1_82' title="bbox 2178 3623 3810 3696">
     <span class='ocr_line' id='line_1_82' title="bbox 2178 3623 3810 3696; baseline 0 -19"><span class='ocrx_word' id='word_1_504' title='bbox 2178 3623 2285 3678; x_wconf 92' lang='lat' dir='ltr'>loci</span> <span class='ocrx_word' id='word_1_505' title='bbox 2315 3623 2547 3678; x_wconf 91' lang='lat' dir='ltr'>clericus</span> <span class='ocrx_word' id='word_1_506' title='bbox 2588 3624 2764 3696; x_wconf 81' lang='lat' dir='ltr'>fuerit</span> <span class='ocrx_word' id='word_1_507' title='bbox 2810 3626 3124 3695; x_wconf 88' lang='lat' dir='ltr'>ordinatus,</span> <span class='ocrx_word' id='word_1_508' title='bbox 3154 3624 3480 3696; x_wconf 85' lang='lat' dir='ltr'>hujusmodi</span> <span class='ocrx_word' id='word_1_509' title='bbox 3522 3623 3810 3678; x_wconf 89' lang='lat' dir='ltr'>ordinatio</span> 
     </span>
    </p>
   </div>
   <div class='ocr_carea' id='block_1_83' title="bbox 2179 3691 2700 3785">
    <p class='ocr_par' dir='ltr' id='par_1_83' title="bbox 2179 3691 2700 3785">
     <span class='ocr_line' id='line_1_83' title="bbox 2179 3691 2700 3785; baseline 0.006 -15"><span class='ocrx_word' id='word_1_510' title='bbox 2179 3717 2337 3772; x_wconf 85' lang='lat' dir='ltr'>irrita</span> <span class='ocrx_word' id='word_1_511' title='bbox 2371 3718 2669 3774; x_wconf 89' lang='lat' dir='ltr'>habeatur.</span> <span class='ocrx_word' id='word_1_512' title='bbox 2688 3691 2700 3785; x_wconf 67' lang='lat' dir='ltr'>l</span> 
     </span>
    </p>
   </div>
   <div class='ocr_carea' id='block_1_84' title="bbox 2251 3793 3805 3884">
    <p class='ocr_par' dir='ltr' id='par_1_84' title="bbox 2251 3793 3805 3884">
     <span class='ocr_line' id='line_1_84' title="bbox 2251 3793 3805 3884; baseline 0.001 -19"><span class='ocrx_word' id='word_1_513' title='bbox 2251 3812 2377 3866; x_wconf 74' lang='lat' dir='ltr'>XIV.</span> <span class='ocrx_word' id='word_1_514' title='bbox 2415 3811 2470 3867; x_wconf 91' lang='lat' dir='ltr'>Si</span> <span class='ocrx_word' id='word_1_515' title='bbox 2499 3813 2624 3883; x_wconf 89' lang='lat' dir='ltr'>quis</span> <span class='ocrx_word' id='word_1_516' title='bbox 2651 3793 2883 3867; x_wconf 82' lang='lat' dir='ltr'>clericus</span> <span class='ocrx_word' id='word_1_517' title='bbox 2914 3812 3211 3884; x_wconf 90' lang='lat' dir='ltr'>pecuniam</span> <span class='ocrx_word' id='word_1_518' title='bbox 3240 3811 3397 3867; x_wconf 92' lang='lat' dir='ltr'>dedit</span> <span class='ocrx_word' id='word_1_519' title='bbox 3435 3807 3508 3866; x_wconf 89' lang='lat' dir='ltr'>ad</span> <span class='ocrx_word' id='word_1_520' title='bbox 3547 3827 3805 3883; x_wconf 91' lang='lat' dir='ltr'>usuram,</span> 
     </span>
    </p>
   </div>
   <div class='ocr_carea' id='block_1_85' title="bbox 2180 3906 3811 3977">
    <p class='ocr_par' dir='ltr' id='par_1_85' title="bbox 2180 3906 3811 3977">
     <span class='ocr_line' id='line_1_85' title="bbox 2180 3906 3811 3977; baseline 0 -18"><span class='ocrx_word' id='word_1_521' title='bbox 2180 3911 2279 3960; x_wconf 89' lang='lat' dir='ltr'>aut</span> <span class='ocrx_word' id='word_1_522' title='bbox 2305 3907 2616 3961; x_wconf 91' lang='lat' dir='ltr'>conductor</span> <span class='ocrx_word' id='word_1_523' title='bbox 2639 3906 2838 3962; x_wconf 74' lang='lat' dir='ltr'>alienae</span> <span class='ocrx_word' id='word_1_524' title='bbox 2859 3906 2943 3960; x_wconf 92' lang='lat' dir='ltr'>rei</span> <span class='ocrx_word' id='word_1_525' title='bbox 2962 3908 3204 3961; x_wconf 92' lang='lat' dir='ltr'>voluerit</span> <span class='ocrx_word' id='word_1_526' title='bbox 3236 3923 3377 3973; x_wconf 88' lang='lat' dir='ltr'>esse,</span> <span class='ocrx_word' id='word_1_527' title='bbox 3399 3908 3498 3960; x_wconf 87' lang='lat' dir='ltr'>aut</span> <span class='ocrx_word' id='word_1_528' title='bbox 3525 3907 3708 3977; x_wconf 90' lang='lat' dir='ltr'>turpis</span> <span class='ocrx_word' id='word_1_529' title='bbox 3730 3908 3811 3960; x_wconf 90' lang='lat' dir='ltr'>lu-</span> 
     </span>
    </p>
   </div>
   <div class='ocr_carea' id='block_1_86' title="bbox 2181 3998 3814 4071">
    <p class='ocr_par' dir='ltr' id='par_1_86' title="bbox 2181 3998 3814 4071">
     <span class='ocr_line' id='line_1_86' title="bbox 2181 3998 3814 4071; baseline 0 -19"><span class='ocrx_word' id='word_1_530' title='bbox 2181 3999 2260 4052; x_wconf 86' lang='lat' dir='ltr'>cri</span> <span class='ocrx_word' id='word_1_531' title='bbox 2293 3999 2473 4069; x_wconf 89' lang='lat' dir='ltr'>gratia</span> <span class='ocrx_word' id='word_1_532' title='bbox 2502 3998 2733 4070; x_wconf 89' lang='lat' dir='ltr'>aliquod</span> <span class='ocrx_word' id='word_1_533' title='bbox 2765 4013 2944 4071; x_wconf 88' lang='lat' dir='ltr'>genus</span> <span class='ocrx_word' id='word_1_534' title='bbox 2970 3999 3371 4071; x_wconf 84' lang='lat' dir='ltr'>negotiationis</span> <span class='ocrx_word' id='word_1_535' title='bbox 3399 4002 3684 4065; x_wconf 85' lang='lat' dir='ltr'>exerceat,</span> <span class='ocrx_word' id='word_1_536' title='bbox 3713 3999 3814 4053; x_wconf 88' lang='lat' dir='ltr'>de-</span> 
     </span>
    </p>
   </div>
   <div class='ocr_carea' id='block_1_87' title="bbox 2183 4092 3719 4162">
    <p class='ocr_par' dir='ltr' id='par_1_87' title="bbox 2183 4092 3719 4162">
     <span class='ocr_line' id='line_1_87' title="bbox 2183 4092 3719 4162; baseline 0.001 -17"><span class='ocrx_word' id='word_1_537' title='bbox 2183 4092 2396 4162; x_wconf 88' lang='lat' dir='ltr'>positus</span> <span class='ocrx_word' id='word_1_538' title='bbox 2423 4109 2455 4146; x_wconf 91' lang='lat' dir='ltr'>a</span> <span class='ocrx_word' id='word_1_539' title='bbox 2483 4093 2650 4160; x_wconf 87' lang='lat' dir='ltr'>clero,</span> <span class='ocrx_word' id='word_1_540' title='bbox 2683 4111 2713 4146; x_wconf 90' lang='lat' dir='ltr'>a</span> <span class='ocrx_word' id='word_1_541' title='bbox 2739 4093 3138 4148; x_wconf 85' lang='lat' dir='ltr'>communione</span> <span class='ocrx_word' id='word_1_542' title='bbox 3166 4092 3386 4146; x_wconf 90' lang='lat' dir='ltr'>alienus</span> <span class='ocrx_word' id='word_1_543' title='bbox 3418 4092 3719 4147; x_wconf 87' lang='lat' dir='ltr'>habeatur.</span> 
     </span>
    </p>
   </div>
   <div class='ocr_carea' id='block_1_88' title="bbox 2254 4185 3810 4257">
    <p class='ocr_par' dir='ltr' id='par_1_88' title="bbox 2254 4185 3810 4257">
     <span class='ocr_line' id='line_1_88' title="bbox 2254 4185 3810 4257; baseline 0.001 -17"><span class='ocrx_word' id='word_1_544' title='bbox 2254 4187 2359 4240; x_wconf 87' lang='lat' dir='ltr'>XV.</span> <span class='ocrx_word' id='word_1_545' title='bbox 2390 4188 2450 4239; x_wconf 91' lang='lat' dir='ltr'>In</span> <span class='ocrx_word' id='word_1_546' title='bbox 2491 4187 2790 4242; x_wconf 91' lang='lat' dir='ltr'>secretario</span> <span class='ocrx_word' id='word_1_547' title='bbox 2833 4187 3099 4242; x_wconf 90' lang='lat' dir='ltr'>diaconos</span> <span class='ocrx_word' id='word_1_548' title='bbox 3136 4186 3285 4241; x_wconf 92' lang='lat' dir='ltr'>inter</span> <span class='ocrx_word' id='word_1_549' title='bbox 3321 4185 3678 4257; x_wconf 74' lang='lat' dir='ltr'>presbyteros</span> <span class='ocrx_word' id='word_1_550' title='bbox 3720 4203 3810 4241; x_wconf 86' lang='lat' dir='ltr'>se-</span> 
     </span>
    </p>
   </div>
   <div class='ocr_carea' id='block_1_89' title="bbox 2183 4280 3812 4353">
    <p class='ocr_par' dir='ltr' id='par_1_89' title="bbox 2183 4280 3812 4353">
     <span class='ocr_line' id='line_1_89' title="bbox 2183 4280 3812 4353; baseline -0.001 -18"><span class='ocrx_word' id='word_1_551' title='bbox 2183 4281 2316 4335; x_wconf 87' lang='lat' dir='ltr'>dere</span> <span class='ocrx_word' id='word_1_552' title='bbox 2346 4296 2462 4334; x_wconf 90' lang='lat' dir='ltr'>non</span> <span class='ocrx_word' id='word_1_553' title='bbox 2492 4280 2673 4350; x_wconf 89' lang='lat' dir='ltr'>liceat,</span> <span class='ocrx_word' id='word_1_554' title='bbox 2702 4282 2785 4335; x_wconf 90' lang='lat' dir='ltr'>vel</span> <span class='ocrx_word' id='word_1_555' title='bbox 2816 4298 3020 4353; x_wconf 90' lang='lat' dir='ltr'>corpus</span> <span class='ocrx_word' id='word_1_556' title='bbox 3044 4280 3246 4336; x_wconf 81' lang='lat' dir='ltr'>Christi</span> <span class='ocrx_word' id='word_1_557' title='bbox 3274 4285 3550 4350; x_wconf 70' lang='lat' dir='ltr'>praesente</span> <span class='ocrx_word' id='word_1_558' title='bbox 3582 4280 3812 4352; x_wconf 78' lang='lat' dir='ltr'>presby-</span> 
     </span>
    </p>
   </div>
   <div class='ocr_carea' id='block_1_90' title="bbox 2183 4373 3812 4446">
    <p class='ocr_par' dir='ltr' id='par_1_90' title="bbox 2183 4373 3812 4446">
     <span class='ocr_line' id='line_1_90' title="bbox 2183 4373 3812 4446; baseline -0.001 -18"><span class='ocrx_word' id='word_1_559' title='bbox 2183 4378 2307 4428; x_wconf 87' lang='lat' dir='ltr'>tero</span> <span class='ocrx_word' id='word_1_560' title='bbox 2333 4375 2560 4428; x_wconf 88' lang='lat' dir='ltr'>tradere</span> <span class='ocrx_word' id='word_1_561' title='bbox 2604 4390 2722 4429; x_wconf 88' lang='lat' dir='ltr'>non</span> <span class='ocrx_word' id='word_1_562' title='bbox 2765 4379 3134 4446; x_wconf 63' lang='lat' dir='ltr'>praesumant,</span> <span class='ocrx_word' id='word_1_563' title='bbox 3164 4374 3314 4445; x_wconf 90' lang='lat' dir='ltr'>quod</span> <span class='ocrx_word' id='word_1_564' title='bbox 3354 4374 3400 4427; x_wconf 89' lang='lat' dir='ltr'>si</span> <span class='ocrx_word' id='word_1_565' title='bbox 3447 4373 3708 4444; x_wconf 88' lang='lat' dir='ltr'>fecerint,</span> <span class='ocrx_word' id='word_1_566' title='bbox 3741 4373 3812 4427; x_wconf 88' lang='lat' dir='ltr'>ab</span> 
     </span>
    </p>
   </div>
   <div class='ocr_carea' id='block_1_91' title="bbox 2183 4467 3098 4522">
    <p class='ocr_par' dir='ltr' id='par_1_91' title="bbox 2183 4467 3098 4522">
     <span class='ocr_line' id='line_1_91' title="bbox 2183 4467 3098 4522; baseline 0.002 -2"><span class='ocrx_word' id='word_1_567' title='bbox 2183 4467 2367 4521; x_wconf 89' lang='lat' dir='ltr'>ofﬁcio</span> <span class='ocrx_word' id='word_1_568' title='bbox 2397 4467 2730 4522; x_wconf 89' lang='lat' dir='ltr'>diaconatus</span> <span class='ocrx_word' id='word_1_569' title='bbox 2773 4468 3098 4522; x_wconf 89' lang='lat' dir='ltr'>abscedant.</span> 
     </span>
    </p>
   </div>
   <div class='ocr_carea' id='block_1_92' title="bbox 454 4560 3811 4648">
    <p class='ocr_par' dir='ltr' id='par_1_92' title="bbox 454 4560 3811 4648">
     <span class='ocr_line' id='line_1_92' title="bbox 454 4560 3811 4648; baseline 0 -33"><span class='ocrx_word' id='word_1_570' title='bbox 454 4560 588 4616; x_wconf 89' lang='lat' dir='ltr'>bere</span> <span class='ocrx_word' id='word_1_571' title='bbox 627 4561 1075 4633; x_wconf 64' lang='lat' dir='ltr'>praesumpserit,</span> <span class='ocrx_word' id='word_1_572' title='bbox 1105 4578 1138 4615; x_wconf 90' lang='lat' dir='ltr'>a</span> <span class='ocrx_word' id='word_1_573' title='bbox 1171 4562 1574 4617; x_wconf 88' lang='lat' dir='ltr'>communione</span> <span class='ocrx_word' id='word_1_574' title='bbox 1625 4564 1842 4618; x_wconf 90' lang='lat' dir='ltr'>alienus</span> <span class='ocrx_word' id='word_1_575' title='bbox 1884 4565 2164 4648; x_wconf 81' lang='lat' dir='ltr'>habea-D</span> <span class='ocrx_word' id='word_1_576' title='bbox 2256 4561 2380 4614; x_wconf 86' lang='lat' dir='ltr'>XVI.</span> <span class='ocrx_word' id='word_1_577' title='bbox 2427 4560 2745 4616; x_wconf 84' lang='lat' dir='ltr'>Fotinianos</span> <span class='ocrx_word' id='word_1_578' title='bbox 2784 4561 2896 4615; x_wconf 90' lang='lat' dir='ltr'>sive</span> <span class='ocrx_word' id='word_1_579' title='bbox 2947 4561 3319 4616; x_wconf 88' lang='lat' dir='ltr'>Paulianistas</span> <span class='ocrx_word' id='word_1_580' title='bbox 3363 4560 3676 4615; x_wconf 91' lang='lat' dir='ltr'>secundum</span> <span class='ocrx_word' id='word_1_581' title='bbox 3720 4578 3811 4633; x_wconf 88' lang='lat' dir='ltr'>pa-</span> 
     </span>
    </p>
   </div>
   <div class='ocr_carea' id='block_1_93' title="bbox 453 4655 2084 4729">
    <p class='ocr_par' dir='ltr' id='par_1_93' title="bbox 453 4655 2084 4729">
     <span class='ocr_line' id='line_1_93' title="bbox 453 4655 2084 4729; baseline 0.002 -20"><span class='ocrx_word' id='word_1_582' title='bbox 453 4661 574 4722; x_wconf 87' lang='lat' dir='ltr'>tur;</span> <span class='ocrx_word' id='word_1_583' title='bbox 595 4671 699 4727; x_wconf 89' lang='lat' dir='ltr'>par</span> <span class='ocrx_word' id='word_1_584' title='bbox 717 4671 943 4727; x_wconf 86' lang='lat' dir='ltr'>quoque</span> <span class='ocrx_word' id='word_1_585' title='bbox 972 4659 1026 4709; x_wconf 89' lang='lat' dir='ltr'>et</span> <span class='ocrx_word' id='word_1_586' title='bbox 1047 4655 1348 4711; x_wconf 88' lang='lat' dir='ltr'>mulierem</span> <span class='ocrx_word' id='word_1_587' title='bbox 1375 4657 1516 4726; x_wconf 88' lang='lat' dir='ltr'>(sise</span> <span class='ocrx_word' id='word_1_588' title='bbox 1542 4673 1799 4728; x_wconf 88' lang='lat' dir='ltr'>separare</span> <span class='ocrx_word' id='word_1_589' title='bbox 1825 4659 2084 4729; x_wconf 89' lang='lat' dir='ltr'>noluerit)</span> 
     </span>
    </p>
   </div>
   <div class='ocr_carea' id='block_1_94' title="bbox 452 4749 938 4822">
    <p class='ocr_par' dir='ltr' id='par_1_94' title="bbox 452 4749 938 4822">
     <span class='ocr_line' id='line_1_94' title="bbox 452 4749 938 4822; baseline 0 -19"><span class='ocrx_word' id='word_1_590' title='bbox 452 4766 621 4822; x_wconf 85' lang='lat' dir='ltr'>poena</span> <span class='ocrx_word' id='word_1_591' title='bbox 649 4749 938 4820; x_wconf 92' lang='lat' dir='ltr'>percellat.</span> 
     </span>
    </p>
   </div>
   <div class='ocr_carea' id='block_1_95' title="bbox 526 4843 2085 4918">
    <p class='ocr_par' dir='ltr' id='par_1_95' title="bbox 526 4843 2085 4918">
     <span class='ocr_line' id='line_1_95' title="bbox 526 4843 2085 4918; baseline 0.003 -22"><span class='ocrx_word' id='word_1_592' title='bbox 526 4844 610 4897; x_wconf 90' lang='lat' dir='ltr'>IV.</span> <span class='ocrx_word' id='word_1_593' title='bbox 641 4843 836 4897; x_wconf 86' lang='lat' dir='ltr'>Nullus</span> <span class='ocrx_word' id='word_1_594' title='bbox 886 4843 1176 4912; x_wconf 88' lang='lat' dir='ltr'>diaconus,</span> <span class='ocrx_word' id='word_1_595' title='bbox 1207 4843 1290 4897; x_wconf 81' lang='lat' dir='ltr'>vel</span> <span class='ocrx_word' id='word_1_596' title='bbox 1319 4843 1632 4914; x_wconf 76' lang='lat' dir='ltr'>presbyter,</span> <span class='ocrx_word' id='word_1_597' title='bbox 1661 4845 1746 4899; x_wconf 90' lang='lat' dir='ltr'>vel</span> <span class='ocrx_word' id='word_1_598' title='bbox 1789 4845 2085 4918; x_wconf 84' lang='lat' dir='ltr'>episcOpus</span> 
     </span>
    </p>
   </div>
   <div class='ocr_carea' id='block_1_96' title="bbox 454 4935 2082 5011">
    <p class='ocr_par' dir='ltr' id='par_1_96' title="bbox 454 4935 2082 5011">
     <span class='ocr_line' id='line_1_96' title="bbox 454 4935 2082 5011; baseline 0.002 -21"><span class='ocrx_word' id='word_1_599' title='bbox 454 4935 528 4990; x_wconf 89' lang='lat' dir='ltr'>ad</span> <span class='ocrx_word' id='word_1_600' title='bbox 553 4936 762 4990; x_wconf 90' lang='lat' dir='ltr'>cellarii</span> <span class='ocrx_word' id='word_1_601' title='bbox 793 4941 1074 4992; x_wconf 91' lang='lat' dir='ltr'>secretum</span> <span class='ocrx_word' id='word_1_602' title='bbox 1113 4937 1460 4992; x_wconf 90' lang='lat' dir='ltr'>intromittat</span> <span class='ocrx_word' id='word_1_603' title='bbox 1520 4939 1769 5008; x_wconf 91' lang='lat' dir='ltr'>puellam</span> <span class='ocrx_word' id='word_1_604' title='bbox 1806 4941 1892 4993; x_wconf 91' lang='lat' dir='ltr'>vel</span> <span class='ocrx_word' id='word_1_605' title='bbox 1919 4941 2082 5011; x_wconf 87' lang='lat' dir='ltr'>inge-</span> 
     </span>
    </p>
   </div>
   <div class='ocr_carea' id='block_1_97' title="bbox 454 5031 1084 5098">
    <p class='ocr_par' dir='ltr' id='par_1_97' title="bbox 454 5031 1084 5098">
     <span class='ocr_line' id='line_1_97' title="bbox 454 5031 1084 5098; baseline 0.006 -15"><span class='ocrx_word' id='word_1_606' title='bbox 454 5044 650 5098; x_wconf 87' lang='lat' dir='ltr'>nuam,</span> <span class='ocrx_word' id='word_1_607' title='bbox 683 5031 768 5084; x_wconf 93' lang='lat' dir='ltr'>vel</span> <span class='ocrx_word' id='word_1_608' title='bbox 800 5031 1084 5087; x_wconf 85' lang='lat' dir='ltr'>ancillam.</span> 
     </span>
    </p>
   </div>
   <div class='ocr_carea' id='block_1_98' title="bbox 524 5124 2080 5199">
    <p class='ocr_par' dir='ltr' id='par_1_98' title="bbox 524 5124 2080 5199">
     <span class='ocr_line' id='line_1_98' title="bbox 524 5124 2080 5199; baseline 0.004 -23"><span class='ocrx_word' id='word_1_609' title='bbox 524 5125 588 5178; x_wconf 89' lang='lat' dir='ltr'>V.</span> <span class='ocrx_word' id='word_1_610' title='bbox 617 5124 811 5179; x_wconf 86' lang='lat' dir='ltr'>Nullus</span> <span class='ocrx_word' id='word_1_611' title='bbox 840 5125 1138 5197; x_wconf 89' lang='lat' dir='ltr'>episcopus</span> <span class='ocrx_word' id='word_1_612' title='bbox 1166 5125 1285 5180; x_wconf 92' lang='lat' dir='ltr'>sine</span> <span class='ocrx_word' id='word_1_613' title='bbox 1311 5124 1730 5198; x_wconf 86' lang='lat' dir='ltr'>metropolitani</span> <span class='ocrx_word' id='word_1_614' title='bbox 1778 5127 2080 5199; x_wconf 90' lang='lat' dir='ltr'>permissu,</span> 
     </span>
    </p>
   </div>
   <div class='ocr_carea' id='block_1_99' title="bbox 452 5215 2084 5293">
    <p class='ocr_par' dir='ltr' id='par_1_99' title="bbox 452 5215 2084 5293">
     <span class='ocr_line' id='line_1_99' title="bbox 452 5215 2084 5293; baseline 0.001 -19"><span class='ocrx_word' id='word_1_615' title='bbox 452 5233 560 5274; x_wconf 90' lang='lat' dir='ltr'>nec</span> <span class='ocrx_word' id='word_1_616' title='bbox 606 5215 904 5290; x_wconf 90' lang='lat' dir='ltr'>episcopus</span> <span class='ocrx_word' id='word_1_617' title='bbox 933 5220 1406 5291; x_wconf 87' lang='lat' dir='ltr'>metropolitanus</span> <span class='ocrx_word' id='word_1_618' title='bbox 1439 5221 1561 5275; x_wconf 79' lang='lat' dir='ltr'>sine</span> <span class='ocrx_word' id='word_1_619' title='bbox 1587 5222 1766 5276; x_wconf 90' lang='lat' dir='ltr'>tribus</span> <span class='ocrx_word' id='word_1_620' title='bbox 1810 5222 2084 5293; x_wconf 84' lang='lat' dir='ltr'>episcopis</span> 
     </span>
    </p>
   </div>
   <div class='ocr_carea' id='block_1_100' title="bbox 453 5311 2086 5385">
    <p class='ocr_par' dir='ltr' id='par_1_100' title="bbox 453 5311 2086 5385">
     <span class='ocr_line' id='line_1_100' title="bbox 453 5311 2086 5385; baseline 0.002 -18"><span class='ocrx_word' id='word_1_621' title='bbox 453 5311 1355 5385; x_wconf 81' lang='lat' dir='ltr'>comprovincialibus,praesumat</span> <span class='ocrx_word' id='word_1_622' title='bbox 1365 5313 1694 5385; x_wconf 89' lang='lat' dir='ltr'>episcopum</span> <span class='ocrx_word' id='word_1_623' title='bbox 1714 5316 2086 5383; x_wconf 89' lang='lat' dir='ltr'>ordinare,ita</span> 
     </span>
    </p>
   </div>
   <div class='ocr_carea' id='block_1_101' title="bbox 456 5405 2082 5479">
    <p class='ocr_par' dir='ltr' id='par_1_101' title="bbox 456 5405 2082 5479">
     <span class='ocr_line' id='line_1_101' title="bbox 456 5405 2082 5479; baseline 0.001 -17"><span class='ocrx_word' id='word_1_624' title='bbox 456 5411 519 5462; x_wconf 90' lang='lat' dir='ltr'>ut</span> <span class='ocrx_word' id='word_1_625' title='bbox 541 5405 634 5460; x_wconf 89' lang='lat' dir='ltr'>alii</span> <span class='ocrx_word' id='word_1_626' title='bbox 660 5408 1160 5478; x_wconf 86' lang='lat' dir='ltr'>comprovincialcs</span> <span class='ocrx_word' id='word_1_627' title='bbox 1191 5407 1446 5477; x_wconf 90' lang='lat' dir='ltr'>epistolis</span> <span class='ocrx_word' id='word_1_628' title='bbox 1471 5407 1906 5479; x_wconf 86' lang='lat' dir='ltr'>admoneantur,</span> <span class='ocrx_word' id='word_1_629' title='bbox 1930 5415 1994 5464; x_wconf 91' lang='lat' dir='ltr'>ut</span> <span class='ocrx_word' id='word_1_630' title='bbox 2024 5427 2082 5464; x_wconf 91' lang='lat' dir='ltr'>se</span> 
     </span>
    </p>
   </div>
   <div class='ocr_carea' id='block_1_102' title="bbox 454 5499 2084 5572">
    <p class='ocr_par' dir='ltr' id='par_1_102' title="bbox 454 5499 2084 5572">
     <span class='ocr_line' id='line_1_102' title="bbox 454 5499 2084 5572; baseline 0.001 -17"><span class='ocrx_word' id='word_1_631' title='bbox 454 5518 555 5556; x_wconf 91' lang='lat' dir='ltr'>suo</span> <span class='ocrx_word' id='word_1_632' title='bbox 580 5517 852 5572; x_wconf 90' lang='lat' dir='ltr'>responso</span> <span class='ocrx_word' id='word_1_633' title='bbox 898 5500 1246 5556; x_wconf 87' lang='lat' dir='ltr'>consensisse</span> <span class='ocrx_word' id='word_1_634' title='bbox 1291 5499 1632 5571; x_wconf 88' lang='lat' dir='ltr'>signiﬁcent.</span> <span class='ocrx_word' id='word_1_635' title='bbox 1661 5503 1821 5567; x_wconf 87' lang='lat' dir='ltr'>Quod</span> <span class='ocrx_word' id='word_1_636' title='bbox 1847 5503 1894 5556; x_wconf 92' lang='lat' dir='ltr'>si</span> <span class='ocrx_word' id='word_1_637' title='bbox 1934 5503 2084 5558; x_wconf 89' lang='lat' dir='ltr'>inter</span> 
     </span>
    </p>
   </div>
   <div class='ocr_carea' id='block_1_103' title="bbox 453 5593 2084 5667">
    <p class='ocr_par' dir='ltr' id='par_1_103' title="bbox 453 5593 2084 5667">
     <span class='ocr_line' id='line_1_103' title="bbox 453 5593 2084 5667; baseline 0.001 -18"><span class='ocrx_word' id='word_1_638' title='bbox 453 5600 642 5667; x_wconf 91' lang='lat' dir='ltr'>partes</span> <span class='ocrx_word' id='word_1_639' title='bbox 673 5594 865 5666; x_wconf 90' lang='lat' dir='ltr'>aliqua</span> <span class='ocrx_word' id='word_1_640' title='bbox 888 5594 1062 5648; x_wconf 90' lang='lat' dir='ltr'>fuerit</span> <span class='ocrx_word' id='word_1_641' title='bbox 1086 5593 1363 5648; x_wconf 87' lang='lat' dir='ltr'>dubitatio</span> <span class='ocrx_word' id='word_1_642' title='bbox 1387 5594 1590 5665; x_wconf 90' lang='lat' dir='ltr'>majori</span> <span class='ocrx_word' id='word_1_643' title='bbox 1618 5613 1861 5650; x_wconf 92' lang='lat' dir='ltr'>numero</span> <span class='ocrx_word' id='word_1_644' title='bbox 1882 5602 2084 5651; x_wconf 84' lang='lat' dir='ltr'>metro-</span> 
     </span>
    </p>
   </div>
   <div class='ocr_carea' id='block_1_104' title="bbox 453 5686 1493 5759">
    <p class='ocr_par' dir='ltr' id='par_1_104' title="bbox 453 5686 1493 5759">
     <span class='ocr_line' id='line_1_104' title="bbox 453 5686 1493 5759; baseline 0 -17"><span class='ocrx_word' id='word_1_645' title='bbox 453 5689 738 5759; x_wconf 88' lang='lat' dir='ltr'>politanus</span> <span class='ocrx_word' id='word_1_646' title='bbox 770 5688 828 5740; x_wconf 92' lang='lat' dir='ltr'>in</span> <span class='ocrx_word' id='word_1_647' title='bbox 857 5686 1131 5740; x_wconf 86' lang='lat' dir='ltr'>electione</span> <span class='ocrx_word' id='word_1_648' title='bbox 1163 5687 1493 5742; x_wconf 89' lang='lat' dir='ltr'>consentiat.</span> 
     </span>
    </p>
   </div>
   <div class='ocr_carea' id='block_1_105' title="bbox 525 5779 2084 5854">
    <p class='ocr_par' dir='ltr' id='par_1_105' title="bbox 525 5779 2084 5854">
     <span class='ocr_line' id='line_1_105' title="bbox 525 5779 2084 5854; baseline 0.004 -21"><span class='ocrx_word' id='word_1_649' title='bbox 525 5782 613 5834; x_wconf 85' lang='lat' dir='ltr'>Vl.</span> <span class='ocrx_word' id='word_1_650' title='bbox 651 5779 790 5833; x_wconf 93' lang='lat' dir='ltr'>Illud</span> <span class='ocrx_word' id='word_1_651' title='bbox 817 5783 1012 5848; x_wconf 82' lang='lat' dir='ltr'>autem</span> <span class='ocrx_word' id='word_1_652' title='bbox 1038 5782 1169 5832; x_wconf 88' lang='lat' dir='ltr'>ante</span> <span class='ocrx_word' id='word_1_653' title='bbox 1198 5780 1388 5834; x_wconf 91' lang='lat' dir='ltr'>omnia</span> <span class='ocrx_word' id='word_1_654' title='bbox 1415 5781 1638 5850; x_wconf 88' lang='lat' dir='ltr'>clareat,</span> <span class='ocrx_word' id='word_1_655' title='bbox 1675 5799 1805 5837; x_wconf 92' lang='lat' dir='ltr'>eum</span> <span class='ocrx_word' id='word_1_656' title='bbox 1837 5783 1934 5854; x_wconf 87' lang='lat' dir='ltr'>qui</span> <span class='ocrx_word' id='word_1_657' title='bbox 1964 5785 2084 5839; x_wconf 88' lang='lat' dir='ltr'>sine</span> 
     </span>
    </p>
   </div>
   <div class='ocr_carea' id='block_1_106' title="bbox 457 5870 2079 5950">
    <p class='ocr_par' dir='ltr' id='par_1_106' title="bbox 457 5870 2079 5950">
     <span class='ocr_line' id='line_1_106' title="bbox 457 5870 2079 5950; baseline 0.001 -21"><span class='ocrx_word' id='word_1_658' title='bbox 457 5871 802 5929; x_wconf 86' lang='lat' dir='ltr'>conscientia</span> <span class='ocrx_word' id='word_1_659' title='bbox 869 5870 1287 5943; x_wconf 84' lang='lat' dir='ltr'>metropolitani</span> <span class='ocrx_word' id='word_1_660' title='bbox 1343 5873 1681 5929; x_wconf 88' lang='lat' dir='ltr'>constitutus</span> <span class='ocrx_word' id='word_1_661' title='bbox 1733 5875 1914 5930; x_wconf 79' lang='lat' dir='ltr'>fuerit</span> <span class='ocrx_word' id='word_1_662' title='bbox 1960 5877 2079 5950; x_wconf 89' lang='lat' dir='ltr'>epi-</span> 
     </span>
    </p>
   </div>
   <div class='ocr_carea' id='block_1_107' title="bbox 2186 4654 3148 4727">
    <p class='ocr_par' dir='ltr' id='par_1_107' title="bbox 2186 4654 3148 4727">
     <span class='ocr_line' id='line_1_107' title="bbox 2186 4654 3148 4727; baseline 0 -17"><span class='ocrx_word' id='word_1_663' title='bbox 2186 4659 2339 4710; x_wconf 89' lang='lat' dir='ltr'>trum</span> <span class='ocrx_word' id='word_1_664' title='bbox 2367 4658 2578 4708; x_wconf 87' lang='lat' dir='ltr'>statuta</span> <span class='ocrx_word' id='word_1_665' title='bbox 2603 4654 2878 4727; x_wconf 86' lang='lat' dir='ltr'>baptizari</span> <span class='ocrx_word' id='word_1_666' title='bbox 2903 4659 3148 4726; x_wconf 86' lang='lat' dir='ltr'>oportet.</span> 
     </span>
    </p>
   </div>
   <div class='ocr_carea' id='block_1_108' title="bbox 2255 4746 3815 4804">
    <p class='ocr_par' dir='ltr' id='par_1_108' title="bbox 2255 4746 3815 4804">
     <span class='ocr_line' id='line_1_108' title="bbox 2255 4746 3815 4804; baseline 0 -2"><span class='ocrx_word' id='word_1_667' title='bbox 2255 4748 2404 4802; x_wconf 82' lang='lat' dir='ltr'>XVII.</span> <span class='ocrx_word' id='word_1_668' title='bbox 2438 4747 2799 4803; x_wconf 90' lang='lat' dir='ltr'>Bononianos</span> <span class='ocrx_word' id='word_1_669' title='bbox 2823 4752 3010 4803; x_wconf 80' lang='lat' dir='ltr'>autem</span> <span class='ocrx_word' id='word_1_670' title='bbox 3042 4765 3111 4803; x_wconf 82' lang='lat' dir='ltr'>ex</span> <span class='ocrx_word' id='word_1_671' title='bbox 3141 4749 3343 4804; x_wconf 91' lang='lat' dir='ltr'>eodem</span> <span class='ocrx_word' id='word_1_672' title='bbox 3371 4765 3565 4804; x_wconf 92' lang='lat' dir='ltr'>errore</span> <span class='ocrx_word' id='word_1_673' title='bbox 3591 4746 3815 4803; x_wconf 83' lang='lat' dir='ltr'>venien—</span> 
     </span>
    </p>
   </div>
   <div class='ocr_carea' id='block_1_109' title="bbox 2185 4843 3813 4916">
    <p class='ocr_par' dir='ltr' id='par_1_109' title="bbox 2185 4843 3813 4916">
     <span class='ocr_line' id='line_1_109' title="bbox 2185 4843 3813 4916; baseline 0 -20"><span class='ocrx_word' id='word_1_674' title='bbox 2185 4846 2268 4896; x_wconf 89' lang='lat' dir='ltr'>tes</span> <span class='ocrx_word' id='word_1_675' title='bbox 2295 4843 2453 4914; x_wconf 91' lang='lat' dir='ltr'>(quos</span> <span class='ocrx_word' id='word_1_676' title='bbox 2479 4843 2620 4897; x_wconf 89' lang='lat' dir='ltr'>sicut</span> <span class='ocrx_word' id='word_1_677' title='bbox 2645 4843 2882 4898; x_wconf 89' lang='lat' dir='ltr'>Arianos</span> <span class='ocrx_word' id='word_1_678' title='bbox 2905 4843 3181 4916; x_wconf 87' lang='lat' dir='ltr'>baptizari</span> <span class='ocrx_word' id='word_1_679' title='bbox 3212 4844 3271 4898; x_wconf 93' lang='lat' dir='ltr'>in</span> <span class='ocrx_word' id='word_1_680' title='bbox 3312 4843 3588 4898; x_wconf 88' lang='lat' dir='ltr'>Trinitate</span> <span class='ocrx_word' id='word_1_681' title='bbox 3627 4843 3813 4896; x_wconf 90' lang='lat' dir='ltr'>mani-</span> 
     </span>
    </p>
   </div>
   <div class='ocr_carea' id='block_1_110' title="bbox 2184 4936 3813 5009">
    <p class='ocr_par' dir='ltr' id='par_1_110' title="bbox 2184 4936 3813 5009">
     <span class='ocr_line' id='line_1_110' title="bbox 2184 4936 3813 5009; baseline -0.001 -19"><span class='ocrx_word' id='word_1_682' title='bbox 2184 4937 2393 4992; x_wconf 86' lang='lat' dir='ltr'>festum</span> <span class='ocrx_word' id='word_1_683' title='bbox 2421 4936 2522 5008; x_wconf 90' lang='lat' dir='ltr'>est)</span> <span class='ocrx_word' id='word_1_684' title='bbox 2553 4937 2691 4992; x_wconf 92' lang='lat' dir='ltr'>dum</span> <span class='ocrx_word' id='word_1_685' title='bbox 2728 4937 3066 5009; x_wconf 83' lang='lat' dir='ltr'>interrogati</span> <span class='ocrx_word' id='word_1_686' title='bbox 3096 4937 3266 4992; x_wconf 88' lang='lat' dir='ltr'>ﬁdem</span> <span class='ocrx_word' id='word_1_687' title='bbox 3306 4941 3558 4992; x_wconf 79' lang='lat' dir='ltr'>nostram</span> <span class='ocrx_word' id='word_1_688' title='bbox 3595 4953 3661 4990; x_wconf 88' lang='lat' dir='ltr'>ex</span> <span class='ocrx_word' id='word_1_689' title='bbox 3694 4940 3813 4990; x_wconf 89' lang='lat' dir='ltr'>toto</span> 
     </span>
    </p>
   </div>
   <div class='ocr_carea' id='block_1_111' title="bbox 2185 5030 3815 5098">
    <p class='ocr_par' dir='ltr' id='par_1_111' title="bbox 2185 5030 3815 5098">
     <span class='ocr_line' id='line_1_111' title="bbox 2185 5030 3815 5098; baseline -0.002 -12"><span class='ocrx_word' id='word_1_690' title='bbox 2185 5031 2357 5086; x_wconf 87' lang='lat' dir='ltr'>corde</span> <span class='ocrx_word' id='word_1_691' title='bbox 2408 5032 2645 5086; x_wconf 88' lang='lat' dir='ltr'>confessi</span> <span class='ocrx_word' id='word_1_692' title='bbox 2695 5031 2930 5098; x_wconf 86' lang='lat' dir='ltr'>fuerint,</span> <span class='ocrx_word' id='word_1_693' title='bbox 2976 5049 3106 5086; x_wconf 91' lang='lat' dir='ltr'>cum</span> <span class='ocrx_word' id='word_1_694' title='bbox 3152 5030 3453 5086; x_wconf 85' lang='lat' dir='ltr'>chrismate</span> <span class='ocrx_word' id='word_1_695' title='bbox 3505 5033 3563 5084; x_wconf 90' lang='lat' dir='ltr'>et</span> <span class='ocrx_word' id='word_1_696' title='bbox 3611 5046 3815 5084; x_wconf 88' lang='lat' dir='ltr'>manus</span> 
     </span>
    </p>
   </div>
   <div class='ocr_carea' id='block_1_112' title="bbox 2183 5125 3360 5197">
    <p class='ocr_par' dir='ltr' id='par_1_112' title="bbox 2183 5125 3360 5197">
     <span class='ocr_line' id='line_1_112' title="bbox 2183 5125 3360 5197; baseline 0 -18"><span class='ocrx_word' id='word_1_697' title='bbox 2183 5125 2551 5196; x_wconf 91' lang='lat' dir='ltr'>impositione</span> <span class='ocrx_word' id='word_1_698' title='bbox 2586 5125 2646 5180; x_wconf 91' lang='lat' dir='ltr'>in</span> <span class='ocrx_word' id='word_1_699' title='bbox 2675 5126 2908 5181; x_wconf 88' lang='lat' dir='ltr'>ecclesia</span> <span class='ocrx_word' id='word_1_700' title='bbox 2932 5126 3108 5197; x_wconf 91' lang='lat' dir='ltr'>recipi</span> <span class='ocrx_word' id='word_1_701' title='bbox 3137 5125 3360 5180; x_wconf 80' lang='lat' dir='ltr'>sufficit.</span> 
     </span>
    </p>
   </div>
   <div class='ocr_carea' id='block_1_113' title="bbox 2253 5217 3814 5292">
    <p class='ocr_par' dir='ltr' id='par_1_113' title="bbox 2253 5217 3814 5292">
     <span class='ocr_line' id='line_1_113' title="bbox 2253 5217 3814 5292; baseline -0.001 -19"><span class='ocrx_word' id='word_1_702' title='bbox 2253 5217 2428 5274; x_wconf 86' lang='lat' dir='ltr'>XVIII.</span> <span class='ocrx_word' id='word_1_703' title='bbox 2461 5219 2545 5274; x_wconf 82' lang='lat' dir='ltr'>Ad</span> <span class='ocrx_word' id='word_1_704' title='bbox 2570 5220 2910 5275; x_wconf 85' lang='lat' dir='ltr'>Arelatensis</span> <span class='ocrx_word' id='word_1_705' title='bbox 2941 5219 3189 5292; x_wconf 89' lang='lat' dir='ltr'>episcopi</span> <span class='ocrx_word' id='word_1_706' title='bbox 3229 5218 3526 5273; x_wconf 88' lang='lat' dir='ltr'>arbitrium</span> <span class='ocrx_word' id='word_1_707' title='bbox 3567 5218 3814 5290; x_wconf 80' lang='lat' dir='ltr'>synodus</span> 
     </span>
    </p>
   </div>
   <div class='ocr_carea' id='block_1_114' title="bbox 2185 5311 3815 5385">
    <p class='ocr_par' dir='ltr' id='par_1_114' title="bbox 2185 5311 3815 5385">
     <span class='ocr_line' id='line_1_114' title="bbox 2185 5311 3815 5385; baseline -0.001 -18"><span class='ocrx_word' id='word_1_708' title='bbox 2185 5318 2267 5368; x_wconf 90' lang='lat' dir='ltr'>est</span> <span class='ocrx_word' id='word_1_709' title='bbox 2293 5313 2713 5385; x_wconf 82' lang='lat' dir='ltr'>congreganda,</span> <span class='ocrx_word' id='word_1_710' title='bbox 2738 5313 2811 5368; x_wconf 86' lang='lat' dir='ltr'>ad</span> <span class='ocrx_word' id='word_1_711' title='bbox 2833 5330 3004 5384; x_wconf 91' lang='lat' dir='ltr'>quam</span> <span class='ocrx_word' id='word_1_712' title='bbox 3025 5313 3225 5368; x_wconf 92' lang='lat' dir='ltr'>urbem</span> <span class='ocrx_word' id='word_1_713' title='bbox 3243 5329 3307 5367; x_wconf 86' lang='lat' dir='ltr'>ex</span> <span class='ocrx_word' id='word_1_714' title='bbox 3331 5312 3596 5367; x_wconf 89' lang='lat' dir='ltr'>omnibus</span> <span class='ocrx_word' id='word_1_715' title='bbox 3614 5311 3815 5366; x_wconf 89' lang='lat' dir='ltr'>mundi</span> 
     </span>
    </p>
   </div>
   <div class='ocr_carea' id='block_1_115' title="bbox 2184 5406 3817 5478">
    <p class='ocr_par' dir='ltr' id='par_1_115' title="bbox 2184 5406 3817 5478">
     <span class='ocr_line' id='line_1_115' title="bbox 2184 5406 3817 5478; baseline -0.001 -18"><span class='ocrx_word' id='word_1_716' title='bbox 2184 5407 2438 5478; x_wconf 91' lang='lat' dir='ltr'>partibus</span> <span class='ocrx_word' id='word_1_717' title='bbox 2459 5407 2562 5461; x_wconf 90' lang='lat' dir='ltr'>sub</span> <span class='ocrx_word' id='word_1_718' title='bbox 2578 5407 2751 5461; x_wconf 89' lang='lat' dir='ltr'>sancti</span> <span class='ocrx_word' id='word_1_719' title='bbox 2772 5407 2993 5462; x_wconf 84' lang='lat' dir='ltr'>Martini</span> <span class='ocrx_word' id='word_1_720' title='bbox 3024 5410 3281 5478; x_wconf 88' lang='lat' dir='ltr'>tempore</span> <span class='ocrx_word' id='word_1_721' title='bbox 3306 5406 3551 5478; x_wconf 85' lang='lat' dir='ltr'>legimus</span> <span class='ocrx_word' id='word_1_722' title='bbox 3571 5406 3817 5460; x_wconf 82' lang='lat' dir='ltr'>celebra-</span> 
     </span>
    </p>
   </div>
   <div class='ocr_carea' id='block_1_116' title="bbox 2163 5489 3812 5572">
    <p class='ocr_par' dir='ltr' id='par_1_116' title="bbox 2163 5489 3812 5572">
     <span class='ocr_line' id='line_1_116' title="bbox 2163 5489 3812 5572; baseline -0.002 -16"><span class='ocrx_word' id='word_1_723' title='bbox 2163 5489 2303 5556; x_wconf 74' lang='lat' dir='ltr'>tum</span> <span class='ocrx_word' id='word_1_724' title='bbox 2332 5501 2500 5555; x_wconf 87' lang='lat' dir='ltr'>fuisse</span> <span class='ocrx_word' id='word_1_725' title='bbox 2529 5501 2830 5556; x_wconf 89' lang='lat' dir='ltr'>concilium</span> <span class='ocrx_word' id='word_1_726' title='bbox 2862 5505 3032 5572; x_wconf 88' lang='lat' dir='ltr'>atque</span> <span class='ocrx_word' id='word_1_727' title='bbox 3061 5503 3421 5570; x_wconf 87' lang='lat' dir='ltr'>conventum,</span> <span class='ocrx_word' id='word_1_728' title='bbox 3447 5501 3492 5554; x_wconf 90' lang='lat' dir='ltr'>si</span> <span class='ocrx_word' id='word_1_729' title='bbox 3518 5500 3644 5572; x_wconf 91' lang='lat' dir='ltr'>quis</span> <span class='ocrx_word' id='word_1_730' title='bbox 3666 5515 3812 5553; x_wconf 91' lang='lat' dir='ltr'>com-</span> 
     </span>
    </p>
   </div>
   <div class='ocr_carea' id='block_1_117' title="bbox 2183 5591 3812 5665">
    <p class='ocr_par' dir='ltr' id='par_1_117' title="bbox 2183 5591 3812 5665">
     <span class='ocr_line' id='line_1_117' title="bbox 2183 5591 3812 5665; baseline -0.001 -16"><span class='ocrx_word' id='word_1_731' title='bbox 2183 5595 2432 5649; x_wconf 89' lang='lat' dir='ltr'>monitus</span> <span class='ocrx_word' id='word_1_732' title='bbox 2473 5592 2821 5650; x_wconf 88' lang='lat' dir='ltr'>inﬁrmitatis</span> <span class='ocrx_word' id='word_1_733' title='bbox 2860 5610 3028 5650; x_wconf 90' lang='lat' dir='ltr'>causa</span> <span class='ocrx_word' id='word_1_734' title='bbox 3069 5595 3336 5662; x_wconf 91' lang='lat' dir='ltr'>defuerit,</span> <span class='ocrx_word' id='word_1_735' title='bbox 3365 5610 3667 5665; x_wconf 85' lang='lat' dir='ltr'>personam</span> <span class='ocrx_word' id='word_1_736' title='bbox 3695 5591 3812 5648; x_wconf 85' lang='lat' dir='ltr'>vice</span> 
     </span>
    </p>
   </div>
   <div class='ocr_carea' id='block_1_118' title="bbox 2183 5677 2593 5766">
    <p class='ocr_par' dir='ltr' id='par_1_118' title="bbox 2183 5677 2593 5766">
     <span class='ocr_line' id='line_1_118' title="bbox 2183 5677 2593 5766; baseline 0.002 -25"><span class='ocrx_word' id='word_1_737' title='bbox 2183 5705 2283 5743; x_wconf 90' lang='lat' dir='ltr'>sua</span> <span class='ocrx_word' id='word_1_738' title='bbox 2313 5687 2540 5758; x_wconf 87' lang='lat' dir='ltr'>dirigat.</span> <span class='ocrx_word' id='word_1_739' title='bbox 2554 5677 2593 5766; x_wconf 47' lang='grc' dir='ltr'>’ἶ</span> 
     </span>
    </p>
   </div>
   <div class='ocr_carea' id='block_1_119' title="bbox 2254 5777 3808 5858">
    <p class='ocr_par' dir='ltr' id='par_1_119' title="bbox 2254 5777 3808 5858">
     <span class='ocr_line' id='line_1_119' title="bbox 2254 5777 3808 5858; baseline 0.001 -24"><span class='ocrx_word' id='word_1_740' title='bbox 2254 5783 2380 5836; x_wconf 83' lang='lat' dir='ltr'>XIX.</span> <span class='ocrx_word' id='word_1_741' title='bbox 2411 5782 2467 5836; x_wconf 92' lang='lat' dir='ltr'>Si</span> <span class='ocrx_word' id='word_1_742' title='bbox 2499 5783 2624 5858; x_wconf 71' lang='lat' dir='ltr'>quis</span> <span class='ocrx_word' id='word_1_743' title='bbox 2657 5789 2845 5838; x_wconf 89' lang='lat' dir='ltr'>autem</span> <span class='ocrx_word' id='word_1_744' title='bbox 2886 5781 3078 5839; x_wconf 89' lang='lat' dir='ltr'>adesse</span> <span class='ocrx_word' id='word_1_745' title='bbox 3104 5778 3434 5854; x_wconf 83' lang='lat' dir='ltr'>neglexerit,</span> <span class='ocrx_word' id='word_1_746' title='bbox 3469 5781 3568 5836; x_wconf 90' lang='lat' dir='ltr'>aut</span> <span class='ocrx_word' id='word_1_747' title='bbox 3603 5777 3808 5836; x_wconf 86' lang='lat' dir='ltr'>coetum</span> 
     </span>
    </p>
   </div>
   <div class='ocr_carea' id='block_1_120' title="bbox 2182 5874 3812 5954">
    <p class='ocr_par' dir='ltr' id='par_1_120' title="bbox 2182 5874 3812 5954">
     <span class='ocr_line' id='line_1_120' title="bbox 2182 5874 3812 5954; baseline 0 -22"><span class='ocrx_word' id='word_1_748' title='bbox 2182 5875 2442 5946; x_wconf 87' lang='lat' dir='ltr'>fratrum,</span> <span class='ocrx_word' id='word_1_749' title='bbox 2465 5881 2772 5954; x_wconf 84' lang='lat' dir='ltr'>antequam</span> <span class='ocrx_word' id='word_1_750' title='bbox 2796 5877 3128 5933; x_wconf 91' lang='lat' dir='ltr'>dissolvatur</span> <span class='ocrx_word' id='word_1_751' title='bbox 3157 5875 3486 5949; x_wconf 84' lang='lat' dir='ltr'>concilium,</span> <span class='ocrx_word' id='word_1_752' title='bbox 3510 5874 3812 5932; x_wconf 83' lang='lat' dir='ltr'>crediderit</span> 
     </span>
    </p>
   </div>
  </div>
