4054 6300
222 343 314 395 ςςδι
1437 331 1908 392 DECHETALIL‘M
1947 335 2336 392 COLLEC'I‘II).

3482 341 3582 394 382

219 447 627 516 deserendum,
655 445 905 501 alienum
929 463 987 501 se
1019 464 1052 500 a
1077 447 1321 522 fratrum
1344 446 1750 500 communione
1773 461 1858 498 co—
1879 457 1937 528 Α
1958 444 2002 498 si
2033 445 2364 499 admonitus
2401 442 2709 498 emendare
2752 441 3020 512 noluerit,
3049 445 3448 500 communione
3475 447 3586 518 pri-

219 547 476 612 gnoscat,
504 558 606 596 nec
636 557 770 594 eum
795 540 972 612 recipi
1009 541 1194 608 liceat,
1226 539 1334 594 nisi
1372 539 1432 592 in
1477 539 1736 611 sequenti
1769 557 1856 609 sy-

219 635 372 689 nodo
403 635 578 688 fuerit
598 635 908 689 absolutus.

291 730 396 782 XX.
427 730 502 782 De
531 728 908 799 agitatoribus
929 726 1044 782 sive
1065 726 1352 782 theatricis
1373 727 1470 798 qui
1487 727 1681 782 fideles
1697 729 1850 793 sunt,

215 823 434 892 placuit
465 839 561 875 eos
588 821 844 892 quandiu
870 825 1068 892 agunt,
1101 837 1133 874 a
1155 821 1560 875 communione
1587 820 1850 890 separari.

291 915 422 970 XXI.
467 916 810 969 Poenitentes
840 931 968 986 quae
1001 915 1267 968 defuncto
1317 914 1437 968 viro
1477 913 1599 966 aliis
1637 913 1853 967 nubere

217 1008 706 1080 praesumpserint,
738 1009 824 1062 vel
852 1014 1130 1078 suspecta,
1165 1009 1252 1062 vel
1279 1007 1580 1062 interdicta
1605 1007 1854 1060 familia-

215 1103 386 1157 ritate
415 1119 546 1156 cum
573 1107 844 1157 extraneo
864 1102 1183 1172 junxerint,
1207 1117 1334 1154 cum
1357 1101 1557 1154 eodem
1582 1101 1651 1154 ab
1673 1101 1854 1154 Eccle-

217 1196 318 1249 siae
343 1195 640 1250 liminibus
657 1201 974 1250 arceantur.
1005 1197 1134 1249 Haac
1156 1195 1328 1248 etiam
1357 1194 1424 1248 de
1446 1194 1566 1248 viro
1590 1194 1648 1246 in
1667 1194 1850 1265 poeni-

215 1289 398 1343 tentia
425 1289 612 1360 posito
639 1289 851 1360 placuit
877 1288 1186 1342 observari.

290 1383 440 1436 XXII.
469 1381 862 1436 Poenitentiam
892 1381 1212 1452 conjugatis
1237 1381 1464 1435 nonnisi
1483 1397 1547 1435 ex
1575 1397 1853 1435 consensu

217 1475 474 1530 dandam
485 1518 498 1530 .

291 1571 466 1623 XXIII.
501 1569 557 1624 Si
589 1568 646 1623 in
675 1568 913 1639 alicujus
953 1568 1305 1639 presbyterio
1331 1567 1611 1638 inﬁdeles,
1647 1572 1746 1622 aut
1769 1567 1848 1622 fa-

219 1663 377 1718 culas
404 1661 788 1728 accenderint,
816 1665 914 1716 aut
949 1661 1199 1728 arbores,
1233 1663 1418 1715 fontes
1463 1663 1548 1715 vel
1590 1679 1722 1715 saxa
1752 1678 1850 1715 ve-

217 1760 513 1823 nerentur,
543 1756 589 1809 si
615 1756 736 1809 haec
767 1771 968 1808 eruere
999 1755 1336 1826 neglexerit,
1360 1755 1618 1826 sacrilegi
1645 1772 1701 1809 se
1731 1771 1851 1809 esse

217 1867 385 1904 reum
402 1854 723 1921 cognoscat,
741 1849 1003 1903 dominus
1024 1853 1216 1903 autem
1234 1848 1533 1903 ordinator
1553 1849 1637 1902 rei
1653 1848 1849 1920 ipsius,
1872 1833 1929 1903 B

1954 541 2134 593 vetur.

2024 633 2200 687 XXIV.
2234 633 2340 686 Eos
2371 630 2468 701 qui
2513 631 2654 685 falsa
2699 630 2964 686 fratribus
3009 632 3272 704 capitalia
3315 633 3584 704 objecisse

1953 725 2193 780 convicti
2237 724 2465 790 fuerint,
2505 725 2717 795 placuit
2765 741 2858 780 eos
2905 743 3080 796 usque
3108 727 3177 780 ad
3216 726 3426 781 exitum
3465 745 3583 782 non

1954 817 2395 886 communicare,
2421 818 2563 872 sicut
2592 834 2804 889 magna
2832 819 3083 890 synodus
3109 823 3240 874 ante
3270 821 3582 892 constituit,

1953 911 2062 966 nisi
2091 912 2266 981 digna
2291 911 2668 964 satisfactione
2699 912 3089 982 pmnituerint.

2025 1006 2172 1060 XXV.
2204 1005 2262 1059 Si
2289 1004 2386 1075 qui
2415 1007 2544 1075 post
2581 1011 2832 1059 sanctam
2861 1005 3148 1076 religionis
3179 1007 3584 1078 professionem

1953 1101 2294 1170 apostatant,
2324 1101 2381 1151 et
2411 1097 2484 1150 ad
2512 1098 2779 1151 saeculum
2821 1099 3080 1166 redeunt,
3117 1106 3172 1154 et
3217 1103 3584 1171 postmodum
3657 1153 3668 1160 .

1955 1191 2301 1262 pmnitentiae
2331 1191 2586 1244 remedia
2615 1207 2730 1244 non
2751 1192 3066 1262 requirunt,
3100 1194 3222 1247 sine
3252 1196 3586 1265 poenitentia

1954 1284 2418 1340 communionem
2441 1284 2666 1354 penitus
2686 1301 2800 1338 non
2817 1286 3115 1356 accipiant,
3138 1304 3279 1358 quos
3306 1289 3478 1342 etiam
3493 1289 3580 1359 ju-

1952 1378 2152 1433 bemus
2168 1378 2237 1432 ad
2265 1377 2561 1433 clericatus
2581 1377 2830 1432 ofﬁcium
2851 1395 2964 1432 non
2986 1380 3230 1448 admitti,
3259 1385 3314 1434 et
3332 1383 3586 1452 quicum-

1953 1489 2064 1543 que
2093 1472 2186 1525 ille
2219 1472 2307 1540 sit,
2336 1475 2466 1542 post
2507 1471 2921 1542 paenitentiam,
2963 1474 3292 1528 saecularem
3327 1475 3583 1530 habitum

1951 1582 2070 1620 non
2089 1571 2414 1636 praesumat,
2431 1566 2582 1636 quod
2600 1565 2644 1619 si
2661 1566 3105 1637 praesumpserit,
3123 1567 3191 1620 ab
3205 1567 3438 1622 ecclesia
3456 1569 3583 1622 alie-

1954 1676 2060 1712 nus
2089 1659 2382 1713 habeatur.

2025 1752 2266 1824 Explicit
2289 1751 2593 1807 concilium
2618 1754 2949 1808 Arelatense
2978 1755 3312 1810 secundum.

839 2054 1238 2120 INCIPIUNT
1282 2055 1677 2120 CAPITULA
1722 2055 2056 2120 GONCILII
2097 2053 2360 2120 TERTII
2403 2053 2976 2120 ARELATENSIS.

293 2187 345 2238 1.
377 2183 448 2237 Ut
475 2181 746 2238 diaconus
769 2187 902 2238 ante
932 2186 1019 2252 25,
1052 2187 1109 2239 et
1133 2183 1395 2239 sacerdos
1421 2187 1551 2239 ante
1576 2187 1645 2240 30
1671 2200 1849 2240 annos

217 2292 338 2331 non
363 2276 681 2332 ordinetur.

287 2373 340 2424 2.
371 2370 440 2424 Ut
459 2370 670 2440 digami
696 2370 786 2426 vel
805 2371 1144 2443 pmnitentes
1169 2371 1255 2427 vel
1281 2369 1712 2444 repudiatarum
1733 2389 1851 2427 ma-

217 2463 310 2518 riti
339 2463 412 2516 ad
442 2464 820 2520 sacerdotium
849 2483 964 2521 non
985 2467 1392 2538 provehantur.

2022 2187 2073 2239 3.
2104 2185 2173 2239 Ut
2199 2183 2374 2238 laicus
2402 2187 2533 2238 ante
2576 2199 2794 2238 annum
2837 2181 3220 2238 conversionis
3262 2201 3380 2239 non
3425 2185 3580 2240 ordi-

1949 2280 2138 2332 netur.

2020 2371 2073 2426 4.
2108 2373 2176 2426 Ut
2221 2371 2318 2442 qui
2365 2371 2636 2426 clericum
2686 2371 2938 2426 alienum
3001 2371 3306 2428 defendere
3359 2371 3578 2442 nititur,

1949 2464 2357 2520 communione
2383 2465 2656 2535 privetur.

545 2681 1006 2778 INCIPIT
1086 2684 1751 2781 CONCILIUM
1831 2682 2635 2780 ARELATENSE
2710 2685 3255 2782 TERTIUM

1157 2830 1404 2912 Viginti
1428 2839 1715 2913 quatuor
1743 2832 2214 2913 episcoporum,
2243 2849 2380 2892 aera
2412 2849 2678 2894 CCCCLXI.

289 2961 562 3016 Martiano
590 2964 840 3032 Augusto
866 2963 1124 3034 Opilione
1146 2967 1204 3018 et
1231 2965 1633 3020 Vincomalone
1656 2981 1850 3019 consu-
1871 2979 1926 3050 ρ
1953 2965 2210 3020 omnium
2235 2965 2478 3018 fratrum
2509 2964 2778 3019 charitate
2809 2965 3028 3019 noverit
3056 2983 3112 3020 se
3139 2966 3412 3035 alienum,
3449 2967 3580 3039 quia

217 3053 382 3122 libus,
414 3071 508 3110 vni
533 3055 661 3110 Idus
679 3057 806 3110 Julii
837 3074 968 3110 cum
995 3058 1278 3112 voluntate
1310 3058 1408 3112 Dei
1435 3059 1506 3112 ad
1535 3058 1846 3112 dedicatio-

215 3163 350 3202 nem
381 3148 628 3203 basilica:
655 3154 864 3204 sanctae
890 3151 1074 3205 Mariae
1105 3151 1162 3205 in
1189 3152 1504 3206 Arelatensi
1527 3151 1744 3206 civitate
1771 3169 1850 3205 sa-

214 3241 476 3296 cerdotes
493 3243 721 3297 Domini
741 3245 1155 3315 convenissent,
1173 3262 1494 3316 congruum
1515 3247 1592 3300 eis
1613 3250 1668 3300 et
1685 3245 1850 3301 ratio-

213 3334 402 3390 nabile
429 3335 612 3390 visum
644 3340 747 3404 est,
777 3343 838 3392 ut
865 3339 1117 3409 primum
1140 3339 1211 3392 de
1237 3339 1599 3393 observandis
1623 3341 1851 3393 canoni-

213 3427 322 3482 bus
349 3429 728 3484 attentissima
758 3431 1134 3486 sollicitudine
1164 3437 1576 3504 pertractantes
1604 3433 1848 3502 qualiter

212 3521 285 3576 ab
333 3521 472 3593 ipsis
522 3524 916 3580 ecclesiasticae
959 3527 1173 3597 regulas
1219 3529 1600 3594 servarentur,
1634 3526 1849 3579 salubri

212 3615 452 3670 concilio
487 3616 808 3672 delinirent.

283 3711 416 3765 CAP.
446 3711 485 3763 Ι.
517 3711 583 3764 Et
611 3711 741 3782 quia
767 3711 825 3765 in
853 3712 1186 3768 ordinandis
1212 3714 1426 3768 clericis
1474 3713 1847 3785 antiquorum

209 3807 444 3874 patrum
471 3807 678 3858 statuta
705 3822 817 3859 non
841 3805 914 3859 ad
944 3807 1228 3878 integrum
1271 3809 1432 3877 (sicut
1470 3807 1716 3879 expedit)
1749 3807 1845 3862 ob-

213 3902 432 3950 servata
471 3913 592 3952 esse
625 3905 1043 3970 cognoscuntur
1073 3917 1144 3954 ne
1171 3901 1314 3955 forte
1354 3918 1848 3973 quorumcumque

213 3989 560 4062 importunis
598 3997 652 4046 et
697 3993 1032 4048 inordinatis
1081 3994 1340 4065 precibus
1385 3996 1699 4050 sacerdotes
1741 3997 1845 4050 Do-

213 4084 361 4138 mini
403 4085 735 4156 fatigentur,
783 4091 837 4141 et
879 4103 948 4141 ea
995 4103 1122 4158 qua:
1167 4089 1331 4142 toties
1382 4092 1512 4142 sunt
1563 4092 1850 4160 praecepta

213 4179 536 4249 transgredi
561 4180 995 4251 compellantur,
1024 4182 1134 4236 hoc
1163 4182 1311 4236 inter
1342 4199 1398 4237 se
1432 4183 1848 4237 observandum

215 4287 336 4326 esse
368 4271 672 4340 definiunt,
697 4276 760 4327 ut
781 4274 966 4328 nullus
996 4275 1394 4346 episcoporum
1428 4277 1730 4331 diaconum
1755 4293 1849 4330 an-

1950 3058 2190 3128 dignum
2236 3063 2320 3112 est
2363 3063 2426 3112 ut
2474 3059 2826 3113 severitatem
2851 3059 3242 3113 ecclesiasticae
3271 3061 3578 3132 disciplina:
3615 3097 3624 3104 -

1950 3151 2158 3205 sentiat
2205 3152 2302 3222 qui
2359 3152 2657 3206 salubriter
2677 3169 2724 3246 ‘a
2775 3153 2982 3206 sanctis
3025 3153 3284 3207 Patribus
3328 3153 3582 3210 instituta

1952 3246 2250 3300 observare
2282 3245 2613 3300 contemnit.
2645 3249 2682 3322 /

2025 3340 2107 3391 111.
2139 3340 2203 3392 Et
2232 3338 2365 3392 licet
2403 3339 2470 3391 de
2511 3337 2668 3392 laicis
2703 3337 3013 3408 prolixiora
3055 3345 3318 3411 tempora
3359 3342 3581 3413 antiqui

1953 3433 2138 3485 Patres
2169 3431 2556 3486 ordinaverint
2585 3432 2954 3501 observanda,
2985 3436 3180 3487 tamen
3207 3435 3343 3504 quia
3373 3451 3581 3490 accres-

1950 3531 2085 3580 cunt
2109 3525 2332 3579 numeri
2363 3523 2749 3592 ecclesiarum,
2771 3541 2996 3579 necesse
3014 3529 3098 3580 est
3112 3526 3278 3581 nobis
3299 3527 3420 3583 sine
3439 3545 3582 3598 prse-

1943 3618 2159 3689 judicio
2197 3620 2472 3673 duntaxat
2500 3635 2784 3672 canonum
2815 3620 3156 3674 constituere
3187 3621 3576 3692 antiquorum,

1949 3715 2012 3765 ut
2037 3713 2226 3766 nullus
2241 3711 2812 3783 metropolitanorum
2830 3713 3166 3784 cuicumque
3183 3714 3325 3768 laico
3342 3713 3394 3768 di
3403 3714 3582 3784 gnita-

1948 3811 2064 3861 tem
2097 3805 2450 3877 episcopatus
2477 3805 2710 3872 tribuat,
2761 3805 2860 3861 sed
2901 3823 3005 3861 nec
3043 3807 3250 3878 reliqui
3285 3808 3581 3878 pontifices

1949 3900 2285 3972 presbyterii
2303 3900 2387 3954 vel
2416 3900 2744 3955 diaconatus
2767 3900 3046 3955 honorem
3079 3902 3339 3955 conferre
3365 3919 3578 3973 prmsu-

1949 3997 2128 4062 mant,
2167 3995 2274 4048 nisi
2306 4011 2456 4048 anno
2489 3995 2715 4064 integro
2739 3995 2910 4049 fuerit
2933 3995 3226 4066 pra'missa
3269 3997 3578 4051 conversio.

2024 4089 2107 4142 IV.
2140 4087 2196 4142 Si
2221 4087 2368 4142 forte
2396 4088 2600 4158 aliquis
2626 4088 2958 4142 clericorum
2981 4090 3242 4160 regulam
3272 4089 3582 4161 disciplima

1951 4181 2341 4236 ecclesiasticis.
2368 4181 2786 4252 subterfugiens
2828 4182 3002 4236 fuerit
3035 4185 3307 4254 evagatus
3337 4183 3579 4255 quicun-

1949 4291 2059 4345 que
2085 4291 2214 4329 eum
2241 4274 2572 4346 susceperit,
2595 4281 2651 4328 et
2668 4276 2829 4328 illum
2849 4276 3100 4346 pontifici
3131 4293 3230 4330 suo
3248 4293 3364 4331 non
3378 4295 3577 4332 recon-

217 4367 452 4437 tequam
469 4365 668 4436 viginti
687 4368 936 4439 quinque
960 4385 1136 4422 annos
1157 4369 1394 4440 impleat
1415 4370 1679 4424 ordinare
1694 4387 1843 4441 prm-
1866 4349 1926 4421 D
1949 4367 2236 4437 ciliaverit,
2257 4367 2357 4420 sed
2379 4368 2559 4438 magis
2577 4367 2868 4422 defensare
2889 4369 3319 4440 praesumpserit
3335 4370 3582 4426 ecclesia:

217 4464 425 4526 sumat,
442 4459 794 4530 episcopatus
817 4477 947 4516 vero
970 4463 1056 4515 vel
1081 4463 1393 4534 presbyteri
1415 4463 1697 4518 honorem
1721 4463 1845 4517 nul-

215 4551 304 4606 lus
329 4552 508 4607 laicus
541 4559 672 4608 ante
707 4555 1058 4625 praemissam
1101 4557 1236 4610 anni
1281 4557 1729 4626 conversionem,
1761 4558 1848 4611 vel

219 4651 350 4701 ante
377 4645 619 4717 triginta
657 4663 838 4702 annos
866 4649 1048 4704 aetatis
1075 4649 1332 4720 accipiat.

289 4741 350 4794 II.
379 4739 579 4794 Nullus
621 4741 1012 4812 poenitentem,
1059 4744 1250 4797 nullus
1299 4742 1618 4814 digamum,
1662 4745 1852 4798 nullus

217 4831 519 4888 viduarum
542 4835 775 4890 maritos
795 4836 854 4890 in
883 4837 1166 4908 praedictis
1189 4836 1507 4891 honoribus
1532 4838 1740 4891 audeat
1765 4854 1852 4892 or-

219 4925 440 4997 dinare,
473 4931 530 4981 et
573 4928 706 4982 licet
753 4929 874 4984 haec
897 4931 1017 5000 jam
1057 4947 1235 5002 prope
1261 4930 1522 4985 omnium
1564 4947 1852 4985 canonum

219 5018 478 5076 instituta
507 5021 850 5093 contineant,
880 5029 1076 5078 tamen
1107 5041 1178 5078 ne
1197 5025 1464 5096 cuiquam
1493 5023 1850 5078 sacerdotum

220 5114 658 5186 supplicantium
695 5117 855 5182 (sicut
881 5117 1006 5188 jam
1034 5117 1300 5190 diximus)
1327 5117 1730 5190 importunitas
1760 5117 1851 5172 vel

219 5209 505 5279 suggestio
549 5209 746 5280 iniqua
777 5211 1045 5282 subrepat
1071 5229 1300 5268 necesse
1327 5213 1455 5281 fuit,
1484 5215 1548 5266 ut
1577 5229 1730 5266 nunc
1759 5229 1847 5266 se-

219 5303 494 5356 veriorem
535 5304 790 5374 regulam
820 5305 924 5358 sibi
953 5306 1126 5360 velint
1151 5307 1381 5361 Domini
1408 5306 1729 5361 sacerdotes
1751 5306 1852 5360 im-

219 5411 452 5465 ponere,
481 5400 538 5450 et
563 5395 690 5451 ideo
714 5397 1038 5469 quicunque
1067 5399 1136 5453 ab
1167 5399 1270 5453 hac
1291 5399 1384 5454 die
1411 5403 1604 5453 contra
1632 5416 1697 5452 ea
1724 5416 1850 5470 quae.

219 5487 476 5560 superius
505 5495 638 5545 sunt
660 5492 1068 5562 comprehensa
1097 5492 1364 5546 clericum
1401 5493 1668 5547 ordinare
1701 5509 1850 5564 prm-

221 5584 548 5655 sumpserit,
597 5584 668 5638 ab
714 5601 782 5639 ea
819 5586 907 5640 die
945 5603 1056 5658 qua
1095 5587 1145 5640 ei
1183 5587 1372 5658 potuit
1399 5587 1508 5641 hoc
1545 5585 1852 5658 approbari

221 5693 366 5732 anno
392 5677 620 5748 integro
659 5678 858 5733 missas
905 5679 1092 5735 facere
1135 5695 1250 5735 non
1299 5683 1628 5751 praesumat.
1667 5679 1851 5744 Quam

221 5785 341 5826 rem
372 5771 414 5825 si
443 5772 570 5844 quis
595 5771 891 5826 observare
921 5773 1186 5841 noluerit,
1218 5777 1276 5828 et
1301 5779 1496 5829 contra
1524 5789 1848 5828 consessum

223 5863 462 5920 fratrum
497 5865 708 5922 faciens
738 5865 935 5922 missas
979 5867 1262 5924 celebrare
1300 5867 1746 5942 praesumpserit,
1780 5866 1851 5922 ab

1949 4460 2360 4516 communione
2392 4460 2663 4530 privetur.
2694 4461 2967 4516 Caesarius
3006 4463 3064 4516 in
3097 4463 3302 4518 Christi
3346 4465 3578 4518 nomine

1949 4554 2245 4625 episcopus
2264 4553 2658 4608 definitionem
2675 4555 2818 4608 hanc
2837 4559 3160 4610 sanctorum
3173 4557 3414 4610 fratrum
3427 4573 3580 4611 meo-

1951 4665 2080 4702 rum
2109 4648 2196 4702 vel
2240 4663 2429 4702 meam
2455 4647 2632 4718 relegi
2664 4651 2720 4701 et
2758 4647 3096 4718 subscripsi;
3131 4649 3580 4704 Contumeliosus

1952 4741 2249 4813 episcopus
2261 4741 2522 4796 consensi
2540 4743 2597 4795 et
2611 4739 2912 4811 subscripsi
2933 4757 2944 4794 :
2969 4741 3264 4811 Filiargius
3283 4741 3581 4814 episcopus

1949 4834 2276 4906 subscripsi;
2297 4837 2622 4889 Pretaxatus
2638 4833 2936 4905 episcopus
2958 4833 3108 4888 subs.
3118 4851 3132 4902 ;
3157 4835 3425 4889 Maximus
3438 4833 3582 4906 epis-

1952 4945 2123 5000 copus
2151 4928 2297 4994 sub.;
2329 4929 2586 4984 Julianus
2614 4929 2912 4999 episcopus
2937 4928 3082 4994 sub.;
3105 4928 3424 4983 Florentius
3439 4929 3582 5000 epis-

1951 5039 2123 5092 copus
2172 5023 2497 5095 subscripsi.
2550 5025 2686 5076 Item
2733 5022 3044 5093 Cyprianus
3093 5021 3390 5094 episcopus
3433 5024 3578 5092 sub.;

1949 5117 2286 5172 Ccelestinus
2317 5117 2615 5188 episcopus
2638 5115 2970 5186 subscripsi;
3019 5115 3334 5170 Proitianus
3363 5117 3578 5188 episco-

1950 5227 2054 5280 pus
2100 5211 2247 5278 sub.;
2297 5210 2606 5264 Eucherius
2655 5209 2954 5280 episcopus
2980 5209 3186 5276 subsc.;
3221 5211 3583 5268 Catafronius

1950 5304 2246 5376 presbyter
2283 5303 2527 5358 directus
2570 5321 2602 5356 a
2651 5302 2896 5358 dominis
2940 5303 3082 5358 meis
3123 5304 3357 5376 Agricio
3397 5311 3452 5361 et
3478 5307 3578 5362 Se-

1950 5413 2084 5451 vero
2113 5397 2388 5468 episcopis
2415 5395 2747 5468 subscripsi;
2794 5414 2902 5468 ego
2931 5397 3248 5453 Desiderius
3287 5399 3584 5471 presbyter

1954 5489 2198 5544 directus
2221 5507 2253 5544 a
2279 5490 2512 5544 domino
2545 5507 2673 5544 meo
2700 5492 2910 5546 Joanne
2941 5491 3200 5563 episcopo
3244 5493 3500 5547 consensi
3526 5499 3583 5548 et

1953 5581 2278 5654 subscripsi;
2333 5583 2600 5637 Leontius
2644 5584 2942 5655 presbyter
2986 5585 3227 5640 directus
3277 5603 3310 5639 a
3353 5585 3580 5639 domino

1951 5693 2080 5732 meo
2110 5676 2474 5731 Constantino
2519 5676 2783 5749 episeopo
2829 5679 3162 5750 subscripsi;
3212 5693 3319 5748 ego
3363 5678 3576 5732 Methe-

1951 5772 2067 5826 rius
2094 5771 2336 5826 directus
2368 5789 2402 5828 a
2429 5772 2665 5828 domino
2693 5789 2825 5828 meo
2856 5772 3108 5828 Gallieno
3153 5769 3412 5842 episcopo
3441 5787 3574 5830 con-

1951 5865 2100 5922 sensi
2134 5869 2191 5922 et
2222 5865 2547 5944 subscripsi.

3599 2431 3822 2625 4
