4054 6294
493 332 592 382 383
1385 325 1664 379 API’END.
1709 325 1796 378 AD
1837 325 1995 379 S.’EC.
2043 325 2125 379 ΙΧ.
2161 355 2226 364 -
2259 327 2498 381 lSlDORl
2538 326 2958 382 MEBCATORIS

3755 329 3860 381 381

1327 591 1724 657 INCIPIUNT
1769 590 2160 656 CAPITULA
2203 591 2535 657 CONCILII
2578 591 3028 656 VALENTINI.

571 752 618 804 1.
653 751 729 803 De
757 748 1000 820 digamis
1024 764 1136 803 non
1165 746 1583 802 consecrandis.

564 849 614 898 2.
650 845 720 897 Ut
744 843 967 909 devota,
991 843 1037 896 si
1063 859 1119 896 se
1141 841 1492 896 maritaverit
1516 841 1601 895 vel
1629 839 1912 895 moechata
1931 840 2119 906 fuerit,

492 937 842 1007 poenitentiae
871 937 1192 1006 deputetur.

564 1032 613 1084 3.
646 1031 801 1084 Circa
832 1046 1030 1084 eorum
1057 1045 1190 1084 vero
1218 1043 1486 1100 personas
1512 1027 1613 1100 qui
1631 1044 1687 1082 se
1712 1032 1840 1098 post
1872 1043 2047 1082 unum
2069 1031 2124 1082 et

2144 755 2202 831 Α
2224 750 2479 801 sanctum
2510 747 2790 801 lavacrum
2812 747 2899 801 vel
2915 747 3167 818 profanis
3187 744 3475 801 sacrificiis
3496 746 3854 817 daemonum,

2208 839 2309 894 'vel
2337 840 2551 894 incesta
2574 841 2854 895 lavatione
2880 841 3228 912 polluerunt.

2293 935 2346 987 4.
2377 935 2446 988 Ut
2471 935 2787 989 sacerdotes
2813 935 2902 988 vel
2921 935 3112 1000 levita,
3143 934 3188 988 si
3214 934 3284 988 de
3307 950 3364 988 se
3385 934 3600 988 crimen
3624 934 3855 1004 aliquod

2223 1027 2545 1095 conﬁtetur,
2578 1028 2914 1099 deponatur.

1124 1311 1582 1408 INCIPIT
1663 1310 2329 1408 CONCILIUM
2407 1311 3204 1410 VALENTINUM

498 1479 796 1561 Triginta
829 1479 1215 1560 episcorum,
1247 1496 1382 1542 aera
1423 1496 1696 1554 ccccxm,
1731 1477 2201 1636 subgrotiono
2243 1485 2305 1540 et
2344 1477 2794 1620 Vpigntiniano
2836 1478 3362 1560 imperatoribus,
3395 1478 3714 1545 Gratiano
3744 1477 3862 1542 III

1763 1568 1826 1621 et
1919 1567 2173 1620 umtzno
2202 1576 2444 1621 consuz
2491 1577 2586 1621 us.

1763 1568 1826 1621 et
1860 1567 2173 1621 Uuz‘ntz’no
2202 1567 2586 1621 consulibus.

561 1719 940 1775 Dilectissimis
975 1720 1241 1774 fratribus
1269 1737 1370 1791 per
1393 1719 1593 1774 Gallias
1623 1724 1680 1774 et
1705 1718 1957 1790 quinque
1984 1737 2118 1791 pro-
2141 1733 2198 1804 B
2221 1720 2542 1791 largitatem
2573 1723 2631 1774 et
2668 1720 2820 1775 solus
2847 1721 3086 1789 obtinet,
3116 1727 3172 1776 et
3201 1726 3319 1776 tam
3347 1719 3501 1775 dives
3527 1719 3849 1774 misericor-

492 1814 702 1868 vincias
765 1813 1082 1868 constitutis
1139 1814 1432 1885 episc0pis,
1488 1813 1780 1884 Fegadius,
1839 1813 2116 1882 Emerius,

490 1908 830 1976 Florentius,
865 1907 1134 1976 Artimus,
1169 1907 1499 1975 Emilianus,
1540 1907 1741 1976 Britto,
1768 1909 1978 1975 Justus,
2009 1909 2116 1961 Eu-

489 2002 696 2069 fodius,
755 2001 1084 2067 Rodamius,
1139 2001 1417 2070 Evortius,
1475 2002 1692 2066 Cretus,
1748 2001 2116 2066 Concordius,

490 2094 908 2162 Constantinus,
962 2095 1184 2160 Paulus,
1234 2094 1518 2161 Anterius,
1570 2094 1742 2164 Felix,
1797 2094 2115 2165 Neuterius,

488 2188 768 2253 Urbanus,
798 2188 1120 2259 Simplicius
1139 2191 1196 2241 et
1212 2187 1540 2242 Vincentius
1572 2187 1822 2258 episcopi
1848 2188 1906 2241 in
1936 2187 2118 2242 Domi-

489 2298 566 2336 no
593 2283 850 2336 salutem.

559 2374 877 2429 Transactis
906 2373 1272 2429 Valentinum
1295 2374 1560 2429 omnibus
1589 2379 1644 2428 et
1669 2373 1728 2428 in
1756 2372 1855 2427 Dei
1885 2373 2118 2428 nomine

488 2467 547 2522 in
573 2471 718 2522 statu
740 2467 979 2523 meliore
1011 2467 1335 2538 compositis
1355 2485 1482 2539 quae
1502 2469 1734 2522 fuerunt
1759 2472 1937 2538 coepta
1953 2483 2116 2521 causa

487 2560 724 2631 dissidii,
755 2562 1141 2632 quorumdam
1172 2561 1279 2616 fuit
1304 2568 1532 2632 patrum
1562 2561 1718 2616 utilis
1763 2565 1820 2616 et
1859 2560 2118 2630 religiosa

485 2655 775 2726 suggestio
807 2659 1111 2710 retractata
1142 2655 1211 2709 de
1241 2655 1326 2708 his
1352 2672 1480 2726 quae
1509 2671 1616 2709 nec
1648 2655 1904 2726 recipere
1927 2671 2118 2725 possu-

486 2765 616 2801 mus
643 2748 712 2802 ob
740 2749 1003 2803 Ecclesia:
1038 2749 1418 2814 sanctitatem,
1445 2765 1548 2802 nec
1577 2752 1772 2802 tamen
1795 2764 2112 2818 usquequa-

487 2857 596 2911 que
621 2841 1042 2896 consuetudinis
1069 2859 1231 2896 causa
1259 2842 1548 2908 damnare,
1577 2841 1656 2895 ita
1685 2841 1839 2895 enim
1867 2857 1968 2912 per
1995 2858 2114 2895 om-

487 2951 588 2990 nes
614 2934 872 2989 ecclesias
900 2935 1182 3005 ejusmodi
1227 2935 1344 2988 vitii
1391 2951 1627 3006 germen
1667 2935 1918 3004 inolevit,
1949 2939 2014 2988 ut
2042 2935 2114 2988 ad

2223 1814 2318 1867 dia
2344 1819 2447 1881 est,
2481 1817 2546 1867 ut
2569 1831 2739 1868 nemo
2767 1815 3058 1886 desperet:
3091 1818 3238 1870 Deus
3277 1815 3430 1869 enim
3460 1817 3701 1868 mortem
3730 1831 3850 1868 non

2219 1906 2370 1974 fecit,
2401 1924 2504 1961 nec
2540 1908 2761 1962 laetatur
2784 1909 2842 1962 in
2871 1909 3188 1980 perditione
3209 1897 3488 1963 viverum.

2291 2002 2374 2054 IV.
2407 2002 2520 2054 Nec
2545 2001 2710 2067 illud,
2731 2002 2948 2072 fratres,
2970 2002 3213 2056 scribere
3243 2002 3496 2056 alienum
3514 2000 3582 2055 ab
3601 2000 3852 2055 ecclesias

2218 2093 2464 2148 utilitate
2491 2095 2836 2162 censuimus,
2867 2099 2932 2149 ut
2955 2096 3173 2149 sciretis
3199 2095 3524 2167 quicunque
3569 2095 3672 2148 sub
3701 2095 3856 2149 ordi-

2218 2187 2443 2241 natione
2467 2190 2552 2242 vel
2577 2189 2924 2258 diaconatus,
2953 2190 3040 2243 vel
3067 2189 3422 2260 presbyterii,
3443 2189 3528 2242 vel
3553 2189 3848 2259 episcopa-

2219 2285 2328 2349 tus,
2362 2282 2587 2336 mortali
2618 2282 2853 2336 crimine
2883 2281 3124 2338 dixerint
3157 2299 3216 2336 se
3249 2299 3369 2336 esse
3396 2283 3655 2352 pollutos,
3687 2299 3720 2336 a
3759 2298 3852 2336 su-

2216 2374 2485 2445 pradictis
2530 2376 2985 2430 ordinationibus
3029 2375 3448 2430 submovendos
3478 2392 3604 2429 reos
3635 2374 3853 2430 scilicet

2217 2469 2302 2521 vel
2331 2468 2445 2522 veri
2475 2469 2822 2523 confessione
2867 2470 2954 2523 vel
2997 2469 3292 2523 mendacio
3333 2469 3608 2523 falsitatis.
3655 2470 3850 2539 Neque

2219 2560 2374 2614 enim
2396 2560 2605 2615 absolvi
2631 2566 2818 2632 potest
2837 2561 2882 2615 is
2906 2561 3005 2632 qui
3031 2562 3088 2614 in
3123 2579 3180 2615 se
3209 2562 3394 2632 ipsum
3421 2561 3626 2616 dixerit
3644 2561 3850 2615 mortis

2217 2670 2468 2722 causam,
2500 2654 2636 2725 quia
2660 2655 2839 2725 major
2865 2655 3146 2710 homicida
3187 2656 3269 2708 fit.
3319 2655 3516 2709 Divina
3544 2655 3723 2726 pietas
3748 2670 3848 2708 vos

2216 2747 2276 2801 in
2300 2751 2581 2801 aeternum
2613 2749 2908 2818 custodiat,
2939 2747 3284 2803 dilectissimi
3312 2749 3530 2803 fratres.

2573 2844 2705 2897 Item
2734 2843 2958 2913 epistola
2986 2843 3224 2911 ejusdem
3253 2844 3486 2897 concilii.

2286 2934 2666 2989 Dilectissimis
2682 2935 2974 3004 fratribus,
2991 2935 3139 2989 clero
3161 2940 3217 2990 et
3231 2935 3386 3006 plebi
3408 2935 3655 2990 ecclesiae
3672 2936 3844 2990 Foro-

485 3030 657 3100 plena
685 3029 939 3083 remedia
964 3045 1077 3083 non
1107 3029 1285 3083 facilis
1305 3029 1378 3083 sit
1394 3045 1673 3098 recursus,
1694 3032 1845 3083 certe
1862 3045 1976 3082 non
1994 3028 2114 3083 sine
2208 3027 2488 3098 juliensis,
2519 3027 2816 3100 Fegadius,
2844 3028 3122 3098 Emerius,
3157 3028 3495 3094 Florentius,
3533 3030 3844 3098 Artemius,

485 3123 830 3177 verecundia
855 3139 1056 3177 eorum
1089 3123 1293 3194 quibus
1324 3140 1490 3177 causa
1517 3122 1755 3194 contigit
1773 3123 2114 3177 subcisivum
2137 3102 2191 3174 Ο
2215 3121 2563 3190 Emilianus,
2622 3121 2798 3176 Britto
2818 3164 2830 3188 ,
2884 3124 3074 3176 Justus
3093 3165 3106 3190 ,
3165 3122 3458 3190 Eufodius,
3514 3122 3844 3188 Rodamius,

485 3217 642 3288 quod
669 3217 815 3270 circa
846 3218 1050 3271 fratres
1073 3221 1307 3288 generat
1320 3217 1534 3286 odium,
1557 3215 1672 3289 91
1701 3216 2115 3288 moderatoque

484 3310 716 3364 consilio
743 3327 811 3363 ea
841 3312 1076 3365 cautelae
1102 3311 1246 3365 ratio
1268 3313 1487 3364 servata
1509 3313 1611 3379 est,
1631 3328 1759 3382 qua),
1777 3313 1834 3364 et
1851 3310 2116 3364 scandala

483 3404 848 3459 submoveret
875 3410 930 3459 et
963 3405 1321 3459 sanctitatem
1357 3404 1616 3459 Ecclesiae
1641 3404 1969 3458 custodiret.

554 3500 680 3553 CAP.
712 3501 752 3553 I.
778 3499 951 3552 Decet
978 3515 1116 3570 ergo
1149 3499 1441 3552 neminem
1482 3502 1607 3568 post
1633 3498 1781 3551 hanc
1811 3497 2111 3569 synodum,

480 3609 592 3664 qua
617 3592 892 3662 ejusmodi
931 3592 1137 3646 illicitis
1168 3593 1255 3646 vel
1307 3609 1429 3646 sero
1461 3591 1824 3657 succurritur,
1852 3591 1921 3645 de
1953 3590 2110 3662 diga-

478 3687 606 3754 mis,
653 3689 751 3740 aut
791 3685 933 3740 inter
978 3689 1290 3756 nuptarum
1337 3685 1575 3738 maritos
1603 3684 1855 3739 ordinari
1885 3683 2113 3738 clericos

477 3797 667 3851 posse,
685 3795 789 3833 nec
807 3778 1211 3850 requirendum
1231 3781 1499 3831 utrumne
1518 3777 1718 3831 initiati
1748 3778 2112 3832 sacramentis

479 3873 704 3939 divinis,
729 3877 826 3926 aut
857 3872 1098 3942 gentiles
1125 3871 1232 3925 hac
1262 3887 1320 3924 se
1352 3870 1563 3924 infelici
1598 3873 1747 3924 sorte
1778 3871 2111 3926 necessitate

478 3967 926 4021 maculaverunt.

558 4063 618 4114 11.
648 4062 724 4114 De
768 4057 971 4130 puellis
1013 4075 1148 4114 vero
1198 4075 1325 4128 qua:
1370 4075 1426 4113 se
1475 4059 1590 4113 Deo
1636 4063 1926 4128 voverunt,
1963 4059 2010 4113 si
2040 4060 2109 4113 ad

481 4155 761 4219 terrenas,
776 4153 1004 4224 nuptias
1017 4157 1218 4224 sponte
1233 4152 1656 4220 transierunt,id
1670 4152 2110 4207 custodiendum

479 4265 600 4302 esse
635 4246 1008 4316 decrevimus,
1038 4251 1104 4300 ut
1128 4245 1470 4318 poenitentes
1499 4264 1612 4300 non
1641 4247 1829 4300 statim
1849 4247 1919 4300 ad
1940 4248 2107 4317 poeni—

477 4341 721 4396 tentiam
750 4340 1114 4411 recipiantur,
1149 4345 1207 4394 et
1233 4357 1363 4394 cum
1397 4340 1533 4394 data
1559 4345 1750 4395 tamen
1778 4340 1970 4408 fuerit,
2002 4341 2108 4394 nisi

475 4437 646 4508 plene
675 4434 1047 4489 satisfecerint
1089 4435 1202 4488 Deo
1249 4433 1307 4487 in
1351 4438 1632 4505 quantum
1664 4433 1805 4488 ratio
1837 4451 2103 4505 poposce-

476 4531 570 4598 rit,
601 4530 817 4585 eisdem
844 4529 1174 4583 communio
1203 4527 1515 4584 differatur.

2217 3214 2492 3283 Evortius,
2533 3215 2913 3283 Constantius,
2958 3217 3182 3285 Paulus,
3223 3218 3438 3282 Cretus,
3479 3215 3844 3281 Concordius,

2214 3309 2498 3376 Anterius,
2540 3309 2854 3377 Neuterius,
2885 3308 3154 3379 Nicecius,
3188 3310 3460 3376 Urbanus,
3495 3309 3666 3377 Felix,
3697 3309 3841 3364 Sim-

2215 3403 2412 3472 plicius
2447 3405 2503 3456 et
2526 3403 2871 3469 Vincentius,
2917 3402 3167 3474 episcopi
3209 3403 3269 3456 in
3301 3403 3539 3456 Domino
3581 3403 3841 3457 salutem.

2215 3496 2482 3560 Quamvis
2525 3501 2644 3550 tam
2690 3513 2752 3551 ea
2798 3497 3132 3550 Benedictus
3180 3497 3353 3551 frater
3396 3497 3465 3550 de
3505 3497 3845 3550 sanctissimi

2215 3591 2428 3661 accepti
2451 3606 2692 3661 persona
2714 3591 2970 3661 suggerit
2994 3608 3121 3662 quaa
3141 3591 3412 3662 prudenti
3440 3595 3497 3644 et
3523 3591 3843 3644 Christiano

2213 3685 2330 3738 viro
2360 3687 2495 3738 sunt
2519 3684 2822 3754 condigna,
2851 3701 3022 3754 quam
3054 3683 3211 3755 quod
3244 3684 3429 3738 studio
3461 3683 3720 3737 omnium
3753 3700 3845 3737 ve-

2211 3780 2391 3832 strum
2419 3778 2489 3832 ad
2517 3778 2796 3832 honorem
2828 3778 3122 3832 sacerdotii
3150 3781 3413 3848 poscatur
3461 3776 3721 3843 edixerit,
3753 3780 3842 3831 ta-

2211 3889 2343 3925 men
2369 3872 2504 3943 quia
2530 3871 2587 3924 in
2616 3872 2828 3943 synodo
2867 3871 2988 3942 jam
3031 3871 3252 3926 sederat
3277 3869 3661 3925 ordinationes
3693 3871 3840 3941 ejus-

2212 3965 2367 4019 modi
2419 3966 2834 4020 submovendas
2889 3982 3016 4037 quaa
3065 3965 3187 4019 sine
3242 3965 3505 4018 seandalo
3559 3981 3676 4018 esse
3728 3981 3842 4018 non

2209 4062 2462 4129 possunt,
2501 4076 2619 4112 non
2661 4058 2950 4130 potuimus
2993 4060 3094 4113 uni
3131 4062 3406 4130 prmstare
3433 4057 3584 4130 quod
3617 4058 3842 4111 caeteris

2208 4152 2542 4223 negabatur.
2578 4154 2641 4206 Et
2669 4153 2803 4206 licet
2829 4170 2942 4206 non
2972 4153 3300 4223 ignoremus
3325 4152 3536 4206 multos
3564 4167 3838 4206 verecun-

2210 4245 2325 4315 dia,
2354 4250 2411 4300 et
2439 4247 2740 4300 nonnullos
2779 4247 2999 4300 honore
3046 4246 3390 4317 suscipiendi
3432 4245 3838 4312 sacerdotium,

2209 4344 2266 4393 et
2311 4346 2370 4394 ut
2413 4339 2684 4410 trepidos,
2739 4357 2866 4410 qua:
2909 4341 3105 4411 utique
3151 4339 3314 4410 signa
3358 4343 3490 4394 sunt
3529 4339 3841 4393 sanctitatis

2209 4434 2346 4488 falsa
2392 4435 2452 4487 in
2497 4451 2555 4487 se
2604 4434 2893 4505 rejiciendi
2930 4434 3158 4488 honoris
3189 4451 3359 4489 causa
3387 4434 3606 4503 dixisse,
3645 4437 3837 4487 tamen

2210 4528 2341 4599 quia
2363 4528 2616 4582 omnium
2663 4529 2780 4583 fere
2825 4529 2898 4583 ad
2945 4545 3012 4582 ea
3055 4546 3180 4600 quae
3207 4532 3340 4582 sunt
3368 4527 3562 4598 pejora
3588 4527 3836 4598 proclive

549 4626 637 4679 lll.
664 4624 823 4679 Circa
847 4641 1040 4677 eorum
1084 4640 1218 4677 vero
1254 4640 1523 4695 personas
1551 4623 1648 4694 qui
1675 4641 1733 4676 se
1761 4627 1892 4693 post
1928 4639 2107 4677 unum
2201 4622 2480 4692 judicium
2523 4625 2624 4689 est,
2673 4627 2728 4677 et
2775 4623 2906 4676 hinc
2951 4623 3214 4678 materies
3267 4621 3723 4693 disputationum
3776 4621 3836 4674 in

476 4724 534 4774 et
557 4723 812 4772 sanctum
859 4720 1140 4771 lavacrum
1175 4719 1262 4772 vel
1294 4717 1549 4787 profanis
1577 4716 1862 4771 sacriﬁciis
1893 4716 2104 4770 daemo-

476 4829 615 4866 num
640 4813 727 4866 vel
751 4812 965 4866 incesta
1003 4812 1279 4866 lavatione
1319 4812 1666 4882 polluerunt,
1695 4826 1823 4864 eam
1854 4826 2107 4865 censura:

474 4905 718 4960 formam
745 4906 990 4959 diximus
1021 4923 1142 4960 esse
1165 4905 1522 4970 servandam,
1551 4908 1617 4958 ut
1639 4904 1728 4957 his
1750 4904 1913 4974 juxta
1935 4921 2103 4976 syno-

476 5001 614 5053 dum
668 5000 948 5054 Nicaenam
995 4997 1397 5053 satisfactionis
1450 4997 1685 5067 quidam
1743 4997 1932 5051 aditus
1988 5015 2105 5052 non

473 5097 734 5164 negetur,
783 5110 854 5147 ne
900 5093 1218 5148 infelicibus
1263 5091 1525 5161 lacrymis
1569 5092 1655 5145 vel
1698 5091 1888 5144 solatii
1926 5091 2105 5161 janua

476 5186 868 5258 desperatione
920 5186 1232 5254 claudatur,
1289 5185 1470 5238 acturi
1523 5185 2104 5255 vero'pmnitentiam

472 5295 651 5352 usque
679 5282 739 5334 in
765 5282 914 5336 diem
936 5278 1156 5346 mortis,
1191 5295 1308 5332 non
1342 5279 1461 5332 sine
1484 5297 1581 5350 spe
1603 5284 1796 5334 tamen
1825 5279 2105 5334 remissio-

473 5375 580 5444 nis,
617 5391 787 5446 quam
818 5374 888 5428 ab
919 5389 982 5427 eo
1022 5373 1187 5442 plene
1231 5389 1460 5442 sperare
1500 5373 1812 5438 debebunt,
1854 5372 1950 5443 qui
1983 5373 2103 5443 ejus

2208 4715 2608 4770 obtrectatores
2639 4717 2996 4772 sacerdotum
3025 4717 3124 4771 Dei
3150 4716 3444 4788 quaeritur,
3475 4715 3623 4769 sedit
3651 4715 3710 4768 in
3745 4731 3832 4785 sy-

2206 4809 2382 4880 nodo,
2430 4813 2492 4863 ut
2541 4809 2782 4880 quisque
2828 4810 2899 4863 de
2943 4827 3001 4865 se
3047 4811 3135 4864 vel
3170 4826 3319 4879 vera,
3365 4809 3454 4863 vel
3494 4809 3635 4862 falsa
3661 4807 3835 4862 dixis-

2205 4908 2330 4970 set,
2382 4904 2522 4958 ﬁdes
2571 4921 2744 4975 quam
2796 4904 3004 4959 suimet
3054 4904 3375 4958 testimonio
3427 4903 3834 4968 confirmaret,

2206 4997 2529 5066 haberetur,
2560 5002 2913 5070 quapropter
2943 4999 3238 5052 decretum
3284 5002 3370 5051 est
3413 4997 3836 5051 submovendos

2205 5092 2465 5162 protinus
2490 5110 2610 5147 esse
2635 5094 2703 5147 ab
2733 5111 2798 5146 eo
2830 5094 3006 5164 gradu
3035 5110 3210 5163 quem
3256 5093 3326 5146 ab
3371 5092 3525 5146 omni
3568 5089 3833 5144 seandalo

2204 5185 2447 5240 liberum
2493 5204 2612 5241 esse
2655 5188 2833 5255 decet,
2868 5187 3056 5241 divina
3100 5188 3278 5258 pietas
3309 5203 3405 5240 vos
3455 5187 3510 5239 in
3549 5191 3830 5240 mternum

2203 5283 2483 5352 protegat.

2519 5377 2761 5448 Explicit
2795 5376 3099 5431 concilium
3127 5376 3507 5431 Valentinum.

1269 5642 1662 5708 INCIPIUNT
1706 5638 2100 5710 CAPITULA
2150 5643 2482 5711 CONCILII
2527 5648 3032 5714 LAURINATIS.

545 5785 593 5835 1.
623 5781 696 5834 Ut
719 5777 817 5849 qui
848 5781 1246 5851 approbaverit
1290 5795 1453 5834 suam
1484 5781 1767 5838 civitatem
1800 5789 2095 5857 metropo-

468 5873 571 5934 lim
598 5872 790 5941 fuisse,
816 5878 1004 5928 teneat
1027 5873 1360 5944 primatum.

2271 5790 2324 5841 2.
2341 5788 2409 5841 Ut
2426 5788 2597 5858 episc.
2613 5789 2710 5859 qui
2723 5793 2922 5843 contra
2933 5792 3140 5842 statuta
3153 5787 3388 5856 faciunt,
3407 5786 3630 5841 honore
3646 5778 3787 5856 priv.

2269 5883 2320 5934 3.
2357 5881 2433 5934 De
2462 5881 2615 5935 laicis
2645 5883 2741 5953 qui
2767 5881 2982 5937 clericis
3007 5881 3222 5937 crimen
3249 5880 3574 5936 intendunt.
