4054 6308
210 336 312 389 385

1446 327 1919 382 DECRETALIUM
1958 327 2254 382 COLLECT
2260 327 2342 381 10.
3461 341 3560 390 386

283 443 336 495 4.
379 441 457 493 De
484 437 700 493 clericis
719 438 819 509 qui
841 453 950 509 per
975 439 1197 508 culpam
1229 437 1298 491 ab
1332 437 1593 508 episcopo
1619 452 1720 493 suo
1751 453 1842 490 ex-
1863 447 1922 519 Α
2012 438 2063 489 6.
2105 436 2175 489 Ut
2201 433 2432 488 alterius
2458 433 2724 488 clericum
2755 451 2872 489 non
2908 443 3238 506 promoveat
3265 439 3425 507 alter,
3458 458 3564 496 nec

211 532 733 588 communicantur.

285 631 338 681 ὅ.
372 627 448 680 De
485 625 575 680 his
605 625 703 696 qui
739 641 797 680 se
836 625 906 679 ab
946 625 1530 696 haereticis'separare
1564 623 1847 678 voluerint

207 723 276 775 ut
302 719 374 774 ab
405 718 643 774 ecclesia
667 717 942 775 catholica
969 719 1364 790 suscipiantur.

1942 528 2226 599 abjectum
2248 527 2500 597 recipiat.

2011 627 2062 675 7.
2105 622 2184 674 De
2215 620 2305 674 his
2349 621 2447 691 qui
2476 625 2673 676 contra
2719 623 3086 680 interdictum
3132 630 3264 681 sunt
3300 629 3563 700 ordinati,

1942 715 2028 769 vel
2058 714 2118 768 in
2142 713 2362 770 honora
2386 713 2527 768 filios
2551 721 2893 784 genuerunt.

958 1013 1375 1106 INCIPIT
1453 1010 2062 1104 CONCILIUM
2147 1009 2822 1104 TAURINATE.

287 1194 574 1250 Fratribus
595 1196 970 1252 dilectissimis
995 1215 1099 1269 per
1128 1198 1328 1254 Gallias
1354 1202 1412 1253 et
1433 1199 1685 1270 quinque
1710 1213 1844 1267 pro-

212 1289 432 1343 vincias
457 1289 776 1345 constitutis
817 1294 1008 1345 sancta
1045 1292 1294 1362 synodus
1335 1309 1462 1362 qua
1499 1290 1762 1346 convenit
1787 1290 1846 1343 in

212 1381 357 1436 urbe
383 1383 776 1439 Taurinatum.

287 1477 430 1532 Cum
451 1477 521 1530 ad
546 1477 986 1547 postulationem
1013 1478 1433 1550 provinciarum
1452 1478 1643 1533 Gallia
1660 1493 1846 1531 sacer-

215 1567 382 1623 dotes
411 1570 872 1625 convenissemus
909 1572 978 1625 ad
1023 1572 1390 1626 Taurinatum
1435 1571 1744 1638 civitatem,
1772 1574 1850 1623 at-

215 1679 326 1733 que
358 1663 416 1716 in
449 1663 704 1732 ejusdem
727 1665 886 1718 urbis
923 1665 1158 1719 ecclesia
1199 1665 1458 1719 auditore
1497 1663 1734 1718 Domino
1760 1664 1845 1716 vel

219 1755 543 1810 mediatore
571 1757 918 1826 sederemus,
942 1758 1148 1812 auditis
1174 1757 1610 1828 allegationibus
1639 1757 1850 1827 episco-

217 1865 448 1919 porum,
479 1865 676 1903 eorum
705 1851 962 1905 videlicet
987 1851 1084 1922 qui
1113 1852 1183 1906 ad
1198 1851 1480 1921 judicium
1505 1851 1750 1919 fuerant,
1780 1849 1848 1903 de

215 1942 456 2013 singulis
504 1943 752 2014 negotiis
799 1944 920 1998 hac
973 1945 1268 1999 sententia
1328 1946 1509 1999 forma
1556 1943 1847 2015 processit,

217 2036 372 2108 quod
399 2053 434 2090 a
462 2036 657 2106 paucis
680 2040 888 2092 statuta
918 2055 1202 2093 canonum
1231 2041 1610 2107 servarentur,
1639 2043 1695 2092 et
1720 2038 1846 2108 plu-

216 2128 504 2184 rimorum
556 2131 1034 2186 contentionibus.
1059 2132 1431 2187 adhiberetur
1479 2131 1628 2186 utilis
1679 2130 1852 2185 medi-

218 2223 364 2278 cina.
370 2221 404 2294 ί

290 2317 417 2372 CAP.
477 2319 517 2371 Ι.
564 2320 688 2374 Jam
741 2336 868 2374 cum
921 2320 1138 2391 primus
1192 2321 1448 2375 omnium
1489 2319 1574 2373 vir
1624 2323 1852 2374 sanctus
1898 2339 1903 2344 α

218 2409 490 2466 Proculus
518 2412 876 2468 Massiliensis
906 2414 1198 2486 episcopus
1225 2414 1462 2468 civitatis
1492 2430 1549 2468 se
1577 2417 1852 2484 tanquam

219 2505 724 2576 metropolitanum
761 2507 1005 2562 ecclesiis
1034 2524 1162 2578 qua
1203 2508 1260 2561 in
1293 2507 1540 2562 secunda
1565 2506 1852 2578 provincia
1871 2479 1928 2549 Β

221 2598 573 2653 Narbonensi
621 2599 820 2670 posita
864 2600 1196 2655 videbantur
1240 2602 1454 2655 diceret
1499 2616 1734 2670 praesse
1766 2599 1856 2654 de-

221 2690 380 2759 bere,
409 2696 582 2763 atque
608 2709 710 2763 per
737 2710 794 2748 se
810 2693 1192 2749 ordinationes
1215 2694 1274 2747 in
1295 2696 1613 2748 memorata
1637 2693 1857 2764 provin—

225 2784 310 2838 cia
336 2801 700 2840 summorum
720 2786 843 2841 ﬁeri
872 2788 1249 2858 sacerdotum,
1274 2788 1552 2858 siquidem
1577 2790 1858 2841 assereret

228 2879 459 2932 easdem
489 2879 750 2934 ecclesias
775 2881 861 2934 vel
889 2897 1017 2934 suas
1055 2880 1246 2947 fuisse,
1288 2881 1377 2934 vel
1414 2881 1706 2952 episcopos
1741 2897 1773 2934 a
1799 2895 1858 2933 se

222 2971 286 3025 in
308 2971 526 3026 eisdem
553 2973 796 3028 ecclesiis
826 2974 1138 3041 ordinatos,
1182 2977 1238 3028 et
1282 2989 1312 3027 e
1343 2973 1561 3028 diverso
1601 2973 1859 3044 ejusdem

226 3064 478 3136 regionis
505 3066 754 3136 episcopi
785 3067 936 3121 aliud
969 3067 1351 3136 defensarent,
1393 3084 1456 3121 ac
1491 3067 1597 3120 sibi
1628 3067 1860 3122 alterius

226 3158 534 3228 provincia
553 3159 905 3215 sacerdotem
924 3177 1167 3231 praesse
1190 3178 1306 3215 non
1330 3161 1534 3215 debere
1559 3159 1862 3214 contende-

228 3254 378 3319 rent,
408 3251 470 3306 id
493 3252 816 3322 judicatum
848 3271 882 3308 a
907 3259 1100 3309 sancta
1131 3254 1350 3325 synodo
1379 3253 1859 3324 contemplatione

227 3345 386 3416 pacis
412 3348 586 3416 atque
613 3347 948 3414 concordia,
973 3353 1035 3402 ut
1055 3364 1173 3402 non
1203 3352 1318 3402 tam
1346 3347 1558 3401 civitati
1585 3347 1704 3417 ejus
1734 3363 1862 3417 qua

228 3437 290 3492 in
334 3439 514 3493 altera
566 3439 855 3510 provincia
900 3440 1004 3494 sita
1048 3446 1150 3509 est,
1202 3441 1363 3512 cujus
1410 3440 1863 3510 magnitudinem

229 3531 457 3601 penitus
473 3532 842 3602 nesciremus,
861 3549 1052 3604 quam,
1070 3533 1175 3587 nisi
1199 3533 1591 3604 potisssimum
1620 3532 1865 3587 deferre-

230 3629 344 3692 tur,
393 3629 457 3679 ut
503 3624 632 3680 ﬁliis
677 3626 895 3681 honore
951 3628 1228 3697 primatus
1279 3627 1566 3681 existeret.
1620 3625 1865 3696 Dignum

230 3718 386 3773 enim
431 3719 614 3773 visum
679 3723 782 3789 est,
842 3725 906 3774 ut
959 3719 1216 3791 quamvis
1284 3721 1496 3775 unitate
1561 3719 1866 3791 provincia

230 3812 809 3884 minimeteneretur,
839 3813 1370 3884 constringerentur
1410 3818 1602 3868 tamen
1641 3812 1865 3884 pietatis

231 3882 616 3982 aﬂ'ectulﬂac
643 3907 750 3977 ipsi
778 3912 1004 3962 tantum
1030 3882 1205 3962 indie
1233 3907 1360 3961 vita
1387 3907 1508 3977 ejus
1535 3882 1719 3961 forma
1746 3923 1862 3960 ser-

231 3987 480 4065 vabitur,
508 4003 575 4054 ut
603 3999 662 4054 in
695 4001 942 4056 ecclesiis
972 4001 1273 4072 provincia
1304 4001 1563 4055 secunda
1589 4000 1867 4054 Narbona

231 4093 358 4163 quis
386 4109 514 4146 suas
556 4094 858 4164 parochias
903 4095 992 4148 vel
1029 4111 1160 4148 suos
1198 4094 1502 4165 discipulos
1546 4093 1713 4148 fuisse
1739 4108 1869 4147 con-

232 4185 443 4240 stiterit
459 4187 748 4241 ordinatos
764 4187 1039 4258 primatus
1058 4187 1268 4241 habeat
1288 4187 1648 4258 dignitatem.
1672 4187 1811 4242 Illud
1835 4202 1868 4240 a

234 4280 489 4352 partibus
515 4280 629 4334 suis
667 4281 1083 4336 observandum
1120 4281 1275 4352 quod
1313 4281 1442 4335 licet
1482 4298 1546 4335 ex
1583 4282 1868 4351 superfluo

233 4389 352 4428 non
389 4377 583 4428 tamen
621 4374 899 4429 inutiliter
937 4379 1350 4444 commonetur,
1395 4378 1460 4428 ut
1503 4375 1624 4444 ipse
1671 4375 1870 4426 Procu-

233 4466 323 4520 lus
355 4471 630 4538 tanquam
658 4468 785 4538 pius
812 4473 977 4540 pater
1006 4469 1432 4523 consacerdotes
1458 4485 1589 4522 suos
1625 4467 1872 4521 honoret

235 4563 299 4614 ut
314 4560 482 4628 ﬁlios,
507 4566 562 4615 et
582 4566 914 4617 memorata
935 4562 1241 4634 provincia
1257 4562 1575 4616 sacerdotes
1594 4565 1868 4631 tanquam

233 4654 374 4709 boni
401 4653 502 4708 ﬁlii
530 4655 799 4710 eumdem
837 4656 1086 4710 habeant
1112 4659 1173 4710 ut
1199 4659 1513 4726 parentem,
1547 4659 1603 4708 et
1627 4653 1870 4708 invicem

237 4747 343 4802 sibi
363 4747 674 4802 exhibeant
695 4749 987 4804 charitatis
1019 4749 1301 4816 affectum,
1339 4747 1570 4818 impleto
1590 4747 1697 4801 hoc
1719 4746 1871 4818 quod

238 4841 319 4896 ait
341 4840 544 4896 beatus
571 4843 868 4912 Apostolus
902 4862 916 4897 :
954 4845 1183 4898 Honore
1209 4846 1408 4896 mutuo
1437 4840 1868 4911 pravenicntes,

238 4951 356 4990 non
401 4936 516 4989 alta
560 4935 866 5006 sapientes,
919 4937 1017 4990 sed
1079 4936 1390 4991 humilibus
1435 4932 1869 4989 consentientes.

241 5028 384 5082 Illud
410 5027 615 5083 deinde
658 5029 809 5084 inter
854 5029 1144 5101 episcopos
1175 5029 1404 5084 urbium
1451 5025 1793 5082 Arelatensis
1819 5029 1875 5080 et

243 5121 577 5176 Viennensis
601 5122 698 5194 qui
721 5122 792 5176 de
817 5122 1096 5193 primatus
1126 5123 1274 5193 apud
1303 5139 1405 5175 nos
1443 5121 1661 5175 honore
1688 5121 1870 5172 certa-

1945 1195 2132 1249 visitet
2159 1212 2295 1266 quas
2337 1194 2556 1264 Oppidis
2585 1193 2700 1248 suis
2744 1194 3022 1250 maximas
3063 1199 3248 1269 magis
3275 1217 3395 1256 esse
3438 1220 3570 1259 con-

1946 1288 2171 1357 stiterit,
2194 1288 2271 1342 ita
2285 1293 2350 1342 ut
2365 1303 2648 1341 memores
2668 1287 3055 1342 unanimitatis
3067 1295 3234 1360 atque
3252 1297 3568 1353 concordia

1945 1398 2064 1436 non
2090 1383 2332 1435 alterum
2381 1381 2488 1434 sibi
2535 1381 2758 1450 longius
2806 1384 3132 1452 usurpando
3163 1387 3315 1455 quod
3359 1395 3444 1444 est
3473 1392 3569 1446 alii

1946 1475 2180 1545 propius
2207 1474 2507 1545 inquietet.

2019 1596 2083 1648 II.
2126 1594 2338 1648 Placuit
2364 1594 2551 1665 itaque
2580 1595 2802 1666 perpeti
2830 1595 3185 1666 disciplinam
3224 1616 3395 1671 quam
3426 1603 3572 1658 circa

1950 1687 2241 1755 Octavum,
2275 1687 2595 1756 Ursionem,
2621 1689 2943 1760 Remigium
2963 1695 3019 1744 et
3033 1691 3332 1747 Triferium
3361 1695 3572 1764 episco-

1949 1798 2052 1852 pos
2077 1784 2273 1835 sancta
2311 1781 2558 1852 synodus
2587 1782 2856 1848 decrevit,
2901 1783 2998 1854 qui
3039 1786 3408 1856 usurpatione
3442 1805 3575 1859 qua-

1951 1874 2084 1928 dam
2113 1874 2182 1928 de
2223 1873 2581 1928 ordinatione
2619 1876 2978 1929 sacerdotum
3014 1877 3087 1930 ad
3121 1879 3391 1934 invidiam
3420 1898 3576 1936 voca-

1949 1967 2174 2034 bantur,
2207 1968 2354 2038 quod
2379 1967 2458 2021 eis
2485 1967 2759 2022 hactenus
2776 1968 2986 2023 idcirco
3022 1970 3572 2044 videturindultum,

1951 2064 2014 2114 ut
2033 2062 2101 2115 de
2127 2066 2334 2115 catero
2366 2061 2470 2116 hac
2498 2061 2827 2116 auctoritate
2863 2064 3194 2118 commoniti
3237 2066 3378 2120 nihil
3415 2084 3574 2122 usur-

1949 2172 2087 2226 pare
2113 2157 2407 2222 conentur,
2436 2155 2712 2226 siquidem
2731 2170 2796 2208 ea
2814 2156 2883 2209 ab
2906 2156 3008 2210 hac
3028 2173 3194 2212 causa
3214 2161 3576 2216 excusatione

1952 2247 2326 2314 defenderint,
2360 2265 2473 2318 qua
2506 2247 2758 2302 dicerent
2784 2249 2941 2319 prius
2966 2266 3024 2304 se
3049 2267 3165 2305 non
3196 2268 3314 2306 esse
3341 2271 3579 2309 conven-

1955 2345 2056 2396 tos.
2086 2340 2330 2394 Proinde
2365 2340 2640 2410 judicavit
2683 2341 2953 2412 synodus,
3003 2349 3067 2397 ut
3096 2345 3143 2398 si
3193 2346 3318 2415 quis
3369 2363 3434 2400 ex
3472 2348 3579 2402 hoc

1956 2434 2150 2489 fecerit
2178 2438 2372 2487 contra
2415 2437 2621 2488 statuta
2665 2435 2971 2505 majorum,
3020 2436 3160 2492 sciat
3200 2438 3246 2492 is
3288 2440 3384 2509 qui
3433 2441 3578 2494 ordi-

1954 2533 2121 2582 natus
2162 2524 2340 2581 fuerit
2382 2528 2679 2581 sacerdotii
2722 2545 2779 2582 se
2819 2529 3035 2584 honore
3080 2531 3438 2601 privandum,
3485 2533 3579 2588 ille

1955 2638 2088 2676 vero
2116 2620 2211 2690 qui
2237 2621 2579 2674 ordinaverit
2604 2621 2996 2675 auctoritatem
3025 2639 3081 2677 se
3117 2623 3174 2676 in
3205 2625 3579 2680 ordinationi-

1955 2715 2060 2768 bus
2090 2715 2178 2767 vel
2203 2713 2261 2766 in
2291 2713 2537 2766 conciliis
2567 2713 2805 2766 minime
2830 2714 3212 2769 retinendam.
3249 2718 3374 2771 Non
3399 2719 3583 2772 solum

1957 2814 2146 2862 autem
2196 2807 2342 2860 circa
2391 2809 2730 2860 memoratos
2791 2808 3082 2879 episc0pos
3129 2809 3251 2863 hac
3302 2813 3586 2866 sententia

1958 2900 2306 2972 pravalebit,
2328 2892 2592 2953 sed'circa
2621 2916 2820 2954 omnes
2840 2902 2937 2971 qui
2957 2901 3125 2956 simili
3153 2920 3346 2959 errore
3367 2905 3585 2976 decepti

1961 2994 2342 3049 ordinationes
2369 2993 2695 3062 hujusmodi
2722 2998 3137 3064 perpetrarunt.

2032 3115 2121 3169 Ill.
2151 3114 2230 3168 De
2274 3111 2522 3167 Palladio
2552 3118 2743 3168 autem
2778 3112 2942 3183 laico,
2977 3131 3088 3186 que
3129 3115 3314 3186 Spano
3351 3116 3583 3190 presby-

1963 3211 2086 3262 tero
2104 3225 2219 3261 non
2240 3208 2357 3261 leve
2371 3207 2588 3261 crimen
2604 3207 2948 3277 intenderat,
2965 3208 3113 3263 inter
3128 3226 3271 3280 quos
3292 3211 3589 3284 episcopus

1962 3301 2232 3354 Triferius
2283 3300 2538 3370 ejusdem
2608 3299 2860 3353 criminis
2907 3317 3102 3355 causas
3153 3319 3210 3357 se
3259 3305 3589 3374 cognovisse

1963 3397 2200 3447 testatus
2219 3399 2323 3461 est,
2356 3391 2412 3445 id
2442 3391 2665 3446 concilii
2699 3392 2947 3447 decrevit
2982 3395 3304 3464 auctoritas,
3344 3401 3408 3451 ut
3434 3397 3591 3453 idem

1962 3487 2244 3541 Palladius
2281 3485 2340 3538 in
2372 3485 2571 3539 eadem
2612 3486 2892 3540 sententia
2926 3491 3204 3555 maneret,
3235 3505 3348 3559 qua
3389 3491 3590 3560 cogni-

1963 3579 2133 3634 tionis
2159 3585 2413 3649 tempore
2443 3595 2475 3631 a
2501 3575 2740 3632 Triferio
2763 3578 2950 3633 fuerat
2979 3580 3270 3635 sacerdote
3291 3582 3588 3653 multatus,

1965 3673 2070 3726 hoc
2118 3672 2170 3726 ei
2215 3670 2570 3726 humanitate
2616 3674 2896 3726 reservato
2942 3673 3165 3727 concilii
3214 3677 3278 3727 ut
3318 3675 3437 3745 ipse
3479 3676 3593 3731 Tri-

1965 3766 2138 3820 ferius
2166 3764 2227 3819 in
2268 3766 2548 3836 potestate
2592 3763 2817 3833 habeat,
2863 3765 3095 3836 quando
3141 3767 3193 3820 ei
3221 3767 3463 3824 voluerit
3509 3785 3594 3824 re-

1885 3845 1939 3919 Ο
1967 3861 2177 3915 laxare.

2040 3974 2123 4026 IV.
2161 3971 2371 4027 Statuit
2414 3987 2642 4042 quoque
2704 3969 2773 4024 de
2821 3971 3201 4041 Exuperantio
3263 3973 3593 4045 presbytero

1968 4070 2161 4120 sancta
2191 4065 2458 4136 synodus,
2495 4063 2592 4135 qui
2630 4063 2689 4116 in
2725 4063 2994 4134 injuriam
3026 4065 3206 4119 sancti
3234 4066 3482 4138 episcOpi
3509 4069 3597 4123 sui

1966 4159 2187 4214 Triferii
2218 4157 2410 4229 gravia
2439 4161 2495 4212 et
2520 4156 2703 4210 multa
2727 4161 3106 4225 consenserat,
3130 4164 3188 4212 et
3202 4159 3594 4230 frequentibus

1969 4269 2100 4307 eum
2120 4250 2476 4306 contumeliis
2495 4253 2913 4320 provocaverat,
2937 4250 3014 4303 ita
3030 4256 3094 4305 ut
3114 4253 3384 4307 nonnulla
3399 4253 3598 4310 fecerit

1969 4351 2162 4400 contra
2207 4343 2641 4398 ecclesiasticam
2686 4342 3062 4413 disciplinam,
3127 4351 3362 4416 propter
3419 4363 3595 4418 quam

1971 4454 2199 4494 causam
2221 4437 2291 4490 ab
2315 4453 2379 4491 eo
2398 4437 2583 4490 fuerat
2607 4435 2896 4490 Dominica
2917 4438 3322 4493 communione
3348 4440 3597 4509 privatus

1969 4537 2035 4587 ut
2063 4533 2120 4586 in
2152 4532 2270 4602 ejus
2297 4529 2369 4583 sit
2413 4529 2647 4582 arbitrio
2674 4529 2956 4583 restitutio
2995 4530 3170 4600 ipsius
3204 4531 3263 4585 in
3303 4532 3462 4602 cujus
3492 4551 3594 4603 po-

1971 4629 2172 4682 testate
2212 4623 2333 4694 ejus
2376 4623 2482 4676 fuit
2530 4622 2787 4691 abjectio,
2838 4623 2947 4676 hoc
2983 4626 3085 4690 est,
3130 4627 3190 4677 ut
3233 4625 3459 4694 quando
3509 4627 3599 4681 vel

1971 4720 2124 4774 idem
2144 4715 2556 4788 Exuperantius
2587 4715 2939 4782 satisfecerit,
2964 4716 3050 4770 vel
3072 4715 3336 4787 episcopo
3359 4717 3594 4775 Triferio

1972 4814 2158 4867 visum
2183 4810 2376 4879 fuerit,
2406 4815 2540 4864 tunc
2571 4809 2814 4880 gratiam
2845 4809 3263 4864 communionis
3295 4812 3550 4884 accipiat.

2044 4907 2105 4959 V.
2128 4905 2267 4960 Illud
2286 4903 2532 4958 decrevit
2557 4905 2838 4972 praterea
2863 4905 3054 4956 sancta
3070 4903 3340 4974 synodus,
3373 4913 3434 4961 ut
3465 4925 3604 4981 quo-

1974 5000 2128 5054 niam
2157 5000 2371 5069 legatos
2396 4995 2646 5068 episcopi
2682 4995 2984 5051 Galliarum
3006 4996 3104 5067 qui
3142 4997 3310 5052 Felici
3340 5016 3596 5058 commu-

1975 5093 2171 5148 nicant
2200 5091 2579 5157 destinarant,
2608 5092 2674 5142 ut
2698 5089 2742 5142 si
2774 5089 2900 5160 quis
2929 5089 2998 5143 ab
3036 5091 3156 5160 ejus
3192 5096 3602 5154 communione

241 5213 378 5269 bant
402 5232 436 5270 ἃ
489 5182 681 5271 saucia
714 5182 926 5288 synng
972 5182 1273 5271 deﬁnit‘um
1318 5220 1420 5283 est,
1465 5218 1527 5268 ut
1567 5213 1663 5284 qui
1694 5230 1763 5268 ex
1793 5204 2036 5285 ei3Dse
2082 5185 2322 5240 voluerit
2363 5185 2738 5288 sequestrare,
2783 5182 2842 5235 in
2898 5185 3108 5238 sancta
3171 5187 3326 5256 pacis
3372 5207 3600 5247 consor-

244 5309 697 5380 comprobaverit
724 5326 888 5364 suam
929 5305 1216 5364 civitatem
1261 5326 1382 5364 esse
1414 5307 1798 5378 metropolim,
1830 5306 1874 5360 is

243 5403 414 5458 totius
439 5403 750 5474 provincia
769 5403 1050 5458 honorem
1073 5404 1350 5474 primatus
1373 5402 1648 5474 obtineat,
1681 5403 1740 5453 et
1756 5400 1875 5470 ipse

244 5513 530 5552 canonum
553 5497 978 5552 ordinationum
996 5497 1204 5551 habeat
1227 5465 1616 5642 potestatem(
1618 5495 1782 5549 Certe
1805 5493 1876 5548 ad

246 5592 393 5642 nacis
425 5590 721 5642 vinculum
758 5591 1208 5642 conservandum
1254 5590 1363 5642 hoc
1397 5589 1575 5642 conci]
1600 5606 1632 5642 0
1669 5586 1876 5641 utiliori

246 5592 393 5662 pacis
425 5590 721 5646 vinculum
758 5591 1208 5646 conservandum
1254 5590 1363 5644 hoc
1397 5586 1632 5644 concilio
1669 5586 1878 5641 utiliori

246 5684 538 5740 decretum
567 5688 654 5738 est
692 5687 776 5754 ut,
828 5685 872 5738 si
917 5686 1118 5755 placet,
1165 5688 1607 5739 memoratarum
1653 5681 1878 5737 urbium

248 5777 544 5850 episcopis,
594 5794 952 5850 unaquaque
994 5775 1064 5832 de
1102 5777 1190 5832 his
1233 5777 1533 5832 viciniores
1579 5777 1688 5831 sibi
1729 5777 1880 5830 inter

251 5872 573 5941 provincias
627 5872 852 5926 muniat
911 5872 1177 5939 civitates,
1229 5877 1399 5943 atque
1472 5888 1562 5926 eas
1619 5869 1882 5925 ecclesias

663 5971 930 6032 PA'l‘ltOI..
985 5969 1208 6032 CXXX.

1974 5281 2120 5335 tium
2147 5279 2484 5349 suscipiatur
2505 5277 2671 5347 juxta
2698 5275 2914 5330 litteras
2938 5279 3275 5336 venerabilis
3308 5287 3606 5342 memoria

1974 5373 2258 5428 Ambrosii
2291 5369 2539 5442 episcopi
2568 5369 2653 5424 vel
2691 5370 2961 5425 Romana
3000 5372 3262 5429 Ecclesia
3298 5379 3604 5435 sacerdotis

1976 5468 2191 5523 dudum
2220 5467 2383 5534 latas,
2427 5480 2555 5534 qua
2589 5462 2647 5517 in
2687 5462 2923 5519 concilio
2956 5464 3161 5536 legatis
3198 5471 3603 5540 panitentibus

1975 5561 2222 5615 recitata
2241 5562 2391 5613 sunt.

2048 5678 2135 5731 Vl.
2164 5677 2272 5730 Nec
2300 5674 2438 5729 illud
2475 5674 3036 5746 pratermittendum
3067 5676 3175 5731 fuit
3215 5679 3363 5749 quod
3401 5681 3610 5750 synodi

1980 5770 2262 5826 sententia
2289 5767 2591 5823 definitum
2624 5770 2728 5836 est,
2751 5772 2816 5822 ut
2841 5768 3136 5823 ecclesiam
3169 5770 3398 5824 alterius
3414 5788 3611 5830 secun-

1981 5865 2120 5920 dum
2151 5867 2355 5919 statuta
2395 5879 2680 5918 canonum
2726 5877 2898 5914 nemo
2935 5860 3217 5930 suscipiat,
3267 5879 3457 5935 neque
3492 5884 3608 5922 sua

3145 5965 3211 6020 I3
