  <div class='ocr_page' id='page_1' title='image "/cluster/home/n/w/nwhite01/storage/ocr_20150623/130/umn.319510024774230/249.png"; bbox 0 0 4054 6316; ppageno 0'>
   <div class='ocr_carea' id='block_1_1' title="bbox 453 341 551 394">
    <p class='ocr_par' dir='ltr' id='par_1_1' title="bbox 453 341 551 394">
     <span class='ocr_line' id='line_1_1' title="bbox 453 341 551 394; baseline -0.02 0"><span class='ocrx_word' id='word_1_1' title='bbox 453 341 551 394; x_wconf 80' lang='lat'>387</span> 
     </span>
    </p>
   </div>
   <div class='ocr_carea' id='block_1_2' title="bbox 1350 322 2928 387">
    <p class='ocr_par' dir='ltr' id='par_1_2' title="bbox 1350 322 2928 387">
     <span class='ocr_line' id='line_1_2' title="bbox 1350 322 2928 387; baseline -0.006 -1"><span class='ocrx_word' id='word_1_2' title='bbox 1350 333 1632 387; x_wconf 85' lang='lat' dir='ltr'>APPEND.</span> <span class='ocrx_word' id='word_1_3' title='bbox 1676 332 1761 385; x_wconf 77' lang='lat' dir='ltr'>AD</span> <span class='ocrx_word' id='word_1_4' title='bbox 1799 330 1960 384; x_wconf 67' lang='lat' dir='ltr'><strong>S/EC.</strong></span> <span class='ocrx_word' id='word_1_5' title='bbox 2005 329 2090 382; x_wconf 78' lang='lat' dir='ltr'>IX.</span> <span class='ocrx_word' id='word_1_6' title='bbox 2119 356 2186 366; x_wconf 95' lang='lat'><strong><em>—</em></strong></span> <span class='ocrx_word' id='word_1_7' title='bbox 2225 325 2464 381; x_wconf 83' lang='lat' dir='ltr'>ISIDORI</span> <span class='ocrx_word' id='word_1_8' title='bbox 2503 322 2928 380; x_wconf 81' lang='lat' dir='ltr'>MERCATORIS</span> 
     </span>
    </p>
   </div>
   <div class='ocr_carea' id='block_1_3' title="bbox 3701 321 3805 376">
    <p class='ocr_par' dir='ltr' id='par_1_3' title="bbox 3701 321 3805 376">
     <span class='ocr_line' id='line_1_3' title="bbox 3701 321 3805 376; baseline 0.029 -3"><span class='ocrx_word' id='word_1_9' title='bbox 3701 321 3805 376; x_wconf 84' lang='lat'>388</span> 
     </span>
    </p>
   </div>
   <div class='ocr_carea' id='block_1_4' title="bbox 452 426 3800 519">
    <p class='ocr_par' dir='ltr' id='par_1_4' title="bbox 452 426 3800 519">
     <span class='ocr_line' id='line_1_4' title="bbox 452 426 3800 519; baseline -0.006 -18"><span class='ocrx_word' id='word_1_10' title='bbox 452 445 706 501; x_wconf 64' lang='lat' dir='ltr'>ecclesiae</span> <span class='ocrx_word' id='word_1_11' title='bbox 736 444 795 499; x_wconf 91' lang='lat' dir='ltr'>in</span> <span class='ocrx_word' id='word_1_12' title='bbox 818 444 928 500; x_wconf 90' lang='lat' dir='ltr'>alio</span> <span class='ocrx_word' id='word_1_13' title='bbox 957 443 1138 516; x_wconf 84' lang='lat' dir='ltr'>gradu</span> <span class='ocrx_word' id='word_1_14' title='bbox 1167 440 1368 496; x_wconf 82' lang='lat' dir='ltr'>audeat</span> <span class='ocrx_word' id='word_1_15' title='bbox 1395 439 1658 495; x_wconf 88' lang='lat' dir='ltr'>ordinare</span> <span class='ocrx_word' id='word_1_16' title='bbox 1693 453 1880 508; x_wconf 88' lang='lat' dir='ltr'>neque</span> <span class='ocrx_word' id='word_1_17' title='bbox 1917 435 2071 507; x_wconf 87' lang='lat' dir='ltr'>abje-</span> <span class='ocrx_word' id='word_1_18' title='bbox 2096 447 2156 519; x_wconf 79' lang='grc' dir='ltr'><strong>Α</strong></span> <span class='ocrx_word' id='word_1_19' title='bbox 2175 434 2421 504; x_wconf 85' lang='lat' dir='ltr'>majores</span> <span class='ocrx_word' id='word_1_20' title='bbox 2446 431 2656 504; x_wconf 88' lang='lat' dir='ltr'>gradus</span> <span class='ocrx_word' id='word_1_21' title='bbox 2675 430 2941 487; x_wconf 86' lang='lat' dir='ltr'>ordinum</span> <span class='ocrx_word' id='word_1_22' title='bbox 2956 428 3365 501; x_wconf 77' lang='lat' dir='ltr'>permittuntur</span> <span class='ocrx_word' id='word_1_23' title='bbox 3382 426 3474 500; x_wconf 68' lang='lat' dir='ltr'>[ﬁ]</span> <span class='ocrx_word' id='word_1_24' title='bbox 3504 426 3800 496; x_wconf 85' lang='lat' dir='ltr'>accedant,</span> 
     </span>
    </p>
   </div>
   <div class='ocr_carea' id='block_1_5' title="bbox 455 533 1460 609">
    <p class='ocr_par' dir='ltr' id='par_1_5' title="bbox 455 533 1460 609">
     <span class='ocr_line' id='line_1_5' title="bbox 455 533 1460 609; baseline -0.007 -16"><span class='ocrx_word' id='word_1_25' title='bbox 455 544 609 593; x_wconf 92' lang='lat' dir='ltr'>ctum</span> <span class='ocrx_word' id='word_1_26' title='bbox 636 538 876 609; x_wconf 83' lang='lat' dir='ltr'>recipiat</span> <span class='ocrx_word' id='word_1_27' title='bbox 903 538 961 591; x_wconf 89' lang='lat' dir='ltr'>in</span> <span class='ocrx_word' id='word_1_28' title='bbox 984 533 1460 591; x_wconf 88' lang='lat' dir='ltr'>communionem.</span> 
     </span>
    </p>
   </div>
   <div class='ocr_carea' id='block_1_6' title="bbox 527 622 2076 700">
    <p class='ocr_par' dir='ltr' id='par_1_6' title="bbox 527 622 2076 700">
     <span class='ocr_line' id='line_1_6' title="bbox 527 622 2076 700; baseline -0.006 -16"><span class='ocrx_word' id='word_1_29' title='bbox 527 633 633 686; x_wconf 91' lang='lat' dir='ltr'>VII.</span> <span class='ocrx_word' id='word_1_30' title='bbox 664 631 730 685; x_wconf 88' lang='lat' dir='ltr'>Hi</span> <span class='ocrx_word' id='word_1_31' title='bbox 758 636 948 685; x_wconf 88' lang='lat' dir='ltr'>autem</span> <span class='ocrx_word' id='word_1_32' title='bbox 987 630 1087 700; x_wconf 86' lang='lat' dir='ltr'>qui</span> <span class='ocrx_word' id='word_1_33' title='bbox 1113 632 1310 683; x_wconf 87' lang='lat' dir='ltr'>contra</span> <span class='ocrx_word' id='word_1_34' title='bbox 1345 625 1710 680; x_wconf 89' lang='lat' dir='ltr'>interdictum</span> <span class='ocrx_word' id='word_1_35' title='bbox 1754 628 1887 678; x_wconf 90' lang='lat' dir='ltr'>sunt</span> <span class='ocrx_word' id='word_1_36' title='bbox 1926 622 2076 677; x_wconf 90' lang='lat' dir='ltr'>ordi-</span> 
     </span>
    </p>
   </div>
   <div class='ocr_carea' id='block_1_7' title="bbox 453 716 2078 793">
    <p class='ocr_par' dir='ltr' id='par_1_7' title="bbox 453 716 2078 793">
     <span class='ocr_line' id='line_1_7' title="bbox 453 716 2078 793; baseline -0.007 -13"><span class='ocrx_word' id='word_1_37' title='bbox 453 725 590 793; x_wconf 91' lang='lat' dir='ltr'>nati,</span> <span class='ocrx_word' id='word_1_38' title='bbox 637 726 723 778; x_wconf 92' lang='lat' dir='ltr'>vel</span> <span class='ocrx_word' id='word_1_39' title='bbox 787 725 846 778; x_wconf 89' lang='lat' dir='ltr'>in</span> <span class='ocrx_word' id='word_1_40' title='bbox 902 721 1216 777; x_wconf 87' lang='lat' dir='ltr'>ministerio</span> <span class='ocrx_word' id='word_1_41' title='bbox 1257 724 1583 791; x_wconf 80' lang='lat' dir='ltr'>genuerunt</span> <span class='ocrx_word' id='word_1_42' title='bbox 1631 718 1797 786; x_wconf 81' lang='lat' dir='ltr'>ﬁlios,</span> <span class='ocrx_word' id='word_1_43' title='bbox 1866 733 1938 772; x_wconf 92' lang='lat' dir='ltr'>ne</span> <span class='ocrx_word' id='word_1_44' title='bbox 2006 716 2078 769; x_wconf 91' lang='lat' dir='ltr'>ad</span> 
     </span>
    </p>
   </div>
   <div class='ocr_carea' id='block_1_8' title="bbox 2178 519 3806 599">
    <p class='ocr_par' dir='ltr' id='par_1_8' title="bbox 2178 519 3806 599">
     <span class='ocr_line' id='line_1_8' title="bbox 2178 519 3806 599; baseline -0.004 -17"><span class='ocrx_word' id='word_1_45' title='bbox 2178 528 2381 599; x_wconf 84' lang='lat' dir='ltr'>synodi</span> <span class='ocrx_word' id='word_1_46' title='bbox 2413 525 2659 582; x_wconf 86' lang='lat' dir='ltr'>decrevit</span> <span class='ocrx_word' id='word_1_47' title='bbox 2688 524 3010 580; x_wconf 78' lang='lat' dir='ltr'>auctoritas.</span> <span class='ocrx_word' id='word_1_48' title='bbox 3051 523 3366 595; x_wconf 84' lang='lat' dir='ltr'>Incolumes</span> <span class='ocrx_word' id='word_1_49' title='bbox 3392 538 3489 576; x_wconf 91' lang='lat' dir='ltr'>vos</span> <span class='ocrx_word' id='word_1_50' title='bbox 3528 519 3806 576; x_wconf 90' lang='lat' dir='ltr'>Dominus</span> 
     </span>
    </p>
   </div>
   <div class='ocr_carea' id='block_1_9' title="bbox 2179 614 3806 691">
    <p class='ocr_par' dir='ltr' id='par_1_9' title="bbox 2179 614 3806 691">
     <span class='ocr_line' id='line_1_9' title="bbox 2179 614 3806 691; baseline -0.004 -16"><span class='ocrx_word' id='word_1_51' title='bbox 2179 624 2374 676; x_wconf 83' lang='lat' dir='ltr'>noster</span> <span class='ocrx_word' id='word_1_52' title='bbox 2401 637 2519 675; x_wconf 83' lang='lat' dir='ltr'>aevo</span> <span class='ocrx_word' id='word_1_53' title='bbox 2542 619 2875 691; x_wconf 87' lang='lat' dir='ltr'>longissimo</span> <span class='ocrx_word' id='word_1_54' title='bbox 2902 633 3234 674; x_wconf 85' lang='lat' dir='ltr'>conservare</span> <span class='ocrx_word' id='word_1_55' title='bbox 3261 617 3549 688; x_wconf 83' lang='lat' dir='ltr'>dignetur,</span> <span class='ocrx_word' id='word_1_56' title='bbox 3582 614 3806 670; x_wconf 88' lang='lat' dir='ltr'>domini</span> 
     </span>
    </p>
   </div>
   <div class='ocr_carea' id='block_1_10' title="bbox 2177 713 2776 770">
    <p class='ocr_par' dir='ltr' id='par_1_10' title="bbox 2177 713 2776 770">
     <span class='ocr_line' id='line_1_10' title="bbox 2177 713 2776 770; baseline -0.002 -1"><span class='ocrx_word' id='word_1_57' title='bbox 2177 715 2382 770; x_wconf 86' lang='lat' dir='ltr'>fratres</span> <span class='ocrx_word' id='word_1_58' title='bbox 2407 713 2776 769; x_wconf 84' lang='lat' dir='ltr'>dilectissimi.</span> 
     </span>
    </p>
   </div>
   <div class='ocr_carea' id='block_1_11' title="bbox 1293 1029 2976 1143">
    <p class='ocr_par' dir='ltr' id='par_1_11' title="bbox 1293 1029 2976 1143">
     <span class='ocr_line' id='line_1_11' title="bbox 1293 1029 2976 1143; baseline -0.004 -44"><span class='ocrx_word' id='word_1_59' title='bbox 1293 1032 1691 1143; x_wconf 82' lang='lat' dir='ltr'>INCIPIUNT</span> <span class='ocrx_word' id='word_1_60' title='bbox 1735 1031 2125 1098; x_wconf 81' lang='lat' dir='ltr'>CAPITULA</span> <span class='ocrx_word' id='word_1_61' title='bbox 2167 1029 2499 1098; x_wconf 85' lang='lat' dir='ltr'>CONCILII</span> <span class='ocrx_word' id='word_1_62' title='bbox 2543 1029 2976 1097; x_wconf 80' lang='lat' dir='ltr'>REGIENSIS.</span> 
     </span>
    </p>
   </div>
   <div class='ocr_carea' id='block_1_12' title="bbox 528 1205 2079 1283">
    <p class='ocr_par' dir='ltr' id='par_1_12' title="bbox 528 1205 2079 1283">
     <span class='ocr_line' id='line_1_12' title="bbox 528 1205 2079 1283; baseline -0.004 -17"><span class='ocrx_word' id='word_1_63' title='bbox 528 1216 578 1267; x_wconf 83' lang='lat' dir='ltr'>I.</span> <span class='ocrx_word' id='word_1_64' title='bbox 610 1211 681 1267; x_wconf 93' lang='lat' dir='ltr'>Ut</span> <span class='ocrx_word' id='word_1_65' title='bbox 708 1209 957 1283; x_wconf 87' lang='lat' dir='ltr'>perversi</span> <span class='ocrx_word' id='word_1_66' title='bbox 985 1208 1341 1265; x_wconf 88' lang='lat' dir='ltr'>ordinatores</span> <span class='ocrx_word' id='word_1_67' title='bbox 1359 1208 1531 1262; x_wconf 91' lang='lat' dir='ltr'>nullis</span> <span class='ocrx_word' id='word_1_68' title='bbox 1561 1209 1747 1263; x_wconf 91' lang='lat' dir='ltr'>denuo</span> <span class='ocrx_word' id='word_1_69' title='bbox 1777 1205 2079 1262; x_wconf 80' lang='lat' dir='ltr'>ordinatio-</span> 
     </span>
    </p>
   </div>
   <div class='ocr_carea' id='block_1_13' title="bbox 451 1305 933 1361">
    <p class='ocr_par' dir='ltr' id='par_1_13' title="bbox 451 1305 933 1361">
     <span class='ocr_line' id='line_1_13' title="bbox 451 1305 933 1361; baseline -0.006 0"><span class='ocrx_word' id='word_1_70' title='bbox 451 1306 618 1361; x_wconf 89' lang='lat' dir='ltr'>nibus</span> <span class='ocrx_word' id='word_1_71' title='bbox 649 1305 933 1360; x_wconf 87' lang='lat' dir='ltr'>intersint.</span> 
     </span>
    </p>
   </div>
   <div class='ocr_carea' id='block_1_14' title="bbox 526 1393 2078 1468">
    <p class='ocr_par' dir='ltr' id='par_1_14' title="bbox 526 1393 2078 1468">
     <span class='ocr_line' id='line_1_14' title="bbox 526 1393 2078 1468; baseline -0.004 -14"><span class='ocrx_word' id='word_1_72' title='bbox 526 1403 578 1455; x_wconf 86' lang='lat'>2.</span> <span class='ocrx_word' id='word_1_73' title='bbox 623 1400 695 1453; x_wconf 90' lang='lat' dir='ltr'>Ut</span> <span class='ocrx_word' id='word_1_74' title='bbox 741 1415 774 1452; x_wconf 94' lang='lat' dir='ltr'>a</span> <span class='ocrx_word' id='word_1_75' title='bbox 812 1397 1030 1452; x_wconf 90' lang='lat' dir='ltr'>duobus</span> <span class='ocrx_word' id='word_1_76' title='bbox 1086 1396 1365 1468; x_wconf 85' lang='lat' dir='ltr'>episcopis</span> <span class='ocrx_word' id='word_1_77' title='bbox 1431 1395 1722 1450; x_wconf 87' lang='lat' dir='ltr'>ordinatus</span> <span class='ocrx_word' id='word_1_78' title='bbox 1777 1393 2078 1464; x_wconf 87' lang='lat' dir='ltr'>aliquando</span> 
     </span>
    </p>
   </div>
   <div class='ocr_carea' id='block_1_15' title="bbox 451 1491 1258 1565">
    <p class='ocr_par' dir='ltr' id='par_1_15' title="bbox 451 1491 1258 1565">
     <span class='ocr_line' id='line_1_15' title="bbox 451 1491 1258 1565; baseline -0.004 -18"><span class='ocrx_word' id='word_1_79' title='bbox 451 1493 750 1565; x_wconf 91' lang='lat' dir='ltr'>episcopus</span> <span class='ocrx_word' id='word_1_80' title='bbox 775 1491 952 1562; x_wconf 85' lang='lat' dir='ltr'>possit</span> <span class='ocrx_word' id='word_1_81' title='bbox 978 1507 1094 1545; x_wconf 90' lang='lat' dir='ltr'>non</span> <span class='ocrx_word' id='word_1_82' title='bbox 1120 1506 1258 1545; x_wconf 89' lang='lat' dir='ltr'>esse.</span> 
     </span>
    </p>
   </div>
   <div class='ocr_carea' id='block_1_16' title="bbox 525 1581 2080 1654">
    <p class='ocr_par' dir='ltr' id='par_1_16' title="bbox 525 1581 2080 1654">
     <span class='ocr_line' id='line_1_16' title="bbox 525 1581 2080 1654; baseline -0.003 -13"><span class='ocrx_word' id='word_1_83' title='bbox 525 1590 578 1641; x_wconf 88' lang='lat'>3.</span> <span class='ocrx_word' id='word_1_84' title='bbox 612 1587 691 1640; x_wconf 91' lang='lat' dir='ltr'>De</span> <span class='ocrx_word' id='word_1_85' title='bbox 739 1584 1016 1639; x_wconf 78' lang='lat' dir='ltr'>haereticis</span> <span class='ocrx_word' id='word_1_86' title='bbox 1059 1589 1115 1640; x_wconf 93' lang='lat' dir='ltr'>et</span> <span class='ocrx_word' id='word_1_87' title='bbox 1163 1581 1530 1638; x_wconf 90' lang='lat' dir='ltr'>schismaticis</span> <span class='ocrx_word' id='word_1_88' title='bbox 1575 1581 1864 1654; x_wconf 89' lang='lat' dir='ltr'>episcopis,</span> <span class='ocrx_word' id='word_1_89' title='bbox 1913 1582 1960 1636; x_wconf 88' lang='lat' dir='ltr'>si</span> <span class='ocrx_word' id='word_1_90' title='bbox 2008 1583 2080 1637; x_wconf 93' lang='lat' dir='ltr'>ad</span> 
     </span>
    </p>
   </div>
   <div class='ocr_carea' id='block_1_17' title="bbox 451 1675 2076 1747">
    <p class='ocr_par' dir='ltr' id='par_1_17' title="bbox 451 1675 2076 1747">
     <span class='ocr_line' id='line_1_17' title="bbox 451 1675 2076 1747; baseline -0.002 -13"><span class='ocrx_word' id='word_1_91' title='bbox 451 1679 796 1735; x_wconf 86' lang='lat' dir='ltr'>catholicam</span> <span class='ocrx_word' id='word_1_92' title='bbox 848 1678 1022 1733; x_wconf 90' lang='lat' dir='ltr'>ﬁdem</span> <span class='ocrx_word' id='word_1_93' title='bbox 1085 1677 1362 1744; x_wconf 86' lang='lat' dir='ltr'>venerint,</span> <span class='ocrx_word' id='word_1_94' title='bbox 1431 1675 1568 1747; x_wconf 88' lang='lat' dir='ltr'>quid</span> <span class='ocrx_word' id='word_1_95' title='bbox 1629 1675 1914 1730; x_wconf 87' lang='lat' dir='ltr'>observari</span> <span class='ocrx_word' id='word_1_96' title='bbox 1981 1676 2076 1732; x_wconf 86' lang='lat' dir='ltr'>de-</span> 
     </span>
    </p>
   </div>
   <div class='ocr_carea' id='block_1_18' title="bbox 449 1773 602 1828">
    <p class='ocr_par' dir='ltr' id='par_1_18' title="bbox 449 1773 602 1828">
     <span class='ocr_line' id='line_1_18' title="bbox 449 1773 602 1828; baseline 0.007 -1"><span class='ocrx_word' id='word_1_97' title='bbox 449 1773 602 1828; x_wconf 89' lang='lat' dir='ltr'>beat.</span> 
     </span>
    </p>
   </div>
   <div class='ocr_carea' id='block_1_19' title="bbox 2248 1200 3805 1278">
    <p class='ocr_par' dir='ltr' id='par_1_19' title="bbox 2248 1200 3805 1278">
     <span class='ocr_line' id='line_1_19' title="bbox 2248 1200 3805 1278; baseline -0.004 -18"><span class='ocrx_word' id='word_1_98' title='bbox 2248 1206 2301 1261; x_wconf 80' lang='grc'>4.</span> <span class='ocrx_word' id='word_1_99' title='bbox 2343 1205 2414 1260; x_wconf 90' lang='lat' dir='ltr'>Ut</span> <span class='ocrx_word' id='word_1_100' title='bbox 2443 1204 2742 1278; x_wconf 89' lang='lat' dir='ltr'>episcopus</span> <span class='ocrx_word' id='word_1_101' title='bbox 2785 1209 2843 1260; x_wconf 92' lang='lat' dir='ltr'>et</span> <span class='ocrx_word' id='word_1_102' title='bbox 2883 1201 3184 1258; x_wconf 89' lang='lat' dir='ltr'>benedicat</span> <span class='ocrx_word' id='word_1_103' title='bbox 3222 1206 3280 1256; x_wconf 90' lang='lat' dir='ltr'>et</span> <span class='ocrx_word' id='word_1_104' title='bbox 3322 1200 3622 1255; x_wconf 84' lang='lat' dir='ltr'>confirmet</span> <span class='ocrx_word' id='word_1_105' title='bbox 3660 1215 3805 1254; x_wconf 92' lang='lat' dir='ltr'>neo-</span> 
     </span>
    </p>
   </div>
   <div class='ocr_carea' id='block_1_20' title="bbox 2176 1297 2439 1371">
    <p class='ocr_par' dir='ltr' id='par_1_20' title="bbox 2176 1297 2439 1371">
     <span class='ocr_line' id='line_1_20' title="bbox 2176 1297 2439 1371; baseline 0 -17"><span class='ocrx_word' id='word_1_106' title='bbox 2176 1297 2439 1371; x_wconf 89' lang='lat' dir='ltr'>phytum.</span> 
     </span>
    </p>
   </div>
   <div class='ocr_carea' id='block_1_21' title="bbox 2251 1389 3810 1464">
    <p class='ocr_par' dir='ltr' id='par_1_21' title="bbox 2251 1389 3810 1464">
     <span class='ocr_line' id='line_1_21' title="bbox 2251 1389 3810 1464; baseline -0.004 -16"><span class='ocrx_word' id='word_1_107' title='bbox 2251 1398 2301 1448; x_wconf 84' lang='lat'>5.</span> <span class='ocrx_word' id='word_1_108' title='bbox 2335 1394 2407 1447; x_wconf 90' lang='lat' dir='ltr'>Ut</span> <span class='ocrx_word' id='word_1_109' title='bbox 2436 1392 2747 1464; x_wconf 91' lang='lat' dir='ltr'>episcopus,</span> <span class='ocrx_word' id='word_1_110' title='bbox 2770 1409 2900 1447; x_wconf 90' lang='lat' dir='ltr'>cum</span> <span class='ocrx_word' id='word_1_111' title='bbox 2922 1391 3210 1464; x_wconf 89' lang='lat' dir='ltr'>sepelierit</span> <span class='ocrx_word' id='word_1_112' title='bbox 3234 1389 3582 1462; x_wconf 89' lang='lat' dir='ltr'>episcopum,</span> <span class='ocrx_word' id='word_1_113' title='bbox 3612 1403 3810 1442; x_wconf 87' lang='lat' dir='ltr'>curam</span> 
     </span>
    </p>
   </div>
   <div class='ocr_carea' id='block_1_22' title="bbox 2177 1486 2875 1558">
    <p class='ocr_par' dir='ltr' id='par_1_22' title="bbox 2177 1486 2875 1558">
     <span class='ocr_line' id='line_1_22' title="bbox 2177 1486 2875 1558; baseline -0.003 -16"><span class='ocrx_word' id='word_1_114' title='bbox 2177 1486 2386 1542; x_wconf 89' lang='lat' dir='ltr'>habeat</span> <span class='ocrx_word' id='word_1_115' title='bbox 2415 1487 2664 1542; x_wconf 84' lang='lat' dir='ltr'>ecclesiae</span> <span class='ocrx_word' id='word_1_116' title='bbox 2682 1486 2875 1558; x_wconf 89' lang='lat' dir='ltr'>ipsius.</span> 
     </span>
    </p>
   </div>
   <div class='ocr_carea' id='block_1_23' title="bbox 2251 1577 3812 1653">
    <p class='ocr_par' dir='ltr' id='par_1_23' title="bbox 2251 1577 3812 1653">
     <span class='ocr_line' id='line_1_23' title="bbox 2251 1577 3812 1653; baseline -0.004 -17"><span class='ocrx_word' id='word_1_117' title='bbox 2251 1584 2304 1637; x_wconf 90' lang='lat'>6.</span> <span class='ocrx_word' id='word_1_118' title='bbox 2356 1582 2429 1635; x_wconf 93' lang='lat' dir='ltr'>Ut</span> <span class='ocrx_word' id='word_1_119' title='bbox 2482 1581 2694 1653; x_wconf 87' lang='lat' dir='ltr'>absque</span> <span class='ocrx_word' id='word_1_120' title='bbox 2746 1577 3174 1652; x_wconf 88' lang='lat' dir='ltr'>metropolitani</span> <span class='ocrx_word' id='word_1_121' title='bbox 3217 1578 3423 1633; x_wconf 89' lang='lat' dir='ltr'>litteris</span> <span class='ocrx_word' id='word_1_122' title='bbox 3469 1580 3527 1632; x_wconf 92' lang='lat' dir='ltr'>et</span> <span class='ocrx_word' id='word_1_123' title='bbox 3575 1592 3812 1632; x_wconf 85' lang='lat' dir='ltr'>consen-</span> 
     </span>
    </p>
   </div>
   <div class='ocr_carea' id='block_1_24' title="bbox 2180 1670 3814 1745">
    <p class='ocr_par' dir='ltr' id='par_1_24' title="bbox 2180 1670 3814 1745">
     <span class='ocr_line' id='line_1_24' title="bbox 2180 1670 3814 1745; baseline -0.004 -15"><span class='ocrx_word' id='word_1_124' title='bbox 2180 1692 2267 1745; x_wconf 92' lang='lat' dir='ltr'>su,</span> <span class='ocrx_word' id='word_1_125' title='bbox 2325 1675 2515 1730; x_wconf 91' lang='lat' dir='ltr'>nullus</span> <span class='ocrx_word' id='word_1_126' title='bbox 2563 1674 2797 1730; x_wconf 85' lang='lat' dir='ltr'>accedat</span> <span class='ocrx_word' id='word_1_127' title='bbox 2855 1675 2927 1729; x_wconf 90' lang='lat' dir='ltr'>ad</span> <span class='ocrx_word' id='word_1_128' title='bbox 2971 1673 3297 1730; x_wconf 88' lang='lat' dir='ltr'>destitutam</span> <span class='ocrx_word' id='word_1_129' title='bbox 3346 1671 3639 1728; x_wconf 89' lang='lat' dir='ltr'>ecclesiam</span> <span class='ocrx_word' id='word_1_130' title='bbox 3690 1670 3814 1741; x_wconf 87' lang='lat' dir='ltr'>epi-</span> 
     </span>
    </p>
   </div>
   <div class='ocr_carea' id='block_1_25' title="bbox 2181 1785 2342 1842">
    <p class='ocr_par' dir='ltr' id='par_1_25' title="bbox 2181 1785 2342 1842">
     <span class='ocr_line' id='line_1_25' title="bbox 2181 1785 2342 1842; baseline 0 -18"><span class='ocrx_word' id='word_1_131' title='bbox 2181 1785 2342 1842; x_wconf 91' lang='lat' dir='ltr'>copo.</span> 
     </span>
    </p>
   </div>
   <div class='ocr_carea' id='block_1_26' title="bbox 1139 2079 3015 2201">
    <p class='ocr_par' dir='ltr' id='par_1_26' title="bbox 1139 2079 3015 2201">
     <span class='ocr_line' id='line_1_26' title="bbox 1139 2079 3015 2201; baseline -0.001 -25"><span class='ocrx_word' id='word_1_132' title='bbox 1139 2199 1142 2201; x_wconf 7' lang='grc' dir='ltr'><strong>Α</strong></span> <span class='ocrx_word' id='word_1_133' title='bbox 1245 2081 1660 2178; x_wconf 87' lang='lat' dir='ltr'>INCIPIT</span> <span class='ocrx_word' id='word_1_134' title='bbox 1736 2079 2348 2178; x_wconf 85' lang='lat' dir='ltr'>CONCILIUM</span> <span class='ocrx_word' id='word_1_135' title='bbox 2423 2081 3015 2176; x_wconf 84' lang='lat' dir='ltr'>REGIENSE.</span> 
     </span>
    </p>
   </div>
   <div class='ocr_carea' id='block_1_27' title="bbox 524 2304 3812 2397">
    <p class='ocr_par' dir='ltr' id='par_1_27' title="bbox 524 2304 3812 2397">
     <span class='ocr_line' id='line_1_27' title="bbox 524 2304 3812 2397; baseline -0.003 -31"><span class='ocrx_word' id='word_1_136' title='bbox 524 2310 640 2366; x_wconf 90' lang='lat' dir='ltr'>Sub</span> <span class='ocrx_word' id='word_1_137' title='bbox 670 2308 1108 2382; x_wconf 85' lang='lat' dir='ltr'>imperatoribus</span> <span class='ocrx_word' id='word_1_138' title='bbox 1133 2309 1447 2366; x_wconf 84' lang='lat' dir='ltr'>Theodosio</span> <span class='ocrx_word' id='word_1_139' title='bbox 1477 2312 1708 2383; x_wconf 90' lang='lat' dir='ltr'>juniore</span> <span class='ocrx_word' id='word_1_140' title='bbox 1737 2316 1794 2368; x_wconf 91' lang='lat' dir='ltr'>et</span> <span class='ocrx_word' id='word_1_141' title='bbox 1833 2311 2080 2368; x_wconf 85' lang='lat' dir='ltr'>Valenti-</span> <span class='ocrx_word' id='word_1_142' title='bbox 2102 2325 2159 2397; x_wconf 84' lang='lat' dir='ltr'><strong>B</strong></span> <span class='ocrx_word' id='word_1_143' title='bbox 2185 2312 2340 2385; x_wconf 90' lang='lat' dir='ltr'>quod</span> <span class='ocrx_word' id='word_1_144' title='bbox 2367 2310 2604 2368; x_wconf 90' lang='lat' dir='ltr'>clericus</span> <span class='ocrx_word' id='word_1_145' title='bbox 2632 2311 2910 2367; x_wconf 88' lang='lat' dir='ltr'>innocens</span> <span class='ocrx_word' id='word_1_146' title='bbox 2931 2308 3242 2380; x_wconf 65' lang='lat' dir='ltr'>disciplinas</span> <span class='ocrx_word' id='word_1_147' title='bbox 3269 2308 3350 2373; x_wconf 91' lang='lat' dir='ltr'>(ut</span> <span class='ocrx_word' id='word_1_148' title='bbox 3368 2305 3672 2378; x_wconf 89' lang='lat' dir='ltr'>probatum</span> <span class='ocrx_word' id='word_1_149' title='bbox 3703 2304 3812 2376; x_wconf 89' lang='lat' dir='ltr'>est)</span> 
     </span>
    </p>
   </div>
   <div class='ocr_carea' id='block_1_28' title="bbox 448 2399 3815 2478">
    <p class='ocr_par' dir='ltr' id='par_1_28' title="bbox 448 2399 3815 2478">
     <span class='ocr_line' id='line_1_28' title="bbox 448 2399 3815 2478; baseline -0.002 -18"><span class='ocrx_word' id='word_1_150' title='bbox 448 2404 646 2472; x_wconf 90' lang='lat' dir='ltr'>niano,</span> <span class='ocrx_word' id='word_1_151' title='bbox 677 2403 994 2459; x_wconf 84' lang='lat' dir='ltr'>Theodosio</span> <span class='ocrx_word' id='word_1_152' title='bbox 1027 2405 1266 2476; x_wconf 88' lang='lat' dir='ltr'>septimo</span> <span class='ocrx_word' id='word_1_153' title='bbox 1293 2410 1351 2460; x_wconf 91' lang='lat' dir='ltr'>et</span> <span class='ocrx_word' id='word_1_154' title='bbox 1376 2406 1540 2460; x_wconf 88' lang='lat' dir='ltr'>Festo</span> <span class='ocrx_word' id='word_1_155' title='bbox 1572 2406 1915 2476; x_wconf 90' lang='lat' dir='ltr'>consulibus,</span> <span class='ocrx_word' id='word_1_156' title='bbox 1950 2423 2080 2461; x_wconf 89' lang='lat' dir='ltr'>cum</span> <span class='ocrx_word' id='word_1_157' title='bbox 2181 2423 2409 2462; x_wconf 91' lang='lat' dir='ltr'>memor</span> <span class='ocrx_word' id='word_1_158' title='bbox 2423 2399 3815 2478; x_wconf 88' lang='lat' dir='ltr'>quorumdaminsolentia,acvariaperturbatione</span> 
     </span>
    </p>
   </div>
   <div class='ocr_carea' id='block_1_29' title="bbox 448 2493 3814 2570">
    <p class='ocr_par' dir='ltr' id='par_1_29' title="bbox 448 2493 3814 2570">
     <span class='ocr_line' id='line_1_29' title="bbox 448 2493 3814 2570; baseline -0.001 -18"><span class='ocrx_word' id='word_1_159' title='bbox 448 2499 509 2552; x_wconf 93' lang='lat' dir='ltr'>in</span> <span class='ocrx_word' id='word_1_160' title='bbox 565 2498 855 2552; x_wconf 88' lang='lat' dir='ltr'>voluntate</span> <span class='ocrx_word' id='word_1_161' title='bbox 905 2498 1125 2553; x_wconf 90' lang='lat' dir='ltr'>Domini</span> <span class='ocrx_word' id='word_1_162' title='bbox 1187 2498 1338 2569; x_wconf 89' lang='lat' dir='ltr'>apud</span> <span class='ocrx_word' id='word_1_163' title='bbox 1399 2498 1742 2570; x_wconf 86' lang='lat' dir='ltr'>Regiensem</span> <span class='ocrx_word' id='word_1_164' title='bbox 1787 2499 2081 2555; x_wconf 87' lang='lat' dir='ltr'>ecclesiam</span> <span class='ocrx_word' id='word_1_165' title='bbox 2180 2506 2436 2570; x_wconf 84' lang='lat' dir='ltr'>vexatus,</span> <span class='ocrx_word' id='word_1_166' title='bbox 2475 2501 2648 2556; x_wconf 89' lang='lat' dir='ltr'>etiam</span> <span class='ocrx_word' id='word_1_167' title='bbox 2679 2501 2740 2555; x_wconf 93' lang='lat' dir='ltr'>in</span> <span class='ocrx_word' id='word_1_168' title='bbox 2780 2498 3158 2555; x_wconf 88' lang='lat' dir='ltr'>sacerdotibus</span> <span class='ocrx_word' id='word_1_169' title='bbox 3195 2513 3260 2551; x_wconf 91' lang='lat' dir='ltr'>ac</span> <span class='ocrx_word' id='word_1_170' title='bbox 3294 2495 3568 2551; x_wconf 88' lang='lat' dir='ltr'>ministris</span> <span class='ocrx_word' id='word_1_171' title='bbox 3603 2493 3814 2561; x_wconf 92' lang='lat' dir='ltr'>minas,</span> 
     </span>
    </p>
   </div>
   <div class='ocr_carea' id='block_1_30' title="bbox 450 2574 3815 2707">
    <p class='ocr_par' dir='ltr' id='par_1_30' title="bbox 450 2574 3815 2707">
     <span class='ocr_line' id='line_1_30' title="bbox 450 2574 3815 2707; baseline -0.001 -61"><span class='ocrx_word' id='word_1_172' title='bbox 450 2591 929 2660; x_wconf 87' lang='lat' dir='ltr'>convenissemus,</span> <span class='ocrx_word' id='word_1_173' title='bbox 963 2597 1019 2646; x_wconf 89' lang='lat' dir='ltr'>et</span> <span class='ocrx_word' id='word_1_174' title='bbox 1045 2592 1512 2664; x_wconf 79' lang='lat' dir='ltr'>transgressionis</span> <span class='ocrx_word' id='word_1_175' title='bbox 1531 2594 1681 2664; x_wconf 89' lang='lat' dir='ltr'>apud</span> <span class='ocrx_word' id='word_1_176' title='bbox 1707 2593 2079 2650; x_wconf 85' lang='lat' dir='ltr'>Ebredunen-</span> <span class='ocrx_word' id='word_1_177' title='bbox 2119 2574 2140 2707; x_wconf 54' lang='grc' dir='ltr'>ἰ</span> <span class='ocrx_word' id='word_1_178' title='bbox 2182 2612 2247 2651; x_wconf 89' lang='lat' dir='ltr'>ac</span> <span class='ocrx_word' id='word_1_179' title='bbox 2259 2596 2454 2667; x_wconf 90' lang='lat' dir='ltr'>jurgia</span> <span class='ocrx_word' id='word_1_180' title='bbox 2475 2599 2534 2650; x_wconf 90' lang='lat' dir='ltr'>et</span> <span class='ocrx_word' id='word_1_181' title='bbox 2550 2595 2666 2650; x_wconf 89' lang='lat' dir='ltr'>vim</span> <span class='ocrx_word' id='word_1_182' title='bbox 2681 2593 3098 2649; x_wconf 91' lang='lat' dir='ltr'>acerbissimam</span> <span class='ocrx_word' id='word_1_183' title='bbox 3117 2589 3437 2662; x_wconf 89' lang='lat' dir='ltr'>perniciosa</span> <span class='ocrx_word' id='word_1_184' title='bbox 3455 2605 3638 2660; x_wconf 91' lang='lat' dir='ltr'>nuper</span> <span class='ocrx_word' id='word_1_185' title='bbox 3658 2587 3815 2642; x_wconf 61' lang='lat' dir='ltr'>caede</span> 
     </span>
     <span class='ocr_line' id='line_1_31' title="bbox 454 2681 3775 2707; baseline 0 0"><span class='ocrx_word' id='word_1_186' title='bbox 454 2701 562 2707; x_wconf 54' lang='grc' dir='ltr'>---μ</span> <span class='ocrx_word' id='word_1_187' title='bbox 618 2686 902 2707; x_wconf 55' lang='grc' dir='ltr'>---1--2-..Α</span> <span class='ocrx_word' id='word_1_188' title='bbox 956 2684 1158 2707; x_wconf 70' lang='lat' dir='ltr'>L-‘L_&#39;L_.</span> <span class='ocrx_word' id='word_1_189' title='bbox 1211 2702 1354 2707; x_wconf 70' lang='lat'>_-_.-</span> <span class='ocrx_word' id='word_1_190' title='bbox 1378 2686 1522 2707; x_wconf 67' lang='lat' dir='ltr'>J:____-</span> <span class='ocrx_word' id='word_1_191' title='bbox 1573 2692 1923 2707; x_wconf 42' lang='lat' dir='ltr'>._-__-_.__-A1____</span> <span class='ocrx_word' id='word_1_192' title='bbox 1981 2703 2074 2707; x_wconf 43' lang='grc' dir='ltr'>μη-</span> <span class='ocrx_word' id='word_1_193' title='bbox 2239 2705 2248 2707; x_wconf 38' lang='grc' dir='ltr'><strong>Α</strong></span> <span class='ocrx_word' id='word_1_194' title='bbox 2295 2695 2320 2707; x_wconf 38' lang='grc' dir='ltr'>ιν</span> <span class='ocrx_word' id='word_1_195' title='bbox 2355 2690 2396 2707; x_wconf 72' lang='lat'>1-</span> <span class='ocrx_word' id='word_1_196' title='bbox 2479 2693 2490 2707; x_wconf 87' lang='grc' dir='ltr'>ι</span> <span class='ocrx_word' id='word_1_197' title='bbox 2549 2705 2574 2707; x_wconf 42' lang='grc' dir='ltr'>μ</span> <span class='ocrx_word' id='word_1_198' title='bbox 2603 2705 2612 2707; x_wconf 69' lang='lat'><strong><em>_</em></strong></span> <span class='ocrx_word' id='word_1_199' title='bbox 2638 2705 2648 2707; x_wconf 66' lang='lat'><strong><em>_</em></strong></span> <span class='ocrx_word' id='word_1_200' title='bbox 2689 2706 2714 2707; x_wconf 34' lang='lat' dir='ltr'>ﬂ</span> <span class='ocrx_word' id='word_1_201' title='bbox 2738 2690 2908 2707; x_wconf 38' lang='lat' dir='ltr'>Al__4_l</span> <span class='ocrx_word' id='word_1_202' title='bbox 2969 2685 3171 2707; x_wconf 62' lang='lat' dir='ltr'>13m-__2</span> <span class='ocrx_word' id='word_1_203' title='bbox 3230 2686 3510 2707; x_wconf 71' lang='lat' dir='ltr'>n__-_--_..</span> <span class='ocrx_word' id='word_1_204' title='bbox 3557 2699 3616 2707; x_wconf 63' lang='grc' dir='ltr'>Α-</span> <span class='ocrx_word' id='word_1_205' title='bbox 3647 2681 3775 2707; x_wconf 67' lang='grc' dir='ltr'>Ᾱζη-;</span> 
     </span>
    </p>
   </div>
   <div class='ocr_carea' id='block_1_31' title="bbox 451 2681 3813 2762">
    <p class='ocr_par' dir='ltr' id='par_1_31' title="bbox 451 2681 3813 2762">
     <span class='ocr_line' id='line_1_32' title="bbox 451 2681 3813 2762; baseline -0.002 -22"><span class='ocrx_word' id='word_1_206' title='bbox 451 2701 570 2740; x_wconf 86' lang='lat' dir='ltr'>sem</span> <span class='ocrx_word' id='word_1_207' title='bbox 613 2686 908 2739; x_wconf 90' lang='lat' dir='ltr'>ecclesiam</span> <span class='ocrx_word' id='word_1_208' title='bbox 956 2684 1163 2740; x_wconf 75' lang='lat' dir='ltr'>habitae</span> <span class='ocrx_word' id='word_1_209' title='bbox 1211 2686 1528 2741; x_wconf 80' lang='lat' dir='ltr'>remedium</span> <span class='ocrx_word' id='word_1_210' title='bbox 1565 2692 1944 2757; x_wconf 62' lang='lat' dir='ltr'>quaereretur,</span> <span class='ocrx_word' id='word_1_211' title='bbox 1973 2703 2084 2758; x_wconf 89' lang='lat' dir='ltr'>qua</span> <span class='ocrx_word' id='word_1_212' title='bbox 2119 2681 2139 2707; x_wconf 75' lang='lat'><strong>°</strong></span> <span class='ocrx_word' id='word_1_213' title='bbox 2182 2690 2518 2762; x_wconf 86' lang='lat' dir='ltr'>pertulerat,</span> <span class='ocrx_word' id='word_1_214' title='bbox 2547 2705 2656 2743; x_wconf 91' lang='lat' dir='ltr'>nec</span> <span class='ocrx_word' id='word_1_215' title='bbox 2688 2690 2932 2760; x_wconf 89' lang='lat' dir='ltr'>poterat,</span> <span class='ocrx_word' id='word_1_216' title='bbox 2963 2685 3195 2741; x_wconf 81' lang='lat' dir='ltr'>diﬁ‘erri.</span> <span class='ocrx_word' id='word_1_217' title='bbox 3229 2686 3515 2740; x_wconf 91' lang='lat' dir='ltr'>Bonorum</span> <span class='ocrx_word' id='word_1_218' title='bbox 3555 2699 3618 2736; x_wconf 90' lang='lat' dir='ltr'>ac</span> <span class='ocrx_word' id='word_1_219' title='bbox 3644 2681 3813 2735; x_wconf 89' lang='lat' dir='ltr'>disci-</span> 
     </span>
    </p>
   </div>
   <div class='ocr_carea' id='block_1_32' title="bbox 449 2778 2084 2848">
    <p class='ocr_par' dir='ltr' id='par_1_32' title="bbox 449 2778 2084 2848">
     <span class='ocr_line' id='line_1_33' title="bbox 449 2778 2084 2848; baseline 0.001 -15"><span class='ocrx_word' id='word_1_220' title='bbox 449 2779 659 2834; x_wconf 88' lang='lat' dir='ltr'>sanctis</span> <span class='ocrx_word' id='word_1_221' title='bbox 703 2778 966 2832; x_wconf 64' lang='lat' dir='ltr'>Ecclesiae</span> <span class='ocrx_word' id='word_1_222' title='bbox 1013 2779 1348 2848; x_wconf 89' lang='lat' dir='ltr'>canonibus,</span> <span class='ocrx_word' id='word_1_223' title='bbox 1393 2796 1456 2834; x_wconf 92' lang='lat' dir='ltr'>ac</span> <span class='ocrx_word' id='word_1_224' title='bbox 1503 2781 1828 2835; x_wconf 91' lang='lat' dir='ltr'>reverendis</span> <span class='ocrx_word' id='word_1_225' title='bbox 1854 2782 2084 2835; x_wconf 85' lang='lat' dir='ltr'>Patrum</span> 
     </span>
    </p>
   </div>
   <div class='ocr_carea' id='block_1_33' title="bbox 449 2871 2083 2946">
    <p class='ocr_par' dir='ltr' id='par_1_33' title="bbox 449 2871 2083 2946">
     <span class='ocr_line' id='line_1_34' title="bbox 449 2871 2083 2946; baseline 0.001 -19"><span class='ocrx_word' id='word_1_226' title='bbox 449 2871 950 2927; x_wconf 89' lang='lat' dir='ltr'>constitutionibus</span> <span class='ocrx_word' id='word_1_227' title='bbox 975 2872 1131 2926; x_wconf 91' lang='lat' dir='ltr'>omni</span> <span class='ocrx_word' id='word_1_228' title='bbox 1157 2878 1315 2942; x_wconf 91' lang='lat' dir='ltr'>parte</span> <span class='ocrx_word' id='word_1_229' title='bbox 1344 2874 1640 2944; x_wconf 86' lang='lat' dir='ltr'>neglectis,</span> <span class='ocrx_word' id='word_1_230' title='bbox 1671 2874 1884 2946; x_wconf 87' lang='lat' dir='ltr'>absque</span> <span class='ocrx_word' id='word_1_231' title='bbox 1905 2875 2083 2929; x_wconf 90' lang='lat' dir='ltr'>trium</span> 
     </span>
    </p>
   </div>
   <div class='ocr_carea' id='block_1_34' title="bbox 451 2965 2085 3040">
    <p class='ocr_par' dir='ltr' id='par_1_34' title="bbox 451 2965 2085 3040">
     <span class='ocr_line' id='line_1_35' title="bbox 451 2965 2085 3040; baseline 0.002 -21"><span class='ocrx_word' id='word_1_232' title='bbox 451 2965 760 3038; x_wconf 76' lang='lat' dir='ltr'>praesentia</span> <span class='ocrx_word' id='word_1_233' title='bbox 783 3007 796 3031; x_wconf 94' lang='lat'>,</span> <span class='ocrx_word' id='word_1_234' title='bbox 847 2965 1058 3036; x_wconf 89' lang='lat' dir='ltr'>absque</span> <span class='ocrx_word' id='word_1_235' title='bbox 1102 2965 1536 3037; x_wconf 89' lang='lat' dir='ltr'>provincialium</span> <span class='ocrx_word' id='word_1_236' title='bbox 1585 2967 1784 3022; x_wconf 87' lang='lat' dir='ltr'>litteris</span> <span class='ocrx_word' id='word_1_237' title='bbox 1811 3010 1824 3035; x_wconf 95' lang='lat'>,</span> <span class='ocrx_word' id='word_1_238' title='bbox 1871 2968 2085 3040; x_wconf 86' lang='lat' dir='ltr'>absque</span> 
     </span>
    </p>
   </div>
   <div class='ocr_carea' id='block_1_35' title="bbox 454 3058 2084 3133">
    <p class='ocr_par' dir='ltr' id='par_1_35' title="bbox 454 3058 2084 3133">
     <span class='ocr_line' id='line_1_36' title="bbox 454 3058 2084 3133; baseline 0.002 -20"><span class='ocrx_word' id='word_1_239' title='bbox 454 3058 876 3130; x_wconf 88' lang='lat' dir='ltr'>metropolitani</span> <span class='ocrx_word' id='word_1_240' title='bbox 917 3059 1250 3114; x_wconf 86' lang='lat' dir='ltr'>auctoritate</span> <span class='ocrx_word' id='word_1_241' title='bbox 1290 3059 1508 3115; x_wconf 86' lang='lat' dir='ltr'>irritam</span> <span class='ocrx_word' id='word_1_242' title='bbox 1551 3061 1922 3116; x_wconf 90' lang='lat' dir='ltr'>ordinationis</span> <span class='ocrx_word' id='word_1_243' title='bbox 1957 3077 2084 3133; x_wconf 91' lang='lat' dir='ltr'>spe-</span> 
     </span>
    </p>
   </div>
   <div class='ocr_carea' id='block_1_36' title="bbox 455 3151 2083 3227">
    <p class='ocr_par' dir='ltr' id='par_1_36' title="bbox 455 3151 2083 3227">
     <span class='ocr_line' id='line_1_37' title="bbox 455 3151 2083 3227; baseline 0.001 -19"><span class='ocrx_word' id='word_1_244' title='bbox 455 3151 602 3208; x_wconf 89' lang='lat' dir='ltr'>ciem</span> <span class='ocrx_word' id='word_1_245' title='bbox 658 3168 691 3206; x_wconf 91' lang='lat' dir='ltr'>a</span> <span class='ocrx_word' id='word_1_246' title='bbox 737 3151 957 3207; x_wconf 91' lang='lat' dir='ltr'>duobus</span> <span class='ocrx_word' id='word_1_247' title='bbox 995 3157 1212 3208; x_wconf 88' lang='lat' dir='ltr'>temere</span> <span class='ocrx_word' id='word_1_248' title='bbox 1256 3154 1714 3209; x_wconf 88' lang='lat' dir='ltr'>convenientibus</span> <span class='ocrx_word' id='word_1_249' title='bbox 1771 3153 1898 3227; x_wconf 83' lang='grc'>92</span> <span class='ocrx_word' id='word_1_250' title='bbox 1936 3172 2083 3226; x_wconf 73' lang='lat' dir='ltr'>pras-</span> 
     </span>
    </p>
   </div>
   <div class='ocr_carea' id='block_1_37' title="bbox 456 3246 2088 3320">
    <p class='ocr_par' dir='ltr' id='par_1_37' title="bbox 456 3246 2088 3320">
     <span class='ocr_line' id='line_1_38' title="bbox 456 3246 2088 3320; baseline 0.001 -18"><span class='ocrx_word' id='word_1_251' title='bbox 456 3248 745 3317; x_wconf 89' lang='lat' dir='ltr'>sumptam</span> <span class='ocrx_word' id='word_1_252' title='bbox 770 3261 890 3301; x_wconf 88' lang='lat' dir='ltr'>esse</span> <span class='ocrx_word' id='word_1_253' title='bbox 916 3246 1189 3317; x_wconf 91' lang='lat' dir='ltr'>clarebat,</span> <span class='ocrx_word' id='word_1_254' title='bbox 1228 3264 1342 3302; x_wconf 91' lang='lat' dir='ltr'>non</span> <span class='ocrx_word' id='word_1_255' title='bbox 1377 3247 1568 3304; x_wconf 91' lang='lat' dir='ltr'>minus</span> <span class='ocrx_word' id='word_1_256' title='bbox 1607 3248 1825 3304; x_wconf 91' lang='lat' dir='ltr'>doloris</span> <span class='ocrx_word' id='word_1_257' title='bbox 1851 3249 1920 3304; x_wconf 90' lang='lat' dir='ltr'>de</span> <span class='ocrx_word' id='word_1_258' title='bbox 1946 3266 2088 3320; x_wconf 82' lang='lat' dir='ltr'>prae-</span> 
     </span>
    </p>
   </div>
   <div class='ocr_carea' id='block_1_38' title="bbox 455 3339 2085 3414">
    <p class='ocr_par' dir='ltr' id='par_1_38' title="bbox 455 3339 2085 3414">
     <span class='ocr_line' id='line_1_39' title="bbox 455 3339 2085 3414; baseline 0.002 -20"><span class='ocrx_word' id='word_1_259' title='bbox 455 3344 684 3410; x_wconf 89' lang='lat' dir='ltr'>sumpto</span> <span class='ocrx_word' id='word_1_260' title='bbox 713 3340 874 3412; x_wconf 90' lang='lat' dir='ltr'>lapsu</span> <span class='ocrx_word' id='word_1_261' title='bbox 903 3356 1075 3412; x_wconf 90' lang='lat' dir='ltr'>quam</span> <span class='ocrx_word' id='word_1_262' title='bbox 1118 3339 1187 3395; x_wconf 89' lang='lat' dir='ltr'>de</span> <span class='ocrx_word' id='word_1_263' title='bbox 1229 3341 1483 3396; x_wconf 71' lang='lat' dir='ltr'>ecclesiae</span> <span class='ocrx_word' id='word_1_264' title='bbox 1514 3342 1688 3414; x_wconf 88' lang='lat' dir='ltr'>ipsius</span> <span class='ocrx_word' id='word_1_265' title='bbox 1721 3342 2085 3398; x_wconf 91' lang='lat' dir='ltr'>convulsione</span> 
     </span>
    </p>
   </div>
   <div class='ocr_carea' id='block_1_39' title="bbox 456 3433 2088 3506">
    <p class='ocr_par' dir='ltr' id='par_1_39' title="bbox 456 3433 2088 3506">
     <span class='ocr_line' id='line_1_40' title="bbox 456 3433 2088 3506; baseline 0.001 -17"><span class='ocrx_word' id='word_1_266' title='bbox 456 3435 516 3490; x_wconf 88' lang='lat' dir='ltr'>in</span> <span class='ocrx_word' id='word_1_267' title='bbox 544 3434 861 3506; x_wconf 91' lang='lat' dir='ltr'>pectoribus</span> <span class='ocrx_word' id='word_1_268' title='bbox 898 3434 1154 3489; x_wconf 90' lang='lat' dir='ltr'>omnium</span> <span class='ocrx_word' id='word_1_269' title='bbox 1195 3433 1420 3490; x_wconf 89' lang='lat' dir='ltr'>diutina</span> <span class='ocrx_word' id='word_1_270' title='bbox 1461 3436 1759 3492; x_wconf 90' lang='lat' dir='ltr'>collatione</span> <span class='ocrx_word' id='word_1_271' title='bbox 1802 3440 2088 3491; x_wconf 88' lang='lat' dir='ltr'>versatum</span> 
     </span>
    </p>
   </div>
   <div class='ocr_carea' id='block_1_40' title="bbox 458 3527 2085 3601">
    <p class='ocr_par' dir='ltr' id='par_1_40' title="bbox 458 3527 2085 3601">
     <span class='ocr_line' id='line_1_41' title="bbox 458 3527 2085 3601; baseline 0 -17"><span class='ocrx_word' id='word_1_272' title='bbox 458 3532 559 3584; x_wconf 90' lang='lat' dir='ltr'>est.</span> <span class='ocrx_word' id='word_1_273' title='bbox 587 3527 840 3583; x_wconf 88' lang='lat' dir='ltr'>Primum</span> <span class='ocrx_word' id='word_1_274' title='bbox 869 3527 1057 3599; x_wconf 89' lang='lat' dir='ltr'>itaque</span> <span class='ocrx_word' id='word_1_275' title='bbox 1097 3527 1229 3600; x_wconf 89' lang='lat' dir='ltr'>quia</span> <span class='ocrx_word' id='word_1_276' title='bbox 1265 3546 1380 3584; x_wconf 92' lang='lat' dir='ltr'>non</span> <span class='ocrx_word' id='word_1_277' title='bbox 1415 3529 1741 3601; x_wconf 89' lang='lat' dir='ltr'>ulciscendi,</span> <span class='ocrx_word' id='word_1_278' title='bbox 1771 3531 1869 3585; x_wconf 91' lang='lat' dir='ltr'>sed</span> <span class='ocrx_word' id='word_1_279' title='bbox 1900 3547 2085 3585; x_wconf 83' lang='lat' dir='ltr'>reme-</span> 
     </span>
    </p>
   </div>
   <div class='ocr_carea' id='block_1_41' title="bbox 459 3620 2086 3696">
    <p class='ocr_par' dir='ltr' id='par_1_41' title="bbox 459 3620 2086 3696">
     <span class='ocr_line' id='line_1_42' title="bbox 459 3620 2086 3696; baseline 0.001 -20"><span class='ocrx_word' id='word_1_280' title='bbox 459 3620 652 3677; x_wconf 90' lang='lat' dir='ltr'>diandi</span> <span class='ocrx_word' id='word_1_281' title='bbox 681 3621 930 3676; x_wconf 91' lang='lat' dir='ltr'>studium</span> <span class='ocrx_word' id='word_1_282' title='bbox 955 3626 1098 3677; x_wconf 91' lang='lat' dir='ltr'>nutu</span> <span class='ocrx_word' id='word_1_283' title='bbox 1126 3622 1355 3677; x_wconf 91' lang='lat' dir='ltr'>Domini</span> <span class='ocrx_word' id='word_1_284' title='bbox 1398 3623 1800 3680; x_wconf 90' lang='lat' dir='ltr'>universorum</span> <span class='ocrx_word' id='word_1_285' title='bbox 1838 3623 2086 3696; x_wconf 88' lang='lat' dir='ltr'>pectori-</span> 
     </span>
    </p>
   </div>
   <div class='ocr_carea' id='block_1_42' title="bbox 457 3705 2164 3788">
    <p class='ocr_par' dir='ltr' id='par_1_42' title="bbox 457 3705 2164 3788">
     <span class='ocr_line' id='line_1_43' title="bbox 457 3705 2164 3788; baseline 0.001 -17"><span class='ocrx_word' id='word_1_286' title='bbox 457 3717 561 3772; x_wconf 88' lang='lat' dir='ltr'>bus</span> <span class='ocrx_word' id='word_1_287' title='bbox 580 3732 809 3788; x_wconf 88' lang='lat' dir='ltr'>prorsus</span> <span class='ocrx_word' id='word_1_288' title='bbox 835 3715 1167 3771; x_wconf 87' lang='lat' dir='ltr'>sacerdotali</span> <span class='ocrx_word' id='word_1_289' title='bbox 1190 3717 1423 3770; x_wconf 90' lang='lat' dir='ltr'>consilio</span> <span class='ocrx_word' id='word_1_290' title='bbox 1456 3717 1741 3772; x_wconf 91' lang='lat' dir='ltr'>insederat</span> <span class='ocrx_word' id='word_1_291' title='bbox 1771 3717 1827 3772; x_wconf 91' lang='lat' dir='ltr'>in</span> <span class='ocrx_word' id='word_1_292' title='bbox 1867 3734 2085 3772; x_wconf 90' lang='lat' dir='ltr'>sermo-</span> <span class='ocrx_word' id='word_1_293' title='bbox 2109 3705 2164 3778; x_wconf 89' lang='lat' dir='ltr'><strong><em>C</em></strong></span> 
     </span>
    </p>
   </div>
   <div class='ocr_carea' id='block_1_43' title="bbox 461 3801 2137 3912">
    <p class='ocr_par' dir='ltr' id='par_1_43' title="bbox 461 3801 2137 3912">
     <span class='ocr_line' id='line_1_44' title="bbox 461 3801 2137 3912; baseline 0.001 -48"><span class='ocrx_word' id='word_1_294' title='bbox 461 3809 628 3864; x_wconf 90' lang='lat' dir='ltr'>nibus</span> <span class='ocrx_word' id='word_1_295' title='bbox 664 3809 901 3878; x_wconf 80' lang='lat' dir='ltr'>singulis</span> <span class='ocrx_word' id='word_1_296' title='bbox 951 3825 1054 3878; x_wconf 91' lang='lat' dir='ltr'>pro</span> <span class='ocrx_word' id='word_1_297' title='bbox 1098 3809 1310 3879; x_wconf 87' lang='lat' dir='ltr'>pietate</span> <span class='ocrx_word' id='word_1_298' title='bbox 1350 3815 1645 3881; x_wconf 88' lang='lat' dir='ltr'>perspecta</span> <span class='ocrx_word' id='word_1_299' title='bbox 1681 3810 1895 3882; x_wconf 90' lang='lat' dir='ltr'>patuit,</span> <span class='ocrx_word' id='word_1_300' title='bbox 1941 3801 2137 3912; x_wconf 57' lang='lat' dir='ltr'>quod9</span> 
     </span>
    </p>
   </div>
   <div class='ocr_carea' id='block_1_44' title="bbox 463 3901 2129 3973">
    <p class='ocr_par' dir='ltr' id='par_1_44' title="bbox 463 3901 2129 3973">
     <span class='ocr_line' id='line_1_45' title="bbox 463 3901 2129 3973; baseline 0.002 -18"><span class='ocrx_word' id='word_1_301' title='bbox 463 3903 609 3957; x_wconf 90' lang='lat' dir='ltr'>sicut</span> <span class='ocrx_word' id='word_1_302' title='bbox 637 3901 880 3972; x_wconf 87' lang='lat' dir='ltr'>reproba</span> <span class='ocrx_word' id='word_1_303' title='bbox 905 3918 1033 3972; x_wconf 63' lang='lat' dir='ltr'>qua:</span> <span class='ocrx_word' id='word_1_304' title='bbox 1057 3908 1406 3973; x_wconf 76' lang='lat' dir='ltr'>praesumpta</span> <span class='ocrx_word' id='word_1_305' title='bbox 1434 3906 1626 3957; x_wconf 89' lang='lat' dir='ltr'>essent</span> <span class='ocrx_word' id='word_1_306' title='bbox 1648 3903 1706 3957; x_wconf 92' lang='lat' dir='ltr'>in</span> <span class='ocrx_word' id='word_1_307' title='bbox 1738 3904 1962 3958; x_wconf 90' lang='lat' dir='ltr'>irritum</span> <span class='ocrx_word' id='word_1_308' title='bbox 1991 3905 2088 3960; x_wconf 90' lang='lat' dir='ltr'>de-</span> <span class='ocrx_word' id='word_1_309' title='bbox 2122 3901 2129 3934; x_wconf 61' lang='grc' dir='ltr'>ἶ</span> 
     </span>
    </p>
   </div>
   <div class='ocr_carea' id='block_1_45' title="bbox 464 3994 2093 4069">
    <p class='ocr_par' dir='ltr' id='par_1_45' title="bbox 464 3994 2093 4069">
     <span class='ocr_line' id='line_1_46' title="bbox 464 3994 2093 4069; baseline 0.001 -18"><span class='ocrx_word' id='word_1_310' title='bbox 464 3995 740 4063; x_wconf 88' lang='lat' dir='ltr'>vocanda,</span> <span class='ocrx_word' id='word_1_311' title='bbox 771 3994 849 4048; x_wconf 90' lang='lat' dir='ltr'>ita</span> <span class='ocrx_word' id='word_1_312' title='bbox 870 4011 967 4048; x_wconf 91' lang='lat' dir='ltr'>eos</span> <span class='ocrx_word' id='word_1_313' title='bbox 989 3994 1085 4065; x_wconf 90' lang='lat' dir='ltr'>qui</span> <span class='ocrx_word' id='word_1_314' title='bbox 1106 3995 1346 4066; x_wconf 90' lang='lat' dir='ltr'>reproba</span> <span class='ocrx_word' id='word_1_315' title='bbox 1363 3997 1876 4068; x_wconf 76' lang='lat' dir='ltr'>praesumpsissent,</span> <span class='ocrx_word' id='word_1_316' title='bbox 1898 4014 2093 4069; x_wconf 87' lang='lat' dir='ltr'>quam-</span> 
     </span>
    </p>
   </div>
   <div class='ocr_carea' id='block_1_46' title="bbox 461 4088 2096 4160">
    <p class='ocr_par' dir='ltr' id='par_1_46' title="bbox 461 4088 2096 4160">
     <span class='ocr_line' id='line_1_47' title="bbox 461 4088 2096 4160; baseline 0.002 -16"><span class='ocrx_word' id='word_1_317' title='bbox 461 4090 544 4144; x_wconf 89' lang='lat' dir='ltr'>vis</span> <span class='ocrx_word' id='word_1_318' title='bbox 595 4088 942 4143; x_wconf 84' lang='lat' dir='ltr'>confundere</span> <span class='ocrx_word' id='word_1_319' title='bbox 994 4105 1232 4143; x_wconf 86' lang='lat' dir='ltr'>censura</span> <span class='ocrx_word' id='word_1_320' title='bbox 1287 4093 1520 4160; x_wconf 84' lang='lat' dir='ltr'>cogeret</span> <span class='ocrx_word' id='word_1_321' title='bbox 1579 4090 1838 4146; x_wconf 87' lang='lat' dir='ltr'>charitati</span> <span class='ocrx_word' id='word_1_322' title='bbox 1900 4092 2096 4148; x_wconf 90' lang='lat' dir='ltr'>liceret</span> 
     </span>
    </p>
   </div>
   <div class='ocr_carea' id='block_1_47' title="bbox 466 4180 2096 4256">
    <p class='ocr_par' dir='ltr' id='par_1_47' title="bbox 466 4180 2096 4256">
     <span class='ocr_line' id='line_1_48' title="bbox 466 4180 2096 4256; baseline 0.002 -18"><span class='ocrx_word' id='word_1_323' title='bbox 466 4183 778 4249; x_wconf 86' lang='lat' dir='ltr'>absolvere,</span> <span class='ocrx_word' id='word_1_324' title='bbox 806 4180 1127 4252; x_wconf 76' lang='lat' dir='ltr'>praesertim</span> <span class='ocrx_word' id='word_1_325' title='bbox 1160 4198 1293 4237; x_wconf 90' lang='lat' dir='ltr'>cum</span> <span class='ocrx_word' id='word_1_326' title='bbox 1336 4182 1396 4236; x_wconf 91' lang='lat' dir='ltr'>hi</span> <span class='ocrx_word' id='word_1_327' title='bbox 1437 4183 1534 4254; x_wconf 90' lang='lat' dir='ltr'>qui</span> <span class='ocrx_word' id='word_1_328' title='bbox 1576 4183 1636 4238; x_wconf 91' lang='lat' dir='ltr'>in</span> <span class='ocrx_word' id='word_1_329' title='bbox 1677 4188 1797 4239; x_wconf 90' lang='lat' dir='ltr'>tam</span> <span class='ocrx_word' id='word_1_330' title='bbox 1828 4201 2096 4256; x_wconf 90' lang='lat' dir='ltr'>perversa</span> 
     </span>
    </p>
   </div>
   <div class='ocr_carea' id='block_1_48' title="bbox 468 4274 2096 4352">
    <p class='ocr_par' dir='ltr' id='par_1_48' title="bbox 468 4274 2096 4352">
     <span class='ocr_line' id='line_1_49' title="bbox 468 4274 2096 4352; baseline 0.003 -21"><span class='ocrx_word' id='word_1_331' title='bbox 468 4276 844 4332; x_wconf 89' lang='lat' dir='ltr'>incidissenta</span> <span class='ocrx_word' id='word_1_332' title='bbox 867 4274 1056 4346; x_wconf 88' lang='lat' dir='ltr'>primo</span> <span class='ocrx_word' id='word_1_333' title='bbox 1071 4276 1236 4348; x_wconf 89' lang='lat' dir='ltr'>lapsu</span> <span class='ocrx_word' id='word_1_334' title='bbox 1255 4275 1434 4349; x_wconf 91' lang='lat' dir='ltr'>ipsius</span> <span class='ocrx_word' id='word_1_335' title='bbox 1461 4277 1573 4333; x_wconf 90' lang='lat' dir='ltr'>diei</span> <span class='ocrx_word' id='word_1_336' title='bbox 1592 4278 1858 4334; x_wconf 88' lang='lat' dir='ltr'>adhibitis</span> <span class='ocrx_word' id='word_1_337' title='bbox 1886 4281 2096 4352; x_wconf 91' lang='lat' dir='ltr'>passim</span> 
     </span>
    </p>
   </div>
   <div class='ocr_carea' id='block_1_49' title="bbox 467 4369 2097 4444">
    <p class='ocr_par' dir='ltr' id='par_1_49' title="bbox 467 4369 2097 4444">
     <span class='ocr_line' id='line_1_50' title="bbox 467 4369 2097 4444; baseline 0.002 -17"><span class='ocrx_word' id='word_1_338' title='bbox 467 4370 728 4444; x_wconf 90' lang='lat' dir='ltr'>precibus</span> <span class='ocrx_word' id='word_1_339' title='bbox 774 4369 998 4441; x_wconf 90' lang='lat' dir='ltr'>culpam</span> <span class='ocrx_word' id='word_1_340' title='bbox 1051 4369 1157 4425; x_wconf 87' lang='lat' dir='ltr'>sibi</span> <span class='ocrx_word' id='word_1_341' title='bbox 1203 4371 1569 4442; x_wconf 87' lang='lat' dir='ltr'>poenitentes,</span> <span class='ocrx_word' id='word_1_342' title='bbox 1617 4378 1715 4428; x_wconf 90' lang='lat' dir='ltr'>aut</span> <span class='ocrx_word' id='word_1_343' title='bbox 1756 4373 2097 4444; x_wconf 58' lang='lat' dir='ltr'>ignorantiae</span> 
     </span>
    </p>
   </div>
   <div class='ocr_carea' id='block_1_50' title="bbox 470 4463 2093 4537">
    <p class='ocr_par' dir='ltr' id='par_1_50' title="bbox 470 4463 2093 4537">
     <span class='ocr_line' id='line_1_51' title="bbox 470 4463 2093 4537; baseline 0.003 -18"><span class='ocrx_word' id='word_1_344' title='bbox 470 4463 873 4537; x_wconf 90' lang='lat' dir='ltr'>proscriptioni</span> <span class='ocrx_word' id='word_1_345' title='bbox 906 4463 1298 4535; x_wconf 90' lang='lat' dir='ltr'>imputassent,</span> <span class='ocrx_word' id='word_1_346' title='bbox 1328 4465 1463 4536; x_wconf 90' lang='lat' dir='ltr'>quia</span> <span class='ocrx_word' id='word_1_347' title='bbox 1491 4471 1548 4521; x_wconf 91' lang='lat' dir='ltr'>et</span> <span class='ocrx_word' id='word_1_348' title='bbox 1571 4466 1618 4520; x_wconf 90' lang='lat' dir='ltr'>si</span> <span class='ocrx_word' id='word_1_349' title='bbox 1655 4467 1942 4523; x_wconf 89' lang='lat' dir='ltr'>inveniale</span> <span class='ocrx_word' id='word_1_350' title='bbox 1972 4485 2093 4523; x_wconf 84' lang='lat' dir='ltr'>cre-</span> 
     </span>
    </p>
   </div>
   <div class='ocr_carea' id='block_1_51' title="bbox 472 4557 2094 4633">
    <p class='ocr_par' dir='ltr' id='par_1_51' title="bbox 472 4557 2094 4633">
     <span class='ocr_line' id='line_1_52' title="bbox 472 4557 2094 4633; baseline 0.002 -18"><span class='ocrx_word' id='word_1_351' title='bbox 472 4560 707 4615; x_wconf 88' lang='lat' dir='ltr'>deretur</span> <span class='ocrx_word' id='word_1_352' title='bbox 750 4557 1096 4613; x_wconf 88' lang='lat' dir='ltr'>sacerdotem</span> <span class='ocrx_word' id='word_1_353' title='bbox 1143 4558 1511 4614; x_wconf 88' lang='lat' dir='ltr'>sacerdotalia</span> <span class='ocrx_word' id='word_1_354' title='bbox 1555 4563 1762 4616; x_wconf 89' lang='lat' dir='ltr'>statuta</span> <span class='ocrx_word' id='word_1_355' title='bbox 1832 4563 2094 4633; x_wconf 89' lang='lat' dir='ltr'>nescisse,</span> 
     </span>
    </p>
   </div>
   <div class='ocr_carea' id='block_1_52' title="bbox 471 4652 2102 4724">
    <p class='ocr_par' dir='ltr' id='par_1_52' title="bbox 471 4652 2102 4724">
     <span class='ocr_line' id='line_1_53' title="bbox 471 4652 2102 4724; baseline 0.002 -17"><span class='ocrx_word' id='word_1_356' title='bbox 471 4653 647 4709; x_wconf 87' lang='lat' dir='ltr'>levius</span> <span class='ocrx_word' id='word_1_357' title='bbox 677 4655 872 4706; x_wconf 89' lang='lat' dir='ltr'>tamen</span> <span class='ocrx_word' id='word_1_358' title='bbox 903 4653 1023 4706; x_wconf 90' lang='lat' dir='ltr'>erat</span> <span class='ocrx_word' id='word_1_359' title='bbox 1050 4667 1222 4723; x_wconf 87' lang='lat' dir='ltr'>quam</span> <span class='ocrx_word' id='word_1_360' title='bbox 1255 4652 1302 4707; x_wconf 90' lang='lat' dir='ltr'>si</span> <span class='ocrx_word' id='word_1_361' title='bbox 1344 4669 1439 4708; x_wconf 90' lang='lat' dir='ltr'>ore</span> <span class='ocrx_word' id='word_1_362' title='bbox 1477 4652 1794 4724; x_wconf 89' lang='lat' dir='ltr'>impudenti</span> <span class='ocrx_word' id='word_1_363' title='bbox 1827 4656 2102 4711; x_wconf 84' lang='lat' dir='ltr'>fateretur</span> 
     </span>
    </p>
   </div>
   <div class='ocr_carea' id='block_1_53' title="bbox 474 4727 980 4802">
    <p class='ocr_par' dir='ltr' id='par_1_53' title="bbox 474 4727 980 4802">
     <span class='ocr_line' id='line_1_54' title="bbox 474 4727 980 4802; baseline -0.004 0"><span class='ocrx_word' id='word_1_364' title='bbox 474 4763 532 4802; x_wconf 89' lang='lat' dir='ltr'>se</span> <span class='ocrx_word' id='word_1_365' title='bbox 560 4749 694 4802; x_wconf 87' lang='lat' dir='ltr'>nota</span> <span class='ocrx_word' id='word_1_366' title='bbox 715 4727 980 4800; x_wconf 73' lang='lat' dir='ltr'>calcasse.</span> 
     </span>
    </p>
   </div>
   <div class='ocr_carea' id='block_1_54' title="bbox 545 4839 2102 4910">
    <p class='ocr_par' dir='ltr' id='par_1_54' title="bbox 545 4839 2102 4910">
     <span class='ocr_line' id='line_1_55' title="bbox 545 4839 2102 4910; baseline 0.003 -16"><span class='ocrx_word' id='word_1_367' title='bbox 545 4842 678 4895; x_wconf 79' lang='lat' dir='ltr'>CAP.</span> <span class='ocrx_word' id='word_1_368' title='bbox 707 4842 748 4893; x_wconf 93' lang='grc' dir='ltr'><strong>Ι.</strong></span> <span class='ocrx_word' id='word_1_369' title='bbox 775 4840 920 4892; x_wconf 88' lang='lat' dir='ltr'>Item</span> <span class='ocrx_word' id='word_1_370' title='bbox 936 4855 1030 4892; x_wconf 90' lang='lat' dir='ltr'>eos</span> <span class='ocrx_word' id='word_1_371' title='bbox 1051 4839 1148 4910; x_wconf 90' lang='lat' dir='ltr'>qui</span> <span class='ocrx_word' id='word_1_372' title='bbox 1169 4842 1289 4894; x_wconf 91' lang='lat' dir='ltr'>tam</span> <span class='ocrx_word' id='word_1_373' title='bbox 1309 4840 1600 4896; x_wconf 89' lang='lat' dir='ltr'>incondita</span> <span class='ocrx_word' id='word_1_374' title='bbox 1628 4859 1693 4896; x_wconf 92' lang='lat' dir='ltr'>ac</span> <span class='ocrx_word' id='word_1_375' title='bbox 1717 4847 1832 4897; x_wconf 90' lang='lat' dir='ltr'>tam</span> <span class='ocrx_word' id='word_1_376' title='bbox 1864 4843 2102 4899; x_wconf 89' lang='lat' dir='ltr'>instabi-</span> 
     </span>
    </p>
   </div>
   <div class='ocr_carea' id='block_1_55' title="bbox 477 4933 2106 5003">
    <p class='ocr_par' dir='ltr' id='par_1_55' title="bbox 477 4933 2106 5003">
     <span class='ocr_line' id='line_1_56' title="bbox 477 4933 2106 5003; baseline 0.001 -13"><span class='ocrx_word' id='word_1_377' title='bbox 477 4933 555 4990; x_wconf 91' lang='lat' dir='ltr'>lia</span> <span class='ocrx_word' id='word_1_378' title='bbox 580 4937 1010 5003; x_wconf 86' lang='lat' dir='ltr'>usurpaverant,</span> <span class='ocrx_word' id='word_1_379' title='bbox 1041 4933 1253 5003; x_wconf 88' lang='lat' dir='ltr'>placuit</span> <span class='ocrx_word' id='word_1_380' title='bbox 1288 4935 1690 4991; x_wconf 65' lang='lat' dir='ltr'>misericordias</span> <span class='ocrx_word' id='word_1_381' title='bbox 1729 4942 1785 4991; x_wconf 89' lang='lat' dir='ltr'>et</span> <span class='ocrx_word' id='word_1_382' title='bbox 1813 4936 2106 4992; x_wconf 89' lang='lat' dir='ltr'>charitatis</span> 
     </span>
    </p>
   </div>
   <div class='ocr_carea' id='block_1_56' title="bbox 477 5025 2102 5102">
    <p class='ocr_par' dir='ltr' id='par_1_56' title="bbox 477 5025 2102 5102">
     <span class='ocr_line' id='line_1_57' title="bbox 477 5025 2102 5102; baseline 0.002 -20"><span class='ocrx_word' id='word_1_383' title='bbox 477 5043 712 5083; x_wconf 89' lang='lat' dir='ltr'>occursu</span> <span class='ocrx_word' id='word_1_384' title='bbox 741 5026 821 5080; x_wconf 89' lang='lat' dir='ltr'>ita</span> <span class='ocrx_word' id='word_1_385' title='bbox 846 5025 906 5079; x_wconf 85' lang='lat' dir='ltr'>in</span> <span class='ocrx_word' id='word_1_386' title='bbox 935 5029 1393 5084; x_wconf 90' lang='lat' dir='ltr'>communionem</span> <span class='ocrx_word' id='word_1_387' title='bbox 1415 5029 1893 5102; x_wconf 88' lang='lat' dir='ltr'>dilectionemque</span> <span class='ocrx_word' id='word_1_388' title='bbox 1909 5031 2102 5102; x_wconf 88' lang='lat' dir='ltr'>recipi,</span> 
     </span>
    </p>
   </div>
   <div class='ocr_carea' id='block_1_57' title="bbox 2184 2778 3813 2855">
    <p class='ocr_par' dir='ltr' id='par_1_57' title="bbox 2184 2778 3813 2855">
     <span class='ocr_line' id='line_1_58' title="bbox 2184 2778 3813 2855; baseline -0.006 -17"><span class='ocrx_word' id='word_1_389' title='bbox 2184 2783 2358 2855; x_wconf 68' lang='lat' dir='ltr'>plinas</span> <span class='ocrx_word' id='word_1_390' title='bbox 2375 2799 2596 2839; x_wconf 90' lang='lat' dir='ltr'>memor</span> <span class='ocrx_word' id='word_1_391' title='bbox 2609 2798 2680 2837; x_wconf 92' lang='lat' dir='ltr'>ne</span> <span class='ocrx_word' id='word_1_392' title='bbox 2690 2783 2780 2836; x_wconf 89' lang='lat' dir='ltr'>vel</span> <span class='ocrx_word' id='word_1_393' title='bbox 2801 2781 3220 2853; x_wconf 83' lang='lat' dir='ltr'>exspectatione</span> <span class='ocrx_word' id='word_1_394' title='bbox 3236 2778 3495 2833; x_wconf 90' lang='lat' dir='ltr'>videatur</span> <span class='ocrx_word' id='word_1_395' title='bbox 3512 2780 3813 2831; x_wconf 86' lang='lat' dir='ltr'>contuma-</span> 
     </span>
    </p>
   </div>
   <div class='ocr_carea' id='block_1_58' title="bbox 2185 2865 3822 2944">
    <p class='ocr_par' dir='ltr' id='par_1_58' title="bbox 2185 2865 3822 2944">
     <span class='ocr_line' id='line_1_59' title="bbox 2185 2865 3822 2944; baseline -0.006 -17"><span class='ocrx_word' id='word_1_396' title='bbox 2185 2872 2337 2927; x_wconf 91' lang='lat' dir='ltr'>cium</span> <span class='ocrx_word' id='word_1_397' title='bbox 2356 2877 2413 2927; x_wconf 90' lang='lat' dir='ltr'>et</span> <span class='ocrx_word' id='word_1_398' title='bbox 2431 2872 2820 2944; x_wconf 89' lang='lat' dir='ltr'>inquietorum</span> <span class='ocrx_word' id='word_1_399' title='bbox 2841 2873 2970 2924; x_wconf 85' lang='lat' dir='ltr'>vota</span> <span class='ocrx_word' id='word_1_400' title='bbox 2987 2870 3236 2941; x_wconf 88' lang='lat' dir='ltr'>palpare,</span> <span class='ocrx_word' id='word_1_401' title='bbox 3261 2882 3507 2939; x_wconf 89' lang='lat' dir='ltr'>quorum</span> <span class='ocrx_word' id='word_1_402' title='bbox 3531 2865 3822 2936; x_wconf 86' lang='lat' dir='ltr'>conspira-</span> 
     </span>
    </p>
   </div>
   <div class='ocr_carea' id='block_1_59' title="bbox 2185 2959 3818 3037">
    <p class='ocr_par' dir='ltr' id='par_1_59' title="bbox 2185 2959 3818 3037">
     <span class='ocr_line' id='line_1_60' title="bbox 2185 2959 3818 3037; baseline -0.006 -16"><span class='ocrx_word' id='word_1_403' title='bbox 2185 2965 2371 3021; x_wconf 89' lang='lat' dir='ltr'>tiones</span> <span class='ocrx_word' id='word_1_404' title='bbox 2391 2982 2518 3037; x_wconf 70' lang='lat' dir='ltr'>quaz</span> <span class='ocrx_word' id='word_1_405' title='bbox 2548 2966 2608 3019; x_wconf 88' lang='lat' dir='ltr'>in</span> <span class='ocrx_word' id='word_1_406' title='bbox 2637 2964 2988 3037; x_wconf 83' lang='lat' dir='ltr'>praeteritum</span> <span class='ocrx_word' id='word_1_407' title='bbox 3017 2962 3312 3034; x_wconf 88' lang='lat' dir='ltr'>(quantum</span> <span class='ocrx_word' id='word_1_408' title='bbox 3335 2959 3683 3032; x_wconf 87' lang='lat' dir='ltr'>deprehendi</span> <span class='ocrx_word' id='word_1_409' title='bbox 3705 2975 3818 3031; x_wconf 84' lang='lat' dir='ltr'>po-</span> 
     </span>
    </p>
   </div>
   <div class='ocr_carea' id='block_1_60' title="bbox 2185 3053 3820 3130">
    <p class='ocr_par' dir='ltr' id='par_1_60' title="bbox 2185 3053 3820 3130">
     <span class='ocr_line' id='line_1_61' title="bbox 2185 3053 3820 3130; baseline -0.005 -16"><span class='ocrx_word' id='word_1_410' title='bbox 2185 3062 2311 3130; x_wconf 90' lang='lat' dir='ltr'>test)</span> <span class='ocrx_word' id='word_1_411' title='bbox 2357 3059 2848 3116; x_wconf 89' lang='lat' dir='ltr'>animadversione</span> <span class='ocrx_word' id='word_1_412' title='bbox 2890 3056 3266 3113; x_wconf 89' lang='lat' dir='ltr'>ecclesiastica</span> <span class='ocrx_word' id='word_1_413' title='bbox 3305 3054 3630 3127; x_wconf 72' lang='lat' dir='ltr'>puniendee,</span> <span class='ocrx_word' id='word_1_414' title='bbox 3674 3057 3733 3107; x_wconf 89' lang='lat' dir='ltr'>et</span> <span class='ocrx_word' id='word_1_415' title='bbox 3757 3053 3820 3107; x_wconf 91' lang='lat' dir='ltr'>in</span> 
     </span>
    </p>
   </div>
   <div class='ocr_carea' id='block_1_61' title="bbox 2186 3147 3821 3225">
    <p class='ocr_par' dir='ltr' id='par_1_61' title="bbox 2186 3147 3821 3225">
     <span class='ocr_line' id='line_1_62' title="bbox 2186 3147 3821 3225; baseline -0.005 -17"><span class='ocrx_word' id='word_1_416' title='bbox 2186 3154 2443 3208; x_wconf 88' lang='lat' dir='ltr'>futurum</span> <span class='ocrx_word' id='word_1_417' title='bbox 2490 3153 2880 3225; x_wconf 74' lang='lat' dir='ltr'>mancipandee</span> <span class='ocrx_word' id='word_1_418' title='bbox 2926 3155 3106 3207; x_wconf 89' lang='lat' dir='ltr'>erant.</span> <span class='ocrx_word' id='word_1_419' title='bbox 3165 3153 3358 3222; x_wconf 88' lang='lat' dir='ltr'>Itaque</span> <span class='ocrx_word' id='word_1_420' title='bbox 3397 3147 3821 3204; x_wconf 89' lang='lat' dir='ltr'>ordinationem</span> 
     </span>
    </p>
   </div>
   <div class='ocr_carea' id='block_1_62' title="bbox 2188 3243 3820 3320">
    <p class='ocr_par' dir='ltr' id='par_1_62' title="bbox 2188 3243 3820 3320">
     <span class='ocr_line' id='line_1_63' title="bbox 2188 3243 3820 3320; baseline -0.004 -17"><span class='ocrx_word' id='word_1_421' title='bbox 2188 3264 2355 3320; x_wconf 90' lang='lat' dir='ltr'>quam</span> <span class='ocrx_word' id='word_1_422' title='bbox 2389 3265 2639 3302; x_wconf 90' lang='lat' dir='ltr'>canones</span> <span class='ocrx_word' id='word_1_423' title='bbox 2691 3247 2910 3301; x_wconf 89' lang='lat' dir='ltr'>irritam</span> <span class='ocrx_word' id='word_1_424' title='bbox 2955 3243 3254 3315; x_wconf 90' lang='lat' dir='ltr'>deﬁniunt,</span> <span class='ocrx_word' id='word_1_425' title='bbox 3307 3261 3410 3298; x_wconf 91' lang='lat' dir='ltr'>nos</span> <span class='ocrx_word' id='word_1_426' title='bbox 3446 3257 3668 3314; x_wconf 88' lang='lat' dir='ltr'>quoque</span> <span class='ocrx_word' id='word_1_427' title='bbox 3716 3257 3820 3296; x_wconf 85' lang='lat' dir='ltr'>va-</span> 
     </span>
    </p>
   </div>
   <div class='ocr_carea' id='block_1_63' title="bbox 2189 3335 3821 3411">
    <p class='ocr_par' dir='ltr' id='par_1_63' title="bbox 2189 3335 3821 3411">
     <span class='ocr_line' id='line_1_64' title="bbox 2189 3335 3821 3411; baseline -0.005 -14"><span class='ocrx_word' id='word_1_428' title='bbox 2189 3341 2469 3397; x_wconf 88' lang='lat' dir='ltr'>cuandam</span> <span class='ocrx_word' id='word_1_429' title='bbox 2497 3358 2616 3397; x_wconf 90' lang='lat' dir='ltr'>esse</span> <span class='ocrx_word' id='word_1_430' title='bbox 2644 3341 2986 3409; x_wconf 88' lang='lat' dir='ltr'>censuimus,</span> <span class='ocrx_word' id='word_1_431' title='bbox 3018 3339 3077 3394; x_wconf 92' lang='lat' dir='ltr'>in</span> <span class='ocrx_word' id='word_1_432' title='bbox 3103 3356 3214 3411; x_wconf 89' lang='lat' dir='ltr'>qua</span> <span class='ocrx_word' id='word_1_433' title='bbox 3239 3337 3618 3410; x_wconf 69' lang='lat' dir='ltr'>praetermissa</span> <span class='ocrx_word' id='word_1_434' title='bbox 3641 3335 3821 3390; x_wconf 90' lang='lat' dir='ltr'>trium</span> 
     </span>
    </p>
   </div>
   <div class='ocr_carea' id='block_1_64' title="bbox 2188 3428 3817 3508">
    <p class='ocr_par' dir='ltr' id='par_1_64' title="bbox 2188 3428 3817 3508">
     <span class='ocr_line' id='line_1_65' title="bbox 2188 3428 3817 3508; baseline -0.004 -18"><span class='ocrx_word' id='word_1_435' title='bbox 2188 3435 2510 3508; x_wconf 59' lang='lat' dir='ltr'>praesentia,</span> <span class='ocrx_word' id='word_1_436' title='bbox 2539 3451 2644 3490; x_wconf 91' lang='lat' dir='ltr'>nec</span> <span class='ocrx_word' id='word_1_437' title='bbox 2682 3434 2946 3506; x_wconf 87' lang='lat' dir='ltr'>expetitis</span> <span class='ocrx_word' id='word_1_438' title='bbox 2986 3431 3549 3505; x_wconf 89' lang='lat' dir='ltr'>comprovincialium</span> <span class='ocrx_word' id='word_1_439' title='bbox 3592 3428 3817 3496; x_wconf 87' lang='lat' dir='ltr'>litteris,</span> 
     </span>
    </p>
   </div>
   <div class='ocr_carea' id='block_1_65' title="bbox 2188 3523 3824 3600">
    <p class='ocr_par' dir='ltr' id='par_1_65' title="bbox 2188 3523 3824 3600">
     <span class='ocr_line' id='line_1_66' title="bbox 2188 3523 3824 3600; baseline -0.005 -16"><span class='ocrx_word' id='word_1_440' title='bbox 2188 3528 2622 3600; x_wconf 88' lang='lat' dir='ltr'>metropolitani</span> <span class='ocrx_word' id='word_1_441' title='bbox 2643 3544 2874 3599; x_wconf 89' lang='lat' dir='ltr'>quoque</span> <span class='ocrx_word' id='word_1_442' title='bbox 2891 3528 3184 3582; x_wconf 90' lang='lat' dir='ltr'>voluntate</span> <span class='ocrx_word' id='word_1_443' title='bbox 3195 3527 3472 3598; x_wconf 89' lang='lat' dir='ltr'>neglecta,</span> <span class='ocrx_word' id='word_1_444' title='bbox 3493 3539 3723 3596; x_wconf 92' lang='lat' dir='ltr'>prorsus</span> <span class='ocrx_word' id='word_1_445' title='bbox 3737 3523 3824 3577; x_wconf 88' lang='lat' dir='ltr'>ni-</span> 
     </span>
    </p>
   </div>
   <div class='ocr_carea' id='block_1_66' title="bbox 2189 3622 3511 3694">
    <p class='ocr_par' dir='ltr' id='par_1_66' title="bbox 2189 3622 3511 3694">
     <span class='ocr_line' id='line_1_67' title="bbox 2189 3622 3511 3694; baseline -0.004 -16"><span class='ocrx_word' id='word_1_446' title='bbox 2189 3623 2270 3678; x_wconf 88' lang='lat' dir='ltr'>hil</span> <span class='ocrx_word' id='word_1_447' title='bbox 2293 3622 2448 3694; x_wconf 89' lang='lat' dir='ltr'>quod</span> <span class='ocrx_word' id='word_1_448' title='bbox 2478 3623 2803 3694; x_wconf 89' lang='lat' dir='ltr'>episcopum</span> <span class='ocrx_word' id='word_1_449' title='bbox 2833 3622 3066 3691; x_wconf 87' lang='lat' dir='ltr'>faceret,</span> <span class='ocrx_word' id='word_1_450' title='bbox 3095 3624 3384 3676; x_wconf 89' lang='lat' dir='ltr'>ostensum</span> <span class='ocrx_word' id='word_1_451' title='bbox 3411 3624 3511 3674; x_wconf 91' lang='lat' dir='ltr'>est.</span> 
     </span>
    </p>
   </div>
   <div class='ocr_carea' id='block_1_67' title="bbox 2264 3805 3820 3884">
    <p class='ocr_par' dir='ltr' id='par_1_67' title="bbox 2264 3805 3820 3884">
     <span class='ocr_line' id='line_1_68' title="bbox 2264 3805 3820 3884; baseline -0.003 -18"><span class='ocrx_word' id='word_1_452' title='bbox 2264 3812 2330 3866; x_wconf 94' lang='lat' dir='ltr'>lI.</span> <span class='ocrx_word' id='word_1_453' title='bbox 2373 3811 2564 3884; x_wconf 89' lang='lat' dir='ltr'>Itaque</span> <span class='ocrx_word' id='word_1_454' title='bbox 2609 3809 2669 3866; x_wconf 91' lang='lat' dir='ltr'>in</span> <span class='ocrx_word' id='word_1_455' title='bbox 2722 3810 3014 3866; x_wconf 88' lang='lat' dir='ltr'>voluntate</span> <span class='ocrx_word' id='word_1_456' title='bbox 3053 3807 3266 3882; x_wconf 90' lang='lat' dir='ltr'>placuit</span> <span class='ocrx_word' id='word_1_457' title='bbox 3303 3805 3549 3878; x_wconf 89' lang='lat' dir='ltr'>Domini,</span> <span class='ocrx_word' id='word_1_458' title='bbox 3595 3811 3820 3863; x_wconf 90' lang='lat' dir='ltr'>remoto</span> 
     </span>
    </p>
   </div>
   <div class='ocr_carea' id='block_1_68' title="bbox 2193 3902 3824 3978">
    <p class='ocr_par' dir='ltr' id='par_1_68' title="bbox 2193 3902 3824 3978">
     <span class='ocr_line' id='line_1_69' title="bbox 2193 3902 3824 3978; baseline -0.003 -18"><span class='ocrx_word' id='word_1_459' title='bbox 2193 3905 2302 3960; x_wconf 91' lang='lat' dir='ltr'>hoc</span> <span class='ocrx_word' id='word_1_460' title='bbox 2348 3905 2446 3977; x_wconf 91' lang='lat' dir='ltr'>qui</span> <span class='ocrx_word' id='word_1_461' title='bbox 2491 3919 2795 3978; x_wconf 90' lang='lat' dir='ltr'>perperam</span> <span class='ocrx_word' id='word_1_462' title='bbox 2827 3907 3148 3976; x_wconf 89' lang='lat' dir='ltr'>assumptus</span> <span class='ocrx_word' id='word_1_463' title='bbox 3197 3907 3317 3958; x_wconf 87' lang='lat' dir='ltr'>erat</span> <span class='ocrx_word' id='word_1_464' title='bbox 3351 3902 3662 3974; x_wconf 88' lang='lat' dir='ltr'>episcopus,</span> <span class='ocrx_word' id='word_1_465' title='bbox 3695 3902 3824 3956; x_wconf 88' lang='lat' dir='ltr'>ﬁeri</span> 
     </span>
    </p>
   </div>
   <div class='ocr_carea' id='block_1_69' title="bbox 2193 3995 3821 4056">
    <p class='ocr_par' dir='ltr' id='par_1_69' title="bbox 2193 3995 3821 4056">
     <span class='ocr_line' id='line_1_70' title="bbox 2193 3995 3821 4056; baseline -0.003 -2"><span class='ocrx_word' id='word_1_466' title='bbox 2193 4000 2428 4054; x_wconf 91' lang='lat' dir='ltr'>omnino</span> <span class='ocrx_word' id='word_1_467' title='bbox 2458 4000 2698 4056; x_wconf 82' lang='lat' dir='ltr'>fratrum</span> <span class='ocrx_word' id='word_1_468' title='bbox 2739 3998 3200 4055; x_wconf 88' lang='lat' dir='ltr'>constitutionem</span> <span class='ocrx_word' id='word_1_469' title='bbox 3237 3996 3607 4052; x_wconf 87' lang='lat' dir='ltr'>ecclesiastica</span> <span class='ocrx_word' id='word_1_470' title='bbox 3643 3995 3821 4050; x_wconf 84' lang='lat' dir='ltr'>tradi-</span> 
     </span>
    </p>
   </div>
   <div class='ocr_carea' id='block_1_70' title="bbox 2193 4090 3822 4166">
    <p class='ocr_par' dir='ltr' id='par_1_70' title="bbox 2193 4090 3822 4166">
     <span class='ocr_line' id='line_1_71' title="bbox 2193 4090 3822 4166; baseline -0.003 -18"><span class='ocrx_word' id='word_1_471' title='bbox 2193 4093 2350 4148; x_wconf 87' lang='lat' dir='ltr'>tione</span> <span class='ocrx_word' id='word_1_472' title='bbox 2373 4099 2620 4165; x_wconf 84' lang='lat' dir='ltr'>servata;</span> <span class='ocrx_word' id='word_1_473' title='bbox 2647 4111 2846 4150; x_wconf 90' lang='lat' dir='ltr'>verum</span> <span class='ocrx_word' id='word_1_474' title='bbox 2882 4094 3015 4166; x_wconf 88' lang='lat' dir='ltr'>quia</span> <span class='ocrx_word' id='word_1_475' title='bbox 3038 4093 3158 4148; x_wconf 73' lang='lat' dir='ltr'>haec</span> <span class='ocrx_word' id='word_1_476' title='bbox 3192 4094 3388 4147; x_wconf 90' lang='lat' dir='ltr'>sancta</span> <span class='ocrx_word' id='word_1_477' title='bbox 3430 4090 3678 4163; x_wconf 82' lang='lat' dir='ltr'>synodus</span> <span class='ocrx_word' id='word_1_478' title='bbox 3706 4106 3822 4144; x_wconf 89' lang='lat' dir='ltr'>non</span> 
     </span>
    </p>
   </div>
   <div class='ocr_carea' id='block_1_71' title="bbox 2195 4173 3823 4259">
    <p class='ocr_par' dir='ltr' id='par_1_71' title="bbox 2195 4173 3823 4259">
     <span class='ocr_line' id='line_1_72' title="bbox 2195 4173 3823 4259; baseline -0.003 -17"><span class='ocrx_word' id='word_1_479' title='bbox 2195 4187 2553 4259; x_wconf 90' lang='lat' dir='ltr'>disciplinam</span> <span class='ocrx_word' id='word_1_480' title='bbox 2591 4193 2834 4256; x_wconf 87' lang='lat' dir='ltr'>tantum,</span> <span class='ocrx_word' id='word_1_481' title='bbox 2883 4173 3008 4242; x_wconf 13' lang='lat' dir='ltr'>sedi</span> <span class='ocrx_word' id='word_1_482' title='bbox 3037 4190 3094 4242; x_wconf 91' lang='lat' dir='ltr'>et</span> <span class='ocrx_word' id='word_1_483' title='bbox 3139 4184 3585 4240; x_wconf 90' lang='lat' dir='ltr'>misericordiam</span> <span class='ocrx_word' id='word_1_484' title='bbox 3631 4183 3823 4255; x_wconf 87' lang='lat' dir='ltr'>gessit,</span> 
     </span>
    </p>
   </div>
   <div class='ocr_carea' id='block_1_72' title="bbox 2197 4277 3827 4354">
    <p class='ocr_par' dir='ltr' id='par_1_72' title="bbox 2197 4277 3827 4354">
     <span class='ocr_line' id='line_1_73' title="bbox 2197 4277 3827 4354; baseline -0.003 -18"><span class='ocrx_word' id='word_1_485' title='bbox 2197 4297 2444 4354; x_wconf 90' lang='lat' dir='ltr'>cumque</span> <span class='ocrx_word' id='word_1_486' title='bbox 2500 4286 2834 4353; x_wconf 88' lang='lat' dir='ltr'>occurreret,</span> <span class='ocrx_word' id='word_1_487' title='bbox 2887 4281 3040 4353; x_wconf 91' lang='lat' dir='ltr'>quod</span> <span class='ocrx_word' id='word_1_488' title='bbox 3089 4297 3146 4335; x_wconf 93' lang='lat' dir='ltr'>se</span> <span class='ocrx_word' id='word_1_489' title='bbox 3201 4279 3582 4335; x_wconf 87' lang='lat' dir='ltr'>armentarius</span> <span class='ocrx_word' id='word_1_490' title='bbox 3629 4277 3827 4332; x_wconf 88' lang='lat' dir='ltr'>diebus</span> 
     </span>
    </p>
   </div>
   <div class='ocr_carea' id='block_1_73' title="bbox 2196 4371 3823 4447">
    <p class='ocr_par' dir='ltr' id='par_1_73' title="bbox 2196 4371 3823 4447">
     <span class='ocr_line' id='line_1_74' title="bbox 2196 4371 3823 4447; baseline -0.004 -17"><span class='ocrx_word' id='word_1_491' title='bbox 2196 4376 2469 4447; x_wconf 84' lang='lat' dir='ltr'>proximis</span> <span class='ocrx_word' id='word_1_492' title='bbox 2495 4375 2678 4430; x_wconf 91' lang='lat' dir='ltr'>eidem</span> <span class='ocrx_word' id='word_1_493' title='bbox 2718 4375 2968 4429; x_wconf 64' lang='lat' dir='ltr'>ecclesiae</span> <span class='ocrx_word' id='word_1_494' title='bbox 3004 4375 3183 4428; x_wconf 89' lang='lat' dir='ltr'>multa</span> <span class='ocrx_word' id='word_1_495' title='bbox 3221 4377 3640 4427; x_wconf 86' lang='lat' dir='ltr'>assentatorum</span> <span class='ocrx_word' id='word_1_496' title='bbox 3669 4371 3823 4425; x_wconf 90' lang='lat' dir='ltr'>inso-</span> 
     </span>
    </p>
   </div>
   <div class='ocr_carea' id='block_1_74' title="bbox 2197 4465 3822 4536">
    <p class='ocr_par' dir='ltr' id='par_1_74' title="bbox 2197 4465 3822 4536">
     <span class='ocr_line' id='line_1_75' title="bbox 2197 4465 3822 4536; baseline -0.003 -13"><span class='ocrx_word' id='word_1_497' title='bbox 2197 4469 2372 4524; x_wconf 91' lang='lat' dir='ltr'>lentia</span> <span class='ocrx_word' id='word_1_498' title='bbox 2398 4469 2700 4536; x_wconf 85' lang='lat' dir='ltr'>retulisset,</span> <span class='ocrx_word' id='word_1_499' title='bbox 2736 4468 3111 4523; x_wconf 89' lang='lat' dir='ltr'>occurrebant</span> <span class='ocrx_word' id='word_1_500' title='bbox 3131 4471 3327 4521; x_wconf 91' lang='lat' dir='ltr'>tamen</span> <span class='ocrx_word' id='word_1_501' title='bbox 3368 4465 3522 4536; x_wconf 88' lang='lat' dir='ltr'>quod</span> <span class='ocrx_word' id='word_1_502' title='bbox 3560 4470 3692 4519; x_wconf 89' lang='lat' dir='ltr'>ante</span> <span class='ocrx_word' id='word_1_503' title='bbox 3723 4465 3822 4519; x_wconf 89' lang='lat' dir='ltr'>ad-</span> 
     </span>
    </p>
   </div>
   <div class='ocr_carea' id='block_1_75' title="bbox 2199 4558 3834 4633">
    <p class='ocr_par' dir='ltr' id='par_1_75' title="bbox 2199 4558 3834 4633">
     <span class='ocr_line' id='line_1_76' title="bbox 2199 4558 3834 4633; baseline -0.004 -14"><span class='ocrx_word' id='word_1_504' title='bbox 2199 4563 2580 4619; x_wconf 88' lang='lat' dir='ltr'>monitionem</span> <span class='ocrx_word' id='word_1_505' title='bbox 2601 4562 2940 4618; x_wconf 88' lang='lat' dir='ltr'>discessisset</span> <span class='ocrx_word' id='word_1_506' title='bbox 2963 4561 3119 4633; x_wconf 89' lang='lat' dir='ltr'>quod</span> <span class='ocrx_word' id='word_1_507' title='bbox 3149 4579 3181 4614; x_wconf 89' lang='lat' dir='ltr'>a</span> <span class='ocrx_word' id='word_1_508' title='bbox 3197 4560 3486 4615; x_wconf 92' lang='lat' dir='ltr'>nonnullis</span> <span class='ocrx_word' id='word_1_509' title='bbox 3515 4558 3834 4613; x_wconf 87' lang='lat' dir='ltr'>sacerdoti-</span> 
     </span>
    </p>
   </div>
   <div class='ocr_carea' id='block_1_76' title="bbox 2200 4652 3831 4729">
    <p class='ocr_par' dir='ltr' id='par_1_76' title="bbox 2200 4652 3831 4729">
     <span class='ocr_line' id='line_1_77' title="bbox 2200 4652 3831 4729; baseline -0.004 -17"><span class='ocrx_word' id='word_1_510' title='bbox 2200 4657 2307 4713; x_wconf 88' lang='lat' dir='ltr'>bus</span> <span class='ocrx_word' id='word_1_511' title='bbox 2347 4657 2404 4711; x_wconf 92' lang='lat' dir='ltr'>in</span> <span class='ocrx_word' id='word_1_512' title='bbox 2448 4658 2558 4712; x_wconf 91' lang='lat' dir='ltr'>hoc</span> <span class='ocrx_word' id='word_1_513' title='bbox 2605 4658 2793 4729; x_wconf 90' lang='lat' dir='ltr'>ipsum</span> <span class='ocrx_word' id='word_1_514' title='bbox 2846 4657 3228 4725; x_wconf 88' lang='lat' dir='ltr'>conﬁrmatus,</span> <span class='ocrx_word' id='word_1_515' title='bbox 3279 4671 3337 4710; x_wconf 89' lang='lat' dir='ltr'>se</span> <span class='ocrx_word' id='word_1_516' title='bbox 3380 4653 3550 4708; x_wconf 90' lang='lat' dir='ltr'>etiam</span> <span class='ocrx_word' id='word_1_517' title='bbox 3596 4652 3831 4723; x_wconf 67' lang='lat' dir='ltr'>privatae</span> 
     </span>
    </p>
   </div>
   <div class='ocr_carea' id='block_1_77' title="bbox 2203 4739 3826 4823">
    <p class='ocr_par' dir='ltr' id='par_1_77' title="bbox 2203 4739 3826 4823">
     <span class='ocr_line' id='line_1_78' title="bbox 2203 4739 3826 4823; baseline -0.004 -17"><span class='ocrx_word' id='word_1_518' title='bbox 2203 4751 2402 4806; x_wconf 92' lang='lat' dir='ltr'>domui</span> <span class='ocrx_word' id='word_1_519' title='bbox 2425 4752 2786 4821; x_wconf 88' lang='lat' dir='ltr'>reddidisset,</span> <span class='ocrx_word' id='word_1_520' title='bbox 2817 4751 2968 4823; x_wconf 88' lang='lat' dir='ltr'>quod</span> <span class='ocrx_word' id='word_1_521' title='bbox 2993 4739 3259 4822; x_wconf 86' lang='lat' dir='ltr'>epistolas</span> <span class='ocrx_word' id='word_1_522' title='bbox 3286 4748 3360 4802; x_wconf 89' lang='lat' dir='ltr'>ad</span> <span class='ocrx_word' id='word_1_523' title='bbox 3392 4747 3610 4803; x_wconf 90' lang='lat' dir='ltr'>clerum</span> <span class='ocrx_word' id='word_1_524' title='bbox 3638 4747 3826 4817; x_wconf 91' lang='lat' dir='ltr'>ipsum</span> 
     </span>
    </p>
   </div>
   <div class='ocr_carea' id='block_1_78' title="bbox 2205 4840 3833 4917">
    <p class='ocr_par' dir='ltr' id='par_1_78' title="bbox 2205 4840 3833 4917">
     <span class='ocr_line' id='line_1_79' title="bbox 2205 4840 3833 4917; baseline -0.004 -17"><span class='ocrx_word' id='word_1_525' title='bbox 2205 4846 2486 4916; x_wconf 86' lang='lat' dir='ltr'>emiserat,</span> <span class='ocrx_word' id='word_1_526' title='bbox 2531 4846 2734 4917; x_wconf 90' lang='lat' dir='ltr'>quibus</span> <span class='ocrx_word' id='word_1_527' title='bbox 2782 4845 3168 4917; x_wconf 88' lang='lat' dir='ltr'>episcopatum</span> <span class='ocrx_word' id='word_1_528' title='bbox 3207 4859 3380 4915; x_wconf 89' lang='lat' dir='ltr'>quem</span> <span class='ocrx_word' id='word_1_529' title='bbox 3428 4858 3486 4896; x_wconf 93' lang='lat' dir='ltr'>se</span> <span class='ocrx_word' id='word_1_530' title='bbox 3531 4840 3833 4912; x_wconf 89' lang='lat' dir='ltr'>indeptum</span> 
     </span>
    </p>
   </div>
   <div class='ocr_carea' id='block_1_79' title="bbox 2207 4933 3862 5012">
    <p class='ocr_par' dir='ltr' id='par_1_79' title="bbox 2207 4933 3862 5012">
     <span class='ocr_line' id='line_1_80' title="bbox 2207 4933 3862 5012; baseline -0.004 -18"><span class='ocrx_word' id='word_1_531' title='bbox 2207 4941 2551 5012; x_wconf 88' lang='lat' dir='ltr'>agnoscebat</span> <span class='ocrx_word' id='word_1_532' title='bbox 2585 4943 2854 5012; x_wconf 90' lang='lat' dir='ltr'>appetere</span> <span class='ocrx_word' id='word_1_533' title='bbox 2890 4938 3331 5004; x_wconf 87' lang='lat' dir='ltr'>renuntiaverat,</span> <span class='ocrx_word' id='word_1_534' title='bbox 3379 4941 3499 4990; x_wconf 89' lang='lat' dir='ltr'>erat</span> <span class='ocrx_word' id='word_1_535' title='bbox 3527 4935 3586 4989; x_wconf 93' lang='lat' dir='ltr'>in</span> <span class='ocrx_word' id='word_1_536' title='bbox 3619 4933 3862 4990; x_wconf 44' lang='lat' dir='ltr'>nomen‘</span> 
     </span>
    </p>
   </div>
   <div class='ocr_carea' id='block_1_80' title="bbox 2209 5027 3832 5106">
    <p class='ocr_par' dir='ltr' id='par_1_80' title="bbox 2209 5027 3832 5106">
     <span class='ocr_line' id='line_1_81' title="bbox 2209 5027 3832 5106; baseline -0.004 -18"><span class='ocrx_word' id='word_1_537' title='bbox 2209 5051 2376 5088; x_wconf 88' lang='lat' dir='ltr'>suum</span> <span class='ocrx_word' id='word_1_538' title='bbox 2399 5037 2624 5106; x_wconf 87' lang='lat' dir='ltr'>potens,</span> <span class='ocrx_word' id='word_1_539' title='bbox 2649 5037 2704 5088; x_wconf 87' lang='lat' dir='ltr'>et</span> <span class='ocrx_word' id='word_1_540' title='bbox 2720 5035 2826 5088; x_wconf 91' lang='lat' dir='ltr'>hoc</span> <span class='ocrx_word' id='word_1_541' title='bbox 2845 5033 3034 5105; x_wconf 91' lang='lat' dir='ltr'>ipsum</span> <span class='ocrx_word' id='word_1_542' title='bbox 3050 5031 3204 5104; x_wconf 88' lang='lat' dir='ltr'>quod</span> <span class='ocrx_word' id='word_1_543' title='bbox 3227 5030 3503 5086; x_wconf 86' lang='lat' dir='ltr'>stabiliter</span> <span class='ocrx_word' id='word_1_544' title='bbox 3528 5032 3586 5084; x_wconf 89' lang='lat' dir='ltr'>et</span> <span class='ocrx_word' id='word_1_545' title='bbox 3603 5027 3832 5100; x_wconf 48' lang='lat' dir='ltr'>imprae.</span> 
     </span>
    </p>
   </div>
   <div class='ocr_carea' id='block_1_81' title="bbox 480 5082 3838 5200">
    <p class='ocr_par' dir='ltr' id='par_1_81' title="bbox 480 5082 3838 5200">
     <span class='ocr_line' id='line_1_82' title="bbox 559 5082 3743 5106; baseline 0 -6"><span class='ocrx_word' id='word_1_546' title='bbox 559 5082 562 5083; x_wconf 50' lang='grc' dir='ltr'><em>ν</em></span> <span class='ocrx_word' id='word_1_547' title='bbox 1283 5082 1434 5084; x_wconf 57' lang='grc' dir='ltr'><strong><em>ν</em></strong></span> <span class='ocrx_word' id='word_1_548' title='bbox 1505 5082 1518 5084; x_wconf 96' lang='grc'><strong><em>-</em></strong></span> <span class='ocrx_word' id='word_1_549' title='bbox 1538 5082 1548 5084; x_wconf 64' lang='lat'>~</span> <span class='ocrx_word' id='word_1_550' title='bbox 2209 5082 2376 5088; x_wconf 81' lang='lat'>-——---</span> <span class='ocrx_word' id='word_1_551' title='bbox 2399 5082 2624 5106; x_wconf 65' lang='grc' dir='ltr'>ι-ννν--ι</span> <span class='ocrx_word' id='word_1_552' title='bbox 2652 5082 2823 5088; x_wconf 61' lang='grc' dir='ltr'>ς--η</span> <span class='ocrx_word' id='word_1_553' title='bbox 3055 5082 3204 5104; x_wconf 63' lang='grc' dir='ltr'>τ-ν-</span> <span class='ocrx_word' id='word_1_554' title='bbox 3541 5082 3642 5084; x_wconf 44' lang='grc' dir='ltr'>κη</span> <span class='ocrx_word' id='word_1_555' title='bbox 3667 5082 3743 5100; x_wconf 45' lang='grc' dir='ltr'>κικ</span> 
     </span>
     <span class='ocr_line' id='line_1_83' title="bbox 480 5082 3838 5200; baseline 0 -23"><span class='ocrx_word' id='word_1_556' title='bbox 480 5127 542 5177; x_wconf 92' lang='lat' dir='ltr'>ut</span> <span class='ocrx_word' id='word_1_557' title='bbox 571 5120 780 5175; x_wconf 86' lang='lat' dir='ltr'>scirent</span> <span class='ocrx_word' id='word_1_558' title='bbox 800 5119 1113 5175; x_wconf 89' lang='lat' dir='ltr'>secundum</span> <span class='ocrx_word' id='word_1_559' title='bbox 1135 5129 1425 5178; x_wconf 88' lang='lat' dir='ltr'>recentem</span> <span class='ocrx_word' id='word_1_560' title='bbox 1449 5128 1504 5177; x_wconf 89' lang='lat' dir='ltr'>et</span> <span class='ocrx_word' id='word_1_561' title='bbox 1524 5124 1952 5178; x_wconf 85' lang='lat' dir='ltr'>saluberrimam</span> <span class='ocrx_word' id='word_1_562' title='bbox 1973 5125 2108 5180; x_wconf 88' lang='lat' dir='ltr'>Tau-</span> <span class='ocrx_word' id='word_1_563' title='bbox 2125 5082 2185 5154; x_wconf 86' lang='lat' dir='ltr'>D</span> <span class='ocrx_word' id='word_1_564' title='bbox 2210 5133 2501 5200; x_wconf 89' lang='lat' dir='ltr'>sumptum</span> <span class='ocrx_word' id='word_1_565' title='bbox 2532 5132 2673 5198; x_wconf 91' lang='lat' dir='ltr'>erat,</span> <span class='ocrx_word' id='word_1_566' title='bbox 2696 5129 2820 5199; x_wconf 88' lang='lat' dir='ltr'>jam</span> <span class='ocrx_word' id='word_1_567' title='bbox 2837 5133 2972 5183; x_wconf 91' lang='lat' dir='ltr'>tunc</span> <span class='ocrx_word' id='word_1_568' title='bbox 2996 5127 3381 5181; x_wconf 88' lang='lat' dir='ltr'>inordinatum</span> <span class='ocrx_word' id='word_1_569' title='bbox 3401 5129 3468 5180; x_wconf 89' lang='lat' dir='ltr'>.et</span> <span class='ocrx_word' id='word_1_570' title='bbox 3493 5122 3718 5179; x_wconf 87' lang='lat' dir='ltr'>irritum</span> <span class='ocrx_word' id='word_1_571' title='bbox 3747 5123 3838 5178; x_wconf 87' lang='lat' dir='ltr'>fu-</span> 
     </span>
    </p>
   </div>
   <div class='ocr_carea' id='block_1_82' title="bbox 479 5212 2108 5288">
    <p class='ocr_par' dir='ltr' id='par_1_82' title="bbox 479 5212 2108 5288">
     <span class='ocr_line' id='line_1_84' title="bbox 479 5212 2108 5288; baseline 0.001 -16"><span class='ocrx_word' id='word_1_572' title='bbox 479 5215 678 5272; x_wconf 85' lang='lat' dir='ltr'>rinatis</span> <span class='ocrx_word' id='word_1_573' title='bbox 703 5212 902 5285; x_wconf 85' lang='lat' dir='ltr'>synodi</span> <span class='ocrx_word' id='word_1_574' title='bbox 927 5213 1322 5270; x_wconf 90' lang='lat' dir='ltr'>deﬁnitionem</span> <span class='ocrx_word' id='word_1_575' title='bbox 1340 5215 1412 5270; x_wconf 91' lang='lat' dir='ltr'>ad</span> <span class='ocrx_word' id='word_1_576' title='bbox 1440 5220 1780 5288; x_wconf 88' lang='lat' dir='ltr'>perpetuam</span> <span class='ocrx_word' id='word_1_577' title='bbox 1799 5219 1927 5273; x_wconf 72' lang='lat' dir='ltr'>vitae</span> <span class='ocrx_word' id='word_1_578' title='bbox 1949 5218 2108 5274; x_wconf 91' lang='lat' dir='ltr'>istius</span> 
     </span>
    </p>
   </div>
   <div class='ocr_carea' id='block_1_83' title="bbox 484 5313 2108 5384">
    <p class='ocr_par' dir='ltr' id='par_1_83' title="bbox 484 5313 2108 5384">
     <span class='ocr_line' id='line_1_85' title="bbox 484 5313 2108 5384; baseline 0.002 -13"><span class='ocrx_word' id='word_1_579' title='bbox 484 5313 851 5371; x_wconf 74' lang='lat' dir='ltr'>suffusionem</span> <span class='ocrx_word' id='word_1_580' title='bbox 875 5313 1041 5368; x_wconf 90' lang='lat' dir='ltr'>nullis</span> <span class='ocrx_word' id='word_1_581' title='bbox 1057 5330 1114 5368; x_wconf 92' lang='lat' dir='ltr'>se</span> <span class='ocrx_word' id='word_1_582' title='bbox 1135 5314 1205 5368; x_wconf 90' lang='lat' dir='ltr'>de</span> <span class='ocrx_word' id='word_1_583' title='bbox 1223 5318 1428 5369; x_wconf 56' lang='lat' dir='ltr'>caetero</span> <span class='ocrx_word' id='word_1_584' title='bbox 1450 5315 1919 5384; x_wconf 90' lang='lat' dir='ltr'>ordinationibus,</span> <span class='ocrx_word' id='word_1_585' title='bbox 1939 5319 2108 5374; x_wconf 90' lang='lat' dir='ltr'>nullis</span> 
     </span>
    </p>
   </div>
   <div class='ocr_carea' id='block_1_84' title="bbox 481 5407 2106 5481">
    <p class='ocr_par' dir='ltr' id='par_1_84' title="bbox 481 5407 2106 5481">
     <span class='ocr_line' id='line_1_86' title="bbox 481 5407 2106 5481; baseline 0.001 -15"><span class='ocrx_word' id='word_1_586' title='bbox 481 5407 786 5466; x_wconf 89' lang='lat' dir='ltr'>ordinariis</span> <span class='ocrx_word' id='word_1_587' title='bbox 811 5407 1032 5462; x_wconf 87' lang='lat' dir='ltr'>futuros</span> <span class='ocrx_word' id='word_1_588' title='bbox 1057 5407 1327 5462; x_wconf 85' lang='lat' dir='ltr'>interesse</span> <span class='ocrx_word' id='word_1_589' title='bbox 1369 5409 1638 5477; x_wconf 86' lang='lat' dir='ltr'>consiliis,</span> <span class='ocrx_word' id='word_1_590' title='bbox 1683 5411 1814 5481; x_wconf 91' lang='lat' dir='ltr'>quia</span> <span class='ocrx_word' id='word_1_591' title='bbox 1846 5411 1988 5466; x_wconf 89' lang='lat' dir='ltr'>nihil</span> <span class='ocrx_word' id='word_1_592' title='bbox 2015 5430 2106 5468; x_wconf 87' lang='lat' dir='ltr'>sa-</span> 
     </span>
    </p>
   </div>
   <div class='ocr_carea' id='block_1_85' title="bbox 477 5501 2109 5577">
    <p class='ocr_par' dir='ltr' id='par_1_85' title="bbox 477 5501 2109 5577">
     <span class='ocr_line' id='line_1_87' title="bbox 477 5501 2109 5577; baseline 0.002 -17"><span class='ocrx_word' id='word_1_593' title='bbox 477 5505 641 5560; x_wconf 89' lang='lat' dir='ltr'>lubre</span> <span class='ocrx_word' id='word_1_594' title='bbox 662 5503 731 5558; x_wconf 90' lang='lat' dir='ltr'>ab</span> <span class='ocrx_word' id='word_1_595' title='bbox 762 5501 877 5557; x_wconf 90' lang='lat' dir='ltr'>illis</span> <span class='ocrx_word' id='word_1_596' title='bbox 915 5501 1277 5556; x_wconf 88' lang='lat' dir='ltr'>statuendum</span> <span class='ocrx_word' id='word_1_597' title='bbox 1325 5509 1763 5574; x_wconf 78' lang='lat' dir='ltr'>exspectaretur,</span> <span class='ocrx_word' id='word_1_598' title='bbox 1805 5505 1903 5577; x_wconf 90' lang='lat' dir='ltr'>qui</span> <span class='ocrx_word' id='word_1_599' title='bbox 1939 5511 2109 5563; x_wconf 67' lang='lat' dir='ltr'>tantae</span> 
     </span>
    </p>
   </div>
   <div class='ocr_carea' id='block_1_86' title="bbox 481 5594 2111 5672">
    <p class='ocr_par' dir='ltr' id='par_1_86' title="bbox 481 5594 2111 5672">
     <span class='ocr_line' id='line_1_88' title="bbox 481 5594 2111 5672; baseline 0.002 -19"><span class='ocrx_word' id='word_1_600' title='bbox 481 5595 865 5669; x_wconf 89' lang='lat' dir='ltr'>occupationis</span> <span class='ocrx_word' id='word_1_601' title='bbox 904 5599 1025 5648; x_wconf 90' lang='lat' dir='ltr'>tam</span> <span class='ocrx_word' id='word_1_602' title='bbox 1061 5594 1400 5650; x_wconf 88' lang='lat' dir='ltr'>detestanda</span> <span class='ocrx_word' id='word_1_603' title='bbox 1441 5598 1701 5670; x_wconf 88' lang='lat' dir='ltr'>exempla</span> <span class='ocrx_word' id='word_1_604' title='bbox 1742 5600 2111 5672; x_wconf 62' lang='lat' dir='ltr'>prmbuerant</span> 
     </span>
    </p>
   </div>
   <div class='ocr_carea' id='block_1_87' title="bbox 483 5687 2104 5762">
    <p class='ocr_par' dir='ltr' id='par_1_87' title="bbox 483 5687 2104 5762">
     <span class='ocr_line' id='line_1_89' title="bbox 483 5687 2104 5762; baseline 0.002 -16"><span class='ocrx_word' id='word_1_605' title='bbox 483 5687 867 5746; x_wconf 84' lang='lat' dir='ltr'>Ebredunensi</span> <span class='ocrx_word' id='word_1_606' title='bbox 895 5687 1160 5742; x_wconf 76' lang='lat' dir='ltr'>ecclesiae.</span> <span class='ocrx_word' id='word_1_607' title='bbox 1211 5691 1352 5743; x_wconf 85' lang='lat' dir='ltr'>Ante</span> <span class='ocrx_word' id='word_1_608' title='bbox 1403 5692 1596 5745; x_wconf 90' lang='lat' dir='ltr'>omnia</span> <span class='ocrx_word' id='word_1_609' title='bbox 1639 5700 1857 5749; x_wconf 80' lang='lat' dir='ltr'>mature</span> <span class='ocrx_word' id='word_1_610' title='bbox 1905 5695 2104 5762; x_wconf 77' lang='lat' dir='ltr'>visum,</span> 
     </span>
    </p>
   </div>
   <div class='ocr_carea' id='block_1_88' title="bbox 484 5781 2106 5850">
    <p class='ocr_par' dir='ltr' id='par_1_88' title="bbox 484 5781 2106 5850">
     <span class='ocr_line' id='line_1_90' title="bbox 484 5781 2106 5850; baseline 0.004 -13"><span class='ocrx_word' id='word_1_611' title='bbox 484 5781 918 5846; x_wconf 86' lang='lat' dir='ltr'>consulendum,</span> <span class='ocrx_word' id='word_1_612' title='bbox 948 5781 1080 5849; x_wconf 86' lang='lat' dir='ltr'>quia</span> <span class='ocrx_word' id='word_1_613' title='bbox 1108 5787 1352 5850; x_wconf 90' lang='lat' dir='ltr'>quatuor</span> <span class='ocrx_word' id='word_1_614' title='bbox 1371 5783 1439 5838; x_wconf 89' lang='lat' dir='ltr'>de</span> <span class='ocrx_word' id='word_1_615' title='bbox 1465 5783 1678 5840; x_wconf 89' lang='lat' dir='ltr'>biennii</span> <span class='ocrx_word' id='word_1_616' title='bbox 1703 5787 1991 5843; x_wconf 88' lang='lat' dir='ltr'>mensibus</span> <span class='ocrx_word' id='word_1_617' title='bbox 2017 5806 2106 5843; x_wconf 86' lang='lat' dir='ltr'>sa-</span> 
     </span>
    </p>
   </div>
   <div class='ocr_carea' id='block_1_89' title="bbox 483 5873 2103 5950">
    <p class='ocr_par' dir='ltr' id='par_1_89' title="bbox 483 5873 2103 5950">
     <span class='ocr_line' id='line_1_91' title="bbox 483 5873 2103 5950; baseline 0.006 -25"><span class='ocrx_word' id='word_1_618' title='bbox 483 5875 711 5926; x_wconf 81' lang='lat' dir='ltr'>ccrdotc</span> <span class='ocrx_word' id='word_1_619' title='bbox 744 5873 895 5940; x_wconf 72' lang='lat' dir='ltr'>Iegiti</span> <span class='ocrx_word' id='word_1_620' title='bbox 909 5889 1001 5924; x_wconf 89' lang='lat' dir='ltr'>mo</span> <span class='ocrx_word' id='word_1_621' title='bbox 1034 5873 1292 5926; x_wconf 73' lang='lat' dir='ltr'>destituta</span> <span class='ocrx_word' id='word_1_622' title='bbox 1319 5875 1425 5930; x_wconf 83' lang='lat' dir='ltr'>hoc</span> <span class='ocrx_word' id='word_1_623' title='bbox 1454 5878 1680 5945; x_wconf 84' lang='lat' dir='ltr'>gravius</span> <span class='ocrx_word' id='word_1_624' title='bbox 1708 5883 2103 5950; x_wconf 61' lang='lat' dir='ltr'>mgrotaverat,</span> 
     </span>
    </p>
   </div>
   <div class='ocr_carea' id='block_1_90' title="bbox 2207 5216 3837 5294">
    <p class='ocr_par' dir='ltr' id='par_1_90' title="bbox 2207 5216 3837 5294">
     <span class='ocr_line' id='line_1_92' title="bbox 2207 5216 3837 5294; baseline -0.005 -16"><span class='ocrx_word' id='word_1_625' title='bbox 2207 5227 2424 5293; x_wconf 90' lang='lat' dir='ltr'>turum,</span> <span class='ocrx_word' id='word_1_626' title='bbox 2457 5225 2836 5294; x_wconf 88' lang='lat' dir='ltr'>protestatum</span> <span class='ocrx_word' id='word_1_627' title='bbox 2874 5238 2994 5278; x_wconf 91' lang='lat' dir='ltr'>esse</span> <span class='ocrx_word' id='word_1_628' title='bbox 3021 5221 3360 5277; x_wconf 89' lang='lat' dir='ltr'>conﬁrmans</span> <span class='ocrx_word' id='word_1_629' title='bbox 3386 5218 3445 5274; x_wconf 93' lang='lat' dir='ltr'>in</span> <span class='ocrx_word' id='word_1_630' title='bbox 3469 5219 3621 5273; x_wconf 91' lang='lat' dir='ltr'>illam</span> <span class='ocrx_word' id='word_1_631' title='bbox 3648 5216 3837 5290; x_wconf 90' lang='lat' dir='ltr'>potius</span> 
     </span>
    </p>
   </div>
   <div class='ocr_carea' id='block_1_91' title="bbox 2208 5310 3840 5389">
    <p class='ocr_par' dir='ltr' id='par_1_91' title="bbox 2208 5310 3840 5389">
     <span class='ocr_line' id='line_1_93' title="bbox 2208 5310 3840 5389; baseline -0.006 -16"><span class='ocrx_word' id='word_1_632' title='bbox 2208 5323 2432 5389; x_wconf 88' lang='lat' dir='ltr'>partem</span> <span class='ocrx_word' id='word_1_633' title='bbox 2459 5317 2734 5373; x_wconf 89' lang='lat' dir='ltr'>declinata</span> <span class='ocrx_word' id='word_1_634' title='bbox 2771 5317 3056 5372; x_wconf 90' lang='lat' dir='ltr'>sententia</span> <span class='ocrx_word' id='word_1_635' title='bbox 3083 5319 3186 5382; x_wconf 91' lang='lat' dir='ltr'>est,</span> <span class='ocrx_word' id='word_1_636' title='bbox 3218 5321 3284 5370; x_wconf 91' lang='lat' dir='ltr'>ut</span> <span class='ocrx_word' id='word_1_637' title='bbox 3303 5313 3502 5386; x_wconf 90' lang='lat' dir='ltr'>juveni</span> <span class='ocrx_word' id='word_1_638' title='bbox 3535 5312 3737 5367; x_wconf 92' lang='lat' dir='ltr'>edocto</span> <span class='ocrx_word' id='word_1_639' title='bbox 3779 5310 3840 5364; x_wconf 92' lang='lat' dir='ltr'>in</span> 
     </span>
    </p>
   </div>
   <div class='ocr_carea' id='block_1_92' title="bbox 2208 5405 3847 5483">
    <p class='ocr_par' dir='ltr' id='par_1_92' title="bbox 2208 5405 3847 5483">
     <span class='ocr_line' id='line_1_94' title="bbox 2208 5405 3847 5483; baseline -0.005 -17"><span class='ocrx_word' id='word_1_640' title='bbox 2208 5413 2420 5468; x_wconf 89' lang='lat' dir='ltr'>timore</span> <span class='ocrx_word' id='word_1_641' title='bbox 2444 5411 2672 5468; x_wconf 90' lang='lat' dir='ltr'>Domini</span> <span class='ocrx_word' id='word_1_642' title='bbox 2689 5412 2815 5483; x_wconf 87' lang='lat' dir='ltr'>plus</span> <span class='ocrx_word' id='word_1_643' title='bbox 2836 5411 3265 5482; x_wconf 80' lang='lat' dir='ltr'>suﬂ‘ragaretur,</span> <span class='ocrx_word' id='word_1_644' title='bbox 3289 5407 3445 5481; x_wconf 91' lang='lat' dir='ltr'>quod</span> <span class='ocrx_word' id='word_1_645' title='bbox 3460 5407 3520 5462; x_wconf 91' lang='lat' dir='ltr'>in</span> <span class='ocrx_word' id='word_1_646' title='bbox 3537 5411 3663 5461; x_wconf 91' lang='lat' dir='ltr'>acto</span> <span class='ocrx_word' id='word_1_647' title='bbox 3683 5405 3847 5459; x_wconf 58' lang='lat' dir='ltr'>vitio.</span> 
     </span>
    </p>
   </div>
   <div class='ocr_carea' id='block_1_93' title="bbox 2209 5499 3843 5574">
    <p class='ocr_par' dir='ltr' id='par_1_93' title="bbox 2209 5499 3843 5574">
     <span class='ocr_line' id='line_1_95' title="bbox 2209 5499 3843 5574; baseline -0.006 -12"><span class='ocrx_word' id='word_1_648' title='bbox 2209 5507 2428 5562; x_wconf 88' lang='lat' dir='ltr'>sissimo</span> <span class='ocrx_word' id='word_1_649' title='bbox 2448 5507 2736 5562; x_wconf 92' lang='lat' dir='ltr'>interdum</span> <span class='ocrx_word' id='word_1_650' title='bbox 2766 5524 2903 5562; x_wconf 90' lang='lat' dir='ltr'>sana</span> <span class='ocrx_word' id='word_1_651' title='bbox 2925 5505 3207 5573; x_wconf 88' lang='lat' dir='ltr'>sensisset,</span> <span class='ocrx_word' id='word_1_652' title='bbox 3243 5520 3414 5574; x_wconf 89' lang='lat' dir='ltr'>quam</span> <span class='ocrx_word' id='word_1_653' title='bbox 3435 5501 3589 5573; x_wconf 89' lang='lat' dir='ltr'>quod</span> <span class='ocrx_word' id='word_1_654' title='bbox 3611 5499 3843 5572; x_wconf 45' lang='lat' dir='ltr'>juveni.</span> 
     </span>
    </p>
   </div>
   <div class='ocr_carea' id='block_1_94' title="bbox 2208 5595 3840 5672">
    <p class='ocr_par' dir='ltr' id='par_1_94' title="bbox 2208 5595 3840 5672">
     <span class='ocr_line' id='line_1_96' title="bbox 2208 5595 3840 5672; baseline -0.004 -18"><span class='ocrx_word' id='word_1_655' title='bbox 2208 5600 2358 5655; x_wconf 89' lang='lat' dir='ltr'>libus</span> <span class='ocrx_word' id='word_1_656' title='bbox 2398 5599 2809 5656; x_wconf 88' lang='lat' dir='ltr'>titillationibus</span> <span class='ocrx_word' id='word_1_657' title='bbox 2838 5601 3030 5672; x_wconf 85' lang='lat' dir='ltr'>aliqua</span> <span class='ocrx_word' id='word_1_658' title='bbox 3062 5600 3122 5653; x_wconf 92' lang='lat' dir='ltr'>in</span> <span class='ocrx_word' id='word_1_659' title='bbox 3148 5603 3306 5671; x_wconf 88' lang='lat' dir='ltr'>parte</span> <span class='ocrx_word' id='word_1_660' title='bbox 3337 5595 3610 5651; x_wconf 89' lang='lat' dir='ltr'>cessisset.</span> <span class='ocrx_word' id='word_1_661' title='bbox 3644 5595 3840 5665; x_wconf 87' lang='lat' dir='ltr'>Itaque</span> 
     </span>
    </p>
   </div>
   <div class='ocr_carea' id='block_1_95' title="bbox 2207 5688 3838 5767">
    <p class='ocr_par' dir='ltr' id='par_1_95' title="bbox 2207 5688 3838 5767">
     <span class='ocr_line' id='line_1_97' title="bbox 2207 5688 3838 5767; baseline -0.005 -18"><span class='ocrx_word' id='word_1_662' title='bbox 2207 5695 2604 5765; x_wconf 58' lang='lat' dir='ltr'>praetermissis</span> <span class='ocrx_word' id='word_1_663' title='bbox 2632 5695 2719 5750; x_wconf 90' lang='lat' dir='ltr'>his</span> <span class='ocrx_word' id='word_1_664' title='bbox 2734 5710 2862 5767; x_wconf 76' lang='lat' dir='ltr'>quae</span> <span class='ocrx_word' id='word_1_665' title='bbox 2888 5695 2947 5748; x_wconf 91' lang='lat' dir='ltr'>in</span> <span class='ocrx_word' id='word_1_666' title='bbox 2969 5694 3232 5766; x_wconf 89' lang='lat' dir='ltr'>ingressu</span> <span class='ocrx_word' id='word_1_667' title='bbox 3267 5691 3442 5763; x_wconf 89' lang='lat' dir='ltr'>ipsius</span> <span class='ocrx_word' id='word_1_668' title='bbox 3473 5706 3603 5744; x_wconf 91' lang='lat' dir='ltr'>eum</span> <span class='ocrx_word' id='word_1_669' title='bbox 3624 5688 3838 5759; x_wconf 89' lang='lat' dir='ltr'>absque</span> 
     </span>
    </p>
   </div>
   <div class='ocr_carea' id='block_1_96' title="bbox 2209 5785 3842 5860">
    <p class='ocr_par' dir='ltr' id='par_1_96' title="bbox 2209 5785 3842 5860">
     <span class='ocr_line' id='line_1_98' title="bbox 2209 5785 3842 5860; baseline -0.004 -18"><span class='ocrx_word' id='word_1_670' title='bbox 2209 5787 2376 5842; x_wconf 92' lang='lat' dir='ltr'>ullius</span> <span class='ocrx_word' id='word_1_671' title='bbox 2405 5789 2777 5844; x_wconf 85' lang='lat' dir='ltr'>excusationis</span> <span class='ocrx_word' id='word_1_672' title='bbox 2805 5788 3016 5860; x_wconf 79' lang='lat' dir='ltr'>effugio</span> <span class='ocrx_word' id='word_1_673' title='bbox 3036 5789 3217 5860; x_wconf 80' lang='lat' dir='ltr'>culpae</span> <span class='ocrx_word' id='word_1_674' title='bbox 3245 5785 3582 5842; x_wconf 88' lang='lat' dir='ltr'>associatum</span> <span class='ocrx_word' id='word_1_675' title='bbox 3616 5797 3842 5838; x_wconf 63' lang='lat' dir='ltr'>asseveo</span> 
     </span>
    </p>
   </div>
   <div class='ocr_carea' id='block_1_97' title="bbox 2208 5876 3843 5956">
    <p class='ocr_par' dir='ltr' id='par_1_97' title="bbox 2208 5876 3843 5956">
     <span class='ocr_line' id='line_1_99' title="bbox 2208 5876 3843 5956; baseline -0.002 -21"><span class='ocrx_word' id='word_1_676' title='bbox 2208 5885 2357 5944; x_wconf 87' lang='lat' dir='ltr'>rant,</span> <span class='ocrx_word' id='word_1_677' title='bbox 2380 5884 2534 5937; x_wconf 88' lang='lat' dir='ltr'>velut</span> <span class='ocrx_word' id='word_1_678' title='bbox 2548 5883 2913 5938; x_wconf 86' lang='lat' dir='ltr'>innocentem</span> <span class='ocrx_word' id='word_1_679' title='bbox 2927 5883 3194 5937; x_wconf 89' lang='lat' dir='ltr'>eumdem</span> <span class='ocrx_word' id='word_1_680' title='bbox 3209 5879 3502 5956; x_wconf 69' lang='lat' dir='ltr'>praeterire</span> <span class='ocrx_word' id='word_1_681' title='bbox 3521 5876 3843 5934; x_wconf 87' lang='lat' dir='ltr'>sacerdotes</span> 
     </span>
    </p>
   </div>
  </div>
