4054 6340
243 390 338 441 389

1429 385 1903 442 DECRETALIUM
1941 387 2321 442 COLLECTIU.

3493 392 3594 442 390

242 492 468 546 Domini
495 492 593 563 qui
623 492 754 545 huic
799 492 1037 546 concilio
1090 492 1332 548 aderant
1375 494 1744 550 damnatione
1772 512 1865 549 va-
1888 496 2147 580 Anullas
2169 495 2291 566 jam
2319 493 2637 565 provincias
2680 491 2892 547 habere
2931 493 3199 562 occurrit,
3226 493 3357 548 huic
3403 499 3595 549 autem

243 602 412 641 cuum
445 586 796 640 maluerunt.

306 680 394 734 Ill.
423 680 581 743 Quod
635 696 772 750 ergo
812 679 872 734 in
913 680 1255 751 quibusdam
1304 680 1677 736 schismaticis
1723 681 1862 736 reci-

239 773 456 845 piendis
482 772 775 827 Nicasnum
817 773 1121 828 concilium
1174 774 1362 844 potuit
1408 791 1441 828 a
1493 774 1728 846 singulis
1762 791 1867 846 per

240 866 526 921 territoria
555 883 676 936 sua,
710 866 816 920 hoc
845 867 1020 921 etiam
1045 883 1296 938 prasens
1339 871 1646 922 conventus
1674 867 1869 922 statuit

241 959 309 1014 ab
335 959 596 1014 omnibus
625 959 838 1014 servari
869 960 1096 1027 debere,
1127 960 1184 1014 id
1214 964 1318 1031 est,
1352 965 1415 1016 ut
1451 961 1765 1032 cuicunque
1797 961 1866 1015 de

240 1053 510 1107 fratribus
537 1053 646 1107 tale
668 1053 882 1124 aliquid
910 1053 1201 1108 charita‘tis
1244 1054 1478 1109 concilia
1517 1054 1865 1120 dictaverint,

239 1145 404 1200 liceat
431 1163 610 1201 unam
641 1147 1045 1218 parochiarum
1075 1163 1310 1202 suarum
1339 1148 1637 1202 ecclesiam
1664 1147 1865 1202 cedere

241 1239 296 1293 in
323 1257 435 1312 qua
461 1245 562 1295 aut
585 1241 976 1312 chorepisc0pi
1004 1241 1260 1308 nomine,
1288 1246 1353 1296 ut
1386 1241 1543 1296 idem
1573 1258 1754 1296 canon
1783 1241 1866 1296 lo-

243 1334 455 1404 quitur,
484 1337 584 1387 aut
606 1334 932 1405 peregrina,
967 1337 1030 1388 ut
1059 1334 1238 1402 aiunt,
1269 1335 1668 1389 communione
1712 1335 1867 1389 fove-

239 1430 459 1482 rentur.
492 1427 748 1482 Primum
774 1427 967 1498 itaque
1000 1427 1285 1497 statuitur,
1311 1432 1373 1482 ut
1397 1428 1505 1483 hoc
1530 1428 1590 1482 in
1616 1428 1871 1499 qualibet

237 1520 524 1592 provincia
550 1525 935 1592 praeterquam
983 1521 1045 1574 in
1089 1521 1295 1591 Alpina
1343 1521 1633 1575 maritima
1679 1522 1867 1588 liceat,

242 1630 411 1684 quam
455 1614 499 1668 si
551 1614 611 1667 in
651 1614 842 1685 aliqua
898 1618 1059 1685 parte
1106 1615 1423 1682 accesserit,
1467 1617 1534 1669 ut
1581 1616 1867 1669 malorum

241 1706 503 1762 incitator
522 1712 578 1762 et
597 1707 802 1778 quietis
822 1707 1127 1779 impatiens
1152 1708 1508 1763 damnationi
1533 1725 1708 1780 quam
1731 1708 1790 1762 in
1811 1725 1869 1763 se

239 1805 635 1871 provocaverat
659 1800 988 1871 subjacebit.
1014 1801 1119 1857 Sed
1139 1801 1186 1856 si
1205 1801 1332 1873 quis
1350 1802 1539 1856 eidem
1555 1802 1870 1873 quidquam

240 1908 305 1948 ex
335 1894 423 1948 his
449 1911 576 1966 quae
606 1897 814 1949 statuta
845 1899 977 1949 sunt
1001 1895 1449 1967 transgredienti
1476 1895 1864 1950 communica-
1890 1876 1947 1948 B

240 1988 402 2057 verit,
420 2005 456 2042 a
471 1989 877 2044 communione
897 1989 1156 2043 omnium
1171 1989 1269 2043 ﬁat
1286 1977 1747 2113 alienus,‘ieinde
1761 2006 1866 2044 nec

243 2082 494 2113 ηηηῖἶληι
526 2083 583 2113 ἔτι
611 2082 732 2113 Ῐηηη
781 2087 988 2113 nummi-nn
1019 2099 1184 2113 "nam
1225 2083 1282 2113 «in
1316 2083 1541 2113 ηιςῑ-ιιξηιι
1575 2086 1845 2113 ηηπηηιητι

242 2082 498 2153 quolibet
524 2083 586 2136 in
611 2082 752 2152 loco,
781 2087 988 2153 praeter
1017 2099 1188 2153 quam
1225 2083 1286 2136 in
1315 2082 1555 2153 publico‘
1573 2086 1864 2153 gerentur,

242 2191 314 2231 ne
338 2175 638 2247 quisquam
683 2176 734 2230 ei
774 2176 950 2230 laicus
995 2176 1354 2245 decernatur,
1381 2193 1552 2247 quem
1597 2176 1769 2230 curiae
1813 2179 1870 2230 et

241 2268 486 2323 civitatis
511 2268 728 2340 species
755 2273 854 2324 aut
884 2269 1026 2324 ordo
1067 2270 1348 2324 nobilitat.
1380 2270 1617 2324 Additur
1660 2287 1731 2323 ne
1761 2287 1866 2324 un—

242 2379 416 2434 quam
433 2363 493 2416 in
515 2362 831 2418 civitatibus
851 2365 936 2417 vel
959 2363 1357 2434 episcoporum
1383 2363 1641 2418 absentia
1662 2364 1868 2418 offerre

240 2459 574 2528 praesumat,
591 2473 696 2511 nec
715 2456 974 2512 ordinare
993 2457 1082 2510 vel
1106 2457 1370 2511 ultimum
1390 2457 1659 2511 clericum
1687 2473 1789 2511 nec
1810 2457 1868 2510 in

243 2549 445 2603 eadem
475 2549 725 2619 ecclesia,
755 2566 882 2621 qua:
926 2549 1008 2604 illi
1053 2549 1436 2621 cujuscunque
1480 2549 1718 2604 minima
1746 2551 1869 2604 fue-

241 2643 316 2697 rit
358 2643 651 2710 attributa,
680 2660 783 2698 nec
811 2644 908 2697 ulli
953 2643 1355 2715 episcoporum
1394 2644 1484 2698 vel
1535 2643 1871 2699 succedente

243 2738 409 2790 aetate
435 2741 725 2808 assumpto
752 2736 942 2808 aliquo
961 2736 1021 2791 in
1048 2736 1392 2792 rudimentis
1420 2737 1535 2792 suis
1561 2737 1692 2792 huic
1715 2737 1874 2809 quasi

241 2846 347 2900 pro
374 2830 559 2883 astatis
584 2831 905 2884 reverentia
939 2831 1143 2885 cedere
1169 2830 1349 2896 liceat,
1379 2848 1481 2884 nec
1511 2848 1746 2902 usquam
1769 2831 1875 2902 ipsi

242 2923 562 2994 quidquam
591 2923 660 2978 de
681 2923 1090 2995 episcopalibus
1111 2924 1310 2979 ofﬁciis
1327 2941 1622 2996 usurpare,
1646 2930 1874 2995 praetcr-

243 3017 492 3088 quamin
510 3017 747 3072 ecclesia
761 3034 930 3089 quam
949 3018 1282 3090 cujusquam
1304 3018 1688 3073 misericordia
1704 3018 1878 3072 fuerit

242 3110 537 3182 indeptus,
565 3110 626 3164 in
656 3127 767 3182 qua
793 3111 844 3166 ei
883 3112 1068 3166 solum
1094 3113 1412 3183 neophytos
1439 3113 1792 3177 conﬁrmare,
1821 3114 1877 3166 et

241 3209 373 3258 ante
396 3204 759 3276 presbyteros
777 3204 981 3260 offerre
1003 3205 1347 3260 conceditur.
1370 3205 1531 3269 Quod
1554 3205 1601 3259 si
1625 3221 1876 3277 unquam

241 3298 434 3353 taliter
479 3298 681 3370 aliquis
725 3299 999 3354 charitate
1043 3299 1271 3354 alterius
1297 3304 1626 3370 provocatus
1655 3300 1873 3354 habita-

244 3391 418 3447 tionis
456 3392 966 3448 commutationem
996 3393 1312 3462 variaverit,
1345 3411 1458 3447 non
1487 3393 1651 3448 aliter
1681 3393 1740 3447 in
1771 3393 1878 3446 alia

247 3485 485 3541 ecclesia
508 3485 773 3558 requiem
802 3486 1057 3558 accipiat,
1080 3504 1252 3559 quam
1272 3485 1331 3541 in
1361 3486 1542 3558 priori
1568 3486 1770 3540 habuit
1790 3485 1878 3540 cui

247 3579 694 3650 renuntiaverat,
727 3597 829 3635 nec
857 3581 1091 3636 omnino
1126 3597 1384 3653 unquam
1426 3581 1668 3635 duarum
1698 3581 1876 3635 eccle-

246 3671 463 3728 siarum
489 3673 967 3745 gubernationem
985 3674 1256 3743 obtineat,
1282 3675 1370 3729 cui
1391 3674 1559 3730 etiam
1589 3674 1648 3727 in
1667 3689 1731 3728 ea
1752 3689 1878 3744 quae

245 3767 354 3839 ipsi
384 3767 609 3823 ceditur
627 3768 917 3823 ministros
942 3786 974 3823 a
999 3768 1242 3824 civitatis
1262 3769 1524 3841 episcopo
1552 3785 1778 3822 necesse
1799 3773 1882 3822 est

247 3860 527 3931 ordinari,
557 3877 694 3916 sane
726 3861 862 3933 quia
910 3861 1304 3917 ministrorum
1348 3862 1561 3917 mentio
1594 3863 1740 3916 facta
1772 3864 1878 3928 est,

249 3959 307 4009 et
333 3955 597 4009 nonnulli
626 3956 697 4009 ab
726 3956 851 4027 ipso
881 3956 1094 4012 inventi
1122 3961 1256 4011 sunt
1281 3955 1764 4012 excommunicati
1795 3959 1878 4011 te-

247 4065 409 4104 mere
453 4049 513 4103 in
557 4049 706 4104 clero
751 4051 1019 4122 provecti,
1058 4053 1332 4106 statutum
1383 4054 1468 4106 est
1513 4068 1606 4106 eos
1655 4051 1754 4121 qui
1803 4050 1882 4104 ita

247 4143 524 4214 assumpti
549 4146 684 4198 sunt
711 4143 1099 4216 deponendos.
1131 4145 1345 4209 Quibus
1374 4149 1567 4201 autem
1589 4146 1747 4200 nulla
1769 4161 1883 4198 ma-

249 4237 376 4291 cula
422 4237 865 4294 conversationis
909 4238 1386 4311 prsejudicaverit,
1416 4242 1588 4312 prout
1623 4238 1879 4294 Ebredu-

251 4330 412 4386 nensi
428 4331 711 4386 sacerdoti
726 4332 1116 4388 constituendo
1129 4333 1312 4387 visum
1332 4337 1436 4403 est,
1452 4333 1618 4388 autin
1632 4331 1882 4387 ecclesiae

249 4441 370 4479 suae
394 4423 714 4480 ministerio
742 4427 1038 4494 tenendos,
1067 4430 1166 4481 aut
1202 4428 1274 4481 ad
1313 4428 1502 4499 ipsum
1545 4443 1880 4499 quocunque

250 4517 557 4573 habitasset
584 4520 1022 4591 transferendos,
1051 4521 1346 4592 plebisque
1377 4521 1883 4592 acciperentlicen-

1897 3248 1951 3322 C

1968 589 2140 642 etiam
2161 589 2219 641 in
2251 587 2613 642 ecclesiarum
2633 586 2894 657 plebibus
2911 603 3016 659 per
3041 588 3163 642 loca
3193 591 3391 642 tamen
3412 589 3595 660 magis

1967 698 2141 752 quam
2169 698 2274 752 per
2307 681 2471 736 urbes
2500 681 2610 736 hoc
2638 680 2822 734 visum
2849 685 2935 735 est
2965 698 3088 735 esse
3115 681 3503 736 tribuendum.
3534 684 3596 737 In

1968 775 2206 829 ecclesia
2243 791 2468 846 quoque
2515 791 2628 846 qua
2669 773 2964 828 ordinatus
3008 775 3200 844 fuerit,
3234 776 3600 830 consecrandi

1966 867 2266 938 virginem,
2289 869 2436 922 sicut
2459 867 2837 922 confirmandi
2863 869 3232 940 neophytum,
3249 869 3344 940 jus
3364 869 3599 923 habebit
3614 848 3640 932 ξ’

1970 967 2025 1016 et
2051 977 2152 1032 per
2176 961 2369 1015 omnia
2395 966 2457 1015 ut
2478 961 2548 1014 sit
2574 962 2770 1014 multae
2800 961 3169 1030 indulgentiae
3201 962 3595 1017 testimonium

1969 1071 2196 1126 semper
2223 1071 2282 1109 se
2308 1054 2636 1108 inferiorem
2665 1055 2948 1126 episcopo,
2980 1055 3332 1126 superiorem
3360 1057 3593 1128 presby-

1968 1154 2088 1204 tero
2113 1153 2268 1219 agat,
2282 1148 2562 1202 mandatis
2581 1148 2836 1218 votisque
2854 1149 3110 1203 omnium
3131 1153 3452 1204 sanctorum
3468 1166 3597 1221 pro-

1971 1243 2336 1313 sequentibus
2365 1242 2514 1296 vivat
2553 1241 2610 1294 in
2637 1241 2844 1295 timore
2886 1241 3127 1312 Domini,
3159 1247 3217 1296 et
3264 1243 3594 1315 episcopum

1969 1352 2134 1390 suum
2166 1337 2335 1403 colat,
2365 1336 2481 1389 Deo
2513 1335 2737 1400 serviat,
2768 1334 2967 1405 synodi
2994 1336 3140 1389 circa
3166 1353 3223 1390 se
3252 1337 3590 1392 benevolen-

1970 1429 2061 1483 tize
2093 1429 2303 1501 gratias
2344 1431 2495 1499 agat,
2523 1444 2868 1499 semperque
2910 1427 3216 1500 indignum
3260 1446 3317 1484 se
3360 1431 3597 1486 indultis

1969 1523 2214 1593 negatis,
2251 1525 2309 1575 et
2335 1522 2616 1592 imparem
2648 1537 2767 1577 esse
2793 1521 3059 1575 fateatur.
3088 1503 3106 1608 Ι

2040 1618 2102 1669 V.
2123 1618 2185 1669 In
2208 1631 2512 1670 commune
2535 1617 2726 1669 autem
2754 1631 2953 1669 omnes
2982 1615 3080 1685 qui
3111 1623 3494 1671 convenerant
3515 1635 3598 1672 sa-

1970 1710 2228 1764 cerdotes
2249 1708 2612 1779 sibimetipsis
2627 1713 2821 1762 contra
2837 1708 3162 1779 hujusmodi
3181 1710 3443 1764 scandala
3458 1728 3598 1782 prse-

1970 1803 2288 1857 cavendum
2313 1804 2679 1857 censuerunt.
2710 1803 2901 1873 Itaque
2939 1807 3176 1874 propter
3201 1803 3482 1874 ejusmodi
3511 1808 3597 1858 tc-

1970 1897 2295 1951 meritatem
2341 1895 2528 1949 stabili
2571 1894 2911 1950 deﬁnitione
2951 1898 3271 1951 consultum
3305 1901 3408 1964 est,
3440 1903 3502 1952 ut
3527 1897 3597 1952 de

1969 1992 2172 2044 cmtero
2201 1989 2615 2055 observaretur,
2647 2005 2720 2043 ne
2749 1989 2878 2059 quis
2904 1989 2974 2042 ad
2998 2005 3126 2043 eam
3154 1990 3446 2044 ecclesiam
3473 2007 3600 2061 quae

1968 2084 2296 2154 episcopum
2340 2082 2701 2154 perdidisset,
2735 2081 2844 2136 nisi
2873 2081 3069 2136 vicinae
3099 2084 3346 2138 ecclesiae
3378 2084 3596 2155 episco-

1967 2194 2076 2248 pus
2138 2176 2534 2247 exsequiarum
2589 2179 2845 2247 tempore
2898 2175 3209 2242 accederet,
3257 2177 3357 2247 qui
3405 2180 3600 2231 tamen

1970 2270 2161 2324 statim
2187 2270 2442 2324 ecclesiae
2467 2269 2642 2340 ipsius
2671 2286 2864 2324 curam
2911 2269 3320 2324 districtissime
3351 2277 3597 2341 gereret,

1969 2380 2041 2418 ne
2084 2363 2220 2435 quid
2265 2367 2399 2417 ante
2446 2363 2866 2417 ordinationem
2911 2362 3360 2422 discordantium
3405 2363 3465 2417 in
3497 2381 3596 2418 no-

1970 2457 2235 2511 vitatibus
2259 2456 2594 2510 clericorum
2627 2455 2979 2510 subversioni
3009 2456 3222 2510 liceret.
3251 2458 3442 2527 Itaque
3470 2474 3600 2512 cum

1970 2552 2079 2605 tale
2143 2549 2357 2620 aliquid
2421 2548 2640 2617 accidit,
2709 2549 2905 2603 vicinis
2964 2548 3280 2606 vicinarum
3343 2551 3600 2604 ecclesia-

1971 2659 2100 2699 rum
2131 2642 2429 2713 inspectio,
2463 2642 2787 2712 descriptio,
2816 2641 3178 2714 recensioque
3212 2659 3406 2697 rerum
3435 2661 3598 2699 man-

1974 2737 2161 2793 datur.

2046 2833 2129 2886 VI.
2151 2831 2274 2885 Haec
2294 2834 2484 2884 autem
2501 2829 2696 2883 omnia
2722 2829 3122 2899 exsequiarum
3141 2833 3401 2900 tempore
3423 2847 3602 2902 usque

1975 2925 2047 2980 ad
2071 2925 2373 2996 septimam
2395 2923 2647 2978 defuncti
2670 2927 2804 2993 agat
2830 2921 3005 2991 diem,
3024 2921 3228 2976 exinde
3257 2923 3503 2979 ecclesiae
3520 2941 3604 2979 re-

1976 3020 2165 3074 ferens
2190 3017 2527 3072 mandatum
2555 3015 2982 3087 metropolitani
3011 3015 3177 3070 simul
3197 3033 3327 3070 cum
3345 3018 3606 3073 omnibus

1977 3113 2186 3166 sanctis
2199 3109 2477 3183 episcopis
2495 3110 2897 3180 sepeliatur,ne
2912 3109 3213 3180 quisquam
3225 3110 3297 3164 ad
3314 3111 3607 3168 ecclesiam

1979 3222 2106 3277 quae
2135 3221 2425 3259 summum
2455 3203 2724 3258 amiserat
2753 3203 3108 3257 sacerdotem
3141 3203 3250 3257 nisi
3274 3206 3606 3277 metropoli-

1976 3302 2098 3358 tani
2126 3301 2324 3356 litteris
2355 3299 2621 3354 invitatus
2638 3299 2727 3370 (ne
2757 3316 2790 3352 a
2811 3297 2979 3368 plebe
3003 3299 3334 3372 decipiatur)
3358 3303 3605 3373 accedat,

1979 3399 2035 3450 et
2059 3394 2173 3448 vim
2203 3394 2320 3465 pati
2339 3393 2576 3446 voluisse
2599 3392 2874 3445 videatur.
2897 3392 3014 3462 Ego
3034 3391 3282 3446 Hilarius
3309 3393 3607 3466 episcopus

1971 3489 2134 3560 juxta
2163 3488 2216 3542 id
2245 3487 2394 3560 quod
2425 3485 2704 3540 universis
2748 3484 2954 3538 sanctis
2999 3485 3276 3556 episcopis
3313 3488 3477 3556 meis,
3510 3488 3604 3560 qui

1979 3597 2209 3636 mecum
2240 3579 2712 3650 subscripserunt,
2741 3577 2958 3648 placuit
3000 3581 3208 3631 statuta
3243 3580 3477 3635 Patrum
3520 3581 3608 3635 his

1979 3673 2406 3731 deﬁnitionibus
2451 3670 2754 3741 subscripsi
2786 3671 2889 3724 sub
2934 3670 3023 3725 die
3055 3687 3143 3725 xv1
3188 3671 3470 3728 Kalendas
3503 3675 3605 3730 De-

1980 3767 2243 3834 cembris,
2270 3765 2584 3821 Theodosio
2613 3767 2867 3835 Augusto
2896 3765 3006 3834 VII,
3038 3765 3202 3819 Festo
3253 3766 3319 3821 ιν
3363 3767 3606 3823 consuli-

1979 3863 2102 3917 bus.
2132 3863 2250 3933 Ego
2291 3859 2621 3916 Severianus
2670 3857 2968 3929 episcopus
3015 3857 3148 3913 huic
3175 3858 3491 3916 deﬁnitioni
3517 3862 3605 3916 in-

1981 3957 2175 4025 terfui,
2223 3958 2281 4010 et
2327 3951 2627 4024 subscripsi
2671 3950 2760 4006 die
2813 3951 3141 4007 consulibus
3189 3955 3605 4028 suprascriptis.

1982 4053 2097 4122 Ego
2124 4048 2437 4105 Audentius
2463 4047 2759 4118 episcopus
2799 4045 3019 4100 statutis
3062 4046 3318 4116 interfui,
3352 4048 3442 4103 die
3471 4066 3605 4105 con-

1981 4145 2194 4199 sulibus
2219 4140 2632 4214 suprascriptis.
2660 4140 2780 4211 Ego
2818 4139 2997 4194 Julius
3046 4139 3345 4212 episcopus
3390 4130 3609 4199 statutis

1981 4237 2236 4305 interfui,
2269 4241 2326 4290 et
2357 4232 2657 4304 subscripsi
2695 4233 2785 4288 die
2829 4233 3148 4288 consulibus
3192 4235 3608 4308 suprascriptis.

1980 4333 2098 4402 Ego
2136 4329 2418 4384 Achadius
2455 4326 2748 4398 episcopus
2776 4326 2866 4381 his
2898 4326 3323 4382 deﬁnitionibus
3351 4328 3606 4397 interfui,

1982 4428 2038 4480 et
2064 4421 2364 4493 subscripsi
2407 4421 2496 4475 die
2540 4419 2865 4474 consulibus
2895 4421 3312 4492 suprascriptis.
3343 4423 3458 4493 Ego
3489 4427 3605 4478 Au-

1981 4519 2180 4590 spitius
2210 4516 2503 4587 episcopus
2532 4514 2621 4568 his
2649 4512 3081 4568 deﬁnitionibus
3111 4514 3363 4584 interfui,
3393 4520 3450 4570 et
3473 4517 3605 4571 sub-

249 4612 396 4667 tiam
417 4629 485 4667 ex
501 4611 917 4669 constitutionis
937 4615 1107 4685 hujus
1131 4615 1412 4686 permissu
1438 4615 1798 4682 benedicere,
1817 4616 1880 4668 ut
1897 4626 1956 4698 D
1979 4611 2174 4684 scripsi
2201 4609 2524 4665 consulibus
2562 4607 2651 4662 die
2697 4607 3107 4678 suprascriptis.
3145 4609 3261 4678 Ego
3301 4608 3608 4665 Severinus

249 4721 425 4777 supra
442 4706 740 4761 deﬁnitum
759 4713 861 4776 est,
878 4713 936 4763 et
951 4708 1010 4762 in
1024 4725 1142 4763 una
1158 4709 1474 4780 eademque
1497 4708 1730 4763 ecclesia
1748 4725 1884 4764 neo-

249 4801 461 4872 phytos
491 4801 853 4857 conﬁrmare.
906 4805 969 4858 ln
1008 4803 1251 4858 castellis
1290 4819 1353 4858 ac
1381 4802 1514 4857 vicis
1563 4806 1745 4858 totum
1776 4804 1882 4858 illis

249 4897 383 4949 ante
407 4894 775 4966 presbyteros
805 4896 983 4951 sicubi
1008 4897 1269 4952 venerint
1295 4897 1461 4953 liceat
1485 4897 1641 4968 quod
1670 4897 1731 4951 in
1756 4898 1886 4951 civi-

248 4988 466 5043 tatibus
491 4989 726 5044 omnino
759 4990 1168 5060 praescribitur.

224 5109 234 5119 -
323 5083 410 5137 IV.
444 5083 516 5136 Ut
544 5083 861 5155 presbyteri
890 5085 1154 5155 privatim
1201 5085 1465 5140 ﬁdelibus
1505 5083 1877 5140 desideranti-

247 5176 359 5231 bus
405 5174 768 5246 benedicant,
814 5181 871 5232 et
916 5179 1305 5235 interminatas
1353 5181 1456 5234 has
1510 5179 1884 5234 discussiones

249 5269 436 5325 visum
467 5270 527 5324 in
555 5271 817 5326 deﬁnitas
847 5272 1082 5328 omnino
1120 5273 1450 5344 presbytero
1475 5289 1580 5345 per
1609 5271 1880 5339 familias,

249 5379 358 5435 per
382 5380 571 5436 agros,
599 5380 705 5436 per
744 5365 992 5436 privatas
1042 5366 1242 5422 domos
1278 5384 1384 5438 pro
1427 5367 1707 5422 desiderio
1736 5365 1880 5420 ﬁde-

249 5456 396 5512 lium
436 5458 766 5514 facultatem
809 5459 1221 5516 benedictionis
1265 5461 1508 5533 aperire,
1540 5461 1695 5532 quod
1735 5476 1881 5515 non-

1982 4707 2280 4779 cpiscopus
2325 4701 2752 4758 deﬁnitionibus
2782 4700 2869 4754 his
2898 4699 3152 4769 interfui,
3188 4706 3245 4754 et
3284 4701 3606 4774 subscripsi,

1981 4803 2100 4872 Ego
2128 4798 2381 4854 Valerius
2429 4795 2723 4868 episcopus
2755 4793 2842 4848 his
2885 4791 3306 4848 deﬁnitionibus
3352 4794 3604 4864 interfui,

1982 4899 2041 4950 et
2065 4891 2388 4963 subscripsi.
2420 4892 2539 4961 Ego
2567 4887 2867 4943 Neuterius
2893 4886 3188 4958 episcopus
3219 4887 3306 4941 his
3332 4888 3611 4946 deﬁnitio-

1981 4990 2152 5045 nibus
2179 4985 2432 5052 interfui,
2467 4987 2523 5039 et
2551 4981 2878 5053 subscripsi.
2927 4982 3044 5051 Ego
3070 4980 3360 5052 Asclepius
3387 4983 3607 5054 episco-

1982 5100 2089 5155 pus
2131 5082 2220 5136 his
2264 5077 2687 5136 deﬁnitionibus
2737 5074 2987 5142 interfui,
3018 5076 3075 5128 et
3122 5074 3444 5146 subscripsi.
3491 5080 3607 5150 Ego

1983 5177 2308 5232 Theodorus
2347 5173 2644 5244 episcopus
2672 5169 2760 5223 his
2807 5167 3230 5223 deﬁnitionibus
3268 5169 3520 5239 interfui,
3555 5179 3612 5227 et

1985 5269 2307 5340 subscripsi.
2338 5269 2456 5337 Ego
2487 5263 2815 5318 Vincentius
2844 5261 3146 5334 presbyter
3186 5262 3434 5335 episcopi
3461 5267 3605 5322 Con-

1985 5362 2307 5419 stantiniani
2335 5361 2403 5414 ab
2435 5358 2637 5413 eodem
2668 5356 2968 5411 ordinatus
3010 5355 3245 5411 interfui
3276 5357 3394 5414 vice
3436 5358 3613 5431 ipsius

1984 5459 2042 5512 et
2078 5453 2397 5525 subscripsi.

1040 5696 1437 5768 INCIPIUNT
1480 5698 1873 5768 CAPITULA
1915 5693 2436 5764 AURAICENSIS
2482 5692 2837 5759 CONClLll.

331 5830 380 5890 l.
416 5833 486 5891 Ut
504 5836 695 5891 nullus
726 5837 987 5893 minister
1007 5837 1128 5894 sine
1152 5838 1458 5894 chrismate
1481 5838 1888 5910 proﬁciscatur.

329 5933 382 5984 ‘2.
398 5929 477 5983 De
492 5929 778 5984 haereticis
790 5930 834 5984 si
848 5931 904 5984 in
919 5933 1117 5986 mortis
1132 5932 1455 5988 discrimine
1472 5935 1891 5987 convertantur.

2064 5838 2115 5890 3.
2161 5835 2234 5888 De
2261 5829 2664 5904 paenitentibus
2692 5828 2791 5901 qui
2815 5827 2884 5882 de
2915 5839 3147 5896 corpore
3175 5826 3396 5877 exelmt.

2068 5930 2119 5983 4.
2165 5929 2241 5982 De
2269 5925 2486 5980 clericis
2513 5922 2898 5996 paenitentiam
2929 5916 3260 5971 volentibus.
