4054 6334
422 369 519 420 391
1322 363 1603 418 APPEND.
1644 362 1731 415 AD
1769 361 1928 416 S/EC.
1971 361 2023 414 lli

1322 363 1603 418 APPEND.
1644 362 1731 415 AD
1769 361 1928 416 S/EC.
1971 361 2058 414 IX.
2091 386 2160 399 —-
2197 357 2447 414 ISIDORI
2484 355 2906 412 MERCATORIS

494 476 544 526 5.
586 473 664 526 De
692 471 783 526 his
824 470 924 542 qui
965 469 1052 524 ad
1083 469 1375 525 ecclesiam
1422 469 1781 540 confugiunt,
1812 484 1884 523 ne
1927 470 2045 522 tra-
2070 480 2130 552 Α
2226 471 2311 522 17.
2336 466 2479 522 Utin
2495 481 2676 521 unum
2696 460 3010 536 propositio
3034 475 3284 515 sacrame

425 565 652 620 dantur.
1742 572 1744 574 '
2228 564 2310 616 18.
2340 562 2410 615 Ut
2441 558 2744 630 Evangelia
2773 554 3170 611 catechumeni
3196 571 3284 608 no;

497 662 548 713 6.
589 659 784 713 Nullus
830 675 932 730 pro
992 657 1104 712 suis
1149 655 1447 728 mancipiis
1491 656 1590 728 qui
1642 657 1712 711 ad
1759 655 2051 710 ecclesiam
2225 656 2310 708 19.
2352 655 2422 708 Ut
2451 651 2849 708 catechumeni
2883 651 2953 704 ad
2982 648 3273 719 baptisteri

423 751 761 822 confugiunt
785 752 1116 806 clericorum
1140 749 1428 821 mancipia
1457 753 1710 820 occupet.
2223 750 2312 802 20.
2345 747 2416 802 Ut
2458 743 2850 801 catechumeni
2876 760 3008 797 cum
3037 741 3264 797 ﬁdelibu

497 851 548 899 7.
590 845 664 898 De
691 843 910 898 libertis
936 843 1033 915 qui
1064 843 1124 897 in
1155 843 1390 898 ecclesia
1413 842 1796 898 commendati
1825 846 1959 897 sunt
1979 857 2051 896 ne
2149 857 2266 895 non
2292 839 2589 911 accipiant.

424 936 840 1009 opprimantur.
2220 937 2310 990 21.
2349 935 2422 989 Ut
2448 933 2562 987 duo
2589 931 2845 1004 episcOpi
2873 929 3205 1002 episcopum

497 1034 550 1086 8.
591 1032 666 1084 De
691 1029 780 1083 his
808 1029 906 1100 qui
931 1029 1199 1084 clericum
1230 1031 1480 1086 alienum
1522 1031 1792 1086 ordinare
1833 1046 2048 1101 praesu-
2221 1031 2310 1083 22.
2351 1029 2423 1084 Ut
2448 1025 2635 1081 clerici
2663 1026 2973 1097 conjugati,
2999 1023 3109 1078 nisi
3148 1040 3210 1077 co

424 1126 610 1179 munt.
2151 1124 2401 1189 teantur,
2435 1120 2657 1175 diaconi
2683 1137 2800 1174 non
2831 1119 2990 1173 ﬁant.

496 1220 547 1272 9.
589 1217 667 1271 De
695 1215 784 1269 his
809 1215 909 1286 qui
938 1215 1085 1271 cives
1113 1218 1326 1273 alienos
1355 1218 1766 1274 ordinaverint.
2221 1218 2311 1271 23.
2353 1215 2430 1268 De
2456 1213 2543 1268 his
2569 1213 2668 1284 qui
2705 1215 2835 1284 post
2865 1214 3161 1282 acceptum
3190 1211 3220 1265 d

497 1314 581 1364 10.
623 1311 700 1363 De
747 1308 1024 1379 episcopis
1067 1311 1164 1381 qui
1192 1311 1250 1364 in
1292 1313 1665 1383 possessione,
1695 1313 1753 1365 et
1781 1310 1841 1365 in
1869 1309 2052 1366 aliena
2151 1309 2401 1364 tinentes
2438 1307 2824 1362 inveniuntur.

422 1403 645 1460 dioecesi
675 1400 962 1456 basilicam
989 1408 1448 1460 construxerunt.
2220 1404 2308 1458 24.
2339 1403 2415 1455 De
2446 1401 2536 1454 his
2560 1401 2660 1472 qui
2702 1401 3040 1471 priusquam
3093 1398 3230 1453 ordi'.

497 1501 582 1552 11.
622 1497 700 1550 De
744 1493 1021 1565 episcopis
1067 1496 1164 1567 qui
1213 1497 1770 1553 excommunicatum
1819 1497 2050 1553 alterius
2149 1498 2350 1552 nentes
2386 1495 2598 1549 inventi
2634 1499 2786 1548 sunt.

421 1589 754 1661 suscipiunt.
2221 1593 2310 1645 25.
2350 1591 2426 1644 De
2452 1589 2584 1643 viris
2609 1586 2862 1660 probatis
2887 1585 2932 1640 si
2962 1585 3234 1658 conjugis.
3258 1593 3314 1640 (ιι

497 1688 582 1738 12.
623 1685 702 1738 De
729 1684 818 1737 his
857 1684 957 1756 qui
1000 1682 1186 1739 subito
1241 1684 1657 1752 obmutescunt,
1687 1685 1842 1756 quod
1869 1687 1926 1740 et
1947 1685 2046 1740 ba-
2221 1687 2310 1739 26.
2353 1684 2431 1737 De
2460 1681 2786 1737 diaconissis
2819 1697 2934 1735 non
2961 1679 3313 1734 ordinandis.

420 1777 696 1848 ptismum
725 1780 783 1830 et
809 1776 1203 1848 paenitentiam
1233 1777 1484 1848 accipere
1507 1781 1760 1848 possunt.
2219 1781 2308 1833 27.
2351 1777 2430 1831 De
2461 1775 2688 1830 feminis
2713 1791 2843 1846 quae
2872 1773 3210 1828 viduitatem
3235 1773 3393 1844 profc

498 1874 582 1926 13.
624 1871 701 1924 De
733 1871 820 1924 his
850 1871 950 1941 qui
976 1875 1168 1925 mente
1201 1869 1504 1941 desipiunt.
2069 1853 2126 1924 B
2151 1889 2277 1927 ram
2315 1872 2602 1942 episcopo.

495 1967 580 2020 14.
620 1966 698 2018 De
729 1963 1134 2035 energumenis
1163 1963 1478 2034 baptizatis.
2219 1968 2308 2021 28.
2349 1965 2427 2019 De
2451 1962 2539 2018 his
2569 1962 2669 2036 qui
2694 1961 2932 2036 professi
2963 1967 3098 2019 sunt
3126 1963 3463 2030 castitatem,
3495 1978 3542 2015 ει
3564 1987 3624 2032 ι.-

495 2059 580 2112 15.
621 2058 694 2111 Ut
722 2056 1127 2127 energumenis
1153 2059 1209 2111 et
1229 2057 1655 2112 catechumenis
1678 2058 1748 2114 de
1767 2058 2049 2131 baptismo
2148 2054 2314 2115 ricati
2337 2059 2566 2115 fuerint.

421 2151 769 2206 consulatur.
2220 2156 2309 2208 29.
2350 2155 2423 2208 Ut
2447 2153 2638 2208 nullus
2669 2152 2971 2224 episcopus
2988 2151 3060 2206 de
3085 2150 3321 2206 concilio
3348 2148 3470 2205 sine
3497 2163 3780 2205 consensu

495 2246 582 2298 16.
622 2245 695 2298 Ut
713 2244 1085 2315 energumeni
1109 2243 1179 2299 ad
1198 2245 1415 2300 clerum
1436 2262 1554 2301 non
1579 2249 2047 2318 promoveantur.
2151 2246 2419 2315 discedat,
2447 2249 2546 2301 aut
2568 2246 2642 2301 ad
2667 2245 2974 2301 concilium
3001 2246 3084 2301 ire
3109 2247 3353 2300 recuset.

1141 2545 1556 2646 INCIPIT
1625 2544 2244 2646 CONCILIUM
2313 2546 3057 2645 AUBAICENSE.

511 2723 816 2811 Tempore
856 2725 1196 2790 Theodosii
1221 2729 1517 2810 junioris
1552 2736 1615 2792 et
1646 2729 1813 2810 Cyri
1840 2730 2179 2793 consulum
2205 2748 2272 2794 Vl
2308 2729 2467 2793 ldus
2495 2729 2791 2792 novemb.
2826 2730 2892 2790 in
2923 2727 3183 2790 ecclesia
3209 2721 3696 2788 Justinianensi.

493 2911 621 2965 CAP.
651 2911 695 2964 I.
721 2908 915 2962 Nullus
947 2908 1344 2962 ministrorum
1373 2908 1471 2979 qui
1498 2907 1821 2980 baptizandi
1849 2910 2122 2998 recipitC
2147 2910 2506 2982 obsequium,
2541 2911 2632 2966 vel
2663 2911 2736 2965 ad
2769 2910 3121 2965 coloniarum
3167 2906 3552 2963 conditionem
3588 2903 3784 2974 impri-
3824 2979 3838 2988 .

421 3002 674 3059 ofﬁcium
698 3001 818 3056 sine
834 3001 1134 3056 chrismate
1157 3017 1399 3072 usquam
1421 3002 1590 3056 debet
1603 3003 1889 3074 progredi,
1914 3004 2048 3075 quia
2146 3021 2306 3059 mere
2330 3004 2654 3072 tentaverit,
2683 3003 3170 3058 animadversione
3214 2999 3587 3056 ecclesiastica
3615 3011 3778 3050 coer-

423 3098 574 3152 inter
603 3112 709 3150 nos
733 3095 944 3166 placuit
968 3096 1142 3150 semel
1168 3095 1228 3149 in
1254 3095 1598 3166 baptismate
1628 3096 1946 3165 chrismari,
1979 3099 2048 3152 de
2149 3098 2386 3152 cebitur.

419 3206 488 3245 eo
518 3192 710 3244 autem
740 3187 838 3260 qui
863 3185 1210 3259 baptismate
1242 3204 1577 3261 quacunque
1606 3189 1936 3245 necessitate
1959 3191 2043 3245 fa-
2220 3193 2353 3247 VIII.
2400 3192 2454 3247 Si
2498 3192 2624 3263 quis
2675 3191 2809 3245 alibi
2857 3189 3264 3244 consistentem
3314 3186 3582 3242 clericum
3631 3183 3782 3238 ordi-

418 3283 604 3338 ciente
633 3298 750 3336 non
783 3281 1118 3336 chrismatus
1160 3281 1351 3350 fuerit,
1384 3283 1442 3336 in
1493 3283 1926 3339 conﬁrmatione
1953 3301 2044 3339 sa—
2149 3285 2404 3340 nandum
2438 3285 2738 3356 putaverit,
2765 3284 2921 3355 prius
2959 3282 3192 3338 deﬁniat
3237 3287 3298 3336 ut
3341 3297 3471 3335 cum
3514 3279 3636 3350 ipso
3681 3277 3782 3331 ha-

417 3377 616 3431 cerdos
660 3375 1135 3430 commonebitur.
1192 3377 1332 3430 Nam
1384 3375 1536 3431 inter
1577 3394 1680 3431 nos
1724 3377 2046 3432 chrismatis
2147 3378 2306 3445 bitet,
2363 3395 2464 3433 nec
2517 3394 2647 3432 eum
2711 3378 2833 3431 sine
2890 3375 3304 3431 consultatione
3357 3374 3478 3444 ejus
3533 3369 3781 3443 episcopi

415 3470 592 3541 ipsius
620 3486 736 3524 non
764 3469 871 3524 nisi
901 3485 1016 3523 una
1044 3469 1366 3524 benedictio
1394 3473 1496 3538 est,
1530 3475 1591 3525 ut
1621 3487 1734 3525 non
1771 3471 2044 3542 praejudi-
2148 3489 2280 3526 cum
2327 3488 2440 3544 quo
2483 3475 2614 3526 ante
2657 3469 2928 3525 habitavit
2968 3470 3237 3524 ordinare
3284 3471 3611 3539 praesumat,
3644 3463 3782 3535 quia

417 3580 547 3618 cans
572 3563 885 3634 quidquam
912 3563 1058 3633 dico,
1087 3563 1188 3618 sed
1222 3568 1282 3618 ut
1310 3563 1627 3618 necessaria
1655 3565 1933 3620 habeatur
1961 3581 2047 3620 re-
2148 3583 2263 3620 non
2289 3565 2410 3620 sine
2439 3581 2605 3620 causa
2631 3564 2729 3619 diu
2757 3564 2827 3618 ab
2854 3563 2962 3618 alio
2993 3579 3107 3616 non
3149 3562 3441 3616 ordinatus
3484 3558 3777 3614 remansit.

417 3657 760 3712 chrismatio.
2218 3661 2302 3715 IX.
2353 3659 2408 3714 Si
2456 3657 2554 3729 qui
2602 3663 2796 3712 autem
2859 3656 3075 3711 alienos
3127 3655 3275 3710 cives
3325 3658 3424 3708 aut
3473 3651 3604 3707 alibi
3651 3667 3783 3705 con-

489 3753 554 3805 II.
584 3750 888 3805 Haereticos
928 3749 988 3804 in
1017 3751 1219 3805 mortis
1244 3749 1572 3806 discrimine
1608 3751 1844 3823 positos,
1872 3751 1919 3806 si
1951 3768 2044 3807 ca-
2149 3751 2414 3808 sistentes
2443 3750 2851 3818 ordinaverint,
2873 3767 2946 3805 ne
2965 3748 3272 3803 inordinati
3296 3746 3356 3800 in
3377 3746 3493 3801 ullo
3521 3759 3785 3799 accusans

417 3844 614 3898 tholici
669 3859 788 3898 esse
851 3843 1198 3912 desiderent,
1254 3844 1303 3897 si
1353 3843 1498 3898 desit
1548 3844 1864 3916 episcopus,
1914 3862 2044 3917 pre-
2147 3849 2262 3917 tur,
2295 3850 2394 3899 aut
2423 3845 2492 3900 ad
2521 3845 2592 3912 ise
2640 3861 2735 3898 eos
2768 3847 3056 3917 revocent,
3086 3845 3184 3896 aut
3229 3841 3336 3912 ipsi
3373 3839 3451 3895 eis
3493 3839 3782 3910 imperent

419 3936 658 4008 sbyteris
690 3952 821 3991 cum
845 3935 1146 3990 chrismate
1178 3941 1234 3991 et
1269 3936 1667 3993 benedictione
1709 3938 2046 4010 consignare
2149 3956 2280 3995 cum
2306 3939 2512 4011 quibus
2541 3938 2820 3993 habitent.

418 4031 624 4101 Placet-
2220 4036 2284 4089 X.
2313 4034 2370 4089 Si
2401 4034 2528 4104 quis
2573 4033 2969 4104 episcoporum
2998 4031 3057 4085 in
3102 4031 3305 4085 alienis
3349 4026 3589 4084 civitatis
3619 4025 3782 4082 terri-

492 4125 578 4179 III.
610 4123 716 4188 Qui
738 4123 1013 4179 recedunt
1045 4123 1115 4178 de
1139 4139 1376 4195 corpore
1421 4121 1756 4196 poenitentia
1798 4132 2044 4199 accepta,
2148 4128 2293 4183 torio
2323 4126 2617 4182 ecclesiam
2648 4125 2931 4180 aediﬁcare
2963 4124 3233 4196 disponit,
3261 4124 3348 4178 vel
3375 4138 3477 4194 pro
3501 4121 3664 4176 fundi
3693 4119 3780 4174 sui

419 4213 632 4286 placuit
674 4213 794 4268 sine
833 4213 1281 4269 reconciliatoria
1325 4229 1528 4269 manus
1570 4215 1937 4286 impositione
1966 4217 2048 4270 eis
2151 4221 2402 4293 negotio,
2433 4223 2532 4275 aut
2576 4219 2948 4274 ecclesiastica
2989 4218 3229 4273 utilitate
3256 4217 3345 4272 vel
3387 4233 3490 4288 pro
3533 4229 3784 4286 quacun-

421 4308 869 4378 communicare,
902 4308 1055 4379 quod
1097 4307 1391 4363 morientis
1436 4308 1643 4364 sufﬁcit
1667 4295 2128 4368 consolationiD
2149 4332 2260 4387 que
2287 4331 2388 4368 sua
2414 4313 2840 4385 opportunitate
2883 4312 3157 4384 permissa
3197 4310 3418 4365 licentia
3457 4306 3781 4363 aediﬁcandi

422 4401 739 4457 secundum
759 4400 1119 4456 deﬁnitiones
1144 4403 1397 4473 Patrum,
1423 4403 1521 4475 qui
1546 4403 1882 4474 hujusmodi
1901 4421 2050 4459 com—
2151 4409 2303 4480 (quia
2327 4407 2632 4479 prohibere
2661 4408 2767 4461 hoc
2793 4407 2955 4461 nefas
2987 4405 3113 4476 est),
3146 4420 3264 4459 non
3291 4404 3606 4475 praesumat
3629 4399 3784 4455 dedi~

419 4497 753 4552 munionem
810 4501 1192 4565 congruenter
1244 4496 1511 4551 viaticum
1578 4497 2045 4568 nominaverunt;
2153 4501 2460 4568 cationem,
2493 4517 2620 4571 quae.
2656 4499 2740 4554 illi
2783 4499 3108 4554 omnimode
3151 4501 3472 4552 reservatur
3517 4495 3576 4549 in
3619 4493 3819 4564 cujus‘

420 4590 572 4663 quod
601 4589 649 4644 si
674 4587 1108 4661 supervixerint,
1137 4591 1287 4644 stent
1310 4589 1369 4643 in
1399 4589 1596 4644 ordine
1624 4590 2046 4662 poenitentium,
2151 4595 2441 4651 territorio
2495 4594 2729 4649 ecclesia
2775 4593 3039 4664 assurgit,
3069 4593 3353 4646 reservata
3377 4605 3512 4644 vero
3539 4587 3781 4643 aediﬁca-

420 4687 486 4739 ut
513 4683 750 4738 ostensis
781 4681 1108 4736 necessariis
1153 4682 1498 4753 poenitentiae
1542 4684 1815 4738 fructibus
1858 4683 2020 4756 legiti

2183 4689 2268 4744 ori
2288 4688 2554 4759 episcopo
2577 4688 2684 4742 hac
2706 4687 2906 4758 gratia,
2928 4690 2993 4741 ut
3013 4702 3155 4756 quos
3172 4684 3458 4740 desiderat
3474 4681 3704 4737 clericos
3723 4680 3784 4735 in

420 4794 577 4834 mam
607 4775 1070 4832 communionem
1087 4791 1218 4830 cum
1236 4775 1687 4830 reconciliatoria
1711 4793 1916 4831 manus
1941 4777 2052 4832 im-
2157 4799 2218 4836 re
2255 4798 2357 4836 sua
2385 4781 2603 4850 videre,
2638 4781 2788 4852 ipsos
2833 4779 3076 4849 ordinet,
3111 4779 3198 4832 his
3240 4775 3478 4832 civitatis
3520 4775 3578 4829 in
3625 4775 3785 4844 cujus

421 4871 704 4942 POSitione
727 4869 1051 4944 τθοίρίειιιιοι
2155 4875 2509 4929 territorium
2539 4879 2642 4944 est,
2676 4873 2764 4928 vel
2791 4873 2836 4927 si
2865 4871 3106 4927 ordinati
3133 4872 3254 4942 jam
3279 4872 3414 4924 sunt
3438 4867 3544 4940 ipsi
3573 4867 3787 4922 habere

493 4967 578 5020 IV.
605 4963 1005 5020 Paenitentiam
1033 4959 1498 5018 desiderantibus
1540 4961 1755 5016 clericis
1799 4980 1915 5019 non
1949 4981 2050 5019 ne-
2155 4968 2493 5040 acquiescat.
2527 4969 2594 5022 Et
2629 4968 2817 5022 omnis
2845 4966 3097 5022 ecclesiae
3136 4965 3310 5036 ipsius
3351 4961 3683 5035 gubernatio
3713 4959 3786 5015 ad

423 5059 696 5132 Sandam-
2157 5079 2291 5116 eum
2316 5062 2396 5134 (in
2424 5061 2583 5132 cujus
2609 5061 2849 5115 civitatis
2877 5059 3159 5114 territorio
3192 5057 3420 5114 ecclesia
3454 5053 3785 5125 surrexerit)

495 5156 556 5210 V.
588 5155 694 5210 Eos
719 5152 817 5226 qui
844 5151 912 5206 ad
942 5149 1235 5205 ecclesiam
1277 5150 1538 5223 fugerint
1567 5149 1711 5203 tradi
1737 5166 1852 5204 non
1882 5167 2049 5222 opor-
2155 5155 2496 5226 pertinebit;
2545 5155 2699 5226 quod
2746 5155 2792 5209 si
2839 5154 3009 5208 etiam
3051 5152 3406 5209 saecularium
3458 5149 3786 5221 quicunque

421 5254 562 5318 tere,
593 5249 690 5305 sed
715 5247 825 5302 loci
856 5242 1035 5299 sancti
1063 5246 1381 5302 reverentia
1426 5247 1484 5299 et
1527 5243 1931 5299 intercessione
1962 5246 2055 5301 de—
2157 5247 2518 5303 aediﬁcaverit
2556 5249 2850 5304 ecclesiam
2895 5253 2952 5303 et
2993 5249 3167 5302 alium
3205 5245 3387 5316 magis
3431 5259 3607 5315 quam
3652 5257 3786 5296 eum

419 5344 592 5400 fendi.
2155 5341 2215 5395 in
2243 5343 2402 5413 cujus
2442 5342 2728 5397 territorio
2779 5342 3021 5397 aediﬁcat
3069 5339 3422 5396 invitandum
3477 5334 3784 5409 putaverit,

495 5441 583 5494 VI.
613 5437 668 5494 Si
709 5433 838 5506 quis
875 5433 1065 5486 autem
1109 5431 1394 5503 mancipia
1441 5431 1771 5486 clericorum
1806 5449 1911 5504 pro
1937 5435 2054 5489 suis
2156 5438 2272 5490 tam
2309 5436 2428 5508 ipse
2453 5436 2541 5492 cui
2570 5439 2766 5491 contra
2811 5435 3272 5491 constitutionem
3322 5449 3386 5486 ac
3426 5429 3788 5501 disciplinam

423 5530 725 5603 mancipiis
747 5528 819 5583 ad
839 5525 1130 5581 ecclesiam
1156 5525 1615 5597 confugientibus
1635 5526 1944 5582 crediderit
1966 5545 2054 5582 oc-
2157 5530 2460 5600 gratiﬁcari
2501 5531 2640 5599 vult,
2675 5547 2846 5601 quam
2899 5547 3099 5585 omnes
3146 5525 3393 5600 episcopi
3433 5525 3528 5596 qui
3575 5524 3647 5578 ad
3674 5523 3785 5576 hu-

423 5625 708 5698 cupanda,
739 5638 843 5694 per
868 5635 1063 5674 omnes
1087 5619 1346 5674 ecclesias
1375 5619 1792 5675 districtissima
1819 5621 2053 5678 damna—
2147 5623 2400 5693 jusmodi
2431 5623 2849 5680 dedicationem
2893 5624 3204 5679 invitantur
3235 5639 3268 5676 a
3298 5621 3579 5675 conventu
3613 5615 3783 5670 absti-

421 5721 576 5775 tione
604 5718 863 5772 feriatur.
2154 5715 2402 5786 nebunt;
2434 5717 2480 5770 si
2507 5718 2631 5788 quis
2680 5718 3004 5788 excesserit,
3035 5718 3094 5772 in
3137 5722 3358 5771 reatum
3398 5709 3782 5775 devocabitur,

495 5811 603 5865 VII.
632 5813 693 5862 In
739 5807 975 5862 ecclesia
999 5805 1375 5860 manumissos
1419 5809 1476 5859 et
1504 5822 1608 5874 per
1645 5809 2051 5862 testamentum
2155 5808 2201 5862 si
2228 5808 2355 5880 quis
2381 5812 2700 5881 excesserit,
2729 5811 2992 5867 ordinem
3021 5814 3386 5882 recognoscat
3421 5804 3782 5862 canonicum.

424 5902 684 5957 Ecclesiae
727 5898 1169 5963 commendatos,
1210 5898 1254 5950 si
1303 5897 1428 5966 quis
1474 5895 1534 5948 in
1583 5899 1933 5968 servitutem,
1965 5901 2051 5953 vel
2226 5903 2308 5956 XI.
2338 5903 2554 5957 Placuit
2586 5904 2643 5958 in
2669 5909 2894 5960 reatum
2923 5905 3116 5960 venire
3161 5904 3517 5976 episcopum,
3551 5897 3649 5971 qui
3680 5895 3778 5951 ad-
