4054 6294
311 342 414 394 393

1543 342 2015 398 DECRETALIUM
2053 344 2442 400 COLLECTIO.

3577 355 3679 410 391

312 444 563 499 monitus
582 444 1169 500 excommunicatione
1193 445 1465 519 cujusque
1485 446 1603 503 sine
1623 449 1946 505 rcconcilia-
1965 459 2024 535 Α
2044 466 2170 521 quas
2189 451 2312 521 jam
2336 454 2490 521 sunt,
2517 452 2904 513 benedictioui
2933 471 3059 527 quae
3087 458 3296 528 populo
3324 457 3679 534 impenditur

308 538 464 592 tione
487 538 611 607 ejus
635 538 733 608 qui
756 555 887 592 eum
908 539 1412 594 excommunicavit
1438 541 1490 594 ei
1517 544 1943 600 communicare
2044 544 2230 624 capita
2258 546 2618 601 submittant.

308 632 759 702 praesumpserit,
786 635 852 685 ut
876 632 1098 703 integra
1128 633 1324 687 omnia
1352 634 1423 703 (si
1443 635 1825 690 reconciliatio
1852 637 1941 691 in-

311 724 652 795 tercesserit)
682 725 751 780 de
781 725 1059 797 injustitia
1084 728 1172 780 vel
1205 726 1499 797 iniquitate
1547 730 1939 785 excommuni-

308 818 548 873 cationis
575 818 852 889 proximae
880 820 1097 890 synodo
1122 826 1501 877 reserventur.

377 912 485 967 XII.
514 910 716 966 Subito
745 912 1140 967 obmutescens
1183 918 1350 984 prout
1396 919 1673 971 statutum
1712 921 1798 972 est
1834 918 1937 972 ba-

305 1004 523 1076 ptizari,
553 1007 650 1059 aut
679 1004 1075 1076 pcenitentiam
1103 1007 1357 1078 accipere
1403 1012 1609 1079 potest,
1650 1010 1697 1063 si
1731 1010 1936 1065 volun-

302 1098 435 1154 tatis
463 1098 765 1168 prasteritae
793 1098 1187 1155 testimonium
1230 1100 1472 1155 aliorum
1516 1101 1702 1157 verbis
1744 1104 1934 1174 habet,

307 1195 409 1246 aut
432 1191 731 1262 praesentis
755 1192 815 1245 in
836 1208 937 1245 suo
970 1196 1133 1247 nutu.

377 1285 509 1341 XIII.
538 1285 873 1342 Amentibus
914 1302 1268 1359 quascunque
1311 1291 1441 1342 sunt
1479 1288 1705 1359 pietatis
1739 1290 1930 1345 confe-

301 1378 498 1433 renda.

372 1473 501 1527 XIV.
528 1472 937 1544 Energumenis
966 1473 1260 1545 baptizatis
1287 1474 1334 1527 si
1363 1475 1431 1530 de
1466 1476 1801 1548 purgatione
1830 1495 1931 1533 sua

300 1570 516 1635 curent,
541 1569 599 1620 et
622 1582 679 1620 se
709 1566 1076 1622 sollicitudini
1106 1568 1440 1624 clericorum
1465 1570 1713 1638 tradant,
1741 1571 1930 1627 moni-

300 1659 487 1731 tisque
544 1660 964 1732 obtemperent,
1008 1662 1335 1717 omnimode
1376 1664 1804 1720 communicent
1841 1682 1927 1719 sa-

298 1754 578 1809 cramenti
593 1752 771 1825 ipsius
792 1754 999 1810 virtute
1019 1755 1109 1810 vel
1126 1756 1426 1810 muniendi
1457 1757 1526 1810 ab
1553 1757 1786 1812 incursu
1811 1758 1925 1812 das-

2114 638 2309 695 XXVII.
2351 639 2421 692 Ut
2449 640 2738 695 viduitatis
2774 642 3065 697 servandas
3095 645 3447 714 professione
3478 663 3675 705 coram

2043 730 2303 801 episcopo
2335 732 2395 786 in
2424 735 2730 789 secretario
2759 735 2953 791 habita
2985 737 3315 809 impositam
3359 757 3394 794 a
3436 741 3673 814 presby-

2040 827 2164 878 tero
2190 827 2406 880 vestem
2437 827 2722 885 vidualem
2746 846 2864 885 non
2885 846 3003 885 esse
3022 830 3366 891 violandam.
3388 834 3520 904 Ejus
3538 852 3673 891 vero
3706 890 3707 893 η

2041 916 2483 987 repudiatorem,
2513 920 2601 975 vel
2632 921 2814 992 ipsam
2839 923 2968 978 talis
2994 925 3363 995 professionis
3400 928 3667 986 desertri-

2039 1026 2165 1064 cem
2195 1012 2405 1067 merito
2436 1029 2556 1068 esse
2585 1015 2986 1072 damnandam.

2109 1106 2325 1161 XXVIII.
2376 1107 2443 1160 Hi
2493 1123 2631 1163 vero
2690 1110 2788 1179 qui
2840 1113 2973 1165 sunt
3027 1112 3343 1168 desertores
3394 1114 3665 1185 professa:

2036 1197 2309 1255 castitatis
2334 1200 2791 1270 prtevaricatores
2840 1203 3106 1272 habendi,
3153 1209 3210 1260 et
3257 1206 3521 1264 omnibus
3562 1225 3665 1281 per

2035 1291 2431 1363 paenitentiam
2458 1293 2781 1364 legitimam
2800 1298 3235 1355 consulendum.

2104 1386 2275 1440 XXIX.
2306 1388 2431 1441 Haec
2456 1404 2587 1459 quas
2631 1389 3067 1461 subscripsimus
3114 1408 3243 1447 cum
3282 1408 3484 1450 eorum
3515 1411 3660 1468 quo-

2033 1494 2147 1550 que
2177 1478 2485 1536 concordia
2506 1481 2604 1552 qui
2629 1498 2932 1537 consensus
2953 1483 3233 1539 dederunt
3250 1488 3375 1543 rata
3395 1487 3662 1561 deinceps

2030 1570 2184 1625 inter
2224 1588 2327 1625 nos
2370 1589 2436 1627 ac
2483 1579 2704 1629 nostros
2749 1575 2949 1630 haberi
2999 1577 3279 1647 volumus,
3312 1581 3367 1633 et
3399 1579 3662 1639 habenda

2030 1665 2333 1733 sancimus,
2382 1682 2501 1721 non
2544 1670 2953 1738 praetereuntes
3001 1685 3097 1723 eos
3147 1670 3247 1741 qui
3303 1672 3515 1742 synodo
3564 1678 3662 1732 aut

2028 1773 2131 1828 per
2160 1774 2236 1825 se,
2270 1764 2368 1813 aut
2396 1777 2501 1830 per
2528 1777 2839 1816 consensus
2882 1778 3030 1830 suos,
3063 1763 3154 1818 vel
3198 1764 3268 1819 ad
3313 1765 3492 1822 vicem
3525 1763 3658 1822 sub-

296 1862 540 1901 monum
566 1863 677 1919 quo
702 1846 1061 1918 infestantur,
1090 1850 1177 1903 vel
1206 1850 1512 1921 purgandi,
1536 1867 1783 1922 quorum
1805 1852 1925 1923 jam
1948 1829 2004 1902 B
2027 1851 2247 1921 legatos
2313 1829 2651 1908 destinando
2722 1855 2920 1909 adesse
2979 1829 3329 1926 detractant,
3400 1863 3465 1914 ut
3522 1860 3659 1931 quid

296 1940 611 1996 ostenditur
638 1941 752 1997 vita
777 1942 1090 2014 purgatior.

367 2035 470 2089 XV.
504 2037 567 2089 In
598 2038 880 2106 quantum
924 2037 1009 2092 vel
1049 2037 1359 2093 necessitas
1396 2038 1666 2109 exegerit,
1700 2039 1792 2093 vel
1819 2056 1921 2111 op-

1996 1944 2130 2027 .sibi
2160 1944 2228 1999 de
2256 1944 2365 2000 illis
2392 1948 2607 2016 placeat
2654 1948 2751 2019 qui
2792 1950 3027 2005 Patrum
3068 1951 3280 2007 statuta
3315 1951 3654 2023 despiciunt,

2024 2036 2360 2106 innotescat,
2417 2056 2530 2093 non
2586 2040 2736 2111 quod
2785 2041 2950 2096 nobis
3006 2046 3329 2113 temporum
3382 2045 3654 2116 qualitate

292 2128 614 2199 portunitas
640 2130 995 2200 praemiserit,
1021 2132 1092 2186 de
1120 2131 1460 2202 baptismate
1482 2133 1982 2209 consulendum/
2024 2129 2253 2185 difﬁcile
2299 2132 2370 2185 sit
2412 2133 2483 2186 ad
2531 2138 2787 2189 sanctam
2834 2134 3118 2204 synodum
3147 2137 3473 2206 convenire,
3514 2139 3656 2209 adji-

364 2222 493 2276 XVI.
522 2224 908 2293 Energumeni
937 2241 1053 2279 non
1078 2224 1262 2278 solum
1290 2241 1407 2280 non
1439 2225 1766 2280 assumendi
1794 2240 1897 2280 sun

289 2315 365 2370 ad
393 2315 573 2373 ullum
597 2317 858 2373 ordinem
886 2318 1201 2386 clericatus,
1253 2318 1347 2373 sed
1398 2322 1453 2374 et
1496 2318 1576 2375 illi
1622 2320 1723 2391 qui
1763 2320 1919 2375 ordi-

292 2410 412 2465 nati
439 2415 573 2466 sunt
603 2412 673 2467 ab
704 2411 973 2485 imposito
1002 2412 1188 2467 ofﬁcio
1217 2417 1351 2467 sunt
1379 2412 1707 2483 repellendi.

361 2504 513 2559 XVII.
541 2505 953 2561 Admistionem
983 2505 1347 2563 Eucharistiae
1383 2506 1551 2562 simul
1583 2522 1917 2562 consecran-

289 2596 425 2652 dam
455 2598 801 2654 censuimus.

367 2694 540 2749 XVIII.
570 2694 790 2750 Placuit
817 2693 1241 2750 catechumenis
1264 2710 1381 2749 non
1406 2693 1522 2765 legi
1552 2694 1916 2766 Evangelium

284 2793 348 2847 in
377 2790 643 2847 Ecclesia.

354 2886 485 2940 XIX.
516 2882 923 2939 Catechumeni
945 2897 1359 2953 nonnunquam
1390 2880 1732 2939 admittendi
1764 2887 1914 2951 sunt,

282 2979 459 3033 etiam
488 2978 639 3032 inter
668 2975 1001 3031 domesticas
1033 2975 1340 3030 orationes.

355 3074 460 3127 XX.
488 3070 837 3142 Segregandi
863 3069 1319 3140 informandique
1341 3072 1473 3123 sunt
1498 3069 1912 3138 catechumeni,

279 3169 347 3221 ut
376 3166 424 3220 si
452 3168 718 3219 revocent
750 3168 806 3219 et
836 3162 1140 3234 signandos
1168 3164 1251 3216 vel
1277 3162 1697 3220 benedicendos
1726 3179 1912 3219 semo-

280 3260 384 3314 tim
411 3258 657 3313 offerant
684 3273 777 3312 eos
807 3256 1021 3312 ﬁdeles.

348 3354 481 3409 XXI.
511 3353 631 3407 Duo
656 3351 703 3406 si
725 3351 1199 3422 prmsumpserint
1217 3350 1481 3406 ordinare
1503 3351 1833 3423 episcopum
1852 3352 1911 3407 in

276 3447 476 3502 vestris
495 3444 820 3518 provinciis,
848 3444 1063 3515 placuit
1081 3445 1150 3500 de
1170 3444 1701 3516 praesumptoribus,
1726 3448 1788 3500 ut
1802 3445 1908 3500 sic-

275 3541 375 3596 ubi
413 3538 719 3611 contigerit
765 3538 905 3593 duos
951 3537 1246 3609 episcopos
1294 3537 1536 3593 invitum
1583 3537 1911 3611 episcopum

275 3636 464 3690 facere
492 3632 816 3689 auctoribus
857 3632 1157 3700 damnatis,
1201 3632 1370 3687 unius
1413 3630 1674 3687 Ecclesia:
1712 3649 1910 3688 eorum

274 3728 396 3801 ipse
427 3726 526 3798 qui
555 3742 752 3797 passus
785 3728 889 3792 est,
924 3726 1318 3793 substituatur,
1362 3724 1408 3779 si
1443 3727 1639 3780 tamen
1672 3725 1785 3780 vita
1812 3743 1907 3782 re-

272 3821 535 3893 spondet,
574 3825 630 3876 et
660 3821 803 3876 alter
833 3819 893 3875 in
922 3818 1154 3874 alterius
1199 3819 1406 3890 dejecti
1454 3819 1578 3874 loco
1613 3818 1906 3875 nihilomi-

272 3932 381 3971 nus
411 3914 737 3983 ordinatur;
775 3914 821 3969 si
848 3912 1234 3969 voluntarium
1273 3913 1387 3968 duo
1417 3912 1673 3982 fecerint,
1702 3918 1758 3969 et
1787 3914 1907 3985 ipse

271 4008 660 4077 damnabitur,
687 4024 803 4080 quo
840 4006 1057 4063 cautius
1084 4023 1148 4061 ea
1175 4023 1304 4078 quas
1331 4010 1464 4062 sunt
1487 4006 1800 4079 antiquitus
1825 4008 1908 4063 in-

272 4102 469 4158 stituta
507 4104 818 4157 serventur.

343 4196 496 4253 XXII.
528 4195 678 4252 Sedit
705 4197 981 4268 prmterea
1025 4197 1089 4249 ut
1130 4194 1396 4266 deinceps
1428 4211 1545 4251 non
1569 4195 1906 4251 ordinentur

268 4289 538 4345 diacones
568 4289 880 4361 conjugati,
905 4288 1011 4345 nisi
1044 4289 1141 4361 qui
1170 4289 1327 4360 prius
1357 4288 1740 4345 conversionis
1769 4306 1899 4361 pro-

267 4384 454 4455 posito
479 4384 718 4439 confessi
746 4383 960 4439 fuerint
989 4383 1329 4438 castitatem.

338 4478 515 4533 XXIII.
548 4477 607 4533 Si
651 4477 776 4549 quis
820 4480 1014 4533 autem
1056 4479 1185 4548 post
1231 4480 1522 4547 acceptam
1550 4476 1902 4535 benedictio-

2023 2222 2235 2279 cientes
2285 2226 2436 2296 quod
2500 2224 2545 2281 si
2606 2226 2882 2284 similibus
2937 2227 3205 2299 deinceps
3259 2231 3496 2301 paganis
3546 2248 3651 2304 pro

2021 2318 2350 2374 salubritate
2407 2319 2779 2378 ecclesiastica
2840 2338 2905 2377 ac
2967 2322 3234 2378 remediis
3299 2341 3651 2397 congregare

2022 2415 2331 2465 conventus
2394 2413 2763 2481 voluerimus,
2834 2415 3266 2485 constituamus,
3330 2420 3397 2471 ut
3466 2420 3651 2476 nullus

2020 2509 2333 2561 conventus
2381 2506 2503 2560 sine
2554 2507 2787 2562 alterius
2849 2513 3160 2564 conventus
3223 2510 3647 2568 denuntiatione

2020 2598 2283 2652 solvatur.
2322 2600 2514 2671 Itaque
2556 2600 2816 2671 sequenti
2857 2617 3006 2656 anno
3036 2601 3083 2656 si
3108 2602 3351 2659 Domino
3385 2606 3497 2661 Deo
3540 2622 3644 2661 no-

2017 2694 2135 2747 stro
2188 2693 2318 2747 Jesu
2343 2693 2562 2749 Christo
2597 2693 2961 2763 permittente
3005 2696 3356 2765 conceditur,
3409 2697 3499 2754 die
3548 2699 3645 2755 de-

2016 2785 2162 2841 cimo
2198 2786 2397 2857 quinto
2438 2787 2717 2843 Kalendas
2755 2787 3085 2843 Novembris
3114 2788 3174 2843 in
3219 2791 3487 2847 Aurasico
3527 2798 3644 2848 ter-

2017 2878 2212 2934 ritorio
2255 2886 2600 2936 conventum
2631 2881 2969 2951 habeamus,
3010 2882 3111 2953 qui
3138 2882 3269 2938 ideo
3304 2888 3463 2940 tanto
3490 2886 3647 2957 prius

2017 2975 2149 3029 ante
2199 2974 2567 3030 denuntiatur
2590 3017 2603 3044 ,
2668 2977 2731 3029 ut
2796 2978 2915 3030 tam
2980 2976 3353 3034 excusationis
3416 2978 3645 3036 libertas

2017 3082 2191 3138 quam
2232 3068 2584 3124 invitationis
2627 3068 2933 3124 necessitas
2970 3086 3088 3126 non
3122 3070 3213 3126 sit.
3253 3072 3333 3126 De
3364 3071 3457 3127 die
3491 3074 3643 3130 enim

2015 3177 2081 3215 ac
2150 3162 2270 3215 loco
2333 3178 2437 3234 per
2490 3162 2638 3232 ipsos
2700 3178 2800 3217 nos
2845 3164 3357 3233 commonebimur,
3432 3166 3644 3238 singuli

2013 3259 2179 3314 nobis
2207 3276 2339 3314 cum
2366 3259 2792 3332 exemplaribus
2847 3264 2903 3316 et
2946 3278 3011 3317 ea
3056 3278 3185 3334 quae
3229 3279 3334 3334 per
3371 3280 3475 3319 nos
3510 3271 3645 3321 sunt

2013 3353 2319 3408 constituta
2362 3353 2673 3409 referentes
2713 3354 2932 3425 aliquos
2982 3354 3077 3426 qui
3125 3355 3451 3427 defuerunt,
3506 3358 3637 3414 bea-

2013 3447 2211 3501 tissimi
2271 3447 2473 3502 fratres
2525 3447 2725 3515 nostri,
2796 3447 2986 3503 Hilarii
3038 3448 3398 3504 sollicitudini
3461 3451 3635 3507 relin-

2010 3556 2272 3611 quamus,
2303 3540 2445 3595 datis
2489 3540 2562 3595 ad
2612 3540 2765 3611 ipsos
2810 3541 3228 3612 exemplaribus
3258 3559 3633 3600 commonen-

2010 3634 2133 3688 dos.
2163 3633 2217 3688 Si
2243 3637 2369 3705 post
2395 3633 2593 3689 omnia
2618 3634 2925 3689 occurrerit
2947 3634 3300 3690 imbecillitas
3318 3634 3637 3708 fragilitatis

2007 3727 2292 3795 humanas,
2338 3732 2400 3782 ut
2447 3727 2494 3781 si
2553 3727 2680 3799 quis
2734 3727 3034 3799 episcopus
3084 3744 3189 3799 per
3239 3728 3632 3788 inﬁrmitatem

2010 3820 2431 3876 debilitatemve
2450 3821 2703 3892 aliquam
2730 3825 2828 3877 aut
2854 3821 3264 3878 hebetudinem
3284 3839 3480 3879 sensus
3500 3824 3636 3881 inci-

2007 3915 2172 3983 derit,
2188 3921 2286 3970 aut
2302 3914 2553 3970 ofﬁcium
2574 3915 2688 3970 oris
2706 3914 2982 3984 amiserit,
3011 3932 3078 3971 ea
3104 3933 3231 3988 quae
3258 3932 3377 3972 non
3398 3918 3507 3974 nisi
3532 3933 3634 3991 per

2006 4008 2301 4080 episcopos
2332 4012 2627 4081 geruntur,
2655 4025 2774 4064 non
2800 4009 2903 4065 sub
2942 4010 3247 4080 prasentia
3270 4027 3371 4066 sua
3392 4011 3630 4083 presby-

2004 4106 2157 4158 teros
2182 4119 2351 4175 agere
2380 4103 2697 4173 permittat,
2743 4103 2842 4158 sed
2890 4103 3218 4175 episcopum
3251 4104 3311 4159 in
3340 4104 3449 4160 hoc
3479 4106 3635 4177 quod

2003 4196 2063 4250 in
2089 4197 2321 4252 ecclesia
2347 4197 2635 4268 agendum
2679 4196 2872 4265 fuerit,
2916 4197 3194 4268 imponat.
3232 4199 3350 4269 Ego
3394 4199 3633 4255 Hilarius

2004 4289 2302 4361 episcopus
2347 4289 2667 4360 subscripsi.
2714 4292 2831 4360 Ego
2873 4290 3136 4345 Claudius
3176 4291 3471 4363 episcopus
3497 4292 3630 4347 sub-

2003 4382 2219 4454 scripsi.
2253 4385 2371 4454 Ego
2399 4382 2799 4439 Constantinus
2830 4383 3128 4455 episcopus
3158 4384 3483 4456 subscripsi.
3513 4386 3631 4457 Ego

1999 4476 2318 4531 Audentius
2344 4476 2642 4547 episcopus
2672 4476 2996 4548 subscripsi.
3026 4478 3144 4548 Ego
3188 4478 3473 4547 Egrestius
3504 4478 3628 4549 epi-

262 4588 403 4628 nem
429 4570 717 4626 leviticam
745 4588 877 4626 cum
923 4587 1097 4627 uxore
1147 4587 1248 4624 sua
1290 4569 1649 4626 incontinens
1678 4571 1895 4627 inveni-
1918 4573 1977 4645 D
2002 4587 2206 4642 scopus
2236 4570 2557 4641 subscripsi.
2581 4572 2699 4641 Ego
2742 4570 2999 4625 Julianus
3031 4570 3329 4642 episcopus
3380 4570 3626 4627 subscri-

264 4669 380 4734 tur,
413 4664 484 4719 ab
511 4664 697 4720 ofﬁcio
722 4665 1035 4735 abjiciatur.

338 4759 515 4815 XXIV.
547 4760 624 4813 De
655 4758 742 4812 his
770 4761 964 4813 autem
991 4758 1089 4830 qui
1115 4758 1448 4830 priusquam
1488 4757 1737 4813 ordinati
1782 4759 1902 4814 fue-

264 4854 383 4908 rint
411 4852 471 4906 in
500 4853 606 4907 hoc
635 4851 824 4923 ipsum
852 4852 1176 4920 inciderint,
1218 4850 1535 4906 Taurinatis
1581 4852 1783 4923 synodi
1820 4868 1901 4908 se-

264 4946 557 5018 quendam
577 4961 698 5001 esse
720 4945 1059 5001 sententiam
1094 4963 1205 5017 qua
1216 4946 1494 5017 jubentur
1519 4960 1635 4999 non
1663 4945 1898 5001 ulterius

266 5039 615 5111 promoveri.

333 5136 482 5190 XXV.
515 5134 594 5189 De
618 5133 843 5189 idoneis
868 5137 1061 5189 autem
1093 5133 1454 5205 probatisque
1500 5133 1654 5201 viris,
1697 5136 1754 5187 et
1781 5133 1895 5188 cle-

262 5228 465 5283 ricatui
504 5226 748 5299 alligatis
789 5228 913 5299 ipsa
943 5226 1071 5282 vitae
1104 5227 1287 5298 gratia
1327 5228 1405 5282 ita
1452 5228 1619 5299 gerit,
1665 5227 1710 5281 si
1750 5228 1897 5283 forte

260 5322 573 5377 inciderint
612 5321 675 5376 in
723 5321 1009 5392 duplicata
1050 5321 1436 5389 matrimonia,
1478 5326 1540 5377 ut
1583 5338 1700 5377 non
1750 5322 1897 5376 ultra

260 5416 739 5471 subdiaconatum
766 5416 853 5470 vel
880 5414 1284 5471 ecclesiasticas
1310 5415 1537 5487 capiant
1567 5414 1892 5487 dignitates.

331 5510 510 5565 XXVI.
538 5509 873 5565 Diaconissaa
918 5508 1253 5564 omnimode
1293 5526 1412 5564 non
1456 5508 1812 5576 ordinandas,
1850 5507 1897 5563 si

1999 4664 2107 4735 psi.
2139 4666 2259 4735 Ego
2286 4663 2573 4735 Auspitius
2602 4663 2899 4735 episcopus
2928 4663 3251 4734 subscripsi.
3299 4664 3416 4734 Ego
3466 4664 3629 4721 Maxi-

1999 4774 2127 4813 mus
2157 4757 2451 4829 episcopus
2482 4756 2805 4828 subscripsi.
2856 4757 2974 4827 Ego
3012 4756 3365 4811 Theuderius
3406 4757 3623 4828 episco-

1997 4869 2103 4923 pus
2146 4850 2469 4922 subscripsi.
2519 4853 2636 4922 Ego
2681 4849 2988 4905 Eucherius
3028 4848 3322 4921 episcopus
3377 4851 3623 4907 subscri-

1998 4945 2103 5017 psi.
2137 4946 2478 5002 Sanctorum
2502 4945 2865 5001 sacerdotum
2890 4943 3448 5015 comprovincialium
3468 4962 3622 5001 meo-

1997 5055 2129 5093 rum
2188 5039 2285 5111 qui
2347 5039 2605 5110 superius
2670 5040 2801 5092 sunt
2864 5037 3172 5092 memorati
3229 5041 3624 5110 exspectantes

1994 5149 2287 5189 assensum
2354 5132 2642 5187 Nectarius
2709 5130 3032 5203 subscripsi.
3084 5132 3274 5186 Justus
3328 5133 3625 5205 episcopus

1994 5226 2315 5297 subscripsi.
2362 5224 2689 5297 Augustalis
2733 5225 3034 5296 episcopus
3082 5224 3404 5298 subscripsi.
3454 5229 3620 5299 lnge-

1995 5320 2123 5375 nius
2165 5321 2458 5391 episcopus
2488 5318 2813 5391 subscripsi.
2865 5318 3124 5374 Salonius
3161 5319 3459 5392 episcopus
3487 5322 3619 5376 sub-

1994 5414 2210 5485 scripsi.
2261 5415 2376 5484 Ego
2415 5415 2793 5485 superventor
2825 5430 2928 5485 pro
2975 5416 3139 5486 patre
3184 5431 3314 5470 meo
3356 5414 3619 5487 episcopo

1992 5507 2225 5563 Claudio
2255 5506 2557 5578 subscripsi
2587 5509 2644 5562 et
2668 5506 2992 5579 recognovi.

1106 5681 1505 5747 INCIPIUNT
1552 5681 1947 5748 CAPITULA
1991 5680 2322 5747 CONCILII
2365 5679 2773 5745 VALENSIS.

335 5795 385 5847 1.
414 5793 486 5848 Ut
514 5791 784 5848 Gallicani
809 5790 1059 5865 episcopi
1104 5791 1164 5848 in
1218 5790 1408 5847 Galliis
1437 5808 1552 5849 non
1584 5791 1892 5848 discutian-

265 5887 373 5940 tur.

2067 5795 2119 5845 2.
2149 5791 2227 5844 De
2258 5790 2668 5861 paenitentibus
2699 5789 2885 5846 subito
2920 5788 3159 5846 mortuis
3196 5791 3261 5844 ut
3302 5786 3619 5847 oblationes

1996 5900 2196 5942 eorum
2224 5884 2589 5958 recipiantur.
