4054 6316
414 354 516 405 39:3

1293 349 1572 401 AI’I’ENI).
1613 349 1700 401 AD
1738 347 1896 399 Srliti.
1942 346 2024 398 IX.
2059 373 2126 384 —-
2165 344 2416 399 ISIDORI
2453 345 2879 400 MEHCATUBIS

3665 349 3768 400 39G

485 461 538 511 3.
571 458 640 512 Ut
685 456 919 510 alterius
956 455 1203 527 episcopi
1250 454 1500 508 chrisma
1542 454 1731 508 nullus
1783 452 2036 523 accipiat,
2062 464 2121 536 Α
2213 458 2263 508 7.
2294 455 2363 508 L't
2393 457 2748 507 accusatores
2789 451 2858 505 de
2905 449 3120 506 levibus
3161 451 3345 505 causis
3384 467 3500 506 non
3531 451 3770 508 audian~

416 550 515 605 sed
547 550 943 604 tantummodo
969 548 1203 620 preprii.

491 645 540 698 4.
572 645 640 698 Ut
657 643 756 714 qui
776 642 1087 698 oblationes
1107 641 1507 695 defunctorum
1529 639 1798 706 retinent,
1823 655 2043 694 excom-

418 737 798 792 municentur.

491 835 541 885 5.
575 832 642 886 Ut
672 829 772 900 qui
817 828 1109 884 sententiae
1157 826 1407 899 episcopi
1447 827 1534 882 sui
1577 843 1692 881 non
1735 825 2045 898 acquiescit

417 927 672 979 recurrat
698 923 770 977 ad
795 923 1092 994 synodum.

489 1021 541 1071 6.
571 1019 639 1072 Ut
673 1016 1197 1072 excommunicatus
1249 1015 1511 1074 humiliet
1563 1014 1934 1089 semetipsum
1983 1018 2045 1070 ut

417 1111 652 1166 festinus
676 1110 1088 1171 reconcilietur.

2142 549 2256 616 tur,
2286 546 2412 618 94
2443 547 2513 601 de
2541 546 2872 600 criminibus
2897 561 3029 600 vero
3059 544 3453 600 discutiantur.

2214 643 2266 695 8.
2295 642 2366 695 Ut
2395 639 2693 711 episcopus
2723 639 2977 694 alienum
3018 637 3286 694 clericum
3311 639 3619 710 redarguat
3645 656 3772 711 pec-

2143 737 2386 789 cantem.

2216 831 2268 882 9.
2298 829 2368 882 Ut
2393 826 2493 900 qui
2517 826 2833 898 expositum
2880 826 3179 898 invenerit,
3225 827 3520 884 ecclesiam
3551 830 3775 883 contes~

2144 923 2320 976 tetur.

2218 1017 2302 1069 IO.
2347 1016 2414 1070 Ut
2451 1014 2548 1086 qui
2577 1019 2781 1086 praeter
2806 1015 3180 1072 constitutum
3206 1015 3474 1088 exposcit,
3508 1019 3571 1070 ut
3594 1014 3774 1071 homi-

2143 1107 2272 1163 cida
2297 1108 2597 1165 habeatur.

1882 1259 2258 1275 Μ

1223 1419 1638 1514 INCIPIT
1723 1418 2340 1515 CONCILIUM
2406 1418 2961 1513 VALENSE.

1862 1600 2031 1664 xEra
2061 1616 2338 1663 anxxx.

493 1774 938 1830 Constitutiones
965 1773 1166 1844 synodi
1203 1775 1449 1828 tractatu
1494 1772 1699 1827 habitae
1730 1771 1790 1826 in
1821 1771 2122 1856 civitateB
2215 1773 2278 1826 V.
2312 1771 2370 1828 Si
2395 1771 2521 1844 quis
2547 1771 2796 1844 episcopi
2833 1770 3128 1827 sententiae
3170 1785 3287 1826 non
3326 1767 3647 1846 acquiescit,
3679 1783 3772 1827 rev

417 1869 638 1923 Valensi
688 1867 840 1938 apud
882 1867 1212 1939 episcopum
1255 1866 1520 1922 Urbicum
1547 1865 1807 1921 Ecclesia:
1851 1867 2043 1920 catho-

418 1962 562 2029 licae,
592 1961 942 2032 temporibus
969 1959 1264 2016 Theodosii
1285 1960 1533 2032 junioris
1567 1965 1622 2016 et
1645 1959 1892 2016 Dioscori
1920 1976 2052 2030 con-p

418 2055 554 2110 sulis
583 2055 686 2109 sub
720 2055 810 2109 die
840 2055 1045 2110 Iduum
1071 2055 1338 2110 Novemb.

488 2150 618 2204 CAP.
652 2150 692 2203 I.
724 2148 940 2203 Placuit
971 2148 1261 2219 episcopos
1304 2148 1374 2202 de
1423 2147 1716 2202 Gallicanis
1744 2147 2048 2218 provinciis

419 2243 709 2298 venientes
749 2242 900 2297 intra
927 2239 1128 2296 Gallias
1154 2255 1267 2296 non
1295 2240 1702 2309 discutiendos,
1733 2241 1833 2294 sed
1868 2241 2048 2296 solum

419 2337 680 2391 sufﬁcere
727 2336 771 2390 si
812 2334 1000 2390 nullus
1031 2335 1500 2390 communionem
1545 2335 1625 2389 eis
1668 2334 2044 2402 interdixerit,

418 2429 551 2503 quia
592 2430 742 2484 inter
782 2429 1321 2483 circumhabitantes
1365 2444 1429 2482 ac
1477 2427 1583 2481 sibi
1616 2443 1761 2499 pene
1804 2427 2047 2482 invicem

418 2527 584 2578 notos
609 2540 725 2578 non
755 2528 876 2578 tam
899 2522 1226 2578 testimonio
1250 2521 1514 2592 indigent
1549 2521 1731 2592 probi,
1755 2537 1926 2593 quam
1953 2521 2049 2576 de-

415 2617 705 2674 notatione
733 2620 790 2671 et
808 2616 1336 2671 denuntiationibus
1358 2615 1668 2687 depravati.

488 2713 552 2766 ll.
589 2713 800 2765 Horum
829 2711 924 2782 qui
968 2710 1301 2782 poenitentia
1348 2713 1579 2780 accepta
1622 2710 1682 2762 in
1725 2709 1878 2764 bono
1920 2709 2047 2764 vitae

420 2822 586 2859 cursu
611 2804 982 2858 satisfactoria
1013 2792 1454 2874 compunction‘e
1474 2803 1746 2871 viventes,
1769 2803 1887 2858 sine
1904 2819 2050 2857 com-

421 2898 696 2953 munione
735 2897 1031 2968 inopinato
1080 2913 1495 2968 nonnunquam
1541 2896 1787 2950 transitu
1815 2897 1870 2950 in
1899 2897 2049 2968 agris

420 2995 520 3046 aut
547 2992 608 3045 in
633 2991 927 3045 itineribus
952 2990 1384 3061 praeveniuntur
1399 2989 1744 3044 oblationem
1775 2990 2051 3060 recipien-

422 3086 575 3155 dam,
599 3089 656 3139 et
686 3101 886 3139 eorum
910 3085 1114 3138 funera
1132 3100 1196 3138 ac
1216 3083 1479 3154 deinceps
1506 3083 1842 3138 memoriam
1867 3084 2046 3138 eccle-

2147 1869 2336 1922 currat
2359 1866 2432 1921 ad
2463 1867 2766 1938 synodum.

2217 1963 2302 2016 VI.
2335 1963 2410 2015 Ex
2442 1961 2680 2031 epistola
2706 1961 2884 2016 sancti
2925 1961 3232 2016 Clementis
3274 1961 3435 2016 utilia
3473 1977 3600 2032 qua
3626 1977 3772 2032 prae-

2148 2055 2292 2109 senti
2336 2059 2592 2126 tempore
2637 2055 2886 2110 ecclesiis
2923 2056 3246 2110 necessaria
3291 2059 3423 2109 sunt
3465 2055 3776 2109 honoriﬁce

2148 2149 2510 2220 proferenda,
2543 2155 2598 2204 et
2627 2166 2758 2204 cum
2786 2149 3105 2204 reverentia
3127 2149 3197 2204 ab
3219 2150 3482 2203 omnibus
3515 2148 3778 2204 ﬁdelibus

2149 2259 2212 2297 ac
2236 2244 2523 2314 praecipue
2548 2243 2760 2298 clericis
2780 2242 3124 2314 recipienda,
3156 2259 3222 2298 ex
3245 2243 3450 2315 quibus
3469 2243 3618 2314 quod
3655 2259 3779 2314 spe-

2148 2338 2365 2392 cialiter
2407 2338 2618 2408 placuit
2659 2340 2891 2408 prOpter
2943 2337 3334 2391 venerandam
3378 2337 3778 2408 antiquitatem

2148 2433 2368 2486 statutis
2404 2431 2781 2503 praesentibus
2828 2430 3177 2498 roboramus,
3225 2431 3378 2502 quod
3422 2430 3778 2502 supradictus

2146 2526 2346 2580 beatus
2365 2531 2584 2597 martyr
2601 2525 2997 2598 delbeatissimi
3027 2525 3174 2579 Petri
3202 2525 3601 2580 constitutione
3629 2542 3779 2579 com—

2147 2623 2430 2674 memorat
2463 2599 2694 2714 dicens‘
2733 2619 3004 2683 Quaedam
3049 2623 3240 2673 autem
3292 2620 3460 2674 etiam
3511 2635 3578 2674 ex
3623 2617 3779 2673 vobis

2149 2714 2286 2786 ipsis
2329 2714 2650 2784 intelligere
2685 2713 2927 2780 debetis,
2957 2713 3002 2767 si
3040 2729 3153 2784 qua
3186 2717 3319 2768 sunt
3345 2729 3472 2784 qua:
3498 2713 3616 2784 ipse
3641 2729 3774 2784 pro-

2149 2812 2278 2879 pter
2306 2808 2534 2863 insidias
2561 2808 2860 2862 hominum
2886 2807 3165 2862 malorum
3201 2824 3314 2861 non
3341 2810 3527 2878 potest
3551 2807 3776 2862 eviden-

2148 2902 2260 2956 tius
2303 2908 2361 2957 et
2403 2901 2757 2956 manifestius
2784 2901 3066 2972 proloqui,
3094 2900 3251 2954 verbi
3280 2900 3478 2971 gratia,
3510 2900 3778 2954 inimicus

2150 3001 2234 3050 est
2262 2995 2428 3050 alicui
2456 3013 2558 3066 pro
2583 2995 2800 3050 actibus
2830 2994 2961 3061 suis,
3003 3010 3096 3048 vos
3138 2994 3309 3048 nolite
3337 2997 3682 3064 exspectare,
3716 2999 3781 3048 ut

2148 3090 2268 3161 ipse
2298 3090 2456 3144 vobis
2482 3089 2646 3157 dicat,
2681 3105 2811 3143 cum
2836 3089 2930 3142 illo
2958 3088 3130 3143 nolite
3155 3087 3322 3142 amici
3349 3104 3488 3157 esse,
3521 3088 3620 3142 sed
3645 3103 3781 3158 pru-

422 3179 646 3234 siastico
663 3178 867 3233 affectu
887 3177 1373 3249 prosequendam,
1396 3177 1530 3250 quia
1553 3178 1708 3233 nefas
1738 3182 1822 3232 est
1845 3195 2047 3232 eorum
2070 3156 2124 3231 Ο
2150 3156 2350 3239 denter
2376 3183 2674 3239 observare
2700 3183 2914 3238 debetis
2961 3186 3017 3237 et
3043 3181 3318 3236 voluntati
3361 3182 3481 3252 ejus
3521 3156 3780 3237 videlicet

421 3272 999 3328 commemorationes
1028 3272 1250 3327 excludi
1291 3289 1324 3327 a
1365 3270 1704 3327 salutaribus
1730 3273 1924 3340 sacris,
1951 3273 2048 3344 qui

418 3367 488 3422 ad
516 3367 713 3422 eadem
742 3383 901 3421 sacra
930 3364 1086 3420 ﬁdeli
1115 3365 1319 3420 affectu
1345 3365 1766 3435 contendentes,
1809 3365 1946 3420 dum
1991 3382 2050 3420 se

417 3461 628 3516 diutius
676 3477 800 3516 reos
844 3463 1103 3515 statuunt
1132 3459 1397 3531 indignos
1435 3459 1741 3514 salutiferis
1770 3459 2050 3531 mysteriis

410 3555 670 3626 judicent
714 3571 778 3610 ac
818 3553 1178 3626 purgatiores
1211 3552 1431 3608 restitui
1467 3553 1792 3609 desiderant
1822 3570 1834 3608 :
1863 3553 1932 3607 ab
1960 3553 2049 3608 his

416 3666 520 3722 pro
561 3649 767 3722 quibus
803 3652 1289 3703 sacramentorum
1337 3647 1539 3702 viatico
1590 3646 2046 3718 intercipiuntur,

417 3744 621 3815 quibus
641 3744 881 3798 fortasse
900 3759 1007 3797 nec
1033 3737 1509 3796 absolutissimain
1531 3741 2050 3797 reconciliationem

418 3838 680 3894 sacerdos
708 3836 1105 3906 denegandam
1133 3839 1404 3907 putasset.

490 3933 580 3986 Ill.
611 3933 718 3985 Per
751 3929 974 4001 singula
1016 3929 1301 3984 territoria
1346 3929 1664 4001 presbyteri
1692 3928 1782 3983 vel
1810 3929 2053 3984 ministri

420 4025 492 4080 ab
509 4023 804 4096 episcopis,
821 4040 939 4078 non
976 4028 1146 4095 prout
1180 4023 1406 4078 libitum
1426 4022 1602 4078 fuerit
1617 4039 1650 4076 a
1666 4022 2047 4093 vicinioribus,

419 4119 516 4173 sed
533 4135 566 4173 a
592 4118 707 4172 suis
725 4117 972 4190 propriis
989 4134 1092 4189 per
1113 4134 1292 4172 annos
1312 4118 1570 4188 singulos
1590 4119 1786 4188 petant
1806 4117 2052 4171 chrisma

417 4213 910 4285 appropinquante
931 4212 1291 4267 solemnitate
1318 4210 1588 4282 paschali,
1607 4227 1710 4266 nec
1738 4226 1840 4282 per
1859 4227 2052 4282 quem-

417 4323 641 4379 cunque
695 4306 1154 4374 ecclesiasticum,
1210 4305 1309 4360 sed
1351 4305 1397 4358 si
1443 4322 1555 4376 qua
1601 4305 1908 4360 necessitas
1953 4309 2053 4360 aut

420 4400 815 4456 ministrorum
846 4399 1137 4471 occupatio
1184 4402 1269 4453 est
1309 4413 1412 4469 per
1454 4398 1886 4467 subdiaconum,
1920 4399 2054 4471 quia

2149 3279 2245 3349 qui
2271 3277 2518 3331 ecclesiae
2542 3293 2736 3331 curam
2776 3269 2948 3348 gerit'
2967 3276 3179 3348 absque
3205 3275 3641 3330 commonitione
3671 3275 3776 3330 0b-

2150 3371 2485 3438 secundare,
2533 3376 2589 3426 et
2633 3369 2809 3425 averti
2851 3370 2920 3424 ab
2964 3387 3029 3426 eo
3075 3370 3165 3424 cui
3202 3370 3391 3441 ipsum
3427 3368 3646 3424 sentitis
3673 3370 3776 3424 ad-

2148 3482 2395 3532 versum,
2427 3465 2523 3520 sed
2546 3482 2651 3520 nec
2682 3465 2840 3536 loqui
2884 3464 2972 3518 his
3014 3464 3219 3536 quibus
3265 3480 3382 3519 non
3417 3463 3687 3535 loquitur,
3717 3467 3780 3518 ut

2150 3560 2541 3631 unusquisque
2571 3559 2668 3631 qui
2716 3561 2775 3614 in
2817 3560 2978 3630 culpa
3021 3563 3104 3613 est
3146 3559 3284 3614 dum
3327 3558 3483 3629 cupit
3516 3557 3776 3612 omnium

2149 3659 2405 3710 vestrum
2438 3653 2541 3708 sibi
2589 3654 2834 3724 gratiam
2859 3669 3124 3724 reparare
3149 3653 3313 3707 citius
3339 3652 3567 3707 festinet
3589 3668 3782 3706 recon-

2150 3748 2323 3804 ciliari
2354 3748 2403 3803 ei
2426 3747 2522 3818 qui
2550 3717 2812 3802 omnibus
2841 3717 3161 3826 praeest,‘ut
3187 3763 3292 3817 per
3334 3747 3438 3800 hoc
3483 3745 3680 3800 redeat
3707 3745 3780 3799 ad

2151 3843 2390 3898 salutem
2417 3858 2548 3896 cum
2577 3841 2807 3896 obedire
2852 3840 3084 3912 coeperit
3125 3840 3353 3894 monitis
3397 3839 3778 3910 praesidentis,

2151 3943 2205 3994 et
2230 3941 2436 3992 caetera
2463 3953 2590 4007 quae
2638 3937 2698 3990 in
2745 3935 3226 4006 consequentibus
3273 3934 3546 3988 denotant
3569 3933 3781 3987 amicos

2152 4047 2347 4087 eorum
2364 4031 2462 4102 qui
2479 4030 2701 4085 veritati
2717 4029 2934 4083 inimici
2956 4031 3104 4084 sunt.
3129 4028 3281 4084 Sciat
3303 4027 3493 4099 itaque
3514 4026 3782 4096 deinceps

2150 4127 2330 4181 clerus
2357 4125 2429 4179 ad
2457 4129 2698 4191 reatum,
2719 4123 2818 4178 sed
2840 4126 2897 4176 et
2916 4123 3161 4194 populus
3190 4121 3445 4177 ﬁdelium
3465 4120 3538 4174 ad
3557 4120 3782 4190 culpam

2151 4220 2256 4274 sibi
2322 4218 2741 4285 ascribendum,
2793 4217 2840 4271 si
2895 4216 3022 4288 quis
3085 4217 3145 4271 in
3200 4217 3306 4270 hoc
3347 4215 3550 4270 vitium
3606 4213 3783 4268 malo-

2151 4331 2281 4369 rum
2304 4317 2726 4385 computantur,
2773 4316 2829 4366 et
2873 4310 3184 4383 disciplinae
3229 4309 3532 4364 subversor
3578 4323 3783 4379 cogno-

2152 4408 2343 4463 scitur.

423 4500 766 4555 inhonorum
794 4503 878 4554 est
907 4497 1270 4552 inferioribus
1299 4513 1521 4551 summa
1567 4497 1871 4552 committi.
1903 4498 2130 4605 Opti-D
2228 4503 2334 4557 VII.
2366 4499 2580 4556 Placuit
2617 4505 2891 4572 praeterea
2927 4498 3224 4554 accusandi
3270 4496 3558 4552 licentiam
3603 4497 3661 4550 in
3694 4511 3783 4549 ve-

421 4611 582 4649 mum
614 4599 700 4650 est
725 4597 921 4648 autem
943 4595 1007 4647 ut
1030 4592 1150 4663 ipse
1177 4591 1441 4662 suscipiat
1470 4591 1567 4663 qui
1605 4591 1886 4647 tradendo
1918 4608 2048 4646 usu-

421 4710 517 4747 rus
543 4696 648 4763 est,
681 4692 728 4748 si
755 4691 892 4763 quid
919 4695 1112 4745 autem
1132 4690 1315 4746 obstat
1333 4690 1534 4745 saltem
1555 4691 1602 4744 is
1622 4690 1780 4761 cujus
1798 4690 2053 4745 ofﬁcium

422 4792 506 4842 est
536 4787 844 4842 sacrarium
871 4785 1171 4856 disponere
1199 4791 1254 4842 et
1281 4787 1634 4840 sacramenta
1673 4784 1979 4856 suscipere.

491 4883 576 4936 1V.
611 4881 719 4945 Qui
746 4879 1055 4935 oblationes
1086 4880 1483 4934 defunctorum
1513 4878 1759 4933 retinent
1789 4882 1846 4932 et
1876 4879 2052 4933 eccle-

421 4974 516 5028 siis
546 4975 768 5029 traderc
799 4975 1192 5042 demorantur,
1212 4979 1274 5029 ut
1299 4973 1558 5028 inﬁdeles
1580 4977 1712 5026 sunt
1731 4972 1801 5026 ab
1824 4971 2056 5025 ecclesia

421 5067 746 5139 abjiciendi,
771 5069 903 5138 quia
917 5085 1096 5139 usque
1117 5067 1186 5122 ad
1205 5067 1581 5122 inanitionem
1600 5066 1736 5120 ﬁdei
1756 5065 2053 5136 pervenire

424 5166 644 5217 certum
694 5165 777 5215 est
828 5163 975 5216 hanc
1015 5161 1222 5216 divinae
1267 5161 1494 5232 pictatis
1539 5159 2049 5228 exacerbationem,

425 5255 561 5326 quia
587 5259 641 5309 et
665 5254 862 5309 ﬁdeles
883 5255 952 5309 de
981 5272 1216 5325 corpore
1240 5254 1574 5307 recedentes
1595 5257 1854 5307 votorum
1876 5253 2054 5322 pleni-

423 5348 643 5417 tudine,
664 5353 720 5403 et
745 5366 1019 5420 pauperes
1051 5347 1347 5402 consolatu
1381 5347 1691 5414 alimoniae,
1717 5351 1771 5400 et
1804 5362 2054 5400 necessa-

423 5443 508 5497 ria
552 5443 964 5498 sustentatione
1013 5441 1384 5508 fraudantur;
1432 5441 1491 5494 hi
1531 5441 1685 5495 enim
1727 5440 1864 5492 tales
1891 5440 2051 5510 quasi

423 5537 717 5606 egentium
748 5539 1062 5604 necatores,
1080 5550 1184 5589 nec
1210 5533 1504 5588 credentes
1523 5533 1803 5604 judicium
1835 5532 1932 5587 Dei
1956 5533 2052 5587 ha-

422 5629 592 5684 bendi
609 5636 774 5697 sunt;
800 5629 947 5684 unde
968 5632 1025 5683 et
1052 5627 1283 5700 quidam
1308 5629 1536 5683 Patrum
1563 5628 1672 5682 hoc
1696 5627 1918 5698 scriptis
1939 5627 2051 5681 suis

423 5721 786 5777 inseruerunt
833 5727 1186 5791 congruente
1229 5721 1508 5775 sententia
1551 5738 1678 5790 quae
1721 5720 1839 5775 ait:
1868 5721 2048 5775 amico

419 5813 710 5882 quidpiam
739 5830 940 5884 rapere
967 5814 1181 5870 furtum
1226 5817 1328 5880 est,
1360 5817 1419 5866 et
1460 5813 1758 5867 ecclesiam
1787 5814 2048 5870 fraudare

416 5905 773 5975 sacrilegium
786 5947 797 5960 .

2155 4596 2284 4650 stris
2308 4594 2621 4661 ordinibus,
2665 4595 2710 4648 si
2747 4611 2859 4665 qua
2886 4593 3106 4660 existat,
3133 4591 3354 4647 levitate
3381 4590 3778 4661 comprimere,

2155 4691 2304 4762 quod
2332 4689 2377 4743 si
2407 4688 2703 4759 episc0pus
2728 4687 3224 4758 aliquemjudicat,
3251 4684 3652 4739 abstinendum
3676 4699 3781 4753 pro

2154 4783 2546 4839 humiliatione
2589 4787 2646 4836 et
2683 4781 3035 4836 correctione
3095 4780 3304 4847 fratris,
3355 4782 3413 4832 et
3466 4776 3782 4847 assurgitur

2157 4878 2397 4943 exorari,
2430 4894 2461 4932 a
2489 4875 2705 4930 caeteris
2752 4874 3068 4946 acquiescat
3105 4873 3267 4928 fratri
3313 4872 3382 4926 de
3428 4887 3540 4942 quo
3568 4871 3778 4941 agitur,

2155 4970 2509 5042 correptione
2539 4972 2594 5022 et
2620 4967 3060 5022 comminatione
3081 4966 3352 5021 adhibita.
3377 4964 3476 5020 Sin
3503 4967 3693 5018 autem
3711 4963 3782 5016 de

2156 5065 2394 5118 crimine
2425 5063 2673 5133 aliquem
2701 5065 2865 5132 putet
2898 5077 3018 5114 esse
3047 5059 3458 5126 damnandum,
3489 5060 3779 5112 accusato-

2154 5159 2229 5213 ris
2256 5158 2374 5212 vice
2405 5156 2843 5221 discutiendum,
2879 5154 2922 5208 si
2953 5154 3117 5218 sciat;
3146 5155 3230 5208 fas
3257 5157 3340 5207 est
3369 5153 3519 5207 enim
3548 5156 3613 5206 ut
3655 5167 3780 5222 quae

2154 5251 2252 5305 uni
2284 5251 2618 5322 probantur,
2652 5249 2968 5320 probentur
2989 5247 3366 5323 abpmnibus.

2224 5347 2354 5400 VIII.
2403 5341 2568 5408 Quod
2613 5343 2659 5397 si
2703 5347 2892 5396 tantus
2937 5342 3230 5413 episcopus
3276 5340 3445 5395 alieni
3488 5338 3674 5393 clerici
3722 5354 3780 5393 se

2153 5439 2441 5494 conscium
2467 5438 2643 5504 novit,
2689 5436 2944 5508 quandiu
2971 5437 3207 5507 probare
3249 5450 3371 5507 non.
3410 5437 3595 5504 potest
3636 5432 3777 5488 nihil

2152 5533 2422 5604 proferat,
2451 5531 2548 5586 sed
2577 5548 2708 5585 cum
2736 5531 3000 5602 episcopo
3030 5530 3101 5584 ad
3127 5527 3628 5599 compunctionem
3657 5527 3778 5597 ejus

2153 5625 2382 5680 secretis
2419 5625 2872 5696 correptionibus
2915 5623 3194 5690 elaboret;
3237 5621 3389 5693 quod
3415 5620 3461 5675 si
3488 5623 3779 5691 correptus

2151 5719 2495 5791 pertinacior
2520 5719 2708 5786 fuerit,
2741 5723 2799 5773 et
2837 5734 2895 5773 se
2928 5715 3316 5772 communioni
3346 5714 3571 5787 publice
3595 5715 3778 5786 inges-

2152 5814 2302 5880 serit,
2332 5811 2557 5866 etiamsi
2585 5812 2877 5883 episcopus
2913 5811 2971 5866 in
3016 5809 3415 5880 redarguendo
3461 5808 3560 5863 illo
3604 5823 3776 5878 quem

2152 5923 2310 5963 reum
2323 5905 2542 5977 judicat
2557 5905 2890 5978 probatione
2906 5903 3153 5975 deﬁciat,
3173 5903 3533 5958 indamnatus
3552 5901 3684 5956 licet
3704 5902 3773 5955 ah
