4054 6302
284 359 385 410 397
1516 355 1984 410 DECRETAL-llihl
2025 355 2410 411 COLLECTIO.
3537 365 3638 414 31:3

284 462 368 515 his
401 461 500 532 qui
524 459 666 515 nihil
694 461 880 514 sciunt
905 460 1167 515 secedere
1189 461 1260 516 ad
1285 463 1511 531 tempus
1535 477 1639 532 pro
1669 477 1910 538 persona
1930 474 1989 547 Α
2009 464 2478 519 contestationem
2507 462 2755 533 colligat,
2786 461 3161 517 nihilominus
3198 465 3268 518 de
3299 464 3502 527 altario
3535 466 3639 521 Do~

281 555 513 625 majoris
540 554 890 609 auctoritatis
927 554 1213 624 jubeatur,
1259 554 1356 608 illo
1393 555 1648 625 quandiu
1689 557 1916 626 probari
2015 556 2222 611 minico
2251 557 2341 610 die
2383 557 2642 611 minister
2690 557 2989 611 annuntiat
3031 557 3102 610 ab
3147 556 3520 612 ecclesiastico
3549 575 3638 614 ex-

279 649 424 703 nihil
451 651 642 719 potest
683 648 742 702 in
781 648 1184 702 communione
1229 647 1485 701 omnium
1529 652 1914 721 praeterquam
2015 650 2258 720 positum
2285 666 2402 704 esse
2429 651 2746 718 collectum,
2770 653 2835 703 ut
2853 650 3005 703 intra
3032 650 3151 704 dies
3167 651 3363 705 decem
3383 651 3452 705 ab
3475 668 3639 722 expo-

281 742 405 813 ejus
436 743 536 814 qui
564 759 693 796 eum
725 759 886 796 reum
909 742 1131 812 judicat
1160 747 1552 812 permanente.
2013 743 2228 797 sitionis
2270 743 2360 797 die
2404 743 2725 814 expositum
2765 743 3020 813 recipiat,
3064 743 3109 797 si
3156 743 3282 814 quis
3323 745 3644 814 probaverit

351 837 434 892 IX.
471 837 548 890 De
577 836 838 906 expositis
865 836 998 906 quia
1028 836 1230 890 collata
1266 835 1337 890 ab
1379 835 1642 890 omnibus
1683 839 1916 908 querela
2015 852 2074 889 se
2107 835 2403 906 agnovisse
2430 836 2710 890 collectori
2749 851 2852 907 pro
2893 836 3149 908 ipsorum
3186 828 3380 891 decem
3417 837 3640 893 dierum

282 931 555 1002 processit
580 946 679 984 eos
707 946 820 984 non
851 929 1256 983 misericordias
1280 929 1400 999 jam
1433 930 1528 984 sed
1554 930 1787 986 canibus
1813 948 1912 986 ex-
2014 929 2402 984 misericordia
2453 935 2622 999 prout
2667 929 2906 984 valuerit
2947 930 3017 984 ad
3065 946 3312 1001 praesens
3342 931 3635 1000 retribuat,

285 1025 445 1094 poni,
476 1041 618 1094 quos
636 1023 903 1094 colligere
925 1023 1346 1077 calumniarum
1365 1026 1523 1077 metu
1552 1024 1808 1094 quamvis
1833 1024 1916 1078 in-
2013 1023 2191 1077 autin
2221 1027 2564 1094 perpetuum
2591 1039 2720 1078 cum
2745 1024 2846 1078 Dei
2871 1024 3068 1095 gratia,
3101 1024 3148 1078 si
3174 1023 3432 1092 voluerit,
3461 1024 3634 1096 possi-

281 1112 420 1167 felix
448 1130 482 1166 a
511 1111 810 1184 praeceptis
836 1111 1238 1166 misericordiae
1265 1128 1427 1166 mens
1451 1113 1702 1166 humana
1727 1113 1911 1167 detra-
2015 1115 2162 1169 deat.

282 1209 400 1261 ctet
421 1205 826 1261 reservandum
854 1211 956 1272 est,
986 1209 1042 1260 et
1067 1205 1379 1260 secundum
1417 1209 1627 1260 statuta
1652 1205 1910 1261 ﬁdelissi-
2084 1210 2149 1264 X.
2179 1209 2239 1264 Si
2266 1209 2392 1280 quis
2417 1208 2807 1280 expositorum
2840 1210 2946 1264 hoc
2983 1210 3244 1267 ordinare
3274 1213 3638 1267 collectorum

282 1316 536 1368 morum,
593 1299 1007 1370 piissimorum,
1061 1301 1549 1370 augustorumque
1591 1299 1912 1370 principum
2013 1302 2287 1372 repetitor
2338 1303 2428 1357 vel
2472 1302 2853 1358 calumniator
2900 1303 3198 1374 exstiterit,
3247 1307 3312 1361 ut
3351 1305 3636 1362 homicida

282 1393 544 1467 quisquis
600 1393 920 1464 expositum
961 1392 1179 1465 colligit
1223 1392 1521 1448 ecclesiam
1567 1395 1915 1448 contestetur
2013 1395 2311 1450 habendus
2333 1399 2436 1452 est.

1079 1681 1478 1747 INCIPIUNT
1521 1682 1910 1748 CAPITULA
1951 1682 2452 1749 AGATHENSIS
2497 1685 2851 1750 CONCILII.
3648 1700 3734 1831 Δ

368 1846 416 1897 1.
461 1842 540 1895 De
566 1840 812 1911 higamis
834 1840 1050 1896 clericis
1080 1847 1141 1897 ut
1170 1857 1284 1896 non
1311 1842 1653 1899 ministrent.
1836 1879 1848 1886 ε
1937 1857 1993 1928 Β
2088 1849 2176 1902 27.
2217 1849 2288 1902 Ut
2332 1847 2749 1903 monasterium
2794 1848 3116 1920 inconsulto
3157 1848 3418 1921 episcOpo
3453 1851 3644 1906 nullus

363 1939 418 1990 2.
461 1935 538 1990 De
593 1935 1016 1990 contumacibus
1068 1936 1284 1991 clericis
1307 1977 1321 2004 ,
1401 1939 1458 1992 et
1529 1937 1601 1992 ad
1669 1936 1918 1995 officium
2021 1940 2329 1995 constituat
2354 1941 2423 1995 de
2455 1941 2766 1996 monachis.

288 2028 488 2084 tardis.
1303 2024 1305 2026 ’
2089 2037 2177 2089 28.
2211 2035 2282 2090 Ut
2300 2035 2709 2091 monasterium
2728 2036 3045 2106 puellarum
3074 2036 3270 2108 procul
3295 2054 3328 2092 a
3346 2037 3646 2094 monachis

362 2125 415 2177 3.
456 2123 534 2177 De
561 2121 835 2194 episcopis
857 2122 956 2194 qui
980 2123 1069 2176 vel
1103 2122 1461 2194 innocentes,
1506 2123 1594 2179 vel
1627 2141 1731 2197 pro
1757 2124 1920 2180 mini-
2019 2128 2412 2184 constituatur.

290 2220 399 2275 mis
415 2220 598 2275 causis
623 2220 845 2292 aliquos
869 2221 1382 2276 excommunicant.
2089 2225 2176 2277 29.
2221 2224 2299 2276 De
2353 2222 2568 2278 libertis
2623 2227 2684 2278 ut
2746 2224 2804 2278 in
2872 2225 3196 2281 necessitate
3267 2226 3336 2280 ab
3407 2226 3643 2282 ecclesia

364 2315 416 2370 4.
459 2315 535 2370 De
560 2313 649 2370 his
679 2315 776 2386 qui
817 2332 946 2369 suas
990 2316 1078 2370 vel
1117 2315 1571 2388 propinquorum
1609 2317 1918 2374 oblationes
2016 2324 2300 2377 tueantur.

290 2407 544 2464 ecclesiae
570 2407 930 2466 defraudant.
2091 2416 2178 2468 30.
2221 2416 2290 2469 Ut
2317 2419 2442 2486 post
2469 2416 2812 2488 antiphonas
2834 2416 3122 2472 orationes
3149 2416 3428 2472 dicantur.

365 2506 414 2556 5.
458 2502 516 2557 Si
544 2502 776 2559 clericus
801 2503 1019 2558 furtum
1046 2503 1292 2558 ecclesiae
1317 2503 1532 2560 fecerit.
2091 2511 2150 2562 31
2167 2549 2180 2563 .
2224 2509 2297 2563 De
2319 2509 2418 2563 his
2444 2509 2542 2581 qui
2568 2514 2808 2582 propter
2839 2510 3033 2565 odium
3063 2510 3136 2565 ad
3179 2527 3380 2582 pacem
3407 2528 3525 2568 non
3551 2527 3642 2569 re-

365 2599 418 2650 6.
460 2596 518 2651 Si
544 2597 805 2669 episcopo
833 2613 866 2651 a
887 2597 1231 2668 quibuslibet
1255 2597 1574 2670 quidquam
1610 2597 1785 2654 fuerit
1820 2599 1916 2654 de-
2019 2606 2336 2656 vertuntur.

288 2689 574 2746 relictum.
2094 2699 2180 2750 32.
2221 2697 2291 2751 Ut
2314 2695 2548 2751 clericus
2592 2696 2912 2753 inconsulto
2962 2697 3228 2771 episcopo
3278 2697 3350 2753 ad
3385 2697 3643 2769 judicem

372 2789 426 2838 7.
468 2786 544 2840 De
573 2785 744 2840 rebus
776 2785 1026 2843 ecclesiae
1063 2785 1348 2857 quomodo
1391 2786 1462 2841 ab
1505 2786 1784 2859 episcopis
1817 2787 1918 2842 ha-
2023 2791 2348 2845 saecularem
2375 2807 2492 2845 non
2519 2793 2738 2862 pergat.

289 2888 558 2951 beantur,
593 2886 651 2937 et
679 2881 748 2937 de
777 2879 949 2936 servis
979 2880 1229 2934 ecclesiae
1269 2880 1510 2952 qualiter
1542 2881 1614 2935 ab
1659 2879 1921 2952 episcopo
2093 2887 2180 2940 33.
2223 2883 2276 2940 Si
2303 2885 2598 2956 episcopus
2642 2884 2900 2940 haeredes
2938 2901 3058 2942 non
3099 2885 3316 2942 habens
3352 2885 3646 2942 ecclesiam

293 2977 796 3036 manumittantur.
2023 2978 2114 3032 cui
2139 2978 2370 3049 praefuit
2394 2978 2683 3034 haeredem
2708 2995 2828 3033 non
2856 2979 3070 3034 fecerit.

365 3078 419 3129 8.
462 3073 538 3127 De
565 3069 783 3126 clericis
811 3068 909 3140 qui
935 3068 1007 3122 ad
1038 3069 1334 3122 saculares
1360 3068 1718 3140 confugiunt.
2094 3072 2181 3126 34.
2223 3073 2303 3126 De
2327 3072 2534 3127 Judaeis
2564 3073 2662 3145 qui
2688 3073 2941 3128 converti
2971 3072 3227 3145 cupiunt,
3265 3074 3506 3145 qualiter
3532 3089 3648 3129 sus-

365 3171 419 3222 9.
460 3169 536 3222 De
561 3163 903 3238 presbyteris
929 3166 985 3217 et
999 3161 1325 3217 diaconibus
1345 3161 1444 3234 qui
1466 3162 1536 3217 ad
1563 3163 1924 3234 conjugalem
1953 3225 1995 3238 Α
2024 3165 2324 3236 cipiantur.

292 3262 506 3316 coitum
528 3225 906 3315 revertuntur.
1360 3225 1382 3234 -
1664 3225 1685 3234 τ
1735 3225 1766 3234 ν
1902 3225 1913 3234 1
1944 3225 2000 3300 C
2076 3225 2185 3313 ⁸35.
2227 3260 2288 3314 Si
2315 3259 2610 3332 episcopus
2641 3277 2675 3315 a
2715 3261 3150 3333 Metropolitano
3194 3262 3521 3318 admonitus
3546 3280 3647 3334 pro

369 3358 454 3412 10.
496 3355 569 3411 Ut
603 3353 792 3409 nullus
830 3349 1164 3407 clericorum
1213 3365 1344 3405 cum
1380 3349 1658 3406 extraneis
1697 3350 1922 3405 feminis
2028 3353 2262 3423 synodo,
2309 3353 2396 3408 vel
2440 3353 2797 3410 ordinatione
2854 3354 3159 3426 episcopali
3218 3355 3413 3411 venire
3469 3355 3646 3411 distu-

294 3449 531 3506 habitet.
2025 3446 2174 3502 lerit.

370 3548 457 3599 11.
497 3543 568 3598 Ut
593 3540 784 3596 nullus
821 3539 1056 3595 clericus
1098 3538 1158 3593 in
1197 3536 1450 3607 cellario,
1476 3537 1566 3592 vel
1608 3537 1670 3592 in
1709 3541 1921 3594 secreto
2094 3543 2180 3595 36.
2206 3542 2276 3595 Ut
2305 3540 2588 3612 stipendia
2612 3541 2947 3597 clericorum
2969 3542 3138 3613 juxta
3164 3541 3432 3598 meritum
3458 3543 3644 3600 distri-

289 3637 568 3694 feminam
599 3633 959 3692 intromittat.
2020 3633 2288 3688 buantur.

370 3735 457 3788 12.
497 3732 571 3786 Ut
596 3728 753 3785 omni
780 3725 1234 3800 quadragesimae
1261 3725 1502 3781 Sabbato
1525 3724 1839 3796 jejunetur,
2092 3731 2180 3782 37.
2224 3729 2295 3783 De
2326 3728 2623 3783 homicidis
2650 3733 2707 3784 et
2733 3728 2887 3783 falsis
2911 3728 3169 3785 testibus.

371 3829 458 3881 13.
500 3825 572 3880 Ut
605 3821 926 3895 symbolum
954 3824 1083 3875 ante
1124 3824 1250 3876 octo
1280 3819 1399 3874 dies
1428 3818 1659 3874 Paschae
1690 3835 1920 3893 compe-
2095 3825 2180 3878 38.
2223 3823 2294 3876 Ut
2316 3821 2435 3878 sine
2461 3822 2710 3894 episcopi
2742 3822 2830 3878 sui
2868 3821 3105 3894 epistola
3137 3839 3256 3880 non
3294 3823 3458 3881 liceat
3483 3826 3648 3882 cleri-

290 3919 549 3976 tentibus
572 3917 930 3990 praedicetur.
2023 3931 2154 3970 cum
2176 3915 2264 3971 vel
2310 3916 2659 3972 monachum
2686 3915 2987 3989 proﬁcisci,
3033 3920 3090 3972 et
3129 3917 3197 3973 de
3239 3919 3537 3975 monachis
3560 3920 3649 3998 vel

370 4015 456 4070 14.
499 4013 570 4067 Ut
590 4012 765 4066 altare
793 4012 851 4065 et
871 4007 1247 4064 benedicatur
1277 4009 1335 4060 et
1361 4009 1629 4078 ungatur.
2022 4010 2335 4066 abbatibus.

371 4111 456 4162 15.
497 4104 745 4170 Qualiter
772 4102 1042 4173 majores,
1091 4100 1332 4172 qualiter
1363 4099 1614 4156 minores
1644 4100 1918 4172 poeniten-
2102 4107 2191 4163 39.
2232 4107 2301 4161 Ut
2329 4105 2514 4162 clerici
2537 4105 2813 4176 nuptialia
2835 4104 3013 4160 vitent
3037 4105 3310 4161 convivia.

291 4201 438 4258 tiam
466 4198 762 4270 accipiant
2095 4209 2182 4262 40.
2223 4205 2301 4258 Ne
2325 4200 2634 4257 Christiani
2653 4200 2978 4254 Judaeorum
3007 4202 3246 4255 utantur
3265 4199 3554 4257 conviviis.

371 4298 456 4351 16.
497 4295 619 4358 Qua
642 4296 807 4348 aetate
838 4290 1102 4346 diacones
1133 4288 1492 4345 ordinentur.

2095 4300 2182 4355 41.
2224 4298 2295 4352 Ut
2317 4313 2351 4350 a
2380 4293 2598 4350 clericis
2626 4293 2834 4349 vitetur
2859 4293 3116 4348 ebrietas.

371 4395 459 4446 17.
498 4390 619 4455 Qua
645 4391 806 4442 aetate
826 4384 1071 4457 episcopi
1098 4384 1186 4438 vel
1230 4383 1545 4455 presbyteri
1583 4399 1920 4440 consecren-
2094 4394 2181 4448 42.
2222 4392 2298 4446 De
2323 4388 2604 4458 sortilegis
2628 4387 2716 4440 vel
2758 4386 3195 4458 auguratoribus
3227 4391 3289 4442 ut
3316 4387 3387 4442 ab
3417 4389 3650 4444 ecclesia

291 4491 408 4542 tur.
2023 4487 2374 4559 separentur.

369 4583 457 4635 18.
499 4579 578 4632 De
628 4576 782 4631 laicis
841 4574 1047 4648 quibus
1106 4571 1457 4643 temporibus
1506 4573 2002 4670 communicareD
2095 4582 2181 4636 43.
2223 4579 2301 4632 Ne
2342 4577 2412 4632 de
2449 4575 2852 4647 pmnitentibus
2893 4576 3130 4630 clericus
3155 4574 3468 4642 ordinetur,
3501 4579 3651 4630 etut

291 4674 563 4730 debeant.
816 4712 832 4727 .
1944 4667 1982 4670 —
2024 4674 2322 4746 presbyter
2347 4670 2522 4725 altare
2547 4685 2666 4724 non
2695 4667 2898 4739 erigat.

369 4772 458 4823 19.
500 4767 578 4822 De
597 4763 1116 4820 sanctimonialibus
1148 4779 1259 4835 qua
1290 4764 1454 4816 aetate
1477 4762 1753 4816 vclentur.
2096 4768 2184 4823 44.
2225 4767 2302 4820 Ne
2324 4764 2615 4836 presbyter
2634 4760 3088 4817 benedictionem
3116 4762 3343 4833 populo,
3364 4761 3453 4817 vel
3475 4763 3652 4833 paeni-

361 4864 455 4917 20.
497 4861 575 4915 De
601 4858 818 4914 clericis
843 4858 940 4930 qui
966 4873 1190 4913 comam
1217 4855 1494 4912 nutriunt.
2025 4861 2167 4917 tenti
2195 4861 2255 4914 in
2285 4858 2511 4914 ecclesia
2540 4857 2674 4912 dare
2704 4859 3030 4927 praesumat.

366 4958 459 5010 21.
503 4955 575 5009 Ut
611 4951 998 5008 solemnitates
1041 4951 1290 5022 majores
1336 4949 1396 5004 in
1429 4947 1741 5004 civitatibus
1783 4950 1926 5006 cele-
2097 4957 2185 5011 45.
2227 4955 2299 5009 Ut
2327 4951 2623 5024 episcopus
2640 4951 2912 5022 exiguum
2937 4949 3149 5020 aliquid
3169 4947 3291 5004 sine
3319 4949 3650 5007 clericorum

291 5050 554 5105 brentur.
2028 5047 2384 5106 conniventia
2423 5047 2488 5117 (si
2517 5061 2743 5100 necesse
2772 5043 2959 5115 fuerit)
2989 5042 3282 5098 distrahat.

367 5146 458 5198 22.
501 5143 573 5196 Ut
597 5140 904 5196 nonliceat
935 5139 1351 5211 presbyterum,
1382 5140 1482 5192 aut
1509 5136 1776 5193 clericum
1800 5154 1926 5194 rem
2096 5146 2186 5198 46.
2228 5144 2299 5197 Ut
2349 5156 2540 5196 servos
2583 5137 2831 5194 ecclesiae
2889 5137 3156 5208 fugitivos
3199 5136 3366 5193 liceat
3409 5139 3652 5195 vendere

293 5236 550 5293 ecclesias
573 5236 837 5302 vendere,
863 5239 961 5288 aut
979 5234 1209 5289 donare.
2028 5238 2310 5309 episcopo.

364 5335 455 5387 23.
517 5331 586 5385 Ut
654 5329 888 5385 clericus
969 5328 1157 5383 minor
1232 5326 1443 5382 seniori
1522 5343 1637 5381 non
1712 5343 1927 5399 praepo—
2097 5333 2184 5386 47.
2227 5332 2296 5385 Ut
2321 5333 2453 5384 ante
2481 5328 2712 5382 missam
2740 5325 3025 5397 expletam
3053 5325 3249 5398 egredi
3269 5327 3510 5398 populus
3537 5343 3648 5381 non

296 5431 486 5480 natur.
2026 5427 2359 5498 prasumat.

251 5527 262 5537 '
365 5519 455 5574 24.
497 5519 578 5573 De
605 5516 867 5588 expositis
891 5515 1153 5570 inventis.
2099 5521 2188 5574 48.
2231 5519 2310 5572 De
2337 5517 2506 5572 rebus
2533 5513 2784 5570 ecclesias
2809 5514 3056 5586 propriis
3082 5515 3171 5569 vel
3197 5514 3503 5587 acquisitis.

367 5617 456 5668 25.
496 5613 574 5667 De
627 5610 993 5666 saecularibus
1062 5608 1163 5681 qui
1219 5625 1347 5663 suas
1413 5625 1622 5664 uxores
1674 5608 1924 5664 derelin-
2097 5612 2185 5666 49.
2227 5611 2307 5666 De
2349 5626 2464 5665 non
2503 5607 2822 5664 alienandis
2850 5609 2919 5664 ab
2959 5608 3148 5680 aliquo
3179 5609 3345 5664 rebus
3380 5605 3648 5675 ecclesiae,

299 5712 499 5779 quunt.
2029 5711 2084 5762 et
2112 5706 2182 5760 de
2209 5704 2444 5760 libertis.

369 5807 456 5860 26.
499 5805 572 5860 Ut
613 5803 658 5858 si
698 5803 1015 5859 voluntarie
1057 5802 1292 5858 clericus
1355 5802 1630 5858 damnum
1675 5801 1926 5859 ecclesiae
2101 5803 2188 5855 50.
2232 5797 2560 5868 De:clericis
2588 5796 2825 5868 capitale
2849 5797 3066 5851 crimen
3090 5791 3528 5851 incurrentibus.

305 5898 500 5957 fecerit
525 5900 581 5954 et
611 5897 916 5956 satisfaciat
941 5900 998 5954 et
1024 5896 1566 5954 excommunicetur.
2104 5898 2191 5952 51.
2233 5895 2311 5951 De
2334 5896 2672 5951 testamento
2701 5890 2968 5964 episc0pi.
