4054 6326
398 395 497 447 399

1289 382 1570 436 APPEND.
1613 379 1700 434 AD
1737 379 1896 432 SIEC.
1939 377 2028 430 IX.
2051 401 2120 412 -—-
2159 373 2404 428 lSIDORI
2445 371 2872 428 MERCATORIS

3649 373 3754 426 400

471 495 596 568 95
628 498 715 549 52.
759 495 835 547 De
860 492 1078 547 clericis
1105 490 1202 562 qui
1238 488 1355 544 sine
1395 485 1643 558 epistolis
1687 484 1772 539 sui
1798 482 2024 555 pontiﬁ-
2044 503 2104 574 Α
2325 481 2402 535 De
2428 480 2654 574 incestis
2671 476 2979 574 ‘conjugiis.

402 591 480 643 cis
509 587 962 659 proﬁciscuntur.

476 684 562 736 53.
605 683 680 734 De
709 678 1048 751 presbyteris
1067 675 1429 749 parochianis
1456 691 1546 729 res
1565 673 1812 729 ecclesia
1831 671 2025 727 distra-

399 775 686 830 hentibus.

477 869 561 922 54.
605 868 679 922 De
715 865 935 920 eisdem
974 868 1036 919 ut
1074 863 1354 938 quidquid
1396 861 1642 918 emerint
1688 861 1749 915 in
1792 858 2026 914 nomine

403 963 730 1032 comparent
754 958 1020 1014 ecclesia.

476 1059 563 1110 55.
607 1055 676 1108 Ut
699 1052 1012 1107 sacerdotes
1047 1055 1104 1106 et
1129 1050 1312 1105 levita
1337 1050 1574 1105 canibus
1604 1049 1677 1104 ad
1703 1047 2028 1104 venandum

405 1154 463 1202 et
486 1146 844 1216 accipitribus
869 1160 985 1198 non
1010 1148 1266 1198 utantur.

476 1243 560 1296 56.
603 1240 681 1295 De
707 1237 1130 1294 venditionibus
1160 1253 1298 1309 quas
1321 1236 1553 1292 abbates
1588 1237 1774 1292 facere
1814 1252 2026 1306 prasu-

404 1338 589 1390 munt.

477 1432 564 1482 5'7.
606 1428 683 1481 Ne
737 1441 881 1479 unus
927 1423 1101 1479 abbas
1149 1423 1370 1484 duobus
1422 1424 1691 1478 coenobiis
1737 1439 2031 1495 prapona-

405 1525 517 1576 tur.

480 1617 566 1669 58.
608 1616 686 1669 Ne
715 1612 1126 1667 monasterium
1152 1611 1271 1666 sine
1309 1611 1510 1666 notitia
1546 1612 1795 1684 episcopi
1819 1612 2028 1667 consti-

405 1713 616 1763 tuatur.

479 1804 566 1856 59.
610 1802 685 1854 De
711 1799 879 1854 rebus
908 1798 1155 1853 ecclesiae
1185 1799 1310 1854 usui
1339 1800 1553 1854 collatis
1573 1804 1636 1854 ut
1661 1800 2032 1872 prascriptio-

409 1895 496 1949 nis
525 1898 785 1964 tempore
816 1909 930 1947 non
951 1892 1353 1947 defendantur.

481 1991 567 2042 60.
609 1988 689 2042 De
720 1985 890 2058 lapsis
936 1985 1035 2058 qui
1077 1985 1146 2041 de
1191 1985 1466 2042 catholica
1511 1987 1620 2042 fide
1662 1987 1722 2043 in
1769 1987 2032 2043 haresim

406 2084 720 2138 transeunt.

2197 572 2284 623 62.
2326 571 2406 624 De
2454 569 2542 624 his
2586 568 2686 642 qui
2727 581 2915 622 servos
2972 579 3101 620 suos
3145 568 3303 619 extra
3357 563 3608 635 judicem
3655 582 3755 622 ne-

2125 662 2275 714 cant.

2197 756 2286 808 63.
2318 753 2397 806 De
2419 751 2573 806 laicis
2599 752 2770 822 quiin
2793 749 3252 806 solemnitatibus
3269 748 3584 820 majoribus
3605 749 3676 804 ad
3687 747 3760 802 ci-

2127 847 2362 904 vitatem
2393 862 2510 900 non
2538 851 2860 900 occurrunt.

2199 941 2286 994 64.
2312 941 2388 993 De
2409 939 2624 993 clericis
2640 939 2740 1010 qui
2765 939 2835 993 ab
2856 937 3102 994 ecclesia
3127 936 3312 992 ofﬁcio
3337 935 3535 991 diebus
3562 936 3763 993 solem-

2127 1033 2293 1089 nibus
2324 1033 2548 1087 desunt.

2201 1129 2287 1181 65.
2337 1127 2412 1181 De
2440 1123 2616 1180 levitis
2668 1127 2734 1179 ut
2785 1141 2899 1180 non
2953 1125 3075 1179 sine
3113 1123 3277 1195 jussu
3317 1123 3628 1195 presbyteri
3667 1139 3758 1178 se-

2131 1219 2304 1274 deant
3253 1223 3264 1232 ‘

2201 1317 2288 1368 66.
2330 1313 2408 1366 De
2435 1311 2711 1367 ministris
2738 1327 2810 1365 ne
2845 1310 3212 1366 secretarium
3245 1311 3655 1381 ingrediantur.

2201 1410 2287 1460 67.
2330 1407 2411 1460 De
2441 1404 2728 1460 catholicis
2771 1421 2842 1459 ne
2900 1404 3298 1460 hareticorum
3341 1403 3638 1459 connubiis
3673 1418 3766 1457 co-

2129 1501 2421 1571 pulentur.

2203 1596 2288 1647 68.
2330 1594 2406 1646 De
2435 1592 2616 1648 levitis
2643 1594 2700 1645 et
2725 1591 2946 1647 clericis
2976 1608 3048 1648 ne
3074 1592 3232 1662 magi
3273 1591 3360 1647 vel
3384 1591 3762 1646 incantatores

2130 1686 2262 1740 sint.

2204 1783 2290 1834 69.
2333 1781 2412 1833 De
2434 1778 2811 1834 seditionariis
2843 1778 3079 1833 clericis.

2051 1872 2108 1944 B
2205 1878 2290 1927 70.
2334 1874 2412 1927 De
2437 1871 2644 1926 scurris
2671 1878 2726 1926 et
2749 1871 3101 1942 jocularibus
3128 1871 3366 1926 clericis.

2205 1970 2293 2020 71.
2336 1967 2411 2018 De
2441 1965 2660 2038 synodo
2687 1964 2850 2020 annis
2881 1964 3120 2036 singulis
3148 1966 3567 2037 congreganda.

1143 2337 1556 2431 INCIPIT
1626 2335 2242 2433 CONCILIUM
2311 2337 3021 2432 AGATHENSE.

1340 2527 1548 2591 Tertio
1590 2525 1753 2591 Idus
1796 2527 2220 2609 Septembris,
2255 2529 2537 2594 Massale
2579 2528 2854 2592 consule.

480 2717 618 2772 Cum
661 2717 720 2772 in
753 2717 849 2773 Dei
875 2714 1109 2771 nomine
1156 2714 1215 2769 in
1245 2713 1468 2769 civitate
1496 2715 1810 2785 Agathensi
1836 2733 2041 2771 conve-

413 2813 712 2878 nissemus,
758 2814 815 2865 et
856 2812 916 2864 in
957 2809 1133 2863 sancti
1170 2809 1408 2863 Andrea
1433 2808 1668 2864 basilica
1706 2810 2048 2865 consedisse-

422 2921 568 2973 mus,
601 2906 668 2959 de
697 2902 990 2974 disciplina
1017 2906 1072 2957 et
1111 2899 1564 2980 ordinationibus
1593 2901 1928 2957 clericorum
1958 2905 2043 2956 at-

423 3017 531 3072 que
571 2996 921 3070 pontiﬁcum,
953 2996 1038 3049 vel
1071 2995 1140 3049 de
1179 2994 1544 3048 ecclesiarum
1570 2993 1906 3050 utilitatibus
1937 2999 2049 3050 tra-

423 3092 649 3160 ctaturi,
683 3091 743 3145 in
775 3089 972 3162 primis
999 3089 1056 3143 id
1101 3087 1334 3159 placuit,
1376 3093 1440 3142 ut
1471 3104 1709 3142 canones
1751 3093 1807 3144 et
1842 3092 2048 3151 statuta

417 3189 646 3242 Patrum
675 3202 779 3257 per
805 3183 1066 3239 ordinem
1089 3183 1440 3252 legerentur.

491 3282 622 3336 CAP.
654 3280 695 3334 Ι.
724 3276 936 3332 Placuit
963 3277 1031 3330 de
1063 3275 1303 3346 digamis
1329 3280 1427 3329 aut
1461 3276 1790 3348 nuptiarum
1828 3276 2048 3331 maritis

427 3375 771 3446 (quanquam
803 3370 958 3425 aliud
983 3371 1214 3424 Patrum
1239 3372 1451 3424 statuta
1470 3369 1843 3442 decreverint)
1869 3375 1933 3425 ut
1951 3371 2050 3441 qui

421 3469 531 3522 huc
563 3483 738 3538 usque
767 3463 1011 3520 ordinati
1038 3468 1172 3518 sunt
1198 3463 1394 3518 habita
1419 3464 1778 3519 miseratione
1819 3464 2047 3536 presby-

421 3563 526 3618 teri
555 3561 644 3616 vel
670 3561 895 3616 diaconi
939 3575 1152 3615 nomen
1189 3561 1413 3615 tantum
1449 3560 1763 3628 obtineant,
1797 3560 2052 3615 ofﬁcium

419 3673 550 3711 vero
571 3653 940 3712 consecrandi
983 3653 1299 3724 presbyteri
1343 3657 1402 3707 et
1442 3653 1806 3709 ministrandi
1848 3654 2048 3724 hujus-

419 3752 575 3808 modi
601 3750 903 3805 diaconem
932 3764 1047 3802 non
1070 3750 1440 3818 prasumant.

491 3848 556 3902 Il.
587 3845 961 3899 Contumaces
985 3856 1117 3894 vero
1152 3839 1360 3908 clerici,
1392 3844 1562 3910 prout
1589 3839 1882 3910 dignitatis
1911 3839 2051 3894 ordo

422 3937 762 4012 permiserit,
780 3935 848 3990 ab
869 3932 1147 4004 episcOpis
1166 3932 1545 4003 corrigantur,
1565 3935 1622 3988 et
1642 3933 1688 3987 si
1709 3933 1834 4004 quis
1850 3932 2053 4004 prioris

424 4032 637 4104 gradus
664 4028 798 4084 elati
844 4026 1108 4098 superbia
1147 4025 1606 4080 communionem
1651 4027 1887 4081 fortasse
1915 4043 2050 4081 con-

425 4123 782 4197 tempserint,
811 4123 909 4176 aut
929 4119 1226 4174 ecclesiam
1262 4120 1652 4191 frequentare,
1686 4120 1773 4174 vel
1805 4119 2055 4175 ofﬁcium

427 4236 594 4276 suum
624 4217 862 4289 implere
891 4213 1268 4285 neglexerint,
1300 4214 1602 4285 peregrina
1627 4213 1706 4268 eis
1726 4214 2052 4268 communio

426 4313 729 4380 tribuatur,
757 4310 834 4364 ita
862 4310 924 4362 ut
947 4324 1075 4361 cum
1102 4323 1199 4361 eos
1225 4306 1557 4378 pauitantia
1581 4307 1912 4376 correxerit,
1940 4324 2054 4362 res-

427 4407 592 4480 cripti
622 4402 920 4461 matricula
946 4401 1186 4474 gradum
1220 4417 1387 4456 suum
1423 4401 1873 4473 dignitatemque
1908 4402 2050 4456 reci-

426 4502 603 4575 piant.

2220 2721 2280 2773 ν.
2323 2719 2379 2774 Si
2413 2719 2539 2789 quis
2574 2719 2810 2773 clericus
2838 2719 3055 2774 furtum
3086 2717 3336 2773 ecclesia
3370 2715 3586 2778 fecerit,
3615 2730 3770 2787 pere-

2149 2813 2310 2883 grina
2334 2812 2388 2866 ei
2417 2812 2743 2866 communio
2769 2813 3070 2867 tribuatur.

2218 2907 2302 2959 Vl.
2345 2905 2641 2961 Pontiﬁces
2675 2921 2809 2960 vero
2855 2906 3059 2976 quibus
3097 2904 3154 2959 in
3200 2920 3423 2959 summo
3455 2901 3769 2958 sacerdotio

2149 2998 2464 3053 constitutis
2492 2998 2561 3052 ab
2608 2998 2892 3052 extraneis
2918 2998 3189 3052 duntaxat
3226 2996 3460 3068 aliquid,
3502 2998 3600 3050 aut
3639 3011 3772 3050 cum

2149 3091 2402 3159 ecclesia,
2445 3095 2544 3146 aut
2569 3092 2982 3162 sequestratim,
3021 3094 3120 3146 aut
3170 3090 3489 3156 dimittitur,
3531 3093 3631 3143 aut
3675 3087 3775 3142 do-

2146 3191 2334 3253 natur,
2363 3185 2495 3257 quia
2514 3185 2623 3240 hoc
2653 3186 2748 3240 ille
2777 3185 2874 3256 qui
2904 3186 3078 3240 donat
3101 3201 3204 3256 pro
3227 3182 3620 3255 redemptione
3648 3181 3771 3237 ani-

2148 3295 2257 3333 ma
2289 3295 2424 3346 sua,
2452 3295 2567 3333 non
2599 3295 2698 3349 pro
2729 3279 3030 3333 commodo
3069 3277 3372 3333 sacerdotis
3397 3277 3602 3332 offerre
3638 3291 3771 3346 pro-

2147 3371 2332 3438 batur,
2366 3388 2480 3426 non
2507 3373 2670 3442 quasi
2706 3389 2872 3427 suum
2906 3372 3226 3443 proprium,
3262 3371 3360 3426 sed
3391 3369 3549 3441 quasi
3576 3368 3772 3425 dimis-

2151 3482 2278 3520 sum
2309 3465 2552 3520 ecclesia
2597 3465 2744 3520 inter
2793 3466 3088 3520 facultates
3131 3465 3380 3520 ecclesia
3423 3463 3776 3534 computabi-

2152 3563 2265 3628 tur,
2307 3559 2442 3629 quia
2460 3559 2682 3628 justum
2721 3562 2825 3626 est,
2860 3567 2918 3614 ut
2947 3560 3090 3614 sicut
3123 3559 3379 3613 sacerdos
3420 3557 3590 3612 habet
3620 3557 3777 3628 quod

2152 3653 2396 3708 ecclesia
2422 3653 2720 3707 dimissum
2762 3657 2864 3720 est,
2897 3655 2977 3707 ita
3021 3655 3079 3706 et
3115 3651 3349 3708 ecclesia
3378 3652 3586 3706 habeat
3620 3649 3778 3721 quod

2152 3746 2495 3817 relinquitur
2518 3745 2818 3801 sacerdoti.
2851 3746 2999 3801 Sane
3030 3745 3304 3817 quidquid
3331 3761 3434 3816 per
3459 3745 3590 3799 ﬁdei
3619 3760 3775 3798 com-

2153 3841 2391 3895 missum
2419 3842 2517 3893 aut
2542 3839 2842 3908 sacerdoti,
2870 3845 2966 3894 aut
2991 3839 3240 3894 ecclesia
3265 3839 3504 3894 fortasse
3536 3837 3775 3892 dimitti-

2156 3937 2247 3988 tur
2267 3933 2580 4004 cuicunque
2609 3933 2703 3987 alii
2729 3934 3089 4004 postmodum
3127 3932 3508 4004 profuturum,
3544 3931 3602 3986 id
3628 3931 3780 3986 inter

2152 4027 2440 4084 facultates
2465 4043 2588 4082 suas
2619 4027 2855 4082 ecclesia
2879 4033 3224 4099 computare,
3251 4030 3348 4081 aut
3381 4027 3628 4081 retinere
3664 4041 3779 4080 non

2153 4121 2382 4194 poterit.

2229 4217 2335 4270 VII.
2382 4216 2624 4270 Casellas
2667 4231 2802 4270 vero
2847 4217 2934 4270 vel
2987 4215 3327 4286 mancipiola
3379 4214 3628 4270 ecclesia
3668 4213 3782 4285 epi-

2154 4310 2329 4381 scopi,
2359 4310 2504 4364 sicut
2532 4309 2714 4380 prisca
2741 4325 3026 4364 canonum
3049 4310 3318 4381 pracepit
3342 4308 3669 4375 auctoritas,
3698 4307 3782 4362 vel

2154 4420 2282 4458 vasa
2311 4402 2633 4471 ministerii,
2664 4403 2825 4474 quasi
2856 4404 3254 4458 commendata
3292 4402 3446 4458 ﬁdeli
3490 4400 3781 4473 proposito

2156 4497 2213 4552 in
2242 4498 2467 4566 integro
2507 4496 2756 4551 ecclesia
2789 4497 2920 4567 jure
2962 4497 3258 4568 possideat,
3299 4496 3358 4550 id
3401 4499 3485 4551 est
3511 4499 3572 4550 ut
3595 4510 3780 4566 neque

499 4597 585 4652 III.
618 4591 881 4667 Episcopi
901 4607 1032 4647 vero
1063 4591 1106 4645 si
1133 4590 1462 4646 sacerdotali
1486 4590 1881 4645 moderatione
1907 4594 2059 4661 post-
2075 4593 2135 4665 D
2159 4591 2422 4659 vendere,
2448 4607 2634 4661 neque
2656 4607 2758 4661 per
2783 4607 3150 4661 quoscunque
3177 4593 3496 4645 contractus
3517 4605 3605 4643 res
3630 4588 3782 4643 unde

428 4691 632 4762 posita,
680 4689 1027 4754 innocentes,
1079 4689 1178 4740 aut
1215 4684 1469 4740 minimis
1515 4684 1696 4739 causis
1751 4683 2060 4755 culpabiles

430 4783 921 4840 cxcommunicare
947 4779 1436 4851 prasumpserint,
1468 4784 1565 4834 aut
1602 4779 1673 4832 ad
1705 4778 1948 4848 gratiam
1975 4779 2056 4832 fe-

430 4878 702 4932 stinantes
732 4877 985 4948 recipere
1014 4875 1250 4929 fortasse
1283 4873 1590 4939 noluerint,
1635 4889 1668 4925 a
1696 4871 1893 4925 vicinis
1937 4872 2056 4942 epi-

431 4971 613 5042 scopis
638 4969 941 5040 cujuslibet
967 4966 1269 5040 provincia
1303 4966 1506 5019 littcris
1535 4971 1898 5033 moneantur,
1931 4969 1986 5018 et
2013 4965 2056 5018 si

428 5079 662 5138 parcere
689 5063 994 5129 noluerint,
1027 5059 1350 5116 communio
1371 5059 1480 5113 illis
1512 5059 1582 5112 ad
1607 5062 1828 5128 tempus
1857 5057 2060 5128 synodi

429 5175 461 5214 a
486 5156 721 5228 reliquis
757 5155 1036 5227 episcopis
1072 5156 1404 5224 denegetur,
1444 5168 1515 5206 ne
1552 5152 1788 5206 fortasse
1822 5156 2061 5222 propter

434 5249 1004 5307 excommunicatoris
1045 5254 1336 5319 peccatum
1372 5244 1844 5302 excommunicati
1882 5245 2057 5315 longo

432 5350 693 5417 tempore
723 5347 908 5398 morte
930 5342 1373 5412 praveniantur.

503 5441 590 5495 IV.
638 5436 833 5492 Clerici
889 5435 1060 5490 etiam
1113 5437 1199 5490 vel
1253 5436 1546 5490 saeculares
1598 5433 1694 5505 qui
1747 5432 2060 5488 oblationes

430 5535 733 5606 parentum
761 5533 859 5586 aut
886 5527 1139 5598 donatas,
1175 5533 1273 5583 aut
1299 5532 1642 5583 testamento
1675 5528 1899 5582 relictas
1922 5527 2058 5581 reti-

431 5645 568 5684 nere
597 5623 972 5698 perstiterint,
999 5625 1097 5676 aut
1123 5621 1179 5676 id
1209 5621 1360 5692 quod
1388 5621 1493 5692 ipsi
1515 5622 1867 5676 donaverunt
1892 5619 2060 5675 eccle-

429 5722 525 5777 siis
573 5722 660 5776 vel
698 5715 1059 5776 monasteriis
1115 5715 1412 5770 crediderit
1451 5717 1866 5782 auferendum,
1917 5714 2060 5768 sicut

427 5814 677 5884 synodus
704 5816 900 5870 sancta
929 5808 1242 5876 constituit,
1294 5807 1450 5861 velut
1486 5813 1782 5862 necatores
1839 5823 2056 5879 paupe-

430 5922 556 5959 rum
588 5923 877 5979 quousque
903 5903 1168 5974 reddant,
1200 5901 1270 5956 ab
1301 5897 1539 5956 ecclesia
1563 5900 1950 5956 excludantur.

2159 4700 2438 4756 pauperes
2467 4683 2664 4737 vivunt
2691 4683 2939 4738 alienare
2960 4687 3339 4753 prasumant;
3361 4683 3508 4754 quod
3532 4682 3577 4735 si
3598 4697 3786 4736 neces-

2160 4777 2290 4832 sitas
2330 4777 2690 4848 compulerit,
2749 4782 2809 4831 ut
2859 4793 2960 4847 pro
3000 4777 3244 4832 ecclesia
3284 4775 3640 4845 necessitate,
3687 4779 3785 4830 aut

2161 4871 2420 4941 utilitate,
2472 4872 2559 4926 vel
2610 4871 2934 4925 usufructus
2987 4871 3072 4925 vel
3135 4871 3410 4926 indirecta
3457 4869 3782 4924 venditione

2159 4965 2373 5036 aliquid
2400 4965 2770 5032 distrahatur,
2798 4964 2953 5035 apud
2989 4965 3127 5018 duos
3157 4965 3243 5018 vel
3281 4967 3394 5018 tres
3420 4962 3782 5034 comprovin—

2159 5059 2326 5112 ciales
2355 5059 2438 5112 vel
2479 5058 2689 5112 vicinos
2743 5058 3035 5129 episcopos
3083 5075 3250 5113 causa
3293 5075 3406 5128 qua
3443 5073 3671 5112 necesse
3716 5057 3790 5112 sit

2159 5152 2323 5206 vendi
2349 5151 2612 5222 primitus
2653 5153 3071 5223 comprobetur,
3121 5156 3182 5206 ut
3213 5151 3406 5206 habita
3443 5150 3790 5206 discussione

2161 5245 2512 5314 sacerdotali,
2571 5261 2768 5300 eorum
2810 5245 3224 5316 subscriptione
3273 5262 3399 5316 qua
3436 5246 3586 5300 facta
3621 5243 3793 5300 fuerit

2160 5338 2409 5393 venditio
2447 5338 2762 5407 roboretur,
2808 5339 2971 5393 aliter
3014 5339 3161 5394 facta
3208 5339 3458 5394 venditio
3495 5339 3581 5393 vel
3610 5343 3794 5392 trans-

2161 5431 2304 5485 actio
2341 5447 2456 5485 non
2497 5430 2725 5485 valebit.
2777 5431 2922 5486 Sane
2951 5432 2996 5485 si
3043 5447 3182 5502 quos
3209 5433 3279 5486 de
3321 5431 3494 5486 servis
3540 5431 3792 5486 ecclesia

2161 5526 2307 5579 bene
2338 5524 2567 5580 meritos
2597 5523 2701 5577 sibi
2733 5524 3030 5596 episcopus
3062 5525 3314 5580 libertati
3345 5524 3655 5590 donaverit,
3685 5524 3794 5578 col-

2159 5619 2330 5673 latam
2373 5635 2406 5671 a
2449 5618 2860 5672 successoribus
2904 5618 3221 5673 libertatem
3262 5619 3474 5690 placuit
3521 5617 3794 5672 custodiri

2161 5729 2292 5766 cum
2319 5712 2425 5766 hoc
2454 5712 2608 5783 quod
2635 5713 2713 5765 eis
2745 5713 3128 5768 manumissor
3156 5713 3215 5767 in
3252 5712 3509 5768 libertate
3535 5711 3793 5766 contule-

2161 5806 2255 5876 rit,
2284 5807 2434 5878 quod
2469 5809 2658 5860 tamen
2677 5806 2947 5877 jubemus
2990 5806 3191 5878 viginti
3228 5807 3542 5862 solidorum
3567 5805 3794 5860 numeri

2162 5901 2398 5956 modum
2437 5899 2493 5954 in
2528 5901 2752 5971 .terrula
2796 5899 3040 5969 vineola,
3091 5901 3177 5957 vel
3221 5900 3529 5974 hospitiolo
3574 5903 3790 5971 tenere,
