4054 6308
229 376 296 427 40
309 377 323 425 l
1457 370 1856 426 DECRETALII.

1970 369 2346 428 BOLLECTIO.
3486 384 3589 438 402

226 479 383 550 quod
414 477 660 549 amplius
687 477 886 532 datum
907 477 1082 531 fuerit
1105 481 1237 548 post
1257 475 1691 532 manumissoris
1711 493 1861 532 mor-
1881 490 1940 564 Α
1960 477 2114 532 ribus
2138 495 2312 549 quam
2353 479 2559 550 viginti
2597 481 2849 555 quinque
2889 498 3172 538 annorum
3202 485 3432 557 penitus
3475 496 3600 544 non

226 576 349 628 tem
381 571 632 627 ecclesia
662 572 972 626 revocetur.
1000 570 1181 626 Minus
1232 570 1396 625 utiles
1424 571 1741 642 peregrinis
1770 571 1859 626 vel
1959 571 2302 642 committat,
2335 589 2469 627 sane
2512 573 2558 628 si
2596 575 2890 646 conjugati
2923 576 3165 647 juvenes
3207 581 3598 638 consenserint

226 665 445 721 clericis
471 666 622 720 salvo
647 664 776 736 jure
807 663 1057 719 ecclesia
1100 663 1163 719 in
1200 679 1370 719 usum
1420 666 1689 736 praestare
1735 681 1858 737 per-

223 759 527 816 mittimus.

297 854 430 910 VIII.
461 853 523 908 Id
553 852 728 907 etiam
756 852 989 924 placuit,
1023 856 1089 907 ut
1114 852 1161 907 si
1193 851 1430 907 clericus
1455 851 1651 907 relicto
1674 853 1858 908 ofﬁcio

224 964 329 1002 suo
382 950 619 1018 propter
662 946 1078 1002 districtionem
1124 946 1196 1000 ad
1239 946 1569 1000 saecularem
1619 946 1858 1003 fortasse

224 1042 572 1112 confugerit,
605 1044 663 1096 et
689 1041 736 1095 is
759 1041 831 1095 ad
859 1057 1031 1112 quem
1077 1041 1318 1096 recurrit
1361 1040 1628 1095 solatium
1669 1041 1722 1095 ei
1757 1041 1855 1095 de-

222 1134 502 1190 fensionis
527 1134 892 1206 impenderit,
921 1151 1052 1190 cum
1081 1134 1286 1190 eodem
1315 1134 1384 1190 de
1412 1134 1668 1189 ecclesia
1699 1150 1856 1189 com-

221 1229 505 1284 munione
528 1228 786 1300 pellatur.

294 1325 382 1378 IX.
414 1322 634 1377 Placuit
675 1322 865 1392 etiam,
914 1326 980 1376 ut
1031 1321 1078 1376 si
1121 1321 1439 1394 presbyteri
1487 1323 1576 1376 vel
1629 1321 1857 1378 diac'oni

221 1415 520 1487 conjugati
568 1416 640 1471 ad
682 1421 872 1470 torum
915 1432 1162 1471 uxorum
1186 1432 1417 1471 suarum
1449 1415 1633 1472 redire
1657 1416 1855 1471 volue-

219 1511 360 1578 rint,
402 1526 567 1581 papa
609 1509 926 1565 Innocentii
949 1509 1255 1580 ordinatio,
1285 1509 1372 1565 vel
1398 1508 1582 1565 Siricii
1607 1509 1858 1581 episcopi

224 1603 536 1658 auctoritas
561 1605 954 1670 conservetur;
986 1603 1136 1674 quod
1175 1603 1222 1657 si
1249 1603 1320 1659 ad
1349 1603 1572 1674 aliquos
1612 1603 1859 1658 formula

218 1697 321 1751 illa
346 1696 740 1752 ecclesiasticae
767 1696 916 1764 vita,
960 1697 1175 1768 pariter
1219 1698 1277 1750 et
1324 1696 1634 1767 disciplina
1673 1713 1798 1768 qua
1824 1713 1858 1751 a

221 1789 420 1845 Siricio
449 1790 713 1861 episcopo
742 1790 812 1844 ad
838 1788 1159 1861 provincias
1185 1789 1542 1857 commeavit,
1570 1806 1688 1844 non
1720 1806 1855 1862 pro-

1960 665 2229 734 ordinari,
2263 670 2321 721 et
2344 683 2584 722 uxorum
2611 667 2869 724 voluntas
2896 670 2976 724 ita
3003 670 3347 742 requirenda
3387 678 3492 746 est,
3527 678 3594 732 ut

1961 763 2312 828 sequestrato
2340 760 2655 815 mansionis
2679 762 2956 831 cubiculo,
2977 764 3253 835 religione
3277 767 3589 838 pramissa,

1957 855 2324 923 posteaquam
2369 853 2583 924 pariter
2621 855 2875 911 conversi
2900 856 3136 928 fuerint,
3162 859 3517 917 ordinentur.

2026 945 2182 1000 XVII.
2217 945 2614 1017 Presbyterum
2660 964 2790 1004 vero
2836 950 2922 1004 vel
2971 951 3302 1023 episcopum
3330 957 3461 1010 ante
3489 955 3591 1010 tri-

1961 1037 2122 1110 ginta
2153 1055 2351 1106 annos,
2385 1039 2442 1094 id
2471 1043 2557 1095 est
2584 1044 2891 1113 antequam
2935 1044 3006 1099 ad
3047 1045 3152 1099 viri
3188 1046 3426 1117 perfecti
3450 1051 3590 1104 ata-

1959 1134 2075 1186 tem
2115 1132 2428 1204 perveniat,
2477 1133 2665 1189 nullus
2710 1137 3284 1207 metrOpolitanorum
3329 1141 3591 1196 ordinare

1956 1231 2284 1296 prasumat,
2313 1242 2385 1281 ne
2415 1243 2517 1297 per
2547 1231 2774 1283 atatem
2822 1228 2996 1300 (quod
3039 1231 3340 1306 aliquoties
3381 1235 3588 1305 evenit)

1956 1318 2148 1389 aliquo
2178 1335 2370 1373 errore
2397 1321 2714 1391 culpentur.

2027 1413 2198 1466 XVIII.
2247 1412 2558 1469 Saculares
2598 1414 2697 1486 qui
2741 1414 2804 1470 in
2851 1416 3028 1471 natali
3068 1418 3310 1487 Domini,
3353 1420 3587 1490 Pascha,

1957 1507 2285 1561 Pentecoste
2313 1523 2431 1562 non
2453 1508 3018 1579 communicaverint,
3048 1511 3307 1567 catholici
3330 1528 3446 1569 non
3471 1529 3592 1570 cre-

1958 1597 2185 1670 dantur,
2217 1616 2322 1655 nec
2344 1599 2494 1656 inter
2517 1601 2826 1656 catholicos
2855 1603 3197 1660 habeantur.

2029 1693 2154 1748 XIX.
2186 1693 2675 1764 Sanctimoniales,
2717 1696 3144 1766 quantumlibet
3168 1697 3281 1753 vita
3307 1715 3506 1754 eorum
3537 1704 3595 1756 et

1957 1801 2149 1840 mores
2173 1787 2396 1857 probati
2426 1787 2560 1854 sint,
2588 1791 2721 1843 ante
2746 1805 2965 1844 annum
2996 1791 3181 1846 aetatis
3210 1808 3327 1846 sua
3357 1793 3596 1867 quadra-

219 1883 454 1939 babitur
479 1883 819 1954 pervenisse,
854 1883 908 1938 ei
937 1884 1102 1953 signo
1133 1883 1371 1938 rationis
1415 1883 1583 1938 venia
1613 1884 1854 1939 remitti-
1878 1861 1934 1932 Β
1959 1878 2245 1949 gesimum
2274 1897 2392 1936 non
2422 1882 2699 1937 velentur.

221 1982 335 2043 tur,
368 1977 445 2030 ita
465 1979 530 2031 ut
554 1977 622 2031 de
650 1981 854 2031 catero
885 1976 1112 2047 penitus
1148 1976 1424 2047 incipiant
1467 1976 1770 2044 abstinere,
1803 1980 1860 2032 et

221 2069 306 2124 ita
329 2070 539 2141 gradus
563 2085 693 2124 suos
731 2069 790 2124 in
821 2069 1028 2141 quibus
1070 2069 1288 2124 inventi
1333 2069 1549 2124 fuerint
1594 2069 1672 2124 sic
1721 2070 1856 2124 reti-

223 2167 417 2232 neant,
442 2166 510 2217 ut
533 2162 604 2217 ad
634 2163 855 2234 potiora
897 2163 977 2218 eis
1008 2179 1122 2216 non
1166 2163 1334 2217 liceat
1367 2163 1698 2232 ascendere,
1727 2164 1856 2235 qui-

218 2255 327 2310 bus
355 2256 415 2310 in
439 2256 716 2311 beneﬁcio
734 2272 854 2312 esse
874 2255 1060 2326 debet,
1085 2256 1236 2327 quod
1258 2256 1448 2311 locum
1472 2255 1663 2327 ipsum
1683 2272 1857 2328 quem

220 2350 475 2404 retinent
501 2366 616 2404 non
654 2349 953 2416 amittunt;
984 2350 1029 2403 si
1071 2349 1171 2420 qui
1197 2352 1390 2403 autem
1420 2350 1588 2406 scisse
1613 2350 1858 2405 formam

218 2443 446 2498 vivendi
471 2443 702 2499 missam
743 2461 778 2498 a
817 2447 1012 2498 sancto
1061 2442 1255 2498 Siricio
1296 2443 1558 2515 episcopo
1589 2444 1859 2516 detegun-

218 2541 336 2606 tur,
367 2553 551 2609 neque
577 2538 765 2592 statim
807 2535 1145 2608 cupiditates
1173 2535 1423 2590 libidinis
1450 2536 1744 2608 abjecisse,
1774 2537 1858 2592 illi

220 2635 356 2686 sunt
402 2631 588 2686 modis
623 2630 885 2708 omnibus
911 2629 1297 2698 submovendi,
1327 2646 1392 2684 eo
1423 2631 1575 2702 quod
1606 2634 1735 2702 post
1762 2631 1860 2685 ad-

219 2725 603 2781 monitionem
629 2725 918 2796 cognitam
957 2723 1403 2795 praponendam
1440 2724 1697 2779 arbitrati
1725 2729 1860 2780 sunt

221 2819 593 2890 voluptatem.

296 2914 356 2967 X.
389 2913 448 2970 Id
490 2913 663 2968 etiam
714 2913 783 2968 ad
828 2911 1260 2967 custodiendam
1303 2911 1476 2966 vitam
1531 2913 1589 2965 et
1637 2911 1856 2966 famam

219 2993 452 3078 speciali
485 3005 844 3061 ordinatione
887 3004 1270 3076 pracipimus,
1302 3008 1368 3058 ut
1395 3005 1584 3058 nullus
1627 3004 1856 3060 clerico-

218 3117 352 3154 rum
381 3103 664 3154 extranea
708 3097 931 3153 mulieri
970 3097 1225 3169 qualibet
1268 3097 1585 3165 collatione,
1632 3102 1730 3152 aut
1773 3098 1854 3152 fa-

216 3193 545 3248 miliaritate
565 3192 866 3263 jungatur,
899 3198 956 3247 et
999 3208 1118 3246 non
1167 3192 1350 3246 solum
1393 3191 1453 3244 in
1494 3192 1661 3246 domo
1701 3191 1854 3246 illius
1875 3232 1931 3306 Ο

228 3291 489 3306 -_.1____-_
530 3285 732 3306 #__12-_.
756 3301 865 3306 ..--
912 3284 1134 3306 ,---.¹Ι-Ι.
1192 3283 1286 3306 --Δ
1319 3299 1419 3306 μ..-
1448 3283 1565 3306 2..--
1601 3284 1827 3306 Ω.-....--,...

220 3291 497 3342 extranea
526 3285 733 3341 mulier
756 3301 871 3339 non
906 3284 1157 3354 accedat,
1191 3283 1291 3338 sed
1319 3299 1422 3338 nec
1448 3283 1569 3354 ipse
1598 3284 1857 3356 frequen-

218 3378 382 3434 tandi
417 3382 746 3433 extraneam
786 3377 1087 3433 mulierem
1123 3377 1328 3432 habeat
1356 3380 1722 3448 potestatem;
1757 3378 1856 3432 sed

217 3489 351 3528 cum
400 3477 584 3528 matre
624 3476 868 3540 tantum,
902 3487 1112 3539 sorore,
1145 3470 1262 3525 filia
1303 3471 1390 3525 vel
1433 3474 1623 3542 nepte,
1667 3470 1714 3525 si
1753 3471 1853 3526 ha-

218 3566 432 3633 buerit,
466 3570 566 3620 aut
593 3565 834 3620 voluerit
867 3564 1092 3620 vivendi
1119 3564 1358 3620 liberam
1389 3565 1560 3620 habet
1600 3567 1853 3635 potesta-

217 3663 359 3728 tem,
392 3659 464 3714 de
496 3658 703 3730 quibus
731 3658 1056 3714 nominibus
1075 3659 1236 3714 nefas
1257 3662 1342 3713 est
1368 3657 1524 3712 aliud
1551 3674 1727 3730 quam
1759 3674 1857 3713 na-

217 3758 351 3809 tura
382 3752 672 3808 constituit
697 3752 995 3823 suspicari.

295 3848 380 3902 XI.
407 3846 647 3904 Ancillas
673 3846 759 3900 vel
787 3846 1020 3901 libertas
1049 3861 1082 3898 a
1117 3844 1346 3900 cellario
1373 3846 1461 3900 vel
1491 3849 1704 3900 secreto
1745 3843 1854 3898 mi-

215 3941 482 4008 nisterio,
509 3943 565 3996 et
587 3940 658 3994 ab
685 3939 885 3994 eadem
917 3938 1209 3994 mansione
1234 3938 1295 3993 in
1321 3955 1437 4010 qua
1466 3938 1702 3994 clericus
1732 3955 1852 3992 ma-

219 4039 340 4104 net,
369 4034 584 4106 placuit
610 4033 900 4089 removeri.

292 4129 399 4185 XII.
428 4124 642 4183 Placuit
689 4127 878 4194 etiam,
932 4129 998 4181 ut
1043 4142 1239 4181 omnes
1283 4125 1551 4196 ecclesiae,
1611 4127 1858 4198 exceptis

219 4222 425 4278 diebus
453 4219 761 4276 Dominicis
801 4219 862 4274 in
906 4218 1362 4291 quadragesima,
1395 4219 1568 4274 etiam
1601 4220 1692 4275 die
1718 4221 1854 4276 Sab-

215 4317 370 4382 bato,
399 4313 734 4370 sacerdotali
765 4313 1043 4381 oratione,
1071 4315 1130 4368 et
1163 4312 1518 4368 discretionis
1547 4313 1857 4369 commina-

214 4411 369 4464 tione
391 4408 680 4479 jejunent.

287 4503 417 4558 XIII.
449 4500 782 4572 Symbolum
814 4500 986 4556 etiam
1028 4499 1244 4571 placuit
1269 4499 1340 4553 ab
1366 4500 1636 4554 omnibus
1673 4500 1854 4554 eccle-

2027 1973 2129 2027 XX.
2159 1973 2361 2030 Clerici
2388 1974 2487 2046 qui
2516 1991 2741 2030 comam
2765 1977 3044 2040 nutriunt,
3070 1979 3141 2033 ab
3166 1979 3590 2052 archidiacono,

1959 2065 2182 2120 etiamsi
2214 2067 2518 2136 noluerint,
2559 2068 2720 2123 inviti
2763 2070 3210 2142 detondeantur;
3254 2075 3592 2130 vestimenta

1957 2159 2044 2213 vel
2073 2160 2438 2216 calciamenta
2467 2161 2643 2216 etiam
2673 2163 2775 2231 eis,
2805 2163 2915 2218 nisi
2938 2180 3067 2236 qua
3110 2165 3450 2240 religionem
3486 2168 3587 2224 de-

1957 2258 2145 2321 ceant,
2174 2254 2258 2308 uti
2287 2258 2384 2309 aut
2413 2255 2625 2310 habere
2649 2271 2764 2310 non
2793 2257 2982 2312 liceat.

2028 2347 2155 2401 XXI.
2213 2347 2268 2402 Si
2314 2348 2440 2419 quis
2488 2349 2663 2405 etiam
2706 2352 2866 2406 extra
2910 2353 3216 2422 parochias
3263 2355 3324 2409 in
3384 2357 3592 2428 quibus

1956 2439 2246 2511 legitimus
2266 2444 2354 2495 est
2377 2442 2812 2514 ordinariusque
2843 2449 3175 2514 conventus,
3201 2449 3509 2505 oratorium
3529 2452 3592 2506 in

1955 2549 2096 2602 agro
2123 2533 2334 2588 habere
2377 2535 2636 2604 voluerit,
2691 2536 2923 2608 reliquis
2965 2538 3378 2611 festivitatibus,
3418 2546 3485 2597 ut
3514 2542 3592 2598 ibi

1956 2625 2158 2681 missas
2200 2631 2398 2682 teneat
2440 2633 2678 2700 propter
2722 2629 3123 2702 fatigationem
3156 2632 3393 2688 familia
3425 2635 3592 2706 juxta

1959 2720 2221 2776 ordinem
2252 2721 2658 2792 permittimus,
2688 2724 2899 2778 Pascha
2926 2740 3078 2793 vero,
3118 2726 3295 2781 natali
3338 2729 3589 2797 Domini,

1957 2814 2296 2884 Epiphania,
2328 2816 2669 2871 Ascensione
2711 2817 2954 2885 Domini,
2997 2820 3345 2888 Pentecoste,
3392 2825 3451 2876 et
3488 2839 3587 2876 na-

1958 2907 2056 2962 tali
2094 2901 2271 2962 sancti
2297 2908 2524 2963 Joannis
2555 2909 2840 2980 Baptista,
2870 2914 2926 2966 et
2955 2911 3002 2965 si
3029 2928 3156 2983 qua
3194 2914 3440 2970 maxime
3469 2915 3590 2970 dies

1957 3000 2016 3054 in
2061 3000 2453 3057 festivitatibus
2490 3003 2796 3073 habentur,
2848 3021 2965 3059 non
3009 3005 3118 3060 nisi
3157 3006 3218 3060 in
3249 3006 3588 3077 civitatibus,

1959 3097 2058 3150 aut
2081 3095 2364 3165 parochiis
2388 3100 2636 3165 teneant,
2670 3097 2856 3152 clerici
2900 3115 3034 3154 vero
3066 3099 3112 3154 si
3139 3100 3235 3171 qui
3270 3101 3331 3155 in
3373 3101 3590 3156 festivi-

1957 3188 2170 3243 tatibus
2200 3205 2338 3259 quas
2367 3206 2541 3260 supra
2570 3190 2816 3246 diximus
2836 3191 2896 3246 in
2917 3192 3196 3262 oratoriis,
3223 3193 3332 3248 nisi
3350 3194 3592 3265 jubente

1954 3286 2052 3336 aut
2080 3281 2448 3352 permittente
2477 3284 2762 3355 episcopo,
2794 3285 2979 3340 facere
3025 3289 3126 3340 aut
3172 3291 3369 3342 tenere
3396 3289 3589 3344 volue-

1954 3375 2089 3442 rint,
2117 3392 2149 3428 a
2175 3376 2573 3432 communione
2601 3377 2902 3448 pellantur.

2026 3469 2179 3523 XXII.
2209 3471 2276 3525 Et
2303 3468 2438 3524 licet
2457 3470 2811 3541 superﬂuum
2838 3471 2911 3525 sit
2932 3472 3002 3527 de
3020 3489 3082 3527 re
3107 3476 3243 3528 nota
3264 3477 3322 3528 et
3339 3475 3588 3547 antiquis

1954 3562 2264 3616 canonibus
2290 3562 2596 3633 prohibita,
2630 3564 2842 3636 aliquid
2873 3565 3075 3620 iterato
3106 3566 3365 3634 deﬁnire,
3393 3573 3587 3624 tamen

1954 3659 2020 3710 ut
2055 3655 2275 3710 facilius
2304 3656 2597 3728 cupiditas,
2626 3663 2724 3712 aut
2750 3658 3085 3729 improbitas
3120 3660 3493 3730 reprimatur,
3525 3662 3589 3718 id

1957 3748 2259 3804 statuimus
2285 3749 2440 3821 quod
2467 3766 2663 3806 omnes
2701 3751 2928 3822 jubent,
2962 3755 3025 3806 ut
3051 3751 3441 3819 civitanenses,
3476 3753 3592 3811 sive

1955 3842 2255 3898 dioecesani
2278 3843 2613 3915 presbyteri,
2637 3845 2724 3899 vel
2752 3845 2962 3916 clerici,
2985 3846 3134 3901 salvo
3154 3847 3284 3918 jure
3314 3847 3588 3919 ecclesia,

1955 3953 2078 3991 rem
2131 3937 2380 3993 ecclesiae
2428 3937 2588 4008 (sicut
2617 3939 2998 4010 permiserunt
3035 3940 3303 4013 episcopi)
3331 3944 3590 4011 teneant,

1955 4031 2222 4098 vendere,
2250 4034 2349 4086 aut
2376 4033 2586 4088 donare
2614 4033 2844 4104 penitus
2872 4050 2987 4089 non
3024 4037 3400 4106 prasumant;
3436 4036 3592 4108 quod

1957 4124 2001 4178 si
2030 4125 2290 4192 fecerint,
2324 4130 2380 4181 et
2409 4127 2557 4181 facta
2603 4127 2860 4181 venditio
2905 4144 3019 4182 non
3064 4128 3290 4196 valebit,
3321 4131 3379 4182 et
3407 4129 3478 4184 de
3503 4129 3592 4184 fa-

1957 4219 2277 4287 cultatibus,
2307 4219 2353 4274 si
2383 4236 2526 4290 quas
2553 4220 2765 4275 habent
2783 4221 3040 4292 proprias
3060 4221 3395 4277 indemnem
3422 4223 3595 4278 eccle-

1957 4313 2102 4366 siam
2129 4313 2387 4380 reddant,
2421 4316 2476 4367 et
2501 4313 2908 4369 communione
2936 4314 3248 4385 priventur.
3281 4307 3325 4393 /

2028 4406 2200 4460 XXIII.
2232 4405 2638 4476 Episcoporum
2661 4407 2834 4461 etiam
2852 4423 3100 4479 quorum
3128 4407 3240 4463 vita
3263 4425 3378 4462 non
3400 4425 3596 4479 repre-

1956 4498 2245 4566 henditur,
2285 4499 2662 4569 posteriorem
2699 4499 2873 4570 priori
2907 4501 3098 4555 nullus
3119 4499 3244 4574 96
3267 4503 3588 4572 praponat,

215 4596 315 4652 siis
338 4612 456 4650 una
485 4595 594 4663 die,
625 4594 686 4649 id
724 4598 808 4649 est
834 4597 966 4649 ante
1016 4598 1141 4648 octo
1168 4592 1286 4648 dies
1323 4593 1637 4647 Dominica
1662 4610 1854 4648 resur-
1875 4603 1934 4676 D
1958 4591 2064 4647 nisi
2089 4592 2234 4648 forte
2266 4593 2446 4646 ela‘tus
2465 4592 2748 4663 superbia,
2773 4594 2924 4664 quod
2944 4611 3049 4664 pro
3071 4594 3398 4650 necessitate
3420 4593 3596 4648 eccle-

219 4689 509 4758 rectionis,
541 4688 764 4760 publice
804 4687 864 4742 in
898 4687 1132 4743 ecclesia
1161 4686 1615 4758 competentibus
1645 4686 1854 4758 pradi-

221 4800 371 4840 care.
392 4761 441 4856 \

293 4876 421 4933 XIV.
449 4875 670 4931 Altaria
692 4874 901 4947 placuit
928 4891 1043 4930 non
1071 4875 1259 4930 solum
1285 4875 1557 4930 unctione
1587 4874 1856 4930 chrisma-

223 4972 312 5039 tis,
341 4972 440 5028 sed
470 4970 647 5025 etiam
676 4969 1002 5025 sacerdotali
1030 4967 1429 5024 benedictione
1479 4967 1709 5024 sacrari.

290 5067 397 5121 XV.
451 5064 793 5120 Panitentes
835 5067 1096 5134 tempore
1141 5079 1256 5134 quo
1306 5062 1703 5134 paenitentiam
1754 5080 1854 5136 pe-

216 5163 366 5230 tunt,
408 5143 837 5230 impositionem
866 5173 1106 5212 manum
1154 5161 1212 5212 et
1251 5156 1496 5212 cilicium
1549 5174 1722 5230 super
1762 5175 1853 5213 ca-

216 5257 378 5326 puta
402 5252 717 5320 sacerdote,
744 5251 889 5306 sicut
917 5250 1130 5321 ubique
1161 5250 1530 5306 constitutum
1577 5255 1682 5318 est,
1715 5268 1854 5307 con-

214 5348 576 5417 sequantur:
606 5345 650 5400 si
691 5349 886 5400 autem
935 5360 1124 5398 comas
1173 5359 1290 5398 non
1329 5344 1718 5415 deposuerint,
1761 5350 1858 5401 aut

214 5440 556 5494 vestimenta
585 5455 702 5493 non
728 5436 1093 5504 mutaverint,
1145 5435 1499 5507 abjiciantur,
1531 5442 1587 5492 et
1612 5437 1720 5492 nisi
1767 5438 1853 5492 di-

217 5549 333 5605 gne
359 5531 752 5604 poenituerint,
783 5546 898 5585 non
925 5529 1306 5600 recipiantur;
1348 5528 1655 5600 juvenibus
1685 5530 1857 5584 etiam

214 5625 560 5699 pauitantia
586 5642 702 5681 non
732 5624 896 5680 facile
924 5622 1336 5678 committenda
1363 5625 1449 5678 est
1473 5627 1702 5696 propter
1723 5626 1856 5679 ata-

211 5721 288 5777 tis
313 5720 704 5792 fragilitatem,
733 5718 999 5774 viaticum
1026 5720 1219 5772 tamen
1265 5716 1325 5770 in
1369 5720 1552 5772 morte
1592 5717 1856 5773 omnibus

214 5814 416 5886 positis
445 5831 564 5869 non
586 5813 936 5884 negandum.

291 5907 422 5963 XVI.
470 5907 778 5980 Episcopus
827 5904 1288 5962 benedictionem
1317 5904 1648 5960 diaconatus
1677 5904 1856 5961 mino-

1958 4686 2053 4741 sia
2070 4685 2365 4757 episcopus
2373 4686 2608 4756 jusserit
2623 4685 2883 4756 implere,
2899 4691 3247 4754 contemnat,
3261 4703 3392 4741 sane
3409 4685 3455 4740 si
3472 4685 3592 4741 offi-

1957 4780 2108 4835 cium
2128 4778 2625 4835 archidiaconatus
2644 4783 2876 4851 propter
2897 4779 3300 4851 simpliciorem
3326 4783 3591 4835 naturam

1958 4873 2214 4945 implere,
2239 4877 2340 4928 aut
2370 4873 2636 4946 expedire
2685 4872 3029 4945 nequiverit,
3075 4873 3170 4927 ille
3195 4873 3305 4928 loci
3348 4872 3433 4928 sui
3480 4889 3588 4928 no-

1956 4984 2089 5023 men
2119 4972 2315 5023 teneat
2338 4970 2396 5022 et
2424 4967 2840 5023 ordinationem
2867 4966 3118 5023 ecclesia
3147 4983 3320 5039 quem
3351 4967 3594 5040 elegerit

1957 5061 2252 5133 episcopus
2276 5061 2756 5133 praeponendum.
3115 5046 3120 5049 ’

2030 5155 2204 5211 XXIV.
2229 5157 2310 5209 De
2338 5155 2605 5226 expositis
2623 5154 2868 5209 inventis
2912 5154 2968 5210 id
2996 5154 3413 5210 observandum
3442 5155 3594 5228 quod

1950 5248 2291 5320 jamdudum
2317 5248 2568 5319 synodus
2596 5253 2793 5303 sancta
2819 5248 3127 5304 constituit.

2027 5342 2176 5398 XXV.
2210 5342 2268 5397 Si
2313 5358 2445 5397 vero
2496 5341 2797 5396 saculares
2853 5342 2953 5413 qui
3009 5342 3304 5414 conjugale
3358 5360 3596 5400 consor-

1956 5437 2102 5491 tium
2133 5436 2300 5507 culpa
2327 5435 2577 5506 graviori
2603 5434 2916 5506 dimittunt,
2934 5436 3022 5493 vel
3040 5437 3211 5493 etiam
3231 5437 3594 5505 dimiserunt,

1957 5534 2014 5584 et
2041 5529 2230 5584 nullas
2272 5545 2464 5583 causas
2513 5527 2729 5582 dissidii
2775 5529 3148 5600 probabiliter
3187 5533 3592 5602 proponentes,

1954 5627 2258 5695 propterea
2284 5621 2656 5677 matrimonia
2694 5639 2798 5677 sua
2826 5623 3138 5693 dimittunt,
3165 5629 3230 5678 ut
3253 5625 3352 5677 aut
3375 5620 3587 5689 illicita,

1956 5719 2057 5772 aut
2082 5715 2272 5771 aliena
2300 5719 2670 5787 prasumant,
2699 5715 2745 5769 si
2771 5719 3074 5788 antequam
3108 5715 3258 5786 apud
3296 5712 3592 5783 episcOpos

1954 5809 2334 5882 provinciales
2363 5809 2579 5865 dissidii
2604 5825 2801 5864 causas
2827 5809 3092 5877 dixerint,
3121 5809 3178 5861 et
3205 5804 3362 5875 prius
3385 5818 3592 5860 uxores

1958 5921 2132 5978 quam
2152 5904 2366 5978 judicio
2398 5904 2746 5964 damnentur
2771 5900 3101 5974 abjecerint,
3125 5915 3158 5954 a
3186 5895 3591 5954 communione
