4054 6300
507 349 608 401 403

1401 346 1682 401 ΑΡΡΕΝΙ).
1723 346 1809 398 ΑΙ)
1848 344 2006 397 SxEC.
2050 343 2136 397 1X.
2171 372 2238 381 -—-
2279 342 2523 398 ISIDORI
2563 343 2986 400 MERCATORIS

3763 349 3833 400 40
3843 350 3875 400 iv

495 451 764 520 ecclesia,
799 456 856 507 et
881 455 1073 507 sancto
1101 451 1297 523 populi
1326 453 1474 505 catu
1507 452 1628 522 (pro
1667 468 1734 506 eo
1762 452 1912 524 quod
1953 451 2130 507 ﬁdem
2153 462 2211 536 Α
2302 453 2518 507 XXXIV.
2573 452 2750 506 Judai
2809 452 3089 523 (quorum
3134 451 3368 523 perfidia
3414 452 3749 524 frequenter
3801 453 3878 508 ad

498 552 553 603 et
582 546 846 618 conjugia
876 545 1178 614 maculant)
1213 544 1604 599 excludantur.

567 642 736 696 XXVI.
784 640 838 695 Si
887 639 1012 712 quis
1057 639 1126 694 de
1171 637 1386 694 clericis
1411 638 1755 694 documenta
1798 639 2004 712 quibus
2039 657 2134 695 ec-

500 735 681 789 clesia
713 733 988 806 possessio
1015 733 1294 802 firmatur,
1347 738 1446 788 aut
1492 733 1870 804 supprimere,
1903 738 2002 788 aut
2033 751 2134 788 nc-

504 846 660 900 gare,
693 831 790 882 aut
815 827 1150 882 adversariis
1193 827 1432 882 fortasse
1471 827 1699 882 tradere
1745 828 2050 883 damnabili
2083 833 2139 882 et

502 921 792 993 punienda
819 920 1198 976 obstinatione
1244 921 1694 993 prasumpserit,
1737 921 2012 993 quidquid
2037 937 2140 992 per

505 1015 815 1070 absentiam
861 1014 1335 1069 documentorum
1383 1014 1576 1070 damni
1623 1016 1872 1070 ecclesia
1917 1015 2139 1070 illatum

504 1111 588 1162 est
605 1108 674 1163 de
696 1108 938 1180 propriis
963 1108 1328 1164 facultatibus
1355 1109 1619 1177 reddant,
1653 1115 1710 1164 et
1734 1109 2138 1164 communione

501 1202 823 1272 priventur;
854 1203 914 1255 hi
935 1202 1105 1257 etiam
1129 1201 1226 1273 qui
1255 1202 1312 1255 in
1347 1202 1553 1257 damno
1575 1203 1824 1258 ecclesia
1845 1203 2018 1274 impie
2039 1204 2142 1258 sol-

502 1295 700 1350 licitati
728 1312 760 1350 a
804 1294 1169 1350 traditoribus
1215 1295 1430 1368 aliquid
1481 1296 1804 1369 acceperint
1857 1297 2141 1370 superiori

503 1389 787 1445 sententia
817 1393 1140 1445 teneantur.

577 1484 768 1538 XXVII.
804 1485 874 1538 Ut
913 1483 983 1537 de
1015 1483 1310 1540 monachis
1337 1485 1752 1540 monasterium
1778 1503 2007 1554 novum,
2035 1487 2142 1542 nisi

507 1576 770 1648 episcopo
793 1581 892 1632 aut
920 1577 1287 1648 permittente
1317 1583 1416 1634 aut
1450 1579 1746 1651 probante,
1781 1581 1968 1635 nullus
1997 1580 2142 1635 inci-

511 1686 664 1740 pere,
694 1675 793 1726 aut
821 1671 1059 1726 fundare
1087 1677 1414 1742 prasumat.
1453 1674 1711 1728 Monachi
1737 1674 1909 1729 etiam
1939 1691 2145 1746 vagan-

507 1771 592 1818 tes
647 1764 720 1818 ad
773 1764 1022 1819 ofﬁcium
1079 1765 1394 1833 clericatus,
1450 1767 1558 1821 nisi
1615 1767 1695 1822 eis
1754 1768 2143 1823 testimonium

2237 546 2510 601 vomitum
2547 545 2714 615 redit)
2760 545 2804 600 si
2847 545 2919 600 ad
2947 545 3140 615 legem
3171 545 3508 600 catholicam
3538 546 3735 600 venire
3778 563 3882 601 vo-

2236 639 2464 708 luerint,
2509 643 2636 694 octo
2683 655 2906 694 menses
2957 640 3107 694 inter
3153 640 3594 695 catechumenos
3621 640 3876 696 ecclesia

2237 732 2416 786 limen
2462 733 2763 801 introeant,
2804 737 2861 787 et
2901 732 2947 786 si
2984 750 3128 804 pura
3167 733 3278 788 ﬁde
3319 737 3630 788 noscuntur
3658 734 3872 801 venire,

2239 829 2373 880 tunc
2401 826 2632 880 demum
2671 825 3025 896 baptismatis
3057 826 3302 896 gratiam
3332 831 3692 893 mereantur;
3721 828 3877 898 quod

2239 919 2286 973 si
2314 935 2443 972 casu
2469 918 2657 990 aliquo
2678 918 2994 990 periculum
3025 919 3369 973 inﬁrmitatis
3400 919 3548 974 intra
3583 921 3875 991 prascripv

2239 1018 2361 1067 tum
2389 1018 2616 1086 tempus
2645 1012 3002 1080 incurrerint,
3033 1016 3090 1070 et
3117 1013 3396 1088 desperati
3421 1013 3650 1082 fuerint,
3685 1013 3872 1088 bapti-

2240 1111 2456 1163 zentur.

2310 1204 2502 1258 XXXV.
2549 1203 2602 1258 Si
2648 1204 2944 1274 episcopus
2989 1203 3457 1275 metropolitanus
3499 1204 3573 1259 ad
3617 1219 3876 1274 compro-

2241 1295 2504 1352 vinciales
2552 1297 2845 1369 episcopos
2885 1297 3152 1368 epistolas
3206 1297 3492 1364 direxerit,
3551 1297 3610 1352 in
3666 1297 3878 1369 quibus

2243 1407 2338 1445 eos
2366 1391 2439 1445 ad
2465 1391 2884 1446 ordinationem
2915 1391 3123 1445 summi
3153 1391 3454 1462 pontificis,
3485 1394 3584 1446 aut
3606 1392 3678 1446 ad
3704 1407 3877 1462 syno-

2243 1485 2380 1540 dum
2403 1485 2621 1554 invitat,
2649 1485 2976 1557 postpositis
3005 1485 3293 1553 omnibus,
3327 1489 3560 1558 excepta
3601 1485 3762 1556 gravi
3789 1485 3880 1540 in-

2244 1579 2512 1635 ﬁrmitate
2539 1580 2806 1650 corporis,
2833 1585 2931 1638 aut
2961 1579 3340 1651 praeceptione
3369 1579 3528 1650 regia
3568 1579 3636 1634 ad
3675 1579 3885 1635 consti-

2243 1677 2434 1728 tutum
2463 1672 2613 1728 diem
2640 1673 2832 1728 adesse
2858 1689 2975 1728 non
3003 1673 3292 1742 differant,
3317 1673 3468 1744 quod
3499 1672 3544 1727 si
3569 1673 3880 1740 defuerint,

2247 1767 2409 1836 (sicut
2433 1767 2618 1838 prisca
2645 1783 2925 1822 canonum
2957 1767 3228 1837 praecepit
3251 1765 3574 1835 auctoritas,
3604 1783 3780 1837 usque
3808 1766 3882 1821 ad

511 1857 685 1912 abbas
713 1874 846 1912 suus
882 1858 1124 1929 dederit,
1167 1877 1271 1913 nec
1302 1861 1358 1914 in
1397 1860 1730 1931 civitatibus,
1760 1878 1863 1916 nec
1890 1863 1950 1917 in
1979 1879 2142 1934 paro-
2164 1835 2220 1906 B
2244 1861 2563 1932 proximam
2585 1861 2886 1932 synodum,
2910 1860 3238 1915 acharitate
3256 1861 3521 1930 fratrum,
3544 1863 3601 1916 et
3625 1859 3882 1916 ecclesia

509 1950 650 2005 chiis
696 1951 1052 2031 ordinentur.
1095 1954 1451 2023 Monachum,
1503 1955 1610 2009 nisi
1647 1955 1868 2010 abbatis
1923 1957 2008 2011 sui
2048 1960 2146 2011 aut

510 2043 792 2116 permissu
838 2050 937 2100 aut
989 2047 1279 2101 voluntate
1331 2047 1402 2102 ad
1447 2048 1688 2103 alterum
1738 2050 2144 2105 monasterium

509 2138 1000 2210 commigrantem,
1036 2141 1226 2194 nullus
1250 2141 1421 2195 abbas
1451 2142 1736 2213 suscipere
1776 2147 1874 2198 aut
1899 2143 2146 2199 retinere

511 2237 842 2302 prasumat,
871 2234 969 2288 sed
999 2233 1319 2307 ubicunque
1362 2235 1554 2304 fuerit,
1599 2236 1788 2292 abbati
1826 2255 1925 2292 suo
1951 2243 2144 2293 aucto-

2245 1954 2646 2009 communione
2672 1954 2984 2025 priventur.
3445 2029 3452 2034 ι

2317 2049 2530 2103 XXXVI.
2563 2047 2759 2104 Clerici
2805 2047 2980 2104 etiam
3023 2063 3223 2102 omnes
3254 2046 3352 2118 qui
3396 2047 3645 2102 ecclesia
3693 2047 3882 2102 ﬁdeli-
3930 2100 3941 2111 ,

2244 2146 2332 2195 ter
2373 2141 2784 2213 vigilanterque
2830 2140 3172 2210 deserviunt,
3221 2140 3507 2212 stipendia
3543 2141 3747 2196 sanctis
3792 2142 3880 2195 la-

2245 2235 2476 2290 boribus
2519 2235 2709 2290 debita
2752 2235 3066 2290 secundum
3096 2234 3308 2289 servitii
3355 2234 3440 2288 sui
3485 2235 3756 2290 meritum
3794 2234 3884 2290 vel

512 2326 677 2382 ritate
722 2343 1009 2382 canonum
1059 2331 1372 2397 revocetur,
1419 2329 1465 2383 si
1502 2330 1655 2385 enim
1703 2347 1929 2386 necesse
1977 2332 2149 2387 fuerit
2247 2329 2670 2385 ordinationem
2702 2346 2737 2383 a
2765 2328 3154 2384 sacerdotibus
3181 2333 3616 2400 consequantur.

513 2419 780 2474 clericum
826 2420 896 2476 de
939 2421 1233 2476 monachis
1274 2422 1546 2492 ordinari,
1594 2440 1725 2478 cum
1768 2441 2046 2480 consensu
2091 2429 2150 2481 et

510 2514 799 2569 voluntate
830 2513 1045 2569 abbatis
1077 2521 1389 2586 prasumat
1418 2517 1737 2588 episcopus.

583 2608 802 2662 XXVIII.
849 2609 1178 2664 Monasteria
1216 2611 1540 2680 puellarum
1586 2611 1813 2683 longius
1856 2629 1890 2667 a
1919 2629 2146 2668 monas-

512 2702 656 2757 terio
685 2701 1118 2772 monachorum,
1148 2707 1247 2757 aut
1275 2709 1513 2775 propter
1538 2704 1769 2760 insidias
1797 2706 2026 2775 diaboli,
2049 2711 2150 2762 aut

518 2799 754 2866 propter
782 2795 1167 2850 oblocutiones
1196 2797 1498 2852 hominum
1536 2799 1899 2855 collocentur.

589 2889 760 2942 XXIX.
813 2888 1064 2943 Libertos
1122 2890 1375 2960 legitime
1414 2909 1447 2945 a
1493 2891 1744 2946 dominis
1785 2894 1900 2948 suis
1949 2894 2146 2963 factos,

2316 2423 2555 2478 XXXVII.
2617 2425 2811 2494 Itaque
2867 2423 3187 2477 censuimus
3237 2422 3544 2478 homicidas
3602 2425 3660 2478 et
3711 2423 3887 2479 falsos

2246 2520 2420 2572 testes
2436 2534 2468 2571 a
2485 2516 2887 2572 communione
2909 2516 3286 2571 ecclesiastica
3314 2516 3749 2584 submovendos,
3769 2516 3886 2572 nisi

2247 2610 2595 2683 pauitantia
2621 2609 3006 2666 satisfactione
3031 2610 3273 2665 crimina
3299 2610 3584 2666 diluerint.

2319 2706 2585 2760 XXXVIII.
2639 2705 2866 2759 Clericis
2916 2704 3038 2758 sine
3097 2703 3578 2760 commendatitiis
3631 2704 3890 2776 epistolis

2249 2799 2497 2871 episcopi
2516 2799 2601 2852 sui
2616 2797 2849 2852 licentia
2863 2815 2978 2854 non
2994 2802 3185 2869 pateat
3202 2798 3493 2870 evagandi.
3510 2799 3570 2853 In
3589 2799 3888 2854 monachis

2249 2909 2478 2966 quoque
2502 2892 2797 2963 praesentis
2824 2892 3120 2947 sententia
3145 2891 3334 2947 forma
3360 2895 3642 2960 servetur;
3664 2893 3821 2964 quod
3841 2894 3891 2948 si

520 2981 774 3049 ecclesia,
811 2982 857 3036 si
883 2983 1186 3038 necessitas
1212 2984 1470 3055 exigerit,
1507 2988 1754 3055 tueatur;
1786 2988 1936 3058 quod
1960 2988 2151 3060 siquis
2249 2988 2551 3042 verborum
2582 2987 2892 3057 increpatio
2913 3003 3027 3041 non
3052 2986 3455 3054 emendaverit,
3489 2987 3661 3041 etiam
3687 2987 3889 3041 verbe-

519 3079 650 3130 ante
677 3075 1046 3144 audientiam,
1076 3079 1175 3131 aut
1199 3078 1528 3148 pervadere,
1553 3085 1652 3154 aut
1677 3081 1990 3152 exspoliare
2010 3100 2150 3154 pra-

519 3096 650 3130 ante
677 3096 1046 3144 audientiam,
1076 3096 1175 3131 aur
1199 3096 1528 3148 pervadere,
1553 3096 1585 3133 a

517 3169 847 3241 sumpserit,
877 3171 946 3224 ab
980 3169 1218 3225 ecclesia
1244 3096 1625 3256 repellatur]

587 3264 736 3319 XXX.
768 3265 835 3318 Et
861 3265 994 3335 quia
1024 3265 1289 3320 convenit
1316 3265 1576 3320 ordinem
1620 3268 1869 3323 ecclesia
1916 3270 1986 3325 ab
2025 3287 2145 3325 om-

509 3355 686 3410 nibus
715 3357 1008 3428 aqualiter
1031 3357 1324 3426 custodiri,
1357 3359 1699 3415 studendum
1733 3365 1904 3417 estut
1937 3363 2150 3435 ubique

517 3449 684 3520 (sicut
708 3451 786 3522 fit)
811 3454 868 3505 et
884 3454 1013 3522 post
1031 3452 1371 3522 antiphonas
1392 3453 1748 3509 collectiones
1768 3472 1870 3526 per
1887 3457 2150 3514 ordinem

517 3543 586 3598 ab
611 3544 887 3616 episcopis
913 3547 997 3602 vel
1030 3546 1376 3617 presbyteris
1403 3547 1534 3614 dici,
1560 3550 1617 3602 et
1643 3549 1885 3620 hymnos
1910 3552 2146 3606 matuti-

517 3654 623 3692 nos
647 3639 732 3693 vel
759 3639 1109 3711 vespertinos
1139 3640 1438 3695 decantari
1468 3640 1666 3696 diebus
1690 3644 1973 3712 omnibus,
2006 3649 2064 3700 et
2090 3645 2149 3701 in

518 3732 872 3787 conclusione
898 3733 1307 3788 matutinarum
1336 3734 1424 3788 vel
1455 3737 1910 3806 vespertinamm
1947 3739 2146 3794 missa-

518 3842 649 3879 rum
678 3829 807 3896 post
834 3827 1075 3897 hymnos
1103 3827 1364 3897 capitella
1391 3828 1460 3882 de
1487 3830 1719 3898 psalmis
1765 3831 1893 3900 dici,
1932 3837 1989 3887 et
2032 3833 2152 3904 ple-

517 3918 649 3972 bem
678 3919 910 3973 collecta
938 3919 1191 3974 oratione
1220 3921 1292 3974 ad
1310 3936 1606 3992 vesperam
1634 3923 1704 3978 ab
1735 3923 1995 3998 episc0po
2022 3943 2151 3983 cum

518 4011 914 4067 benedictione
941 4011 1168 4068 dimitti.
1854 4059 1856 4062 μ

592 4105 762 4162 XXXI.
794 4105 1012 4161 Placuit
1052 4107 1224 4162 etiam
1255 4111 1316 4162 ut
1350 4107 1510 4179 (sicut
1551 4111 1888 4184 plerumque
1916 4114 1999 4186 fit)
2033 4115 2153 4186 qui-

520 4215 744 4271 cunque
788 4199 940 4268 odio,
986 4205 1085 4255 aut
1127 4201 1437 4274 longinqua
1480 4203 1628 4259 inter
1657 4222 1714 4260 se
1745 4204 1842 4261 lite
1870 4207 2149 4265 dissense-

521 4292 654 4359 rint,
689 4297 745 4348 et
775 4293 846 4348 ad
874 4310 1068 4365 pacem
1099 4295 1346 4351 revocari
1373 4296 1592 4352 diutina
1617 4298 1930 4356 intentione
1954 4303 2154 4374 nequi-

520 4387 682 4454 verit,
717 4405 750 4442 a
776 4388 1016 4443 civitatis
1058 4390 1323 4460 primitus
1363 4392 1745 4448 sacerdotibus
1794 4400 2148 4467 arguantur;

517 4481 615 4552 qui
667 4481 713 4536 si
759 4481 1086 4538 inimicitias
1131 4484 1414 4556 deponere
1461 4486 1779 4557 perniciosa
1832 4489 2151 4547 intentione

2250 3081 2407 3136 ribus
2455 3081 2758 3136 statuimus
2806 3081 3071 3136 coerceri.
3139 3080 3493 3135 Servandum
3541 3097 3766 3152 quoque
3816 3081 3888 3135 de

2173 3175 2576 3282 Cmonachis,
2640 3192 2713 3229 ne
2768 3174 2847 3228 eis
2902 3175 2973 3228 ad
3029 3173 3304 3229 solitarias
3361 3173 3588 3229 cellulas
3632 3174 3800 3228 liceat
3855 3192 3890 3229 a

2252 3269 2695 3340 congregatione
2745 3268 3055 3335 discedere,
3103 3267 3210 3322 nisi
3263 3268 3407 3322 forte
3459 3267 3706 3338 probatis
3759 3272 3892 3339 post

2251 3363 2516 3420 emeritos
2564 3363 2804 3430 labores,
2857 3367 2955 3416 aut
3003 3366 3237 3433 propter
3289 3361 3635 3416 inﬁrmitatis
3687 3378 3886 3416 neces-

2250 3459 2476 3513 sitatem
2527 3455 2780 3528 asperior
2821 3455 3041 3510 abbatis
3081 3455 3278 3526 regula
3329 3455 3674 3522 remittatur,
3728 3456 3888 3527 quod

2250 3552 2328 3606 ita
2373 3552 2608 3606 demum
2637 3551 2736 3604 fiet
2775 3553 2839 3604 ut
2883 3550 3034 3604 intra
3077 3549 3272 3604 eadem
3323 3549 3651 3604 monasterii
3701 3552 3885 3619 septa,

2251 3650 2546 3700 manentes
2591 3649 2786 3699 tamen
2838 3644 2942 3698 sub
2986 3643 3206 3698 abbatis
3250 3645 3542 3713 potestate,
3594 3646 3891 3714 separatas

2251 3740 2460 3794 habere
2517 3738 2746 3792 cellulas
2797 3737 3244 3808 permittantur;
3303 3736 3598 3790 abbatibus
3657 3753 3889 3807 quoque

2251 3833 2486 3903 singulis
2513 3832 2762 3886 diversas
2789 3831 3038 3898 cellulas,
3067 3835 3163 3884 aut
3203 3831 3367 3901 plura
3410 3831 3758 3885 monasteria
3781 3831 3886 3884 ha-

2251 3928 2386 3982 bere
2413 3943 2529 3981 non
2555 3925 2742 3993 liceat,
2770 3924 2879 3979 nisi
2908 3927 3128 3979 tantum
3169 3929 3406 3994 propter
3433 3924 3724 3978 incursum
3755 3923 3886 3978 hos-

2251 4021 2469 4076 tilitatis
2494 4020 2644 4074 intra
2670 4035 2862 4073 muros
2891 4017 3249 4088 receptaculo
3277 4017 3576 4072 collocare.

2323 4114 2537 4170 XXXIX.
2592 4111 2942 4184 Presbyteri,
2993 4111 3288 4178 diacones,
3347 4111 3744 4180 subdiacones,
3800 4111 3891 4166 vel

2254 4208 2522 4278 deinceps
2566 4205 2771 4278 quibus
2809 4205 3050 4260 ducendi
3097 4220 3299 4259 uxores
3348 4203 3572 4258 licentia
3613 4220 3732 4258 non
3779 4208 3887 4272 est,

2252 4303 2424 4358 etiam
2448 4301 2762 4356 alienarum
2789 4300 3118 4371 nuptiarum
3145 4299 3359 4354 evitent
3374 4297 3643 4366 convivia,
3670 4315 3772 4353 nec
3798 4298 3889 4353 his

2253 4396 2487 4452 catibus
2521 4395 2867 4448 misceantur
2891 4393 2989 4447 ubi
3015 4392 3294 4447 amatoria
3325 4397 3638 4458 cantantur,
3681 4397 3739 4446 et
3768 4396 3885 4446 tur-

2253 4491 2362 4562 pia,
2389 4492 2488 4544 aut
2513 4487 2739 4543 obsceni
2767 4489 2958 4549 motus
2983 4501 3314 4557 corporum,
3338 4485 3526 4540 choris
3556 4489 3614 4540 et
3643 4485 3890 4540 saltatio-

509 4576 826 4644 .noluerint,
857 4577 928 4631 de
955 4578 1205 4635 ecclesia
1251 4585 1396 4636 catu
1419 4581 1734 4652 justissima
1751 4585 2152 4640 'excommuni-
2171 4588 2228 4660 D
2253 4583 2419 4638 nibus
2449 4582 2786 4651 efferuntur,
2816 4596 2890 4636 ne
2914 4580 3157 4646 auditus,
3187 4583 3246 4634 et
3270 4579 3501 4633 obtutus
3526 4579 3694 4633 sacris
3725 4595 3886 4649 mys-

519 4669 739 4726 catione
766 4671 1074 4742 pellantur.

588 4765 777 4820 XXXII.
810 4766 1054 4822 Clericus
1097 4783 1201 4822 nec
1245 4783 1590 4840 quemquam
1640 4774 1952 4841 prasumat
1998 4773 2152 4843 apud

521 4858 850 4914 saecularem
874 4860 1149 4930 judicem,
1186 4861 1446 4932 episcopo
1478 4879 1588 4917 non
1610 4863 2149 4937 permittente,pul-

519 4967 664 5020 sare,
694 4952 789 5006 sed
830 4953 874 5006 si
926 4955 1180 5026 pulsatus
1230 4954 1420 5021 fuerit,
1479 4971 1596 5010 non
1637 4957 2002 5027 respondeat,
2046 4976 2152 5014 nec

519 5050 820 5115 proponat,
854 5064 954 5102 nec
983 5049 1190 5103 audeat
1217 5047 1511 5104 criminale
1541 5049 1833 5120 negotium
1855 5050 1915 5105 in
1938 5051 2152 5122 judicio

522 5139 778 5194 saeculari
808 5157 1148 5212 proponere.
1172 5143 1229 5198 Si
1255 5142 1381 5213 quis
1412 5159 1544 5211 vero
1566 5143 1922 5198 sacularium
1945 5161 2048 5216 per
2066 5163 2153 5202 ca-

520 5231 802 5288 lumniam
847 5225 1160 5301 ecclesiam,
1184 5241 1281 5291 aut
1307 5239 1520 5292 clerum
1561 5237 1799 5308 fatigare
1817 5241 2149 5308 'tentaverit,

520 5329 577 5380 et
603 5326 777 5381 victus
803 5327 995 5397 fuerit,
1015 5328 1086 5382 ab
1117 5330 1366 5384 ecclesia
1393 5331 1685 5386 liminibus
1707 5334 1764 5387 et
1788 5349 1821 5386 a
1851 5332 2148 5388 catholico-

521 5435 648 5474 rum
676 5420 1076 5475 communione
1117 5420 1184 5492 (si
1231 5423 1401 5494 digne
1426 5426 1772 5496 panituerit)
1800 5431 2147 5483 coerceatur.

592 5514 806 5569 XXXIII.
840 5513 1145 5585 Episcopus
1182 5516 1280 5587 qui
1318 5517 1461 5571 ﬁlios
1499 5523 1598 5574 aut
1638 5524 1874 5593 nepotes
1908 5538 2027 5577 non
2057 5523 2152 5577 ha-

521 5607 664 5662 bens
716 5605 894 5661 alium
937 5624 1108 5679 quam
1155 5609 1446 5664 ecclesiam
1488 5612 1720 5685 reliquit
1761 5615 2072 5686 haeredem,
2107 5615 2154 5670 si

523 5698 662 5769 quid
705 5699 775 5754 de
811 5700 1059 5768 ecclesia,
1099 5717 1216 5756 non
1252 5702 1311 5756 in
1356 5705 1609 5761 ecclesia
1639 5724 1802 5763 causa
1833 5714 1930 5764 aut
1958 5726 2150 5766 neces-

525 5789 688 5844 sitate
712 5791 1100 5864 insumpserit,
1131 5795 1286 5871 quod
1313 5795 1593 5864 distraxit,
1622 5806 1719 5856 aut
1747 5802 1993 5871 donavit,
2023 5802 2150 5859 irri-

529 5887 650 5939 tum
677 5881 967 5944 habeatur.

2251 4677 2408 4733 teriis
2432 4678 2734 4748 deputatus
2781 4675 3037 4745 turpium
3081 4673 3539 4745 spectaculorum
3566 4677 3736 4744 atque
3766 4689 3891 4727 ver-

2250 4772 2455 4827 borum
2485 4770 2820 4841 contagione
2849 4769 3200 4840 polluantur.

2323 4867 2424 4921 XL.
2453 4866 2661 4921 Omnes
2701 4863 2967 4934 deinceps
3009 4861 3197 4917 clerici
3241 4862 3356 4916 sive
3390 4861 3516 4914 laici
3559 4860 3887 4916 Judaorum

2252 4959 2499 5014 convivia
2553 4959 2786 5023 evitent,
2843 4973 2950 5011 nec
3009 4973 3106 5010 eos
3157 4955 3231 5010 ad
3280 4954 3598 5010 convivium
3646 4954 3887 5025 quisque

2252 5054 2512 5124 excipiat,
2546 5051 2678 5124 quia
2721 5067 2852 5105 cum
2897 5049 3046 5121 apud
3089 5049 3434 5104 Christianos
3459 5047 3596 5102 cibis
3633 5064 3889 5102 commu-

2251 5148 2418 5202 nibus
2428 5163 2546 5201 non
2558 5149 2819 5211 utuntur,
2835 5143 3139 5214 indignum
3157 5149 3241 5198 est
3255 5147 3423 5213 atque
3441 5141 3784 5211 sacrilegum
3801 5157 3890 5195 eo-

2252 5257 2381 5295 rum
2411 5240 2560 5295 cibos
2589 5257 2620 5294 a
2650 5237 2982 5296 Christianis
3002 5237 3170 5306 sumi,
3194 5253 3320 5291 cum
3356 5252 3424 5289 ea
3452 5251 3580 5305 qua
3603 5234 3887 5306 (Apostolo

2252 5335 2632 5406 permittente)
2678 5349 2783 5387 nos
2823 5332 3123 5400 sumimus,
3153 5330 3223 5384 ab
3272 5330 3382 5383 illis
3414 5328 3746 5399 judicentur
3774 5327 3888 5382 im-

2253 5428 2487 5496 munda,
2549 5443 2612 5481 ac
2663 5427 2708 5480 si
2758 5425 3056 5480 inferiores
3099 5423 3374 5494 incipiant
3423 5437 3543 5476 esse
3581 5420 3891 5475 Christiani

2252 5520 2636 5593 quamJudai,
2671 5520 2716 5573 si
2742 5536 2844 5574 nos
2871 5535 2999 5590 qua
3024 5517 3094 5571 ab
3115 5516 3224 5571 illis
3242 5517 3610 5587 apponuntur
3633 5519 3888 5582 utamur,

2253 5615 2337 5670 illi
2362 5631 2492 5669 vero
2515 5631 2560 5687 la
2592 5613 2754 5668 nobis
2783 5612 2971 5668 oblata
2998 5615 3386 5665 contemnant.
3484 5595 3503 5691 l

2325 5709 2454 5762 XLI.
2484 5709 2631 5761 Ante
2689 5706 2882 5761 omnia
2929 5704 3144 5760 clericis
3201 5703 3408 5758 vitetur
3453 5701 3714 5769 ebrietas,
3759 5714 3892 5771 qua

2253 5801 2520 5858 omnium
2538 5801 2808 5856 vitiorum
2835 5800 3014 5854 fomes
3060 5815 3126 5852 ac
3156 5797 3345 5852 nutrix
3388 5800 3492 5864 est.
3533 5797 3729 5865 Itaque
3757 5809 3888 5848 eum

2255 5913 2431 5970 quem
2465 5895 2686 5952 ebrium
2714 5893 2888 5949 fuisse
2915 5892 3250 5960 constiterit,
3279 5896 3342 5946 ut
3367 5889 3506 5947 ordo
3531 5887 3765 5960 patitur,
3791 5893 3890 5943 aut
