4054 6302
173 347 279 398 405

1418 347 1890 404 DECRETALIUM
1931 347 2312 404 COLLECTIO.

3439 354 3539 405 ⁵ἱΟϐ

173 455 414 526 triginta
445 456 667 512 dierum
697 455 877 526 spatio
906 457 1308 514 communione
1349 459 1646 513 statuimus
1671 457 1803 512 sub—
1827 468 1886 540 Α
1976 458 2058 512 LI.
2101 457 2157 512 Si
2202 456 2500 527 episcopus
2543 456 2772 511 condito
2815 459 3154 512 testamento
3200 456 3415 528 aliquid
3467 459 3536 513 de

173 551 545 618 movendum,
573 555 671 606 aut
699 552 978 623 corporali
1007 552 1365 608 subdendum
1404 552 1698 624 supplicio.

244 644 400 700 XLII.
434 646 501 699 Et
535 659 610 700 ne
654 645 713 700 id
757 646 988 702 fortasse
1036 647 1294 702 videatur
1332 647 1625 718 omissum,
1655 648 1808 718 quod

174 739 430 793 maxime
447 738 617 794 ﬁdem
641 740 931 796 catholicas
950 741 1247 813 religionis
1262 742 1516 810 infestat,
1537 742 1691 815 quod
1713 741 1808 796 ali~

174 833 377 904 quanti
403 832 594 889 clerici
623 833 736 889 sive
763 835 893 890 laici
925 837 1157 891 student
1185 836 1458 907 auguriis,
1489 841 1546 891 et
1566 835 1669 890 sub
1702 852 1802 890 no-

175 927 335 982 mine
379 926 524 983 ﬁctte
570 927 879 1001 religionis,
929 947 1070 1002 quas
1114 933 1436 986 sanctorum
1482 935 1661 985 sortes
1705 946 1805 984 vo-

173 1025 326 1089 cant,
360 1021 724 1078 divinationis
769 1023 1065 1079 scientiam
1110 1026 1468 1096 profitentur,
1514 1031 1611 1079 aut
1665 1040 1805 1095 qua-

174 1131 534 1188 rumcumque
549 1117 960 1187 scripturarum
971 1118 1321 1189 inspectione
1334 1118 1806 1189 permittunt,hoc

174 1209 506 1280 quicunque
555 1210 793 1265 clericus
837 1212 926 1266 vel
969 1211 1144 1266 laicus
1188 1213 1441 1268 detectus
1483 1212 1672 1279 fuerit,
1720 1213 1805 1267 vel

172 1301 471 1360 consulere
512 1305 601 1361 vel
645 1305 866 1376 docere,
899 1306 969 1363 ab
1015 1305 1247 1363 ecclesia
1286 1307 1568 1363 habeatur
1615 1308 1803 1363 extra-

168 1401 334 1454 nens.

244 1493 421 1549 XLIII.
448 1494 528 1549 De
555 1495 960 1566 paenitentibus
986 1495 1045 1551 id
1071 1495 1285 1568 placuit
1309 1496 1632 1563 observare,
1655 1496 1805 1568 quod

173 1586 353 1641 sancti
381 1589 576 1644 Patres
620 1589 801 1644 nostri
833 1589 1088 1661 synodali
1130 1590 1412 1645 sententia
1441 1593 1802 1658 censuerunt,

171 1684 238 1738 ut
262 1681 457 1739 nullus
485 1683 556 1738 de
589 1683 676 1737 his
701 1683 938 1738 clericus
975 1683 1290 1755 ordinetur,
1319 1689 1376 1741 et
1402 1685 1502 1756 qui
1519 1684 1644 1755 jam
1673 1688 1806 1739 sunt

170 1792 276 1846 per
326 1775 716 1848 ignorantiam
761 1777 1026 1846 ordinati,
1073 1782 1171 1833 aut
1219 1777 1364 1832 sicut
1417 1777 1653 1849 bigami,
1706 1781 1806 1833 aut

1908 550 2268 606 ecclesiastici
2305 550 2451 620 juris
2490 550 2840 622 proprietate
2886 549 3180 622 legaverit,
3213 550 3381 605 aliter
3421 568 3536 606 non

1907 643 2138 712 valebit,
2157 643 2266 699 nisi
2285 648 2508 700 tantum
2535 644 2605 700 de
2623 643 2770 718 juris
2793 644 3012 716 proprii
3029 644 3298 700 facultate
3317 646 3540 717 supple-

1907 737 2070 792 verit.
2228 730 2244 740 “

1979 832 2085 887 LII.
2113 832 2448 903 Presbytero
2479 837 2578 887 aut
2606 832 2868 900 diacono,
2900 833 2985 888 vel
3027 832 3228 888 clerico
3276 833 3400 888 sine
3442 850 3538 888 an-

1906 925 2098 980 tistitis
2134 926 2222 980 sui
2258 925 2504 998 epistolis
2546 927 2880 996 ambulanti,
2910 927 3379 983 communionem
3407 926 3530 1000 97

1907 1020 2097 1074 nullus
2122 1020 2434 1092 impendat.

1981 1114 2108 1169 LIII.
2128 1113 2412 1185 Quidquid
2440 1113 2838 1184 parochiarum
2859 1115 3155 1187 presbyter
3174 1116 3245 1171 de
3273 1116 3532 1172 ecclesia-

1907 1207 2028 1262 stici
2047 1206 2193 1277 juris
2219 1207 2570 1278 possessione
2605 1207 2932 1262 distraxerit
2955 1207 3122 1264 inane
3147 1209 3444 1278 habeatur,
3475 1216 3533 1267 et

1905 1317 2166 1368 vacuum,
2188 1301 2480 1356 venditore
2507 1301 2892 1372 comparentis
2917 1305 2974 1356 et
2997 1303 3263 1359 auctione
3286 1304 3531 1360 venden-

1905 1395 1998 1450 tis.

1976 1490 2105 1546 LIV.
2135 1489 2434 1561 Presbyter
2459 1489 2598 1544 dum
2645 1489 2935 1546 dioecesim
2970 1493 3146 1561 tenet,
3174 1491 3245 1546 de
3280 1491 3368 1546 his
3402 1508 3530 1563 quae

1905 1583 2110 1638 emerit
2137 1584 2212 1638 ad
2232 1583 2483 1638 ecclesias
2507 1601 2724 1639 nomen
2751 1584 3090 1656 scripturam
3131 1585 3316 1654 faciat,
3337 1589 3434 1640 aut
3459 1586 3529 1642 ab

1905 1677 2026 1748 ejus
2055 1693 2229 1749 quam
2255 1683 2412 1732 tenet
2443 1678 2696 1733 ecclesiae
2733 1678 3091 1734 ordinatione
3121 1678 3387 1735 discedat.

1975 1771 2080 1826 LV.
2131 1771 2441 1844 Episcopis,
2469 1772 2835 1844 presbyteris,
2873 1771 3198 1827 diaconibus
3248 1789 3416 1829 canes
3460 1775 3531 1829 ad

171 1869 326 1925 inter
350 1871 684 1942 nuptiarum
710 1871 946 1927 maritos
983 1873 1170 1926 locum
1197 1875 1450 1939 teneant,
1481 1872 1804 1926 ministrare
1823 1843 1880 1916 B
1905 1866 2254 1933 venandum,
2277 1871 2374 1920 aut
2397 1865 2688 1937 accipitres
2707 1866 2923 1921 habere
2943 1883 3059 1920 non
3079 1867 3284 1923 liceat:
3311 1867 3464 1938 quod
3485 1868 3529 1923 si

171 1963 429 2018 diaconis
449 1981 781 2021 consecrare
798 1966 973 2022 altare
1005 1967 1301 2038 presbyter
1324 1983 1438 2020 non
1472 1970 1801 2037 praesumat.

242 2059 417 2114 XLIV.
466 2060 926 2115 Benedictionem
976 2076 1148 2131 super
1199 2060 1422 2131 plebem
1466 2060 1527 2114 in
1575 2060 1805 2114 ecclesia

169 2151 438 2220 fundere,
487 2157 586 2208 aut
635 2153 1011 2224 pmnitentem
1062 2153 1120 2208 in
1175 2153 1406 2230 ecclesia
1466 2152 1804 2209 benedicere

171 2246 505 2317 presbytero
534 2247 762 2318 penitus
799 2265 917 2303 non
949 2247 1160 2303 licebit.

251 2343 400 2396 XLV.
420 2343 682 2398 Terrulas
705 2345 803 2398 aut
820 2342 1070 2397 vineolas
1091 2341 1321 2413 exi'guas
1343 2342 1593 2397 ecclesiae
1612 2341 1803 2396 minus

172 2441 360 2509 utiles,
394 2441 494 2492 aut
521 2437 694 2507 longe
727 2436 934 2507 positas
967 2452 1164 2507 parvas
1193 2437 1490 2508 episcopus
1517 2436 1637 2490 sine
1667 2452 1800 2491 con-

169 2536 293 2590 silio
333 2533 579 2587 fratrum
607 2530 671 2600 (si
719 2531 1022 2585 necessitas
1071 2530 1264 2600 fuerit)
1295 2529 1652 2585 distrahendi
1699 2530 1799 2584 ha-

168 2630 301 2684 beat
329 2628 687 2698 potestatem.

243 2722 415 2776 XLVI.
442 2717 684 2790 Fugitivi
722 2718 924 2773 domos
949 2735 1094 2783 suas,
1128 2722 1227 2772 aut
1265 2717 1505 2772 familias
1532 2718 1798 2773 deseren-

169 2820 272 2884 tes,
305 2813 404 2885 qui
433 2812 652 2867 etiamsi
683 2811 929 2867 revocati
969 2811 1200 2879 fuerint,
1230 2814 1330 2866 aut
1375 2811 1418 2866 si
1455 2811 1534 2866 ita
1561 2810 1642 2866 illi
1675 2827 1800 2866 me-

169 2908 414 2973 ruerint,
449 2905 854 2961 distrahantur.

238 3002 437 3058 XLVII.
504 3000 693 3054 Missas
754 2999 846 3053 die
908 2999 1200 3055 Dominica
1244 2999 1604 3054 saecularibus
1651 3004 1801 3055 totas

167 3102 364 3151 tenere
408 3094 634 3165 speciali
683 3093 878 3148 ordine
925 3092 1307 3164 praecipimus,
1335 3093 1414 3147 ita
1457 3099 1517 3149 ut
1540 3099 1670 3148 ante
1697 3094 1797 3148 be-

1906 1961 2031 2032 quis
2073 1961 2272 2017 talium
2311 1976 2689 2032 personarum
2718 1961 2776 2014 in
2822 1961 2926 2015 hac
2953 1961 3243 2016 voluntate
3272 1953 3531 2017 detectus

1902 2055 2094 2123 fuerit,
2118 2054 2162 2109 si
2189 2055 2488 2126 episcopus
2519 2059 2604 2109 est
2623 2054 2806 2109 tribus
2829 2055 3117 2110 mensibus
3141 2072 3199 2110 se
3221 2055 3531 2127 suspendat

1903 2166 1937 2204 a
1962 2149 2388 2219 communione,
2412 2149 2706 2220 presbyter
2732 2149 2951 2204 duobus
2978 2149 3269 2204 mensibus
3287 2166 3346 2204 se
3363 2149 3529 2204 absti-

1901 2246 2054 2311 neat,
2078 2243 2349 2298 diaconus
2372 2258 2505 2299 vero
2532 2242 2601 2298 ab
2627 2243 2784 2298 omni
2810 2242 2995 2299 ofﬁcio
3017 2244 3104 2298 vel
3124 2244 3529 2301 communione

1903 2336 2163 2392 cessabit.

1973 2432 2102 2485 LVI.
2133 2432 2196 2485 In
2237 2431 2671 2500 venditionibus,
2700 2449 2842 2504 quas
2884 2432 3119 2488 abbates
3163 2434 3352 2488 facere
3380 2450 3523 2504 prae-

1902 2528 2154 2593 sumunt,
2186 2524 2308 2578 haec
2336 2525 2521 2580 forma
2559 2529 2830 2593 servetur,
2858 2531 2921 2582 ut
2946 2525 3222 2598 quidquid
3251 2527 3371 2582 sine
3404 2527 3524 2598 epi-

1902 2618 2054 2689 scopi
2076 2616 2272 2674 notitia
2289 2617 2583 2673 venditum
2612 2619 2804 2689 fuerit,
2827 2619 2898 2674 ad
2918 2622 3257 2691 potestatem
3281 2619 3527 2691 episcopi

1900 2716 2217 2782 revocetur,
2244 2713 2524 2784 mancipia
2547 2729 2683 2768 vero
2727 2715 3022 2769 monachis
3067 2714 3272 2769 donata
3309 2714 3379 2768 ab
3423 2714 3520 2768 ab-

1900 2808 2030 2864 bate
2052 2824 2167 2862 non
2186 2806 2351 2862 liceat
2377 2805 2728 2876 manumitti,
2752 2808 3028 2878 injustum
3056 2807 3210 2862 enim
3229 2811 3523 2879 putamus,

1900 2905 1967 2957 ut
2004 2901 2299 2956 monachis
2344 2901 2737 2973 quotidianum
2780 2903 2967 2957 rurale
3000 2918 3142 2973 opus
3166 2901 3522 2968 facientibus,

1902 2996 2047 3052 servi
2072 3013 2272 3052 eorum
2298 2995 2576 3051 libertatis
2605 2996 2718 3051 otio
2749 2996 3058 3067 potiantur.

1967 3091 2097 3147 LVI.
2129 3093 2324 3148 Unum
2347 3090 2820 3146 abbatemduobu
2843 3108 2868 3144 s
2900 3090 3257 3148 monasteriis
3283 3089 3520 3146 interdi-

168 3189 554 3245 nedictionem
599 3187 903 3242 sacerdotis
932 3187 1130 3258 egredi
1159 3187 1399 3258 pepulus
1436 3204 1554 3242 non
1581 3205 1794 3259 praesu-
1818 3216 1872 3290 Ο
1899 3185 2079 3241 cimus
2104 3184 2428 3256 praesidere.

168 3288 306 3351 mat,
343 3282 444 3354 qui
491 3282 536 3335 si
574 3281 833 3350 fecerint,
865 3281 935 3336 ab
982 3281 1245 3353 episcopo
1279 3281 1504 3352 publice
1553 3281 1794 3337 confun-

171 3377 400 3431 dantur.

240 3471 458 3526 XLVIII.
489 3471 560 3524 Ut
600 3471 669 3524 de
699 3469 870 3524 rebus
908 3469 1154 3540 episcopi
1204 3467 1450 3540 propriis
1481 3469 1570 3523 vel
1601 3469 1793 3541 acqui-

168 3564 308 3631 sitis,
341 3565 432 3618 vel
459 3563 737 3635 quidquid
765 3563 1062 3634 episcOpus
1103 3563 1172 3617 de
1211 3578 1312 3616 suo
1337 3562 1572 3634 preprio
1600 3563 1792 3632 habet,

165 3657 487 3713 haeredibus
530 3657 644 3712 suis
694 3657 740 3710 si
783 3657 1025 3711 voluerit
1085 3655 1466 3726 derelinquat,
1514 3656 1795 3728 quidquid

163 3768 298 3807 vero
350 3752 422 3806 de
477 3750 798 3822 provisione
850 3750 1098 3804 ecclesia:
1162 3765 1276 3804 suae
1326 3749 1514 3818 fuerit,
1557 3750 1671 3805 sive
1725 3751 1795 3806 de

162 3846 333 3916 agris,
364 3845 478 3900 sive
512 3845 579 3900 de
608 3843 887 3915 frugibus,
917 3844 1030 3898 sive
1062 3843 1133 3897 de
1161 3843 1566 3912 oblationibus,
1598 3843 1796 3899 omnia

155 3940 285 4008 jure
317 3938 568 3994 ecclesiae
599 3954 886 3992 reservare
917 3936 1263 3992 censuimus.

233 4033 405 4089 XLIX.
437 4032 706 4087 Diacones
748 4031 835 4086 vel
876 4030 1195 4102 presbyteri
1239 4031 1297 4084 in
1341 4031 1615 4102 parochia
1655 4048 1791 4086 con-

163 4126 345 4181 stituti
369 4126 441 4181 de
471 4125 644 4180 rebus
675 4125 926 4180 ecclesiae
970 4124 1076 4178 sibi
1111 4125 1341 4180 creditis
1372 4125 1514 4179 nihil
1543 4125 1796 4181 audeant

161 4223 543 4288 commutare,
569 4219 819 4273 vendere
859 4218 948 4272 vel
987 4219 1221 4288 donare,
1253 4218 1385 4290 quia
1428 4235 1516 4273 res
1562 4225 1793 4274 sacratas

163 4315 273 4368 Deo
301 4330 421 4369 esse
463 4316 795 4368 noscuntur.
825 4311 1099 4368 Similiter
1126 4317 1182 4367 et
1207 4312 1528 4367 sacerdotes
1556 4312 1700 4367 nihil
1725 4313 1792 4368 de

162 4408 332 4463 rebus
360 4407 610 4462 ecclesiae
639 4406 742 4461 sibi
774 4405 1091 4461 commissae
1126 4409 1205 4472 (ut
1247 4406 1505 4476 superius
1533 4422 1791 4477 compre-

161 4501 406 4556 hensum
434 4501 534 4572 est)
569 4500 816 4555 alienare
845 4503 1221 4571 przesumant;
1268 4500 1421 4571 quod
1466 4499 1514 4553 si
1556 4499 1794 4554 fecerint

1970 3284 2138 3338 LVIII.
2167 3282 2409 3336 Cellulas
2436 3297 2630 3352 novas,
2660 3285 2759 3337 aut
2801 3283 3381 3353 congregatiunculas
3410 3298 3527 3336 mo-

1895 3380 2210 3435 nachorum
2236 3380 2451 3452 absque
2478 3379 2683 3435 notitia
2710 3380 2954 3452 episcopi
2984 3380 3347 3452 prohibemus
3363 3372 3526 3436 insti-

1893 3475 1998 3529 tui.

1965 3569 2093 3627 LIX.
2117 3568 2318 3624 Clerici
2344 3567 2581 3640 quilibet
2606 3586 2959 3642 quaecunque
2987 3570 3360 3626 diuturnitate
3383 3572 3523 3625 tem-

1895 3662 2045 3734 poris
2075 3663 2144 3717 de
2171 3662 2415 3717 ecclesiae
2441 3663 2901 3719 remuneratione
2940 3664 3316 3736 possederint,
3345 3665 3405 3719 in
3427 3665 3523 3735 jus

1896 3755 2192 3828 proprium
2205 3755 2632 3827 praescriptione
2649 3758 2920 3829 temporis
2929 3774 3044 3812 non
3052 3763 3343 3828 vocentur,
3359 3759 3523 3813 dum-

1897 3849 2071 3904 modo
2100 3852 2295 3921 pateat
2323 3849 2571 3905 ecclesiae
2596 3867 2719 3906 rem
2739 3851 3017 3920 fuisse,ne
3034 3851 3332 3907 videantur
3351 3851 3521 3908 etiam

1897 3943 2145 4015 episcopi
2184 3943 2696 4000 administrationes
2739 3946 3001 4017 prolixas,
3038 3950 3137 4001 aut
3179 3946 3525 4018 precatorias

1895 4054 2025 4092 cum
2049 4037 2292 4093 ordinati
2321 4042 2452 4092 sunt
2477 4038 2663 4094 facere
2704 4038 2988 4109 debuisse,
3017 4042 3117 4095 aut
3149 4039 3246 4095 diu
3276 4042 3525 4094 retentas

1893 4130 2188 4187 facultates
2228 4130 2289 4185 in
2325 4132 2420 4202 jus
2469 4131 2830 4204 proprietatis
2878 4149 2994 4188 suae
3043 4149 3208 4206 posse
3255 4133 3519 4189 transcri-

1891 4223 2047 4279 bere.

1964 4317 2067 4372 LX.
2102 4318 2313 4389 Lapsis,
2345 4318 2402 4373 id
2428 4321 2514 4373 est
2539 4319 2635 4391 qui
2679 4319 2741 4374 in
2784 4321 3058 4377 catholica
3104 4323 3214 4378 fide
3257 4322 3521 4395 baptizati

1892 4413 2040 4478 sunt,
2069 4409 2114 4464 si
2143 4411 2611 4482 praevaricatione
2637 4413 2949 4470 damnabili
2992 4420 3119 4486 post
3155 4417 3216 4471 in
3256 4415 3517 4471 haeresim

1891 4503 2238 4575 transierint,
2249 4505 2524 4576 grandem
2537 4506 2816 4563 redeundi
2831 4508 3040 4563 difticul
3049 4513 3222 4565 tatem
3234 4510 3417 4564 sanxit
3427 4527 3523 4564 an-

161 4593 400 4649 convicti
443 4593 502 4647 in
547 4593 802 4659 consilio,
833 4599 890 4648 et
916 4592 986 4646 ab
1026 4594 1243 4647 honore
1294 4592 1553 4662 depositi,
1587 4593 1659 4647 de
1689 4610 1790 4648 suo
1810 4590 1869 4662 D
1891 4597 2145 4669 tiquitas,
2179 4599 2387 4670 quibus
2415 4615 2522 4654 nos
2548 4617 2832 4656 annorum
2864 4603 3227 4658 multitudine
3267 4602 3522 4658 breviata

162 4688 312 4742 aliud
360 4687 661 4742 restituant
695 4689 973 4758 quantum
1015 4686 1119 4741 visi
1164 4689 1296 4740 sunt
1345 4685 1792 4757 prtesumpsisse.

163 4785 302 4836 Sane
332 4783 380 4836 si
408 4781 535 4853 quis
561 4798 664 4852 pro
707 4781 959 4853 qualibet
1006 4780 1335 4836 conditione
1382 4780 1452 4834 de
1492 4779 1660 4834 rebus
1703 4797 1790 4834 ec-

160 4876 343 4930 clesiae
369 4874 589 4946 aliquid
619 4875 867 4929 alienare
892 4874 1338 4945 przesumpserit,
1367 4873 1412 4927 si
1443 4872 1513 4926 de
1544 4889 1644 4927 suo
1669 4890 1795 4945 pro-

160 4969 282 5041 prio
312 4973 542 5023 tantum
594 4967 844 5023 ecclesiae
889 4967 1196 5023 contulerit
1224 4969 1506 5038 quantum
1529 4966 1680 5021 visus
1709 4972 1795 5022 est

160 5062 475 5132 abstulisse,
509 5067 644 5116 tunc
670 5062 901 5117 demum
945 5061 1094 5117 istud
1138 5065 1287 5117 stare
1312 5060 1526 5130 licebit,
1558 5060 1792 5116 libertos

158 5158 350 5209 tamen
389 5172 534 5227 quos
562 5156 876 5211 sacerdotes
901 5155 991 5210 vel
1020 5155 1284 5210 diaconos
1328 5155 1398 5209 de
1428 5154 1662 5209 ecclesia
1687 5155 1792 5210 sibi

158 5250 460 5304 commissa
498 5251 683 5304 facere
707 5249 991 5305 voluerint
1033 5253 1187 5304 actus
1235 5249 1483 5304 ecclesiae
1527 5250 1792 5321 prosequi

150 5342 434 5411 jubemus,
471 5343 622 5414 quod
649 5343 692 5396 si
731 5343 913 5398 facere
959 5342 1426 5414 contempserint,
1454 5340 1668 5414 placuit
1694 5360 1791 5399 eos

157 5436 222 5490 ad
245 5436 551 5508 proprium
575 5437 782 5492 reverti
801 5436 1111 5492 servitium.

225 5533 282 5585 L.
313 5530 371 5585 Si
408 5530 725 5602 episc0pus,
756 5529 1056 5602 presbyter
1100 5532 1198 5584 aut
1240 5529 1506 5585 diaconus
1548 5531 1791 5603 capitale

155 5623 371 5677 crimen
403 5624 773 5692 commiserit,
804 5628 904 5679 aut
941 5622 1194 5679 chartam
1224 5623 1523 5693 falsaverit,
1554 5630 1652 5680 aut
1673 5629 1788 5681 tes-

156 5716 464 5772 timonium
492 5717 702 5772 falsum
725 5718 951 5786 dixerit,
974 5718 1044 5773 ab
1067 5717 1237 5773 officii
1259 5717 1476 5773 honore
1501 5719 1790 5790 depositus

153 5810 212 5864 in
264 5812 685 5866 monasterium
739 5813 1086 5879 retrudatur,
1140 5814 1198 5865 et
1246 5811 1323 5865 ibi
1387 5814 1788 5869 tantummodo

156 5904 412 5974 quandiu
441 5905 637 5961 vixerit
666 5905 862 5962 laicam
898 5905 1360 5961 communionem
1393 5905 1644 5976 accipiat.

1893 4692 2284 4762 paenitentiam
2325 4691 2542 4748 biennii
2577 4695 2900 4750 conditione
2930 4696 3296 4767 infrascriptae
3325 4695 3517 4752 obser-

1893 4785 2134 4840 vationis
2177 4786 2546 4858 imponimus,
2577 4792 2642 4844 ut
2689 4789 3016 4860 praescripto
3062 4789 3315 4859 biennio,
3350 4790 3518 4845 tertio

1893 4879 2017 4934 sine
2042 4879 2396 4935 relaxatione
2419 4881 2700 4953 jejunent,
2726 4887 2782 4938 et
2801 4883 3092 4938 ecclesiam
3116 4884 3385 4938 studeant
3414 4885 3522 4938 fre-

1895 4979 2196 5044 quentare,
2231 4974 2289 5029 in
2318 4975 2697 5045 paenitentum
2733 4977 2853 5031 loco
2880 4977 3063 5032 standi
3095 4982 3152 5032 et
3181 4977 3379 5033 orandi
3409 4979 3516 5032 hu-

1891 5067 2195 5122 militatem
2239 5069 2316 5123 ita
2359 5070 2624 5125 noverint
2649 5071 3084 5139 observandam,
3112 5075 3178 5126 ut
3211 5071 3384 5127 etiam
3412 5072 3519 5144 ipsi

1892 5177 2020 5215 cum
2055 5162 2450 5218 catechumeni
2488 5163 2680 5233 egredi
2705 5168 3158 5232 commonentur,
3190 5165 3516 5236 abscedant,

1891 5254 1996 5308 hoc
2017 5255 2061 5308 si
2092 5255 2388 5310 observare
2413 5256 2692 5310 voluerint
2714 5257 3018 5312 constituto
3044 5260 3302 5330 tempore
3321 5252 3542 5330 admit-f

1890 5348 2074 5402 tendis
2086 5348 2160 5403 ad
2173 5349 2436 5403 altarium
2455 5350 2770 5404 observatio
2785 5351 3096 5422 relaxetur;
3110 5353 3265 5424 quod
3276 5353 3322 5407 si
3339 5353 3521 5408 ardua

1890 5441 1974 5496 vel
2004 5441 2144 5496 dura
2184 5442 2326 5496 forte
2368 5443 2711 5512 putaverint,
2738 5446 2953 5516 statuta
2980 5446 3403 5516 praeteritorum
3434 5462 3519 5500 ca-

1890 5550 2110 5588 nonum
2141 5534 2381 5606 implere
2407 5535 2716 5592 debebunt.
2725 5512 2750 5686 ζ

1961 5629 2088 5682 LXI.
2121 5629 2194 5683 De
2229 5628 2453 5684 incestis
2481 5631 2725 5686 coniunc

1961 5629 2088 5682 LXI.
2121 5629 2194 5683 De
2229 5628 2453 5684 incestis
2481 5628 2973 5701 conjunctionibus
2999 5633 3140 5688 nihil
3166 5647 3391 5703 prorsus
3417 5645 3514 5685 ve-

1891 5720 2002 5777 niae
2041 5738 2412 5792 reservamus,
2445 5723 2552 5778 nisi
2593 5741 2723 5780 cum
2766 5726 3106 5782 adulterium
3152 5722 3513 5796 separatione

1891 5816 2227 5886 sanaverint,
2278 5816 2523 5873 incestos
2583 5835 2714 5874 vero
2761 5820 2918 5874 nullo
2974 5816 3222 5887 conjugii
3282 5815 3512 5870 nomine

1892 5908 2270 5983 deputandos,
2293 5928 2436 5985 quos
2455 5912 2626 5970 etiam
2646 5912 2942 5983 designare
2962 5911 3253 5966 funestum
3281 5912 3383 5980 est,
3406 5908 3511 5964 hos
