4054 6322
1406 367 1692 423 ΛΡΡΕΝΙ).
1730 367 1818 421 ΑΒ
1859 366 2018 422 S.£C.
2062 365 2148 421 IX.
2178 393 2245 403 -ν
2285 364 2529 421 lSlDORl
2567 364 2993 420 MERCATORIS

3782 370 3890 422 408

509 477 666 532 enim
683 488 981 531 censemus
996 491 1118 529 esse
1135 474 1179 529 si
1198 474 1325 545 quis
1350 474 1608 529 relictam
1635 472 1824 529 fratris
1844 489 1971 544 quae
1992 488 2140 544 pene
2163 482 2223 557 Α
2314 471 2458 527 LXV.
2495 471 2780 536 Quoniam
2808 488 2922 526 non
2950 473 3174 542 oportet
3198 471 3494 544 diaconem
3514 473 3715 528 sedere
3738 491 3887 545 pras-

511 571 671 641 prius
696 586 858 624 soror
887 568 1178 623 exstiterat
1201 566 1412 623 carnali
1433 567 1826 639 conjunctione
1855 565 2142 638 polluerit.

511 664 572 718 Si
598 663 722 734 quis
747 663 925 718 frater
953 678 1292 733 germanam
1322 677 1558 716 uxorem
1596 660 1900 732 acceperit,
1933 659 1980 713 si
2016 659 2145 730 quis

511 773 818 812 novercam
846 756 1089 824 duxerit,
1118 756 1164 809 si
1192 754 1317 826 quis
1347 754 1700 809 consobrinaa
1741 770 1801 808 se
1830 753 2142 820 sociaverit,

510 851 556 904 si
591 850 718 921 quis
742 849 954 904 relictae
980 848 1066 903 vel
1102 847 1236 903 ﬁliae
1268 846 1534 904 avunculi
1559 847 1885 913 misceatur,
1919 849 2019 901 aut
2045 863 2143 916 pa-

509 944 584 998 tri
611 942 745 997 ﬁlise
771 943 857 998 vel
884 941 1165 1013 privignae
1194 959 1328 1004 suae,
1363 945 1461 997 aut
1502 940 1599 1012 qui
1639 957 1705 996 ex
1734 940 1971 1012 propria
2009 956 2144 994 con-

510 1037 887 1107 sanguinitate
918 1036 1194 1106 aliquam,
1225 1039 1326 1089 aut
1355 1052 1528 1106 quam
1556 1034 2012 1105 consanguineus
2041 1034 2144 1087 ha-

510 1131 634 1184 buit
669 1129 997 1197 concubitu,
1029 1129 1270 1200 polluat,
1297 1131 1396 1182 aut
1433 1127 1656 1182 duxerit
1701 1143 1962 1182 uxorem.
1994 1127 2147 1192 Quos

511 1239 709 1277 omnes
734 1225 791 1278 et
827 1223 968 1278 olim
1001 1226 1174 1294 atque
1203 1221 1306 1275 sub
1343 1221 1451 1275 hac
1476 1221 1877 1276 constitutione
1903 1220 2147 1276 incestos

510 1333 632 1372 esse
655 1333 768 1372 non
796 1315 1144 1382 dubitamus,
1165 1320 1224 1369 et
1245 1314 1396 1368 inter
1414 1316 1848 1370 catechumenos
1874 1331 2055 1386 usque
2073 1315 2147 1369 ad

509 1409 832 1480 legitimam
868 1407 1316 1464 satisfactionem
1342 1424 1573 1462 manere
1605 1413 1661 1462 et
1690 1424 1854 1462 orare
1884 1407 2143 1478 praecipi-

2246 568 2403 620 sente
2428 566 2776 637 presbytero,
2807 565 2906 620 sed
2934 581 3003 620 ex
3027 564 3283 635 jussione
3312 565 3633 638 presbyteri
3664 567 3887 632 sedeat,

2245 656 2507 713 similiter
2550 661 2742 714 autem
2789 658 3200 714 honoriﬁcetur
3242 659 3509 714 diaconus
3545 677 3578 716 a
3607 660 3892 716 ministris

2245 750 2613 806 inferioribus
2642 755 2700 807 et
2726 751 2990 808 omnibus
3017 751 3254 807 clericis.

2317 845 2490 899 LXVI.
2521 845 2804 908 Quoniam
2835 861 2950 899 non
2981 847 3206 916 oportet
3233 845 3291 900 in
3321 849 3565 901 sacratos
3590 846 3890 902 ministros

2245 937 2535 993 licentiam
2582 937 2789 993 habere
2835 938 2894 993 in
2937 938 3326 1008 secretarium,
3355 939 3507 1010 quod
3552 940 3734 995 Graeci
3763 941 3888 994 dia-

2248 1031 2487 1085 conicon
2551 1031 2858 1102 appellant,
2928 1030 3185 1101 ingredi,
3240 1036 3298 1087 et
3352 1048 3484 1088 vasa
3553 1034 3890 1104 contingere

2247 1123 2560 1180 Dominica.

2319 1217 2516 1272 LXVII.
2535 1217 2817 1282 Quoniam
2847 1235 2965 1274 non
2998 1223 3220 1290 oportet
3245 1235 3375 1274 cum
3405 1220 3673 1275 omnibus
3704 1222 3889 1276 haere-

2248 1311 2373 1365 ticis
2405 1310 2645 1366 miscere
2676 1311 2984 1382 connubia,
3015 1312 3104 1367 vel
3133 1311 3279 1368 ﬁlios
3305 1313 3392 1368 vel
3421 1313 3567 1368 ﬁlias
3596 1315 3755 1383 dare,
3787 1315 3888 1369 sed

2247 1403 2438 1475 potius
2468 1404 2746 1476 accipere,
2767 1405 2814 1458 si
2834 1408 3032 1459 tamen
3057 1405 3402 1476 proﬁtentur
3429 1407 3778 1464 Christianos
3800 1411 3890 1464 fu-

509 1519 658 1569 mus,
707 1501 859 1572 quod
908 1501 990 1556 ita
1034 1500 1305 1571 praesenti
1349 1506 1612 1572 tempore
1655 1500 2048 1572 prohibemus,
2086 1502 2150 1554 ut
2247 1500 2403 1552 turos
2432 1514 2553 1552 esse
2577 1502 2634 1552 et
2660 1498 2986 1553 catholicos.

509 1611 572 1649 ea
611 1610 741 1665 quae
785 1599 916 1649 sunt
962 1594 1232 1648 hactenus
1275 1593 1553 1663 instituta,
1587 1610 1704 1648 non
1752 1593 2143 1648 dissolvamus.

511 1687 657 1742 Sane
721 1687 928 1758 quibus
989 1686 1317 1757 conjunctio
1369 1687 1563 1742 illicita
1610 1686 1989 1753 interdicitur,
2046 1687 2143 1741 ha-

510 1779 728 1834 bebunt
753 1779 990 1835 ineundi
1019 1779 1272 1834 melioris
1303 1779 1558 1850 conjugii
1586 1779 1930 1834 libertatem.

2319 1593 2534 1647 LXVIII.
2561 1591 2841 1655 Quoniam
2871 1609 2985 1646 non
3013 1595 3235 1664 oportet
3262 1594 3550 1649 ministros
3576 1595 3774 1651 altaris
3789 1600 3891 1652 aut

2247 1685 2481 1740 clericos
2522 1701 2722 1756 magos
2753 1691 2809 1740 et
2836 1685 3215 1741 incantatores
3245 1703 3384 1755 esse,
3414 1693 3512 1744 aut
3539 1688 3726 1743 facere
3755 1707 3888 1761 quas

2247 1778 2463 1846 dicunt,
2493 1779 2860 1850 phylacteria,
2893 1795 3020 1850 quae
3059 1782 3192 1834 sunt
3234 1797 3448 1853 magna
3498 1781 3889 1854 obligamenta

584 1873 734 1928 LXII.
781 1872 839 1928 Si
868 1873 995 1944 quis
1026 1889 1252 1926 servum
1290 1873 1588 1944 proprium
1633 1873 1755 1927 sine
1800 1873 2148 1928 conscientia
2166 1851 2224 1922 B
2251 1871 2599 1941 animarum,
2622 1873 2725 1926 hos
2747 1876 2935 1927 autem
2959 1873 3055 1945 qui
3075 1873 3284 1929 talibus
3304 1851 3563 1944 utuntur,
3585 1851 3793 1947 projici
3815 1876 3888 1931 ab

502 1965 713 2038 judicis
755 1965 1044 2036 occiderit,
1078 1965 1666 2022 excommunicatione
1692 1965 1781 2020 vel
1809 1966 2148 2037 poenitentia

509 2058 724 2116 biennii
751 2064 978 2114 reatum
1010 2059 1303 2130 sanguinis
1331 2059 1678 2114 emendabit.

583 2154 759 2210 LXIII.
795 2154 865 2208 Ut
892 2153 1044 2208 cives
1071 2152 1169 2224 qui
1211 2153 1572 2224 superiorum
1612 2153 2057 2223 solemnitatum,
2090 2154 2149 2210 id

509 2252 612 2315 est,
640 2247 872 2303 Pascha:
897 2263 962 2301 ac
990 2245 1190 2301 natalis
1217 2245 1465 2314 Domini,
1496 2246 1586 2301 vel
1615 2247 1969 2302 Pentecostes
1997 2247 2148 2302 festi-

2251 1965 2483 2020 ecclesia
2505 1966 2802 2037 jussimus.

2319 2060 2488 2114 LXIX.
2512 2059 2912 2115 Seditionarios
2932 2077 3230 2132 nunquam
3257 2061 3604 2117 ordinandas
3624 2063 3886 2135 clericos,

2249 2152 2394 2207 sicut
2417 2169 2523 2208 nec
2554 2154 2863 2221 usurarios,
2891 2153 2977 2209 vel
3005 2154 3350 2226 injuriarum
3384 2171 3619 2212 suarum
3646 2157 3885 2213 ultores.

2320 2246 2462 2300 LXX.
2493 2246 2773 2301 Clericum
2802 2247 3101 2302 scurrilem
3131 2254 3188 2303 et
3213 2248 3398 2304 verbis
3429 2249 3690 2321 turpibus
3708 2251 3883 2322 jocu-

507 2341 777 2396 vitatibus
806 2357 937 2394 cum
969 2340 1249 2411 episcopis
1293 2339 1566 2395 interesse
1607 2340 1970 2412 neglexerint
1999 2339 2149 2411 (cum
2248 2338 2447 2407 larem,
2476 2338 2546 2393 ab
2575 2339 2764 2394 ofﬁcio
2799 2339 3232 2396 retrahendum.

509 2434 570 2489 in
599 2433 919 2488 civitatibus
958 2433 1381 2488 communionis
1406 2433 1493 2488 vel
1537 2432 1947 2489 benedictionis
1998 2435 2145 2489 acci-

2321 2432 2490 2487 LXXI.
2525 2432 2821 2504 Synodum
2850 2433 3027 2488 etiam
3067 2434 3381 2490 secundum
3429 2437 3737 2492 constituta
3785 2439 3891 2495 Pa-

508 2527 734 2599 piendze
777 2543 945 2581 causa
972 2526 1186 2598 positos
1213 2543 1273 2580 se
1321 2541 1486 2581 nosse
1525 2526 1810 2599 debeant),
1838 2527 2088 2582 triennio
2115 2544 2149 2582 a
2249 2529 2403 2580 trum
2431 2525 2600 2580 etiam
2630 2527 2794 2580 annis
2822 2526 3062 2598 singulis
3101 2529 3316 2599 placuit
3357 2531 3715 2602 congregari,
3745 2549 3890 2603 quo-

511 2621 922 2676 communione
950 2619 1243 2692 priventur
1273 2620 1547 2674 ecclesia.

2247 2619 2406 2674 niam
2448 2636 2578 2674 cum
2621 2636 2759 2691 pace
2806 2619 3142 2676 dimittimus
3189 2622 3404 2693 gratias
3467 2625 3579 2678 Deo
3629 2625 3886 2696 agimus,

578 2715 748 2770 LXIV.
783 2714 842 2768 Si
873 2714 1001 2785 quis
1029 2714 1088 2767 in
1121 2713 1270 2767 clero
1302 2714 1642 2768 constitutus
1681 2713 1753 2768 ab
1781 2713 2018 2769 ecclesia
2047 2732 2149 2770 sua
2249 2715 2477 2768 orantes
2517 2713 2639 2784 ejus
2683 2715 3065 2784 clementiam,
3100 2719 3163 2770 ut
3204 2715 3330 2770 haec
3373 2717 3573 2772 eadem
3603 2717 3791 2774 facere
3822 2720 3888 2774 in

510 2807 711 2862 diebus
736 2807 1081 2863 solemnibus
1110 2806 1372 2873 defuerit,
1401 2805 1462 2860 id
1489 2810 1590 2873 est,
1622 2806 1912 2862 nativitate
1947 2807 2144 2862 Domi-

509 2901 590 2968 ni,
617 2900 949 2971 Epiphania,
993 2900 1230 2970 Pascha,
1262 2899 1348 2954 vel
1385 2901 1736 2967 Pentecoste,
1777 2900 1915 2955 dum
1960 2900 2147 2972 potius

511 2993 784 3065 singulari
811 2994 970 3048 lucro
1011 2992 1257 3062 studeat,
1285 3009 1464 3064 quam
1509 2992 1737 3046 servitio
1783 3009 1882 3047 suo
1921 3010 2144 3065 parere,

513 3088 780 3142 convenit
818 3090 878 3140 ut
923 3085 1170 3141 triennio
1211 3103 1241 3139 a
1288 3085 1697 3140 communione
1746 3087 2143 3158 suspendatur.

514 3179 790 3236 Similiter
824 3179 1091 3235 diaconus
1109 3179 1196 3233 vel
1226 3179 1524 3251 presbyter
1547 3180 1592 3234 si
1617 3185 1730 3235 tres
1754 3179 2146 3236 hebdomadas

512 3273 582 3326 ab
616 3273 850 3329 ecclesia
892 3289 993 3328 sua
1035 3273 1298 3340 defuerit,
1323 3273 1455 3330 huic
1485 3272 1836 3331 damnationi
1879 3289 2142 3331 succum-

515 3366 630 3421 bat.

2249 2807 2534 2861 honorem
2574 2807 2799 2862 Domini
2839 2809 3047 2863 multos
3090 2825 3192 2879 per
3220 2826 3402 2864 annos
3428 2811 3726 2882 possimus.
3763 2814 3886 2884 Ego

2247 2900 2519 2955 Caesarius
2545 2900 2602 2954 in
2630 2900 2838 2956 Christi
2865 2901 3102 2957 nomine
3129 2902 3425 2974 episc0pus
3445 2904 3609 2975 juxta
3634 2905 3697 2959 id
3724 2906 3889 2977 quod

2249 2993 2529 3048 universis
2595 2995 2946 3066 coepiscopis
3005 2996 3145 3050 meis
3213 3013 3440 3052 mecum
3505 2998 3884 3069 scripserunt,

2245 3086 2460 3158 placuit
2488 3087 2745 3144 instituta
2776 3090 3010 3143 Patrum
3037 3093 3284 3158 secutus,
3318 3091 3408 3145 his
3438 3091 3889 3148 difﬁnitionibus

2249 3197 2505 3237 annuens
2533 3181 2636 3236 sub
2667 3182 2759 3236 die
2797 3182 2996 3254 quinto
3034 3183 3312 3238 Kalendas
3343 3184 3712 3256 Septembris,
3741 3187 3887 3241 sub-

2247 3274 2461 3345 scripsi,
2495 3275 2760 3331 similiter
2785 3280 2843 3332 et
2871 3275 2968 3332 alii
2995 3275 3471 3349 subscripserunt.

2316 3368 2552 3440 Explicit
2577 3368 2888 3424 concilium
2925 3370 3270 3442 Agathense.

1234 3666 1636 3734 INCIPIUNT
1680 3667 2074 3734 CAPITULA
2118 3668 2451 3735 CONCILII
2495 3669 3158 3736 AURELIANENSIS.

587 3843 632 3893 1.
660 3840 737 3894 De
768 3838 1065 3894 homicidis
1083 3843 1139 3896 et
1157 3839 1431 3896 adulteris
1457 3844 1513 3896 et
1539 3841 1780 3912 furibus,
1805 3842 1850 3896 si
1867 3843 1938 3897 ad
1964 3843 2143 3898 eccle-

512 3933 658 3986 siam
687 3933 1069 4004 confugerint.

581 4028 635 4079 2.
667 4026 743 4080 De
768 4026 1095 4097 raptoribus
1121 4027 1194 4082 ad
1224 4026 1522 4082 ecclesiam
1549 4027 2030 4100 confugientibus.

583 4119 636 4172 3.
663 4119 741 4174 De
773 4119 947 4173 servis
972 4119 1017 4174 si
1049 4120 1124 4175 ad
1153 4120 1448 4175 ecclesiam
1478 4122 1858 4194 confugerint.

582 4212 635 4266 4.
668 4212 745 4266 De
779 4228 844 4268 eo
871 4213 969 4285 qui
1010 4213 1081 4268 ab
1127 4213 1388 4287 episcopo
1433 4214 1644 4287 aliquid
1696 4215 1920 4288 repetit,
1949 4220 2012 4272 ut
2038 4233 2141 4289 pro

510 4305 636 4377 ipsa
660 4306 1034 4362 conventione
1059 4308 1129 4362 ab
1157 4309 1390 4364 ecclesia
1416 4327 1528 4364 non
1554 4309 1828 4382 privetur.

581 4404 634 4454 5.
681 4399 740 4456 Si
784 4399 1078 4474 episcopus
1128 4418 1355 4458 servum
1407 4403 1638 4459 alterius
1679 4404 1950 4459 clericum
1997 4405 2142 4461 fece-

509 4492 601 4548 rit.

579 4595 630 4648 6.
661 4592 719 4648 Si
744 4593 1011 4649 diaconus
1039 4598 1138 4650 aut
1162 4595 1458 4668 presbyter
1482 4595 1701 4650 crimen
1726 4596 1963 4668 capitale
1989 4612 2142 4651 com-

508 4685 747 4743 miserit.

576 4785 628 4835 7.
664 4781 740 4836 De
773 4781 861 4836 his
886 4782 985 4854 qui
1014 4782 1412 4854 paenitentiam
1438 4782 1807 4838 violaverunt.

2319 3847 2402 3899 15.
2438 3846 2509 3900 Ut
2539 3845 2772 3900 abbates
2800 3845 2860 3900 in
2896 3847 3177 3918 potestate
3225 3845 3620 3918 episcoporum
3663 3845 3797 3914 sint,
3827 3851 3884 3901 et

2244 3937 2313 3992 de
2341 3939 2638 3994 monachis
2668 3939 2846 4011 vagis.

2326 4037 2409 4087 16.
2442 4037 2511 4089 Ut
2534 4033 2800 4088 monachi
2826 4031 3074 4088 oratorio
3107 4033 3191 4088 vel
3217 4033 3374 4088 zonis
3403 4049 3520 4088 non
3547 4035 3803 4088 utantur.

2318 4136 2403 4188 17.
2436 4131 2492 4187 Si
2528 4128 2841 4184 monachus
2868 4143 3099 4182 uxorem
3133 4126 3370 4182 duxerit.

2318 4229 2404 4282 18.
2437 4225 2509 4279 Ut
2533 4221 2848 4277 monachus
2880 4219 3000 4275 sine
3046 4220 3333 4292 permissu
3363 4220 3611 4293 episcopi
3639 4221 3729 4277 vel
3771 4221 3878 4275 ab-

2241 4320 2390 4376 batis
2417 4317 2646 4372 cellulas
2671 4331 2790 4370 non
2819 4317 3128 4369 construat.

2314 4416 2400 4468 19.
2457 4411 2546 4485 Si.
2581 4409 2857 4481 episcopis
2921 4408 3193 4479 cuiquam
3252 4410 3496 4464 terrulas
3546 4407 3881 4480 praestiterit

2241 4504 2581 4564 excolendas
2606 4504 2727 4559 sine
2755 4501 3087 4575 praejudicio
3119 4501 3268 4573 juris
3301 4501 3550 4558 ecclesiae
3590 4503 3878 4558 tenebun-

2246 4605 2358 4654 tur.

2311 4618 2358 4654 r.

2273 4617 2398 4749 u20.
2429 4694 2499 4748 Ut
2524 4695 2654 4748 ante
2683 4690 2898 4746 Pascha
2924 4689 3360 4762 quadragesima
3391 4691 3670 4745 teneatur.

2310 4792 2399 4844 21.
2427 4788 2498 4842 Ut
2523 4786 2714 4841 nullus
2757 4784 2964 4839 civium
2993 4783 3319 4840 festivitates
3362 4783 3613 4855 majores
3651 4783 3711 4838 in
3741 4783 3877 4837 villa

577 4876 631 4928 8.
654 4875 711 4929 Si
734 4875 1032 4947 presbyter
1061 4881 1159 4932 aut
1185 4877 1453 4932 diaconus
1474 4893 1533 4930 se
1554 4893 1656 4947 pro
1677 4878 1839 4931 reatu
1859 4876 2047 4948 aliquo
2067 4877 2137 4931 ab
2239 4881 2509 4938 celebret.

508 4967 862 5023 Eucharistia
888 4969 1263 5040 suspenderit.

2308 4979 2396 5031 22.
2433 4976 2503 5029 Ut
2531 4972 2770 5044 populus
2811 4973 2942 5026 ante
2974 4971 3320 5043 completam
3346 4970 3582 5025 missam
3612 4973 3671 5025 et
3696 4963 3872 5026 bene-

581 5063 634 5115 9.
669 5061 728 5164 Si
768 5061 962 5117 relicta
1006 5063 1322 5136 presbyteri
1363 5069 1461 5118 aut
1507 5062 1732 5118 diaconi
1779 5063 1876 5119 alii
1915 5081 1976 5118 se
2001 5081 2136 5120 con-
2156 5104 2216 5176 D
2241 5068 2553 5124 dictionem
2583 5069 2878 5137 acceptam
2910 5065 3108 5136 egredi
3134 5081 3250 5120 non
3275 5067 3604 5136 praesumat.

502 5153 773 5223 junxerit.

583 5249 668 5301 10.
698 5248 774 5303 De
802 5247 892 5303 his
920 5266 1046 5320 qua:
1071 5250 1130 5305 in
1159 5251 1360 5306 altario
1393 5249 1727 5307 offeruntur.

583 5343 668 5395 11.
697 5342 777 5396 De
801 5342 890 5398 his
915 5359 1044 5415 quae
1073 5361 1106 5398 a
1131 5345 1391 5400 ﬁdelibus
1416 5345 1478 5400 in
1506 5345 1869 5416 parochianis
1894 5343 2140 5400 ecclesiis

509 5433 846 5490 offeruntur.

582 5532 666 5586 12.
701 5531 771 5586 Ut
816 5532 1113 5604 episcopus
1149 5534 1205 5586 et
1244 5546 1527 5602 pauperes
1571 5537 1627 5589 et
1670 5532 1928 5588 inﬁrmos
1979 5536 2138 5587 tuea-

506 5629 618 5679 tur.

581 5720 667 5772 13.
697 5719 768 5773 Ut
811 5716 1058 5772 basilicae
1096 5717 1156 5770 in
1203 5716 1363 5785 cujus
1409 5717 1692 5774 territorio
1737 5723 1886 5789 sunt,
1924 5719 1984 5774 in
2020 5719 2140 5791 ejus

507 5808 757 5880 episcopi
785 5812 1056 5864 maneant
1080 5810 1377 5880 potestate.

585 5901 666 5956 14.
701 5902 780 5957 De
804 5901 1050 5972 incestis,
1079 5905 1141 5956 ut
1174 5901 1754 5959 excommunicentur.

2312 5166 2401 5218 23.
2432 5165 2505 5220 Ut
2533 5160 2744 5216 litanias
2769 5161 2904 5215 ante
2931 5158 3336 5214 Ascensionem
3351 5157 3576 5213 Domini
3593 5157 3878 5212 celebren-

2239 5259 2351 5310 tur.

2312 5349 2400 5403 24.
2443 5348 2521 5402 De
2559 5347 2773 5402 clericis
2811 5345 2911 5418 qui
2957 5346 3029 5401 ad
3067 5345 3321 5401 ofﬁcium
3374 5344 3566 5400 venire
3615 5346 3874 5399 contem-

2242 5447 2408 5498 nunt

2315 5539 2403 5590 25.
2431 5537 2507 5590 De
2536 5534 2924 5590 familiaritate
2953 5536 3355 5588 extranearum
3382 5531 3712 5586 mulierum.

2309 5632 2399 5684 26.
2433 5629 2511 5683 De
2557 5627 2835 5700 religiosis
2885 5626 3249 5682 saecularibus
3291 5625 3390 5699 qui
3432 5623 3878 5682 divinationibus

2242 5722 2564 5778 attendunt.

2309 5819 2396 5870 27.
2415 5815 2578 5880 Quod
2599 5815 2897 5888 episcopus
2914 5814 3005 5873 die
3021 5813 3316 5872 Dominica
3330 5815 3401 5874 ab
3418 5812 3653 5870 ecclesia
3673 5810 3876 5869 abesse

2238 5925 2356 5966 non
2387 5907 2572 5966 debet.
