4054 6294
148 327 249 378 409

1395 324 1864 381 DECRETALIUM
1903 326 2289 383 COLLECTIO.

3419 337 3523 391 410

769 530 1183 623 INCIPIT
1287 508 1906 626 CONCILIUM
1994 533 2898 626 AUBELIANENSE.

1439 711 1734 791 Triginta
1777 712 2246 792 episcoporum.

215 901 364 956 Cum
407 901 639 954 auctore
691 898 805 954 Deo
848 896 908 954 in
952 899 1348 956 Aurelianensi
1400 900 1537 956 urbe
1590 901 1786 958 fuisset
1804 915 1865 989 Α
1954 903 2041 956 VI.
2092 902 2147 957 Si
2197 901 2442 972 diaconi,
2496 908 2594 958 aut
2641 903 2957 976 presbyteri
3003 904 3224 960 crimen
3281 905 3520 978 capitale

147 991 460 1047 concilium
476 1008 838 1048 summorum
853 993 1172 1049 antistitum
1184 999 1616 1065 congregatum,
1633 1011 1786 1049 com-

148 1085 311 1140 muni
344 1085 606 1141 omnium
651 1087 957 1142 collatione
1000 1087 1363 1159 complacuit,
1404 1091 1464 1142 ut
1492 1088 1598 1142 hoc
1628 1089 1784 1159 quod

149 1178 339 1233 verbis
363 1182 704 1248 statuerunt,
734 1179 911 1235 etiam
941 1181 1245 1252 Scriptura
1266 1181 1592 1236 testimonio
1622 1182 1785 1236 robo-

149 1275 369 1327 rarent.

216 1368 353 1423 CAP.
387 1367 428 1420 ι.
457 1365 520 1422 Id
552 1366 949 1423 constituimus
974 1368 1394 1424 observandum
1422 1369 1578 1441 quod
1605 1371 1782 1424 eccle-

149 1459 361 1514 siastici
387 1476 635 1514 canones
665 1461 1058 1530 decreverunt,
1089 1467 1144 1517 et
1167 1463 1257 1517 lex
1288 1464 1551 1518 Romana
1581 1461 1786 1518 consti-

148 1551 276 1620 tuit,
310 1556 374 1607 ut
413 1553 486 1608 ab
531 1554 776 1609 ecclesia
813 1554 988 1624 atriis,
1034 1556 1125 1610 vel
1167 1555 1336 1610 domo
1383 1555 1630 1627 episcopi
1660 1572 1784 1610 reos

151 1646 488 1702 abstrahere
515 1648 750 1703 omnino
779 1664 896 1704 non
923 1649 1108 1716 liceat,
1138 1649 1236 1704 sed
1267 1666 1370 1706 nec
1396 1649 1560 1704 alteri
1597 1648 1782 1704 consi-

153 1740 339 1812 gnari,
362 1740 471 1794 nisi
497 1741 569 1796 ad
595 1741 896 1813 Evangelia
921 1743 1064 1797 datis
1091 1743 1467 1798 sacramentis
1489 1742 1559 1798 de
1581 1747 1781 1813 morte,

153 1839 207 1888 et
236 1832 549 1902 debilitate,
564 1839 622 1890 et
633 1835 891 1890 omnium
905 1853 1204 1908 poenarum
1222 1851 1434 1908 genere
1453 1837 1564 1892 sint
1580 1837 1782 1905 securi,

150 1925 229 1980 ita
256 1930 322 1980 ut
351 1927 407 1981 ei
432 1927 524 1982 cui
550 1945 682 1982 reus
707 1929 881 1984 fuerit
908 1929 1249 1984 criminosus
1292 1930 1362 1984 de
1400 1930 1784 1985 satisfactione

152 2019 482 2088 conveniat;
531 2021 685 2092 quod
713 2022 756 2076 si
797 2039 896 2078 sua
926 2028 1277 2078 sacramenta
1304 2024 1591 2078 convictus
1614 2024 1787 2078 fuerit

151 2113 408 2183 violasse,
455 2129 588 2169 reus
637 2115 894 2186 perjurii,
939 2133 1055 2171 non
1087 2117 1271 2172 solum
1316 2134 1350 2171 a
1377 2117 1784 2172 communione

153 2207 424 2276 ecclesia,
456 2208 544 2262 vel
568 2208 827 2264 omnium
853 2211 1204 2279 clericorum,
1234 2211 1610 2266 verumetiam
1634 2229 1667 2266 a
1697 2227 1786 2266 ca-

1885 994 2295 1064 commiserint,
2341 995 2509 1050 simul
2548 1001 2604 1051 et
2650 998 2719 1052 ab
2766 997 2952 1054 ofﬁcio
3005 1001 3063 1054 et
3113 1000 3520 1056 communione

1884 1087 2195 1158 pellantur.

1957 1182 2064 1236 VII.
2112 1182 2191 1235 De
2222 1180 2310 1235 his
2347 1181 2445 1252 qui
2489 1188 2750 1254 suscepta
2795 1185 3136 1254 poenitentia
3173 1187 3520 1258 religionem

1885 1291 2003 1328 sua
2058 1274 2427 1344 professionis
2479 1275 2637 1330 obliti
2686 1276 2760 1329 ad
2820 1279 3106 1331 saecularia
3161 1280 3518 1348 relabuntur,

1883 1368 2096 1438 placuit
2112 1384 2208 1422 eos
2225 1373 2281 1422 et
2297 1384 2330 1422 a
2347 1369 2754 1422 communione
2774 1371 3064 1441 suspendi,
3091 1377 3148 1425 et
3165 1372 3234 1426 ab
3254 1374 3518 1428 omnium

1885 1461 2296 1515 catholicorum
2323 1463 2592 1516 conviviis
2619 1463 2906 1533 separari;
2943 1464 3100 1534 quod
3124 1465 3172 1518 si
3196 1471 3327 1536 post
3350 1467 3524 1522 inter-

1885 1553 2101 1609 dictum
2118 1571 2249 1609 cum
2266 1555 2346 1610 eis
2365 1555 2667 1626 quisquam
2694 1558 3120 1628 prasumpserit
3147 1559 3517 1628 manducare,

1885 1652 1941 1702 et
1968 1648 2086 1719 ipse
2111 1648 2517 1703 communione
2545 1649 2820 1720 privetur.

1956 1743 2093 1796 Vlll.
2137 1741 2189 1797 Si
2235 1741 2504 1796 diaconus
2549 1743 2632 1797 vel
2675 1743 2972 1815 presbyter
3013 1760 3116 1815 pro
3142 1749 3304 1801 reatu
3332 1762 3434 1800 suo
3463 1762 3523 1800 se

1885 1833 1956 1888 ab
1982 1834 2174 1888 altaris
2219 1835 2620 1890 communione
2664 1837 2767 1891 sub
2818 1837 3146 1908 panitentis
3173 1838 3522 1910 professione

1885 1927 2294 1996 submoverint,
2322 1929 2401 1983 sic
2430 1945 2656 2000 quoque
2702 1929 2748 1984 si
2788 1930 2883 1984 alii
2930 1931 3238 2000 defuerint,
3271 1935 3330 1986 et
3356 1946 3524 1987 causa

1886 2023 2056 2076 certa
2102 2021 2455 2078 necessitatis
2491 2023 2766 2093 exoritur,
2792 2028 3125 2094 poscentem
3174 2025 3524 2097 baptismum

1883 2113 2051 2169 liceat
2079 2115 2387 2187 baptizare.

1955 2209 2040 2263 IX.
2072 2209 2132 2263 Si
2158 2225 2218 2263 se
2249 2209 2567 2282 cuicunque
2595 2210 2804 2266 mulier
2835 2211 3048 2282 duplici
3090 2211 3358 2283 conjugio
3396 2228 3525 2284 pre-

151 2300 494 2356 tholicorum
534 2301 788 2356 convivio
829 2307 1145 2375 separetur.
1194 2304 1356 2369 Quod
1385 2305 1430 2358 si
1460 2305 1506 2358 is
1537 2304 1627 2358 cui
1654 2321 1785 2360 reus
1803 2293 1861 2365 B
1884 2300 2096 2372 sbyteri
2127 2302 2214 2356 vel
2241 2303 2467 2358 diaconi
2515 2303 2710 2358 relicta
2736 2304 3116 2374 conjunxerit,
3148 2310 3247 2360 aut
3270 2305 3524 2376 castigati

155 2398 257 2463 est,
296 2394 570 2462 noluerit,
603 2395 921 2452 intentione
965 2397 1209 2452 faciente
1259 2398 1546 2469 componi,
1578 2401 1634 2452 et
1663 2398 1785 2470 ipse

153 2505 281 2543 reus
311 2487 382 2544 de
414 2489 647 2544 ecclesia
673 2492 831 2544 actus
862 2490 1064 2545 timore
1097 2491 1430 2558 discesserit,
1443 2492 1513 2545 ab
1535 2491 1784 2546 ecclesia

153 2582 368 2637 clericis
397 2599 516 2638 non
543 2588 854 2655 quaratur.

224 2677 287 2731 ll.
335 2677 418 2731 De
459 2677 784 2748 raptoribus
832 2682 1026 2733 autem
1060 2678 1120 2734 id
1164 2679 1622 2735 constituendum
1665 2695 1784 2734 esse

155 2769 499 2838 censuimus,
529 2777 590 2825 ut
616 2771 662 2825 si
689 2771 763 2826 ad
790 2771 1088 2828 ecclesiam
1110 2776 1304 2843 raptor
1321 2790 1452 2828 cum
1472 2779 1632 2846 rapta
1651 2791 1786 2828 con-

152 2864 385 2937 fugerit,
417 2869 475 2920 et
497 2865 777 2920 feminam
792 2865 974 2937 ipsam
992 2867 1318 2920 violentiam
1339 2867 1634 2939 pertulisse
1655 2885 1784 2922 con-

155 2959 378 3026 stiterit,
427 2958 622 3014 statim
666 2959 941 3014 liberetur
984 2960 1054 3014 de
1105 2964 1388 3032 potestate
1432 2961 1698 3032 raptoris,
1729 2966 1786 3016 et

153 3057 346 3124 raptor
376 3053 574 3108 mortis
600 3053 688 3106 vel
715 3069 1014 3123 poenarum
1041 3053 1383 3125 impunitate
1407 3071 1672 3108 concessa
1689 3057 1788 3108 aut

155 3146 439 3202 serviendi
468 3146 784 3201 conditioni
822 3147 1105 3218 subjectus
1132 3147 1224 3215 sit,
1255 3151 1353 3202 aut
1381 3147 1700 3203 redimendi
1725 3163 1783 3202 se

154 3239 395 3295 liberam
428 3238 634 3295 habeat
657 3239 1006 3296 facultatem.
1039 3238 1096 3295 Si
1123 3256 1257 3296 vero
1291 3257 1418 3312 qua
1444 3242 1663 3314 rapitur
1689 3258 1785 3313 pa-

155 3335 298 3388 trem
331 3333 541 3390 habere
572 3333 903 3402 constiterit,
937 3339 992 3389 et
1018 3334 1210 3405 puella
1234 3334 1452 3407 raptori
1482 3351 1783 3391 consense-

155 3429 245 3494 rit,
273 3423 545 3498 potestati
587 3426 761 3499 patris
793 3431 1059 3483 excusata
1107 3428 1396 3496 reddatur,
1443 3432 1501 3483 et
1536 3433 1730 3500 raptor
1754 3447 1787 3484 a

157 3526 313 3593 patre
370 3520 652 3593 superiori
703 3521 1043 3577 conditionis
1101 3521 1466 3578 satisfactioni
1521 3526 1788 3578 teneatur

159 3615 453 3670 obnoxius.

224 3710 315 3766 Ill.
349 3709 557 3764 Servus
581 3709 680 3781 qui
705 3708 776 3765 ad
804 3709 1099 3766 ecclesiam
1129 3711 1448 3784 confugerit
1471 3727 1572 3782 pro
1600 3711 1788 3782 quali-

156 3798 253 3858 bet
279 3802 468 3874 eulpa,
500 3802 544 3856 si
571 3803 801 3858 domino
846 3821 950 3875 pro
989 3804 1236 3859 admissa
1269 3806 1436 3876 culpa
1465 3821 1789 3860 sacramen-

155 3901 277 3951 tum
307 3894 636 3968 susceperit,
669 3897 858 3951 statim
887 3897 961 3951 ad
992 3896 1294 3953 servitium
1335 3898 1551 3952 domini
1589 3897 1676 3953 sui
1710 3915 1793 3953 re-

159 3989 277 4045 dire
308 3995 567 4062 cogatur,
615 3995 672 4045 et
716 3995 912 4061 postea
943 3991 1092 4062 quod
1121 3992 1251 4046 dato
1282 3995 1636 4047 sacramento
1667 3990 1792 4064 98

159 4083 393 4138 domino
423 4082 595 4138 fuerit
619 4084 1006 4154 consignatus,
1039 4085 1086 4138 si
1116 4083 1330 4156 aliquid
1354 4101 1537 4157 poena
1569 4103 1671 4156 pro
1700 4103 1790 4141 ea-

161 4176 293 4232 dem
311 4177 477 4248 culpa
496 4193 528 4230 a
541 4193 650 4248 qua
671 4180 969 4233 excusatur
985 4179 1263 4250 probatus
1277 4178 1448 4234 fuerit
1467 4179 1791 4251 pertulisse,

160 4287 261 4341 pro
293 4273 629 4341 contemptu
666 4270 948 4340 Ecclesia,
997 4277 1053 4327 et
1101 4272 1567 4342 pravaricatione
1598 4271 1729 4327 fidei
1761 4290 1794 4326 a

163 4363 589 4430 communione,
641 4366 697 4418 et
736 4364 986 4419 convivio
1031 4365 1445 4420 catholicorum
1498 4371 1795 4421 extraneus

164 4456 457 4524 habeatur,
499 4457 546 4510 si
585 4473 718 4513 vero
765 4474 960 4513 servus
999 4475 1103 4530 pro
1131 4460 1291 4530 culpa
1323 4475 1426 4513 sua
1455 4459 1526 4513 ab
1555 4458 1798 4514 Ecclesia

165 4549 486 4604 defensatus
503 4556 854 4606 sacramenta
878 4551 1101 4607 Domini
1116 4552 1334 4606 clericis
1351 4553 1711 4623 exigentibus
1727 4553 1796 4608 de

164 4643 505 4715 impunitate
534 4646 870 4716 perceperit,
917 4645 1068 4700 exire
1096 4647 1380 4701 nolentem
1406 4664 1439 4699 a
1466 4645 1698 4700 domino
1724 4645 1795 4699 li-

164 4741 284 4792 ceat
311 4738 600 4809 occupari.

232 4831 314 4886 IV.
345 4831 406 4886 Si
435 4831 561 4903 quis
607 4832 677 4886 ab
727 4833 992 4904 episcopo
1020 4851 1145 4903 suo,
1175 4833 1262 4887 vel
1310 4833 1378 4889 de
1423 4833 1680 4899 ecclesia,
1710 4834 1797 4888 vel

165 4921 230 4978 de
250 4923 483 4996 proprio
493 4925 625 4995 jure
653 4926 963 4981 crediderit
1005 4927 1222 4999 aliquid
1246 4927 1314 4981 ad
1336 4927 1733 4998 repetendum,
1754 4927 1800 4980 si

1809 3665 1864 3738 C

1885 2401 2238 2465 separentur,
2267 2399 2366 2450 aut
2384 2399 2536 2451 certe
2562 2396 2608 2450 si
2629 2397 2688 2450 in
2719 2397 3028 2452 criminum
3052 2397 3373 2453 intentione
3394 2415 3524 2470 per-

1883 2488 2132 2543 stiterint
2155 2489 2281 2560 pari
2307 2489 2888 2544 excommunicatione
2915 2491 3254 2562 plectantur.

1953 2583 2013 2636 X.
2067 2583 2342 2653 Antiquos
2391 2600 2639 2638 canones
2697 2584 3016 2655 relegentes
3067 2585 3260 2656 priora
3315 2588 3522 2641 statuta

1885 2675 2169 2730 credimus
2198 2676 2545 2745 renovanda,
2581 2680 2644 2730 ut
2673 2675 2743 2731 de
2773 2676 2859 2730 his
2891 2694 3019 2748 qua
3046 2677 3105 2731 in
3132 2677 3331 2732 altario
3361 2679 3518 2733 obla-

1884 2767 2042 2823 tione
2068 2769 2201 2824 tidei
2229 2770 2623 2840 conferuntur,
2655 2769 3018 2825 medietatem
3067 2771 3362 2843 episcopus
3413 2771 3521 2826 sibi

1883 2862 2152 2932 vindicet,
2185 2868 2244 2917 et
2273 2862 2642 2918 medietatem
2681 2863 2787 2917 sibi
2829 2864 3268 2934 dispensandam
3317 2881 3517 2920 secun~

1885 2956 2021 3010 dum
2053 2956 2266 3026 gradus
2313 2957 2493 3011 clerus
2539 2955 2798 3029 accipiat,
2826 2961 2945 3012 tam
2973 2957 3044 3012 de
3074 2957 3301 3029 pradiis
3349 2975 3523 3030 quam

1885 3050 1955 3104 de
2003 3049 2159 3103 omni
2217 3049 2622 3105 commoditate
2675 3051 2735 3104 in
2793 3050 3195 3122 episcOporum
3249 3056 3525 3123 potestate

1886 3142 2244 3198 durantibus.

1957 3236 2040 3292 XI.
2073 3237 2151 3292 De
2189 3237 2278 3291 his
2307 3252 2436 3308 qua
2465 3235 2748 3309 parochiis
2790 3237 2848 3292 in
2895 3237 3082 3308 terris,
3125 3237 3320 3309 vineis,
3367 3255 3526 3294 man-

1885 3331 2065 3402 cipiis,
2105 3334 2274 3403 atque
2325 3330 2562 3402 peculiis
2606 3331 2932 3403 quicunque
2976 3332 3174 3386 ﬁdeles
3214 3332 3527 3389 obtulerint

1887 3425 2253 3496 antiquorum
2293 3440 2577 3478 canonum
2619 3427 2825 3478 statuta
2869 3429 3116 3494 servent,
3146 3428 3203 3479 et
3240 3425 3436 3480 omnia
3465 3426 3525 3480 in

1887 3517 2133 3590 episcopi
2159 3520 2436 3588 potestate
2465 3516 2799 3584 consistant,
2846 3517 2916 3571 de
2956 3518 3043 3571 his
3086 3523 3281 3573 tamen
3308 3535 3440 3590 qua
3464 3519 3525 3573 in

1889 3611 2090 3666 altario
2115 3610 2471 3677 accesserint,
2503 3609 2672 3665 tertia
2713 3610 2954 3665 ﬁdeliter
2997 3611 3272 3683 episcopis
3303 3612 3523 3668 deferao

1893 3707 2004 3760 tur.

1960 3800 2064 3855 ΧΠ.
2093 3798 2404 3871 Episcopus
2437 3795 2806 3870 pauperibus,
2835 3797 2924 3852 vel
2950 3797 3211 3868 inﬁrmis,
3236 3798 3338 3872 qui
3375 3798 3534 3857 debio

1889 3894 2048 3949 litate
2078 3893 2322 3948 faciente
2353 3909 2469 3948 non
2502 3897 2743 3964 possunt
2793 3892 2908 3947 suis
2953 3891 3216 3949 manibus
3243 3894 3528 3963 laborare,

1891 3988 2104 4043 victum
2133 3991 2192 4041 et
2213 3987 2620 4042 vestimentum
2666 3986 2725 4040 in
2771 3993 3049 4058 quantum
3073 3987 3408 4058 possibilitas
3436 3989 3531 4044 ha-

1892 4081 2102 4150 buerit,
2134 4081 2425 4152 largiatur.

1965 4175 2092 4230 Xlll.
2122 4176 2334 4230 Omnes
2376 4173 2623 4228 basilicae
2669 4191 2796 4245 qua
2838 4191 2942 4246 per
2982 4175 3202 4230 diversa
3243 4175 3364 4232 loca
3401 4191 3533 4232 con-

1896 4272 2122 4323 structa
2147 4273 2279 4322 sunt
2307 4268 2392 4322 vel
2421 4267 2672 4337 quotidie
2721 4271 3127 4323 construuntur
3171 4270 3404 4341 placuit,
3439 4287 3527 4326 se-

1896 4363 2148 4417 cundum
2186 4361 2448 4432 priorum
2495 4377 2777 4415 canonum
2822 4362 3104 4434 regulam,
3135 4368 3196 4418 ut
3220 4363 3280 4418 in
3310 4364 3391 4418 eis
3418 4365 3536 4436 epi-

1897 4455 2050 4526 scopi
2079 4453 2366 4510 territorio
2397 4453 2453 4507 in
2480 4453 2642 4524 cujus
2678 4455 2878 4525 posita
2909 4458 3061 4523 sunt,
3091 4459 3367 4526 potestate
3393 4473 3532 4511 con-

1897 4550 2112 4604 sistant.
3489 4605 3498 4610 η

1968 4643 2096 4698 XIV.
2140 4643 2219 4696 Ne
2261 4645 2543 4712 superstes
2590 4641 2766 4696 frater
2809 4647 3003 4696 torum
3050 4641 3301 4696 defuncti
3340 4642 3532 4698 fratris

1900 4735 2188 4805 ascendat,
2218 4751 2322 4790 nec
2353 4750 2412 4788 se
2438 4733 2677 4806 quisque
2721 4733 2943 4788 amissa
2983 4734 3174 4788 uxoris
3217 4735 3392 4790 sorori
3433 4751 3532 4791 au-

1899 4830 2027 4884 deat
2051 4829 2284 4898 sociare,
2317 4827 2470 4900 quod
2508 4827 2605 4900 qui
2649 4827 2909 4894 fecerint,
2939 4827 3311 4883 ecclesiastica
3339 4829 3532 4884 distri-

1901 4923 2087 4978 ctione
2115 4923 2416 4978 feriantur.

169 5017 307 5072 nihil
358 5019 592 5073 convitii
633 5023 732 5073 aut
773 5019 1187 5075 criminationis
1212 5020 1501 5091 objecerit,
1534 5037 1666 5075 eum
1693 5035 1878 5106 proD
1969 5019 2078 5072 XV.
2107 5015 2349 5071 Abbates
2379 5031 2484 5087 pro
2526 5014 2848 5070 humilitate
2894 5014 3183 5086 religionis
3220 5015 3281 5070 in
3327 5017 3540 5089 episco-

170 5112 283 5166 sola
306 5111 674 5168 contentione
700 5130 731 5167 a
760 5114 1166 5169 communione
1192 5115 1442 5170 ecclesia
1470 5131 1586 5169 non
1637 5114 1801 5170 liceat

170 5204 508 5260 submoveri.

238 5299 301 5353 V.
335 5299 389 5354 Si
422 5315 614 5354 servus
646 5299 882 5355 absente
930 5302 1018 5355 vel
1057 5303 1342 5357 nesciente
1383 5301 1633 5370 domino,
1682 5303 1798 5374 epi-

171 5407 338 5463 scopo
386 5392 601 5447 sciente
649 5393 800 5464 quod
828 5411 1016 5449 servus
1062 5395 1333 5450 diaconus
1368 5400 1466 5451 aut
1508 5396 1804 5468 presbyter

170 5485 343 5540 fuerit
375 5485 687 5556 ordinatus,
719 5487 843 5560 ipso
892 5488 951 5542 in
997 5489 1293 5544 clericatus
1341 5489 1528 5544 officio
1571 5506 1802 5562 perma-

175 5584 364 5648 nente,
394 5579 696 5651 episcopus
722 5597 857 5635 eum
885 5582 1116 5637 domino
1162 5582 1372 5654 duplici
1423 5583 1805 5638 satisfactione

173 5677 526 5744 compenset.
555 5673 614 5728 Si
632 5690 766 5729 vero
798 5675 1093 5747 episcopus
1113 5693 1245 5730 eum
1269 5693 1494 5732 servum
1524 5677 1804 5747 nescierit,

174 5766 270 5837 qui
317 5766 714 5822 testimonium
760 5769 1085 5840 perhibent,
1129 5774 1226 5825 aut
1273 5787 1405 5825 eum
1451 5771 1807 5842 supplicave-

175 5859 291 5914 rint
315 5861 568 5916 ordinari
613 5861 782 5916 simili
820 5863 1193 5920 redhibitioni
1217 5867 1515 5920 teneantur
1555 5864 1808 5920 obnoxii.

1901 5127 2107 5182 porum
2135 5111 2411 5182 potestate
2441 5109 2769 5178 consistant,
2791 5108 2908 5162 etsi
2926 5107 3067 5179 quid
3092 5111 3254 5164 extra
3278 5111 3541 5182 regulam

1900 5205 2139 5259 fecerint
2163 5203 2234 5258 ab
2267 5200 2539 5274 episcopis
2566 5200 2939 5272 corrigantur,
2968 5201 3067 5274 qui
3097 5203 3275 5258 semel
3301 5205 3359 5258 in
3389 5222 3540 5260 anno

1902 5298 1961 5353 in
2013 5299 2140 5353 loco
2186 5297 2282 5352 ubi
2327 5296 2623 5368 episcopus
2665 5294 2921 5365 elegerit,
2968 5300 3199 5367 accepta
3249 5299 3542 5356 vocatione

1903 5391 2260 5458 conveniant,
2307 5388 2573 5444 monachi
2615 5393 2808 5444 autem
2851 5387 3150 5458 abbatibus
3191 5393 3350 5446 omni
3403 5393 3539 5449 obe-

1905 5485 2116 5541 dientia
2159 5489 2214 5539 et
2260 5482 2558 5538 devotione
2603 5481 2948 5553 subjaceant.
2967 5481 3155 5556 [Quod
3203 5485 3250 5539 si
3287 5485 3414 5556 quis
3439 5503 3541 5555 per

1905 5577 2318 5635 contumaciam
2363 5575 2639 5632 exstiterit
2682 5575 3001 5646 indevotus,
3054 5581 3154 5632 aut
3197 5593 3303 5648 per
3354 5577 3543 5649 aliqua

1905 5675 2025 5728 loca
2053 5671 2268 5744 vagari,
2293 5676 2393 5726 aut
2411 5670 2694 5744 peculiare
2713 5670 2923 5743 aliquid
2941 5670 3149 5726 habere
3167 5686 3541 5741 prasumpse-

1909 5767 2002 5837 rit,
2033 5766 2226 5822 omnia
2252 5782 2382 5838 qua
2407 5764 2752 5836 acquisierit,
2795 5765 2866 5819 ab
2895 5763 3188 5818 abbatibus
3211 5762 3542 5846 auferantur

1912 5861 2223 5920 secundum
2238 5860 2500 5932 regulam
2519 5857 2862 5915 monasterio
2877 5856 3193 5927 profutura,
3216 5853 3322 5924 ipsi
3343 5861 3536 5912 autem
