4054 6372
393 426 490 477 391
1293 420 1574 475 ΑΡΡΕΝΙ).
1615 419 1701 472 AD
1740 418 1898 473 SEC.
1941 417 1994 470 Ill

2167 413 2417 470 ISIDORI
2454 411 2877 469 MERCATORIS
3653 411 3757 462 392

464 533 514 583 5.
556 530 635 583 De
663 528 753 583 his
795 527 894 599 qui
936 526 1022 582 ad»
1053 527 1346 582 ecclesiam
1392 525 1752 597 confugiunt,
1783 541 1854 580 ne
1897 527 2016 579 tra-
2041 537 2100 609 Α
2196 527 2282 579 17.
2306 524 2377 578 Ut
2391 522 2450 577 in
2466 537 2647 577 unum
2667 516 2980 592 propositio
3004 515 3344 571 sacramenti
3368 517 3749 570 consecretur.

396 623 624 677 dantur.
2199 620 2281 672 18.
2310 619 2380 671 Ut
2411 614 2715 686 Evangelia
2743 610 3141 667 catechumeni
3166 626 3281 664 non
3319 609 3574 663 audiant.

467 719 520 770 6.
560 716 755 770 Nullus
800 731 902 786 pro
963 715 1075 769 suis
1120 713 1418 785 mancipiis
1462 713 1560 785 qui
1613 714 1683 768 ad
1730 711 2022 768 ecclesiam
2196 713 2281 765 19.
2323 711 2393 764 Ut
2422 707 2820 764 catechumeni
2854 707 2923 760 ad
2952 704 3285 775 baptisteria
3314 719 3432 756 non
3459 701 3751 757 accedant.
3793 738 3796 740 η

393 809 732 880 confugiunt
756 808 1087 862 clericorum
1112 806 1399 878 mancipia
1428 810 1681 878 occupet.
2194 806 2282 858 20.
2316 804 2386 858 Ut
2428 799 2820 857 catechumeni
2847 815 2978 853 cum
3008 796 3268 853 ﬁdelibus
3298 795 3756 852 benedictionem

468 908 519 957 7.
561 903 635 956 De
662 900 881 955 libertis
907 901 1004 972 qui
1034 901 1094 954 in
1126 899 1361 956 ecclesia
1384 899 1766 955 commendati
1795 902 1929 954 sunt
1950 914 2022 954 ne
2120 913 2237 952 non
2263 895 2560 967 accipiant.

395 994 811 1067 opprimantur.
2191 994 2281 1046 21.
2320 991 2393 1045 Ut
2419 989 2532 1044 duo
2560 987 2815 1060 episcOpi
2843 985 3177 1058 episcopum
3203 1000 3319 1040 non
3346 983 3575 1038 faciant.

468 1091 521 1143 8.
562 1089 637 1142 De
665 1087 752 1141 his
779 1087 877 1158 qui
903 1087 1170 1142 clericum
1201 1088 1451 1143 alienum
1494 1087 1762 1143 ordinare
1805 1103 2019 1158 praasu-
2191 1088 2280 1139 22.
2322 1086 2394 1140 Ut
2419 1081 2605 1138 clerici
2633 1081 2945 1153 conjugati,
2970 1079 3080 1134 nisi
3119 1078 3531 1133 continentiam
3577 1075 3754 1147 profi-

395 1183 581 1236 munt.
2121 1181 2372 1245 teantur,
2406 1177 2628 1232 diaconi
2653 1192 2772 1231 non
2801 1175 2962 1229 fiant.

467 1278 518 1329 9.
560 1275 639 1328 De
666 1273 754 1327 his
780 1273 879 1343 qui
909 1272 1056 1328 cives
1084 1275 1298 1330 alienos
1327 1275 1737 1330 ordinaverint.
2192 1275 2282 1326 23.
2324 1271 2400 1324 De
2426 1270 2514 1324 his
2539 1270 2639 1341 qui
2677 1271 2806 1341 post
2836 1269 3133 1338 acceptum
3161 1266 3529 1322 diaconatum
3559 1263 3753 1320 incon-

469 1371 552 1422 10.
595 1368 672 1421 De
719 1365 996 1437 episcopis
1038 1367 1134 1438 qui
1162 1368 1222 1422 in
1264 1369 1636 1439 possessione,
1667 1370 1724 1422 et
1751 1366 1811 1422 in
1840 1366 2023 1422 aliena
2124 1365 2372 1420 tinentes
2409 1363 2794 1418 inveniuntur.

394 1461 617 1516 dioecesi
646 1457 934 1513 basilicam
961 1465 1420 1516 construxerunt.
2191 1461 2280 1514 24.
2311 1459 2386 1511 De
2418 1457 2507 1511 his
2531 1458 2632 1529 qui
2674 1457 3012 1528 priusquam
3065 1453 3488 1523 ordinarentur,
3519 1452 3756 1508 inconti-

469 1558 553 1608 11.
594 1554 672 1607 De
717 1550 992 1622 episcopis
1039 1553 1136 1624 qui
1184 1554 1740 1610 excommunicatum
1790 1553 2022 1610 alterius
2121 1555 2322 1608 nentes
2356 1551 2571 1605 inventi
2605 1555 2758 1605 sunt.

393 1646 726 1718 suscipiunt.
2192 1650 2281 1702 25.
2321 1647 2398 1700 De
2423 1645 2556 1699 viris
2580 1643 2832 1716 probatis
2858 1641 2904 1697 si
2933 1641 3205 1714 conjugia
3229 1638 3660 1712 duplicaverint.

470 1745 554 1796 l2.
596 1743 674 1795 De
702 1740 790 1794 his
829 1741 928 1813 qui
971 1739 1158 1795 subito
1212 1740 1629 1808 obmutescunt,
1659 1741 1813 1812 quod
1840 1743 1897 1797 et
1918 1741 2018 1796 ba‘
2193 1743 2282 1795 26.
2325 1741 2403 1794 De
2432 1737 2758 1793 diaconissis
2790 1753 2905 1791 non
2933 1735 3284 1790 ordinandis.

393 1834 668 1905 ptismum
698 1837 755 1887 et
781 1833 1175 1905 paenitentiam
1205 1833 1456 1904 accipere
1479 1837 1732 1905 possunt.
2191 1837 2258 1889 27
2268 1875 2280 1888 .
2323 1834 2402 1887 De
2433 1832 2659 1886 feminis
2685 1847 2814 1902 quae
2843 1829 3180 1884 viduitatem
3206 1829 3478 1900 professe
3507 1831 3641 1883 sunt
3666 1843 3757 1882 co-

470 1931 554 1983 13.
595 1929 673 1981 De
705 1928 793 1981 his
822 1928 921 1998 qui
948 1931 1139 1982 mente
1172 1927 1475 1998 desipiunt.
2041 1910 2098 1980 B
2122 1945 2249 1984 ram
2287 1927 2573 1998 episcopo.

467 2023 552 2076 14.
592 2023 670 2076 De
701 2020 1106 2092 energumenis
1135 2020 1450 2091 baptizatis.
2191 2025 2279 2077 28.
2320 2021 2398 2075 De
2423 2018 2511 2074 his
2540 2018 2640 2092 qui
2665 2017 2905 2092 professi
2934 2023 3069 2074 sunt
3097 2019 3434 2085 castitatem,
3466 2016 3513 2070 si
3537 2031 3751 2087 praeva-

467 2116 552 2169 15.
594 2115 665 2167 Ut
694 2113 1100 2184 energumenis
1126 2116 1182 2168 et
1202 2113 1626 2168 catechumenis
1651 2115 1721 2170 de
1740 2115 2021 2188 baptismo
2119 2111 2286 2171 ricati
2308 2115 2538 2171 fuerint.

393 2208 741 2263 consulatur.
2192 2213 2280 2265 29.
2322 2211 2394 2264 Ut
2420 2209 2610 2263 nullus
2641 2207 2942 2280 episcopus
2959 2206 3032 2262 de
3057 2205 3292 2262 concilio
3320 2203 3443 2260 sine
3469 2218 3750 2260 consensu

467 2303 552 2355 16.
594 2302 666 2356 Ut
685 2301 1057 2372 energumeni
1081 2300 1152 2356 ad
1170 2301 1387 2356 clerum
1407 2318 1526 2358 non
1551 2305 2020 2375 promoveantur.
2122 2302 2391 2370 discedat,
2419 2306 2517 2356 aut
2539 2302 2613 2357 ad
2638 2301 2946 2357 concilium
2972 2301 3056 2356 ire
3080 2303 3325 2355 recuset.

1113 2601 1528 2702 INCIPIT
1597 2601 2216 2702 CONCILIUM
2285 2602 3029 2702 AURAICENSE.

481 2779 789 2868 Tempore
828 2781 1168 2847 Theodosii
1193 2785 1490 2866 junioris
1524 2792 1586 2848 et
1617 2785 1786 2866 Cyri
1812 2785 2151 2849 consulum
2178 2805 2245 2849 v1
2280 2785 2440 2849 Idus
2467 2785 2763 2848 novemb.
2797 2785 2864 2846 in
2895 2783 3155 2846 ecclesia
3181 2777 3667 2843 Justinianensi.

465 2967 592 3021 CAP.
624 2967 666 3020 l.
693 2965 887 3019 Nullus
918 2965 1316 3019 ministrorum
1345 2964 1443 3036 qui
1469 2965 1793 3036 baptizandi
1821 2966 2094 3053 recipitC
2120 2966 2478 3038 obsequium,
2515 2966 2605 3020 vel
2636 2967 2708 3020 ad
2741 2965 3094 3021 coloniarum
3139 2961 3526 3019 conditionem
3562 2958 3754 3029 impri-
3795 3034 3809 3043 .

393 3059 645 3116 ofﬁcium
670 3058 789 3112 sine
806 3057 1106 3112 chrismate
1129 3074 1372 3128 usquam
1393 3058 1562 3112 debet
1576 3059 1862 3130 progredi,
1886 3060 2021 3131 quia
2118 3076 2278 3114 mere
2304 3059 2626 3129 tentaverit,
2654 3058 3142 3113 animadversione
3185 3053 3559 3111 ecclesiastica
3588 3067 3749 3106 coer-

395 3155 546 3208 inter
575 3168 680 3206 nos
704 3152 916 3223 placuit
940 3152 1115 3206 semel
1141 3151 1200 3205 in
1225 3151 1571 3222 baptismate
1600 3152 1918 3221 chrismari,
1952 3154 2021 3208 de
2122 3153 2359 3208 cebitur.

392 3262 460 3302 eo
490 3249 682 3300 autem
712 3244 810 3316 qui
835 3242 1182 3316 baptismate
1214 3260 1550 3316 quacunque
1579 3245 1909 3301 necessitate
1932 3247 2015 3300 fa-
2192 3249 2326 3303 VIII.
2373 3247 2426 3302 Si
2470 3247 2597 3319 quis
2647 3246 2782 3301 alibi
2829 3245 3236 3300 consistentem
3286 3242 3555 3297 clericum
3603 3238 3752 3293 ordi-

390 3340 576 3394 ciente
605 3355 722 3393 non
754 3338 1091 3392 chrismatus
1133 3337 1324 3406 fuerit,
1356 3339 1415 3392 in
1465 3338 1900 3394 conﬁrmatione
1925 3357 2017 3395 sa-
2121 3341 2376 3395 nandum
2411 3341 2710 3411 putaverit,
2738 3340 2894 3410 prius
2933 3338 3164 3393 deﬁniat
3208 3342 3270 3391 ut
3313 3352 3443 3390 cum
3486 3334 3610 3405 ipso
3654 3332 3753 3386 ha—

389 3433 588 3488 cerdos
631 3432 1107 3487 commonebitur.
1163 3434 1305 3487 Nam
1357 3432 1510 3487 inter
1549 3450 1652 3487 nos
1697 3433 2019 3488 chrismatis
2119 3434 2279 3502 bitet,
2335 3449 2437 3488 nec
2490 3450 2619 3488 eum
2683 3433 2806 3486 sine
2863 3430 3276 3486 consultatione
3329 3429 3450 3498 ejus
3505 3424 3750 3498 episcopi

387 3526 564 3598 ipsius
591 3543 708 3580 non
735 3526 842 3580 nisi
871 3542 988 3580 una
1017 3525 1338 3581 benedictio
1366 3529 1469 3594 est,
1503 3530 1564 3581 ut
1593 3543 1708 3581 non
1744 3527 2017 3598 praijudi-
2121 3544 2254 3582 cum
2300 3544 2414 3599 quo
2455 3530 2586 3582 ante
2630 3525 2901 3580 habitavit
2941 3525 3209 3580 ordinare
3257 3526 3584 3594 praesumat,
3618 3519 3752 3591 quia

389 3637 518 3675 cans
545 3619 857 3691 quidquam
884 3619 1030 3690 dico,
1059 3619 1159 3674 sed
1193 3625 1255 3675 ut
1282 3619 1599 3675 necessaria
1627 3620 1906 3676 habeatur
1934 3637 2020 3676 re-
2121 3638 2236 3677 non
2261 3620 2382 3675 sine
2413 3636 2578 3676 causa
2603 3619 2701 3674 diu
2729 3619 2799 3673 ab
2827 3619 2935 3673 alio
2965 3635 3079 3672 non
3121 3617 3413 3672 ordinatus
3457 3613 3748 3668 remansit.

389 3713 732 3769 Chl'ismatio-
2191 3717 2274 3770 IX.
2325 3714 2380 3770 Si
2429 3713 2527 3784 qui
2575 3719 2769 3768 autem
2831 3712 3048 3766 alienos
3100 3711 3247 3765 cives
3297 3714 3396 3763 aut
3445 3707 3578 3762 alibi
3626 3723 3754 3760 con-

460 3809 526 3862 Il.
556 3807 860 3861 Haereticos
901 3806 960 3860 in
989 3807 1191 3861 mortis
1215 3805 1544 3862 discrimine
1581 3807 1816 3878 positos,
1845 3807 1891 3862 si
1924 3823 2017 3863 ca-
2121 3807 2387 3862 sistentes
2416 3805 2824 3872 ordinaverint,
2845 3822 2919 3860 ne
2937 3803 3245 3859 inordinati
3268 3801 3328 3856 in
3349 3801 3466 3856 ullo
3494 3815 3756 3854 accusen-

389 3901 586 3955 tholici
641 3915 759 3955 esse
823 3899 1170 3968 desiderent,
1226 3899 1275 3953 si
1325 3899 1472 3954 desit
1521 3900 1836 3971 episcopus,
1886 3918 2017 3972 pre-
2120 3904 2236 3972 tur,
2269 3904 2367 3954 aut
2395 3901 2464 3954 ad
2494 3900 2564 3968 fse
2613 3917 2708 3954 eos
2740 3904 3028 3972 revocent,
3057 3900 3156 3951 aut
3202 3896 3308 3967 ipsi
3345 3894 3423 3950 eis
3467 3893 3754 3964 imperent

391 3915 586 3955 tnouci
641 3915 759 3955 esse
823 3915 1170 3968 aesmerent,
1226 3917 1275 3953 SI
1325 3915 1472 3954 aesn
1521 3915 1836 3971 episcopus,
1886 3918 2017 3972 pre-
2120 3915 2236 3972 tur,
2269 3915 2367 3954 aut
2395 3915 2464 3954 ao
2494 3915 2564 3968 jse
2613 3917 2708 3954 eos
2740 3916 2800 3953 re

391 3992 629 4064 sbyteris
661 4008 793 4047 cum
816 3992 1118 4046 chrismate
1149 3997 1206 4047 et
1241 3992 1640 4048 benedictione
1681 3993 2019 4065 consignare
2123 4011 2254 4050 cum
2279 3993 2485 4065 quibus
2513 3915 2835 4059 habitent}

390 4087 597 4157 Placet.
2193 4091 2258 4144 X.
2286 4089 2344 4143 Si
2374 4088 2501 4158 quis
2545 4088 2942 4158 episcoporum
2971 4086 3031 4140 in
3075 4085 3278 4140 alienas
3321 4083 3562 4139 civitatis
3592 4080 3754 4137 terri-

463 4181 550 4235 III.
582 4179 688 4243 Qui
711 4178 986 4234 recedunt
1019 4179 1088 4233 de
1112 4194 1348 4250 corpore
1394 4175 1729 4251 pmnitentia
1771 4186 2018 4254 accepta,
2121 4183 2266 4238 torio
2296 4181 2590 4237 ecclesiam
2621 4180 2904 4235 aediﬁcare
2936 4179 3206 4252 disponit,
3235 4179 3320 4233 vel
3347 4192 3450 4250 pro
3473 4176 3638 4231 fundi
3667 4175 3752 4230 sui

391 4269 604 4342 placuit
646 4269 768 4323 sine
805 4267 1254 4323 reconciliatoria
1298 4283 1501 4324 manus
1542 4269 1911 4341 impositione
1940 4271 2021 4325 eis
2123 4276 2375 4348 negotio,
2406 4279 2504 4330 aut
2549 4274 2920 4329 ecclesiastica
2961 4273 3202 4328 utilitate
3228 4272 3318 4327 vel
3359 4287 3463 4343 pro
3506 4284 3756 4341 quacun-

393 4363 842 4433 communicare,
875 4363 1028 4434 quod
1071 4362 1364 4418 morientis
1409 4362 1617 4418 sufﬁcit
1641 4349 2100 4423 consolationiD
2123 4387 2233 4442 que
2260 4386 2360 4424 sua
2386 4368 2813 4440 opportunitate
2856 4366 3130 4438 permissa
3170 4365 3392 4420 licentia
3429 4361 3754 4418 aediﬁcandi

394 4457 711 4513 secundum
733 4455 1093 4511 deﬁnitiones
1118 4458 1370 4527 Patrum,
1396 4457 1495 4529 qui
1519 4458 1855 4529 hujusmodi
1874 4475 2022 4514 com-
2124 4464 2276 4535 (quia
2300 4461 2605 4534 prohibere
2634 4462 2740 4515 hoc
2765 4461 2928 4515 nefas
2960 4459 3086 4531 est),
3119 4475 3237 4514 non
3264 4458 3579 4530 praesumat
3603 4455 3756 4510 dedi-

392 4553 726 4608 munionem
782 4556 1166 4621 congruenter
1218 4550 1484 4606 viaticum
1551 4553 2018 4622 nominaverunt;
2126 4556 2432 4623 cationem,
2466 4571 2594 4625 qua:
2629 4554 2712 4609 illi
2757 4553 3080 4608 omnimode
3124 4555 3444 4607 reservatur
3488 4550 3549 4604 in
3593 4549 3792 4619 cujus

393 4646 545 4718 quod
573 4645 621 4700 si
646 4643 1081 4716 supervixerint,
1111 4646 1260 4699 stent
1283 4643 1342 4698 in
1372 4645 1570 4699 ordine
1597 4646 2020 4716 poenitentium,
2125 4649 2413 4705 territorio
2467 4649 2702 4703 ecclesia
2747 4647 3012 4718 assurgit,
3042 4649 3326 4700 reservata
3350 4660 3484 4698 vero
3512 4643 3755 4697 aediﬁca-

392 4743 458 4794 nt
485 4739 723 4794 ostensis
754 4737 1081 4792 necessariis
1126 4737 1472 4808 poenitentiae
1515 4738 1788 4792 fructibus
1831 4738 2023 4810 legiti-
2128 4743 2241 4798 tori
2261 4742 2527 4814 episcopo
2549 4742 2656 4797 hac
2679 4741 2878 4813 gratia,
2901 4745 2965 4795 ut
2986 4756 3126 4810 quos
3145 4738 3429 4795 desiderat
3447 4736 3680 4792 clericos
3699 4735 3758 4789 in

392 4850 548 4889 mam
579 4831 1044 4888 communionem
1060 4846 1191 4884 cum
1210 4831 1661 4886 reconciliatoria
1685 4847 1890 4886 manus
1915 4831 2026 4886 im-
2130 4853 2191 4891 re
2228 4853 2330 4890 sua
2358 4835 2576 4904 videre,
2609 4835 2760 4906 ipsos
2806 4833 3048 4903 ordinet,
3083 4833 3170 4887 his
3213 4829 3450 4886 civitatis
3492 4830 3552 4883 in
3597 4829 3759 4899 cujus

392 4927 676 4998 positione
699 4925 1053 5021 recipiant.l_
1126 5016 1176 5021 η
1351 5016 1381 5021 η
1544 5017 1558 5021 _
1633 5016 1643 5021 _
1685 5016 1696 5021 Δ
2129 4929 2481 4984 territorium
2512 4933 2615 4999 est,
2649 4928 2737 4983 vel
2763 4927 2808 4981 si
2837 4926 3077 4981 ordinati
3105 4926 3226 4996 jam
3252 4927 3386 4979 sunt
3411 4922 3514 4994 ipsi
3545 4922 3760 5021 habere

465 5021 552 5074 IV.
578 5017 977 5074 Paenitentiam
1007 5014 1471 5072 desiderantibus
1513 5016 1728 5072 clericis
1772 5034 1889 5073 non
1923 5035 2024 5073 ne-
2129 5023 2466 5094 acquiescat.
2499 5024 2566 5076 Et
2601 5023 2789 5076 omnis
2817 5020 3069 5077 ecclesiae
3107 5019 3282 5090 ipsius
3323 5015 3658 5089 gubernatio
3688 5014 3759 5070 ad

396 5113 670 5186 Sandam-
2130 5132 2263 5170 eum
2289 5116 2368 5188 (in
2397 5116 2555 5187 cujus
2582 5115 2821 5170 civitatis
2849 5113 3132 5168 territorio
3165 5111 3392 5169 ecclesia
3425 5107 3758 5180 surrexerit)

470 5209 531 5262 V.
563 5207 668 5262 Eos
693 5204 791 5277 qui
817 5205 886 5259 ad
915 5203 1209 5260 ecclesiam
1251 5204 1510 5276 fugerint
1538 5203 1684 5258 tradi
1711 5221 1824 5259 non
1855 5221 2022 5276 opor-
2128 5209 2469 5279 pertinebit;
2518 5209 2670 5280 quod
2719 5209 2764 5263 si
2811 5208 2981 5263 etiam
3024 5206 3378 5264 saecularium
3429 5203 3760 5275 quicunque

396 5307 538 5369 tere,
568 5299 665 5355 sed
691 5299 799 5353 loci
829 5297 1008 5352 sancti
1036 5299 1356 5354 reverentia
1400 5302 1457 5352 et
1500 5298 1904 5353 intercessione
1935 5299 2028 5354 de—
2130 5301 2490 5356 aediﬁcaverit
2529 5303 2824 5357 ecclesiam
2867 5307 2924 5356 et
2965 5302 3140 5356 alium
3177 5299 3360 5370 magis
3403 5313 3579 5369 quam
3627 5312 3759 5350 eum

395 5395 568 5453 fendi.
2128 5395 2188 5448 in
2215 5395 2375 5466 cujus
2416 5395 2701 5450 territorio
2752 5396 2993 5451 aediﬁcat
3041 5394 3395 5449 invitandum
3449 5389 3755 5462 putaverit,

470 5492 558 5546 Vl.
588 5488 642 5546 Si
683 5485 811 5559 quis
848 5487 1038 5541 autem
1083 5485 1369 5556 mancipia
1415 5485 1743 5541 clericorum
1778 5502 1884 5557 pro
1910 5487 2027 5542 suis
2129 5491 2245 5542 tam
2282 5489 2401 5560 ipse
2427 5489 2515 5544 cui
2543 5493 2739 5544 contra
2783 5489 3244 5544 constitutionem
3294 5503 3358 5540 ac
3399 5483 3758 5555 disciplinam

397 5583 698 5657 mancipiis
719 5582 792 5638 ad
811 5580 1103 5636 ecclesiam
1130 5579 1588 5650 confugientibus
1608 5579 1918 5635 crediderit
1939 5597 2028 5636 oc-
2130 5582 2432 5652 gratificari
2474 5583 2613 5651 vult,
2647 5599 2818 5654 quam
2872 5600 3070 5638 omnes
3119 5579 3363 5653 episc0pi
3406 5578 3500 5650 qui
3547 5578 3620 5632 ad
3648 5577 3757 5631 hu-

396 5679 680 5753 cupanda,
711 5693 815 5749 per
840 5689 1036 5730 omnes
1061 5672 1322 5727 ecclesias
1350 5672 1764 5728 districtissima
1793 5674 2027 5730 damna—
2120 5676 2372 5746 jusmodi
2404 5675 2822 5732 dedicationem
2864 5677 3176 5732 invitantur
3207 5692 3241 5730 a
3270 5676 3552 5729 conventu
3585 5669 3756 5724 absti-

394 5776 548 5829 tione
577 5773 835 5828 feriatur.
2127 5768 2375 5840 nebunt;
2407 5770 2453 5824 si
2479 5770 2604 5842 quis
2653 5771 2975 5840 excesserit,
3007 5771 3064 5825 in
3109 5775 3331 5824 reatum
3371 5763 3755 5829 devocabitur,

468 5866 576 5920 VII.
604 5869 665 5919 In
710 5862 947 5919 ecclesia
972 5857 1350 5914 manumissos
1394 5863 1450 5912 et
1479 5875 1580 5927 per
1619 5863 2024 5916 testamentum
2129 5861 2173 5915 si
2201 5862 2327 5933 quis
2353 5864 2672 5934 excesserit,
2702 5864 2964 5920 ordinem
2993 5867 3358 5934 recognoscat
3394 5857 3753 5916 canonicum.

398 5957 656 6011 Ecclesia:
699 5954 1144 6016 commendatos,
1185 5950 1229 6003 si
1277 5949 1403 6019 quis
1449 5949 1507 6002 in
1557 5952 1906 6020 servitutem,
1938 5954 2024 6006 vel
2198 5956 2281 6010 ΧΙ.
2310 5957 2526 6012 Placuit
2558 5957 2617 6012 in
2643 5961 2867 6012 reatum
2895 5958 3088 6012 venire
3133 5957 3489 6028 episcopum,
3524 5952 3622 6025 qui
3653 5950 3751 6005 ad-
