4054 6316
314 375 419 428 393

1549 373 2019 429 DECRETALIUM
2057 373 2446 430 COLLECTIO.

3581 383 3682 437 391

314 478 567 532 monitus
587 477 1173 532 excommunicatione
1198 478 1470 550 cujusque
1489 478 1608 534 sine
1627 480 1951 535 rcconcilia-
1971 490 2030 565 Α
2049 496 2175 551 quae
2194 480 2317 551 jam
2341 484 2494 551 sunt,
2521 481 2908 542 benedictioni
2937 500 3063 555 quae
3090 484 3300 556 populo
3328 484 3683 561 impenditur

311 572 470 625 tione
493 570 615 641 ejus
640 569 737 641 qui
760 588 891 625 eum
912 571 1417 626 excommunicavit
1442 572 1495 626 ei
1522 574 1948 631 communicare
2049 574 2235 654 capita
2264 575 2623 630 submittant.

310 664 763 736 praesumpserit,
790 668 856 717 ut
881 665 1103 734 integra
1133 665 1329 719 omnia
1356 665 1420 734 (si
1448 667 1830 721 reconciliatio
1858 667 1945 722 in-

312 757 656 828 tercesserit)
687 758 756 813 de
785 757 1064 829 injustitia
1089 760 1177 812 vel
1210 758 1505 829 iniquitate
1552 760 1944 815 excommuni-

312 852 553 907 cationis
581 851 857 922 proxima:
884 852 1103 923 synodo
1127 858 1507 909 reserventur.

380 946 490 1000 XII.
520 943 721 999 Subito
751 945 1145 999 obmutescens
1188 950 1356 1017 prout
1402 951 1678 1003 statutum
1718 952 1804 1003 est
1839 949 1943 1003 ba-

310 1038 529 1110 ptizari,
558 1040 655 1091 aut
684 1038 1080 1109 paenitentiam
1109 1039 1375 1110 accipere
1409 1044 1615 1111 potest,
1656 1041 1703 1095 si
1736 1042 1942 1096 volun-

307 1132 440 1189 tatis
469 1131 772 1201 praateritw
797 1131 1193 1188 testimonium
1236 1132 1479 1187 aliorum
1522 1133 1707 1189 verbis
1751 1134 1940 1205 habet,

311 1229 414 1279 aut
438 1224 737 1296 praesentis
761 1225 821 1279 in
842 1240 944 1279 suo
976 1228 1140 1279 nutu.

379 1319 516 1376 XIII.
545 1318 880 1376 Amentibus
921 1334 1275 1391 quaecunque
1317 1323 1448 1374 sunt
1486 1320 1711 1391 pietatis
1746 1321 1937 1376 confe-

304 1412 504 1467 renda.

377 1506 508 1562 XIV.
534 1505 944 1577 Energumenis
972 1505 1267 1577 baptizatis
1294 1506 1341 1560 si
1370 1507 1438 1562 de
1473 1508 1807 1578 purgatione
1837 1526 1937 1563 sua

304 1604 524 1669 curent,
548 1602 606 1655 et
628 1615 687 1654 se
716 1599 1084 1655 sollicitudini
1113 1600 1447 1655 clericorum
1473 1601 1720 1669 tradant,
1748 1602 1937 1657 moni-

306 1693 495 1765 tisque
551 1693 971 1765 obtemperent,
1015 1693 1343 1749 omnimode
1383 1695 1811 1751 communicent
1849 1712 1934 1750 sa-

302 1787 585 1843 cramenti
600 1786 779 1858 ipsius
799 1786 1006 1843 virtute
1027 1787 1117 1843 vel
1135 1787 1435 1843 muniendi
1465 1788 1534 1841 ab
1562 1788 1795 1843 incursu
1818 1788 1933 1843 daa-

302 1896 547 1935 monum
573 1897 685 1952 quo
710 1879 1070 1951 infestantur,
1097 1882 1185 1935 vel
1214 1881 1520 1953 purgandi,
1543 1898 1791 1953 quorum
1813 1882 1932 1953 jam

302 1974 619 2030 ostenditur
645 1974 760 2030 vita
785 1975 1098 2047 purgatior.

373 2069 477 2123 XV.
511 2071 574 2123 In
606 2072 889 2140 quantum
932 2070 1018 2125 vel
1058 2070 1367 2125 necessitas
1404 2069 1675 2141 exegerit,
1708 2070 1799 2124 vel
1827 2088 1929 2142 op-

301 2162 623 2233 portunitas
649 2162 1004 2233 praemiserit,
1030 2164 1100 2218 de
1128 2163 1469 2235 baptismate
1491 2164 1985 2235 consulendum./

372 2256 503 2310 XVI.
532 2257 918 2326 Energumeni
945 2273 1062 2312 non
1088 2256 1271 2311 solum
1298 2273 1416 2312 non
1447 2256 1775 2312 assumendi
1802 2272 1905 2311 sun

299 2348 373 2403 ad
402 2349 581 2406 ullum
606 2350 867 2407 ordinem
895 2350 1210 2419 clericatus,
1262 2350 1356 2405 sed
1407 2354 1462 2405 et
1506 2350 1585 2405 illi
1631 2350 1730 2422 qui
1772 2350 1928 2405 ordi-

302 2442 421 2499 nati
448 2447 582 2499 sunt
612 2445 683 2500 ab
713 2444 982 2517 imposito
1011 2444 1197 2499 ofﬁcio
1226 2448 1360 2499 sunt
1388 2444 1716 2515 repellendi.

371 2538 522 2592 XVII.
550 2537 963 2595 Admistionem
993 2538 1356 2595 Eucharistiae
1392 2538 1559 2593 simul
1592 2553 1927 2593 consecran-

300 2630 436 2686 dam
464 2631 810 2687 censuimus.

377 2728 549 2783 XVIII.
579 2727 800 2783 Placuit
828 2724 1251 2782 catechumenis
1275 2742 1391 2781 non
1416 2725 1533 2797 legi
1562 2724 1927 2797 Evangelium

296 2827 359 2881 in
388 2823 653 2881 Ecclesia.

365 2920 495 2973 XIX.
526 2914 933 2972 Catechumeni
956 2929 1370 2985 nonnunquam
1400 2912 1743 2969 admittendi
1774 2918 1924 2981 sunt,

295 3013 469 3068 etiam
498 3011 649 3065 inter
679 3008 1012 3063 domesticas
1044 3008 1351 3062 orationes.

365 3107 471 3161 XX.
500 3102 847 3175 Segregandi
873 3101 1330 3171 informandique
1352 3103 1484 3155 sunt
1509 3100 1922 3168 catechumeni,

2120 668 2313 725 XXVII.
2356 669 2426 722 Ut
2454 669 2743 724 viduitatis
2779 670 3070 725 servandas
3099 672 3451 743 professione
3483 690 3679 731 coram

2048 761 2307 831 episcopo
2341 761 2400 816 in
2429 764 2735 819 secretario
2765 764 2959 820 habita
2990 765 3319 837 impositam
3365 784 3398 821 a
3441 768 3677 841 presby-

2046 857 2169 908 tero
2196 856 2411 910 vestem
2442 856 2728 915 vidualem
2753 874 2870 915 non
2890 874 3009 913 esse
3026 858 3371 917 violandam.
3393 861 3525 931 Ejus
3544 879 3677 918 vero
3710 918 3713 919 ν

2046 947 2489 1017 repudiatorem,
2518 950 2607 1004 vel
2639 950 2821 1021 ipsam
2844 952 2974 1006 talis
3000 952 3368 1024 professionis
3405 955 3672 1013 desertri-

2045 1056 2171 1095 cem
2201 1042 2411 1097 merito
2442 1059 2562 1097 esse
2590 1044 2991 1101 damnandam.

2114 1136 2332 1191 XXVIII.
2382 1136 2449 1190 Hi
2499 1152 2636 1191 vero
2697 1138 2794 1209 qui
2846 1142 2980 1193 sunt
3033 1140 3349 1195 desertores
3400 1141 3671 1213 professa:

2042 1228 2315 1285 castitatis
2340 1229 2798 1300 praevaricatores
2845 1232 3112 1299 habendi,
3159 1238 3216 1288 et
3263 1234 3527 1293 omnibus
3569 1252 3671 1308 per

2041 1321 2437 1393 paenitentiam
2464 1322 2787 1393 legitimam
2806 1326 3242 1383 consulendum.

2112 1416 2283 1470 XXIX.
2312 1417 2436 1470 Haec
2462 1433 2593 1488 quae
2638 1417 3073 1489 subscripsimus
3120 1435 3249 1474 cum
3289 1436 3491 1477 eorum
3522 1438 3667 1495 quo-

2040 1524 2154 1580 que
2184 1508 2491 1565 concordia
2512 1510 2610 1581 qui
2636 1526 2939 1566 consensus
2960 1511 3239 1567 dederunt
3257 1516 3382 1569 rata
3402 1514 3670 1587 deinceps

2037 1600 2191 1655 inter
2232 1618 2334 1655 nos
2377 1618 2443 1656 ac
2490 1608 2711 1658 nostros
2756 1603 2955 1659 haberi
3005 1605 3285 1675 volumus,
3318 1607 3375 1659 et
3406 1606 3669 1664 habenda

2037 1694 2341 1763 sancimus,
2389 1711 2508 1751 non
2550 1699 2959 1766 praetereuntes
3008 1714 3105 1751 eos
3154 1698 3254 1769 qui
3309 1699 3523 1770 synodo
3571 1704 3669 1759 aut

2036 1803 2139 1858 per
2167 1804 2244 1855 se,
2278 1794 2376 1843 aut
2402 1806 2508 1859 per
2535 1806 2846 1845 consensus
2890 1806 3037 1859 suos,
3070 1791 3160 1846 vel
3204 1791 3276 1846 ad
3319 1792 3498 1848 vicem
3532 1790 3666 1849 sub-

1956 1860 2254 1951 Blegatos
2321 1881 2659 1937 destinando
2729 1883 2927 1938 adesse
2986 1884 3336 1953 detractant,
3408 1890 3473 1941 ut
3530 1886 3666 1958 quid

2004 1974 2138 2057 .sibi
2168 1974 2237 2029 de
2265 1974 2373 2030 illis
2399 1977 2615 2046 placeat
2661 1977 2759 2048 qui
2799 1978 3035 2033 Patrum
3076 1979 3287 2034 statuta
3323 1978 3661 2050 despiciunt,

2032 2067 2368 2135 innotescat,
2425 2085 2539 2122 non
2594 2069 2744 2140 quod
2794 2069 2957 2125 nobis
3013 2074 3337 2141 temporum
3390 2072 3662 2143 qualitate

2032 2160 2261 2215 difﬁcile
2307 2161 2378 2215 sit
2421 2162 2490 2216 ad
2539 2166 2796 2218 sanctam
2842 2162 3127 2232 synodum
3155 2164 3481 2234 convenire,
3523 2166 3665 2236 adji-

2032 2253 2244 2309 cientes
2294 2255 2444 2326 quod
2508 2254 2553 2309 si
2614 2254 2890 2312 similibus
2946 2255 3213 2327 deinceps
3266 2258 3504 2329 paganis
3555 2275 3660 2331 pro

2030 2348 2359 2404 salubritate
2416 2349 2788 2407 ecclesiastica
2848 2366 2913 2405 ac
2976 2350 3243 2405 remediis
3307 2368 3660 2424 congregare

2031 2444 2340 2495 conventus
2402 2442 2772 2509 voluerimus,
2843 2443 3275 2512 constituamus,
3339 2448 3406 2499 ut
3474 2447 3660 2503 nullus

2029 2540 2343 2591 conventus
2390 2535 2511 2590 sine
2563 2536 2797 2591 alterius
2859 2541 3170 2592 conventus
3232 2537 3656 2595 denuntiatione

2029 2629 2292 2682 solvatur.
2331 2630 2523 2700 Itaque
2566 2629 2826 2701 sequenti
2866 2645 3016 2684 anno
3046 2629 3092 2684 si
3118 2629 3361 2687 Domino
3395 2633 3507 2687 Deo
3549 2650 3654 2688 no-

2028 2724 2145 2777 stro
2198 2723 2327 2777 Jesu
2353 2722 2573 2779 Christo
2606 2721 2972 2793 permittente
3016 2723 3367 2792 conceditur,
3418 2724 3510 2781 die
3558 2725 3654 2782 de-

2027 2814 2173 2871 cimo
2207 2816 2408 2887 quinto
2448 2816 2727 2872 Kalendas
2764 2816 3095 2872 Novembris
3123 2816 3183 2871 in
3228 2818 3497 2875 Aurasico
3537 2825 3654 2876 ter-

2027 2909 2222 2964 ritorio
2265 2914 2610 2965 conventum
2641 2910 2978 2979 habeamus,
3021 2911 3122 2982 qui
3148 2910 3279 2965 ideo
3315 2915 3473 2968 tanto
3500 2913 3657 2985 prius

2028 3005 2159 3058 ante
2209 3004 2578 3059 denuntiatur
2600 3046 2613 3073 ,
2678 3006 2741 3059 ut
2806 3007 2925 3058 tam
2989 3004 3363 3061 excusationis
3426 3005 3656 3064 libertas

2027 3112 2201 3167 quam
2242 3096 2594 3153 invitationis
2637 3097 2942 3153 necessitas
2980 3114 3099 3154 non
3132 3099 3223 3153 sit.
3263 3100 3343 3154 De
3375 3099 3467 3155 die
3501 3101 3654 3157 enim

292 3203 359 3254 ut
387 3199 436 3253 si
463 3200 729 3253 revocent
761 3200 817 3252 et
846 3193 1151 3267 signandos
1178 3195 1263 3249 vel
1288 3193 1709 3251 benedicendos
1738 3209 1923 3249 semo-
1946 3228 2000 3303 Ο
2026 3207 2090 3245 ac
2160 3192 2281 3245 loco
2344 3208 2448 3264 per
2499 3191 2648 3262 ipsos
2710 3208 2810 3245 nos
2855 3192 3368 3260 commonebimur,
3442 3194 3655 3266 singuli

292 3294 395 3348 tim
423 3291 668 3347 oﬁ‘erant
695 3306 787 3345 eos
817 3289 1033 3344 ﬁdeles.

360 3388 492 3443 XXI.
522 3386 643 3440 Duo
668 3384 715 3439 si
736 3382 1211 3455 praesumpserint
1229 3381 1493 3438 ordinare
1514 3381 1845 3454 epiSCOpum
1864 3382 1923 3437 in

288 3480 488 3536 vestris
506 3477 832 3551 provinciis,
860 3477 1075 3548 placuit
1093 3477 1162 3532 de
1182 3475 1713 3548 praesumptoribus,
1737 3479 1801 3530 ut
1814 3475 1921 3530 sic-

288 3574 388 3630 ubi
425 3571 731 3644 contigerit
776 3571 917 3626 duos
963 3570 1258 3642 episcopos
1306 3569 1548 3625 invitum
1595 3568 1923 3641 episcopum

289 3668 476 3724 facere
505 3666 828 3722 auctoribus
868 3665 1170 3733 damnatis,
1212 3664 1381 3719 unius
1425 3662 1687 3718 Ecclesia:
1724 3680 1923 3719 eorum

289 3762 409 3835 ipse
439 3759 539 3832 qui
568 3776 764 3831 passus
797 3761 901 3825 est,
936 3758 1331 3825 substituatur,
1375 3756 1420 3811 si
1457 3759 1651 3811 tamen
1684 3756 1797 3811 vita
1825 3774 1919 3813 re-

287 3855 547 3927 spondet,
587 3858 643 3909 et
673 3854 816 3909 alter
846 3852 906 3907 in
934 3851 1167 3907 alterius
1213 3850 1418 3922 dejecti
1466 3850 1590 3905 loco
1626 3849 1918 3906 nihilomi-

286 3965 394 4005 nus
424 3948 751 4017 ordinatur;
787 3947 833 4002 si
862 3945 1247 4001 voluntarium
1286 3945 1399 4000 duo
1430 3944 1685 4012 fecerint,
1715 3949 1771 4000 et
1799 3945 1919 4017 ipse

286 4042 674 4110 damnabitur,
701 4058 816 4113 quo
853 4039 1070 4096 cautius
1096 4055 1161 4094 ea
1188 4056 1317 4110 quae
1344 4042 1477 4094 sunt
1500 4037 1813 4110 antiquitus
1838 4038 1920 4094 in-

286 4136 482 4192 stituta
520 4138 832 4191 serventur.

356 4230 509 4287 XXII.
542 4228 692 4285 Sedit
718 4230 995 4301 praeterea
1039 4229 1102 4282 ut
1144 4226 1409 4298 deinceps
1442 4243 1558 4282 non
1582 4226 1919 4281 ordinentur

284 4324 551 4379 diacones
581 4322 894 4394 coniugati,
918 4321 1025 4377 nisi
1057 4321 1155 4394 qui
1182 4321 1340 4393 prius
1371 4306 1752 4377 conversionis
1781 4337 1912 4392 pro-

282 4418 467 4489 posito
492 4418 732 4473 confessi
760 4416 975 4472 fuerint
1004 4415 1344 4471 castitatem.

351 4512 529 4567 XXIII.
563 4511 620 4567 Si
665 4510 790 4583 quis
835 4513 1029 4565 autem
1070 4511 1199 4580 post
1245 4512 1535 4579 acceptam
1564 4507 1915 4566 benedictio-

2025 3289 2190 3344 nobis
2217 3306 2349 3344 cum
2377 3288 2803 3360 exemplaribus
2857 3292 2914 3344 et
2956 3306 3021 3345 ea
3067 3306 3195 3362 quae
3240 3307 3345 3361 per
3383 3307 3486 3347 nos
3521 3298 3655 3348 sunt

2025 3383 2331 3438 constituta
2374 3382 2684 3438 referentes
2723 3382 2943 3454 aliquos
2992 3382 3089 3454 qui
3136 3383 3463 3454 defuerunt,
3518 3385 3648 3442 bea-

2023 3476 2223 3530 tissimi
2282 3476 2484 3531 fratres
2536 3476 2737 3543 nostri,
2806 3475 2997 3531 Hilarii
3050 3476 3409 3532 sollicitudini
3472 3479 3646 3535 relin-

2022 3586 2284 3641 quamus,
2314 3569 2457 3624 datis
2500 3570 2573 3624 ad
2624 3568 2776 3640 ipsos
2821 3570 3239 3640 exemplaribus
3270 3586 3644 3627 commonen-

2022 3664 2144 3718 dos.
2175 3662 2229 3718 Si
2255 3666 2380 3734 post
2407 3662 2605 3718 omnia
2630 3662 2937 3717 occurrerit
2959 3662 3312 3718 imbecillitas
3330 3662 3649 3735 fragilitatis

2020 3758 2304 3825 humanae,
2350 3761 2412 3811 ut
2458 3756 2506 3811 si
2564 3756 2692 3828 quis
2746 3756 3045 3827 episcopus
3096 3773 3201 3827 per
3251 3755 3644 3815 inﬁrmitatem

2022 3851 2443 3906 debilitatemve
2462 3850 2715 3922 aliquam
2742 3854 2840 3905 aut
2867 3849 3276 3906 hebetudinem
3296 3867 3492 3906 sensus
3513 3852 3648 3908 inci-

2020 3945 2185 4013 derit,
2200 3950 2299 4001 aut
2314 3944 2565 4000 officium
2587 3944 2700 3999 oris
2719 3943 2995 4013 amiserit,
3023 3961 3090 4000 ea
3116 3961 3243 4017 quae
3270 3961 3389 4000 non
3412 3946 3519 4001 nisi
3544 3961 3647 4018 per

2019 4038 2313 4110 episcopos
2345 4041 2639 4110 geruntur,
2668 4055 2787 4094 non
2812 4038 2916 4094 sub
2955 4038 3259 4110 praesentia
3283 4055 3384 4095 sua
3406 4039 3643 4112 presby-

2017 4136 2169 4188 teros
2194 4150 2364 4204 agere
2394 4132 2710 4203 permittat,
2756 4132 2855 4187 sed
2903 4132 3231 4204 episcopum
3264 4132 3323 4187 in
3352 4132 3461 4189 hoc
3491 4134 3647 4205 quod

2016 4227 2076 4281 in
2102 4227 2334 4282 ecclesia
2359 4227 2648 4298 agendum
2692 4226 2886 4294 fuerit,
2930 4227 3207 4297 imponat.
3244 4228 3363 4298 Ego
3407 4228 3646 4283 Hilarius

2016 4320 2315 4391 episcopus
2360 4318 2681 4391 subscripsi.
2728 4322 2845 4390 Ego
2886 4319 3149 4375 Claudius
3189 4320 3484 4392 episcopus
3510 4320 3643 4375 sub-

2016 4413 2232 4484 scripsi.
2266 4415 2385 4484 Ego
2412 4411 2813 4469 Constantinus
2844 4412 3141 4483 episcopus
3171 4413 3496 4485 subscripsi.
3526 4415 3644 4485 Ego

2012 4506 2332 4561 Audentius
2358 4506 2656 4577 episcopus
2686 4506 3011 4577 subscripsi.
3040 4507 3158 4577 Ego
3202 4507 3487 4577 Egrestius
3518 4507 3642 4579 epi-

279 4622 417 4662 nem
442 4604 731 4660 Ieviticam
760 4621 892 4659 cum
936 4619 1111 4660 uxore
1161 4619 1262 4657 sua
1304 4602 1664 4657 incontinens
1692 4603 1909 4659 inveni-
1932 4604 1991 4676 D
2016 4618 2219 4673 scopus
2250 4600 2572 4671 subscripsi.
2595 4602 2713 4670 Ego
2756 4599 3013 4654 Julianus
3044 4599 3343 4671 episc0pus
3394 4599 3641 4655 subscri-

280 4703 393 4768 tur,
426 4698 499 4754 ab
525 4698 711 4754 ofﬁcio
737 4698 1050 4768 abjiciatur.

352 4794 530 4849 XXIV.
561 4794 639 4848 De
669 4792 757 4846 his
784 4795 979 4847 autem
1006 4790 1104 4863 qui
1130 4790 1462 4863 priusquam
1503 4789 1749 4844 ordinati
1796 4790 1916 4845 fue-

282 4888 398 4943 rint
427 4886 487 4941 in
514 4887 620 4941 hoc
650 4886 838 4957 ipsum
867 4884 1190 4953 inciderint,
1233 4882 1549 4938 Taurinatis
1596 4882 1797 4954 synodi
1835 4899 1916 4939 se-

282 4980 571 5053 quendam
592 4996 712 5035 esse
735 4978 1074 5035 sententiam
1109 4995 1220 5050 qua
1232 4977 1509 5049 jubentur
1534 4992 1650 5031 non
1677 4976 1913 5033 ulterius

285 5073 630 5145 promoveri.

348 5170 497 5224 XXV.
530 5169 609 5223 De
633 5167 857 5223 idoneis
884 5170 1076 5223 autem
1107 5165 1470 5237 probatisque
1516 5165 1669 5234 viris,
1712 5168 1769 5220 et
1796 5164 1910 5220 cle-

283 5262 481 5317 ricatui
519 5261 763 5333 alligatis
805 5262 929 5332 ipsa
958 5260 1087 5316 vitae
1119 5259 1303 5331 gratia
1342 5260 1422 5314 ita
1468 5259 1635 5331 gerit,
1680 5258 1725 5313 si
1766 5260 1912 5314 forte

282 5354 588 5411 inciderint
628 5355 691 5409 in
739 5354 1025 5426 duplicata
1066 5353 1452 5421 matrimonia,
1494 5358 1557 5408 ut
1599 5370 1716 5408 non
1765 5353 1913 5408 ultra

281 5450 755 5505 subdiaconatum
782 5448 868 5503 vel
896 5447 1300 5504 ecclesiasticas
1327 5447 1554 5519 capiant
1584 5446 1908 5518 dignitates.

351 5544 527 5599 XXVI.
556 5542 889 5598 Diaconissa:
933 5541 1269 5597 omnimode
1310 5558 1429 5597 non
1472 5540 1829 5607 ordinandas,
1866 5538 1913 5593 si

284 5644 480 5657 ——

2013 4694 2121 4767 psi.
2154 4696 2273 4765 Ego
2300 4692 2588 4765 Auspitius
2616 4693 2913 4764 episcopus
2943 4692 3266 4763 subscripsi.
3313 4693 3430 4763 Ego
3480 4692 3643 4749 Maxi-

2014 4805 2142 4844 mus
2172 4788 2465 4859 episeopus
2496 4785 2819 4857 subscripsi.
2869 4786 2989 4856 Ego
3026 4784 3380 4840 Theuderius
3421 4786 3638 4857 episco-

2011 4900 2119 4955 pus
2160 4879 2484 4952 subscripsi.
2534 4883 2651 4951 Ego
2695 4878 3003 4934 Eucherius
3042 4878 3336 4950 episcopus
3391 4880 3638 4934 subscri-

2012 4976 2118 5048 psi.
2152 4977 2494 5033 Sanctorum
2517 4974 2880 5030 sacerdotum
2904 4972 3463 5044 comprovincialium
3483 4990 3637 5029 meo-

2013 5087 2144 5125 rum
2203 5070 2301 5141 qui
2362 5068 2620 5140 superius
2686 5069 2817 5122 sunt
2880 5066 3187 5122 memorati
3244 5069 3640 5138 exspectantes

2010 5180 2302 5220 assensum
2369 5162 2659 5218 Nectarius
2726 5160 3048 5232 subscripsi.
3100 5162 3289 5216 Justus
3344 5161 3640 5233 episcopus

2009 5256 2331 5328 subscripsi.
2378 5254 2705 5327 Augustalis
2751 5256 3050 5327 episcopus
3098 5254 3421 5327 subscripsi.
3470 5257 3636 5327 Inge-

2010 5351 2140 5406 nius
2181 5351 2474 5422 episcopus
2505 5348 2831 5421 subscripsi.
2882 5348 3141 5404 Salonius
3178 5349 3475 5421 episcopus
3502 5350 3635 5405 sub-

2010 5444 2226 5516 scripsi.
2277 5446 2392 5515 Ego
2431 5445 2809 5514 superventor
2842 5459 2945 5513 pro
2992 5445 3156 5515 patre
3202 5460 3331 5499 meo
3373 5443 3635 5515 episcopo

2008 5538 2241 5594 Claudio
2271 5536 2573 5608 subscripsi
2603 5539 2661 5592 et
2685 5536 3009 5608 recognovi.

1123 5713 1522 5779 INCIPIUNT
1569 5713 1963 5779 CAPITULA
2008 5710 2339 5777 CONCILII
2383 5708 2789 5775 VALENSIS.

354 5827 404 5879 1.
431 5826 503 5880 Ut
530 5824 801 5881 Gallicani
826 5823 1076 5897 episcOpi
1122 5824 1181 5880 in
1235 5823 1425 5879 Galliis
1455 5839 1569 5880 non
1601 5822 1910 5880 discutian-

281 5920 391 5973 tur.

2084 5826 2136 5877 2.
2167 5822 2245 5875 De
2276 5820 2685 5893 paenitentibus
2715 5818 2902 5875 subito
2936 5817 3177 5874 mortuis
3214 5819 3278 5871 ut
3320 5813 3635 5873 oblationes

2014 5930 2213 5972 eorum
2242 5914 2605 5987 recipiantur.
