4054 6298
417 348 518 399 395

1296 343 1576 395 ΑΡΙἘΝΙ).
1615 342 1703 394 ΑΙ)
1741 341 1900 392 δίΕϋ.
1945 339 2027 392 IX.
2062 367 2129 378 -~
2168 337 2420 392 lSlDOltl
2456 339 2882 393 MEHCATORIS

3668 342 3770 393 396

488 454 540 505 3.
575 451 644 506 Ut
689 449 922 504 alterius
960 449 1206 520 episcopi
1253 448 1504 502 chrisma
1545 448 1734 502 nullus
1786 445 2040 516 accipiat,
2065 457 2124 529 Α
2215 452 2267 500 7.
2297 448 2366 501 L't
2397 450 2751 500 accusatores
2791 445 2861 499 de
2909 443 3123 499 levibus
3164 444 3348 498 causis
3387 460 3504 499 non
3535 445 3771 501 audian-

420 544 518 598 sed
548 544 947 597 tantummodo
973 542 1206 614 prOprii.

493 638 542 692 4.
575 639 643 692 Ut
661 636 760 707 qui
779 636 1090 691 oblationes
1111 635 1511 689 defunctorum
1532 632 1802 700 retinent,
1827 649 2046 688 excom-

421 731 800 785 municentur.

494 829 544 878 5.
577 826 645 879 Ut
676 823 774 894 qui
820 822 1113 878 sententiae
1160 820 1410 894 episcopi
1451 821 1538 875 sui
1580 837 1695 875 non
1739 819 2048 892 acquiescit

421 921 675 972 recurrat
701 917 772 971 ad
798 917 1096 988 synodum.

491 1015 544 1065 6.
574 1013 642 1066 Ut
677 1010 1200 1066 excommunicatus
1252 1009 1514 1067 humiliet
1566 1007 1937 1082 semetipsum
1986 1012 2048 1063 ut

419 1104 654 1161 festinus
679 1103 1091 1165 reconcilietur.

2145 543 2258 610 tur,
2289 539 2415 612 94
2447 540 2516 595 de
2545 539 2875 594 criminibus
2900 555 3032 593 vero
3063 538 3456 593 discutiantur.

2217 637 2270 688 8.
2299 635 2369 688 Ut
2397 633 2696 704 episcopus
2726 632 2980 688 alienum
3022 631 3288 687 clericum
3313 632 3623 704 redarguat
3648 649 3775 704 pec-

2146 730 2390 783 cantem.

2220 824 2271 876 9.
2301 823 2370 876 Ut
2396 820 2496 893 qui
2520 819 2837 892 expositum
2883 819 3181 892 invenerit,
3229 821 3523 878 ecclesiam
3555 823 3779 876 contes-

2146 917 2322 970 tetur.

2221 1011 2305 1063 l0.
2350 1010 2418 1063 Ut
2455 1008 2552 1080 qui
2580 1012 2784 1080 praeter
2809 1009 3183 1065 constitutum
3209 1009 3478 1081 exposcit,
3510 1011 3574 1064 ut
3598 1008 3777 1065 homi-

2146 1100 2275 1157 cida
2300 1101 2600 1158 habeatur.

1885 1253 2261 1269 Μ

1227 1413 1641 1508 INCIPIT
1726 1412 2343 1509 CONCILIUM
2409 1412 2964 1507 VALENSE.

1865 1593 2035 1658 ίΕνα
2065 1609 2342 1657 CDLXXX.

497 1768 941 1824 Constitutiones
969 1767 1170 1838 synodi
1207 1769 1453 1822 tractatu
1498 1765 1703 1820 habitae
1734 1765 1794 1819 in
1825 1765 2125 1850 civitateB
2218 1767 2282 1820 ν.
2316 1765 2374 1821 Si
2399 1765 2524 1838 quis
2551 1765 2799 1837 episcopi
2837 1763 3131 1820 sententiae
3173 1779 3291 1819 non
3330 1761 3651 1840 acquiescit,
3682 1777 3772 1820 re-

420 1863 642 1917 Valensi
691 1861 843 1932 apud
886 1861 1216 1932 episcopum
1258 1860 1524 1916 Urbicum
1550 1859 1811 1915 Ecclesiae
1855 1860 2046 1914 catho-

421 1956 564 2023 licae,
596 1955 945 2026 temporibus
973 1953 1268 2010 Theodosii
1289 1954 1537 2025 junioris
1571 1959 1626 2009 et
1649 1953 1897 2010 Dioscori
1923 1969 2051 2008 con-

421 2049 557 2104 sulis
587 2049 690 2103 sub
723 2049 813 2103 die
842 2049 1049 2104 Iduum
1075 2048 1342 2103 Novemb.

491 2143 622 2199 CAP.
655 2143 695 2197 Ι.
727 2142 944 2197 Placuit
975 2142 1265 2214 episcopos
1308 2142 1379 2196 de
1427 2141 1719 2196 Gallicanis
1748 2140 2050 2212 provinciis

422 2237 712 2292 venientes
753 2236 903 2290 intra
931 2234 1131 2291 Gallias
1157 2248 1271 2289 non
1299 2234 1706 2303 discutiendos,
1736 2234 1837 2288 sed
1871 2235 2052 2288 solum

422 2331 684 2385 sufﬁcere
730 2330 775 2384 si
815 2329 1003 2384 nullus
1034 2329 1503 2383 communionem
1549 2328 1629 2382 eis
1673 2327 2048 2396 interdixerit,

421 2423 554 2496 quia
595 2424 747 2478 inter
787 2423 1324 2477 circumhabitantes
1369 2438 1432 2475 ac
1481 2421 1587 2474 sibi
1619 2437 1764 2492 pene
1808 2421 2050 2475 invicem

422 2521 587 2572 notos
612 2534 730 2572 non
759 2522 880 2572 tam
903 2515 1229 2571 testimonio
1254 2515 1517 2586 indigent
1553 2515 1734 2586 probi,
1759 2531 1929 2587 quam
1957 2515 2053 2570 de-

417 2612 708 2668 notatione
737 2613 794 2665 et
812 2609 1340 2665 denuntiationibus
1361 2609 1672 2680 depravati.

492 2707 555 2760 II.
591 2707 804 2759 Horum
833 2705 928 2775 qui
971 2703 1305 2775 poenitentia
1351 2706 1582 2774 accepta
1626 2703 1685 2756 in
1728 2703 1882 2758 bono
1923 2703 2051 2757 vitae

424 2815 589 2853 cursu
614 2797 986 2852 satisfactoria
1017 2813 1141 2851 com
1150 2786 1457 2867 punction'e
1478 2797 1750 2865 viventes,
1773 2796 1890 2851 sine
1908 2813 2054 2850 com-

424 2891 700 2947 munione
738 2891 1034 2961 inopinato
1083 2906 1499 2961 nonnunquam
1545 2889 1790 2944 transitu
1819 2890 1874 2944 in
1903 2891 2053 2960 agris

423 2988 523 3040 aut
550 2986 611 3039 in
635 2985 930 3039 itineribus
956 2983 1387 3054 praeveniuntur
1403 2983 1747 3038 oblationem
1779 2983 2055 3054 recipien-

426 3080 578 3148 dam,
603 3083 659 3132 et
689 3094 889 3133 eorum
913 3078 1117 3132 funera
1135 3094 1200 3132 ac
1219 3077 1483 3148 deinceps
1509 3077 1846 3131 memoriam
1872 3078 2049 3131 eccle-

2150 1863 2340 1916 currat
2363 1860 2436 1914 ad
2467 1860 2769 1931 synodum.

2220 1956 2306 2009 VI.
2338 1956 2415 2009 Ex
2445 1955 2684 2025 epistola
2709 1955 2888 2009 sancti
2928 1954 3236 2010 Clementis
3277 1954 3438 2010 utilia
3476 1971 3603 2026 quas
3630 1971 3774 2025 pra:-

2151 2049 2296 2103 senti
2339 2053 2595 2119 tempore
2640 2048 2889 2103 ecclesiis
2926 2049 3248 2103 necessaria
3294 2053 3426 2102 sunt
3468 2048 3778 2103 honorifice

2151 2142 2512 2214 proferenda,
2546 2148 2601 2198 et
2631 2159 2761 2197 cum
2789 2143 3110 2197 reverentia
3131 2143 3200 2197 ab
3223 2143 3486 2197 omnibus
3518 2142 3779 2197 ﬁdelibus

2153 2253 2215 2291 ac
2240 2237 2526 2308 praecipue
2551 2237 2764 2292 clericis
2782 2236 3128 2307 recipienda,
3160 2253 3225 2291 ex
3248 2237 3453 2308 quibus
3473 2236 3620 2307 quod
3659 2253 3780 2307 spe-

2151 2331 2368 2386 cialiter
2410 2331 2620 2402 placuit
2663 2334 2894 2402 propter
2946 2331 3337 2385 venerandam
3381 2330 3780 2401 antiquitatem

2152 2426 2372 2479 statutis
2409 2425 2784 2496 praesentibus
2831 2424 3181 2492 roboramus,
3228 2425 3381 2496 quod
3425 2424 3779 2495 supradictus

2149 2519 2350 2574 beatus
2368 2524 2587 2590 martyr
2603 2519 3001 2590 debeatissimi
3030 2519 3177 2573 Petri
3206 2519 3604 2574 constitutione
3632 2535 3780 2572 com-

2150 2616 2433 2669 memorat
2467 2611 2698 2677 dicensl
2737 2613 3008 2677 Quaedam
3053 2617 3244 2667 autem
3295 2613 3463 2667 etiam
3515 2629 3583 2668 ex
3626 2611 3781 2667 vobis

2151 2707 2290 2779 ipsis
2333 2707 2654 2778 intelligere
2690 2707 2931 2774 debetis,
2961 2707 3006 2760 si
3044 2723 3157 2777 qua
3189 2710 3322 2761 sunt
3348 2723 3476 2777 quae
3501 2707 3620 2778 ipse
3645 2723 3776 2778 pro-

2152 2807 2282 2872 pter
2308 2801 2537 2856 insidias
2564 2801 2864 2856 hominum
2891 2801 3169 2854 malorum
3204 2817 3318 2854 non
3344 2803 3531 2872 potest
3556 2800 3778 2856 eviden-

2152 2895 2264 2949 tius
2307 2901 2364 2950 et
2406 2895 2760 2950 manifestius
2787 2894 3070 2965 proloqui,
3098 2893 3254 2948 verbi
3283 2894 3482 2964 gratia,
3515 2894 3781 2948 inimicus

2154 2994 2238 3044 est
2266 2989 2431 3043 alicui
2459 3006 2561 3059 pro
2587 2988 2804 3044 actibus
2834 2987 2964 3056 suis,
3005 3004 3100 3042 vos
3141 2988 3312 3042 nolite
3341 2990 3685 3058 exspectare,
3720 2992 3783 3042 ut

2152 3083 2273 3154 ipse
2302 3083 2460 3137 vobis
2485 3083 2650 3150 dicat,
2685 3099 2816 3137 cum
2840 3082 2934 3136 illo
2961 3082 3134 3136 nolite
3159 3081 3326 3136 amici
3353 3098 3492 3151 esse,
3525 3082 3624 3136 sed
3649 3098 3783 3151 pru-

425 3173 650 3228 siastico
666 3171 870 3226 affectu
890 3171 1376 3242 prosequendam,
1400 3171 1533 3243 quia
1556 3171 1712 3226 nefas
1743 3174 1826 3226 est
1850 3187 2051 3226 eorum
2073 3149 2128 3224 Ο
2153 3149 2353 3232 denter
2379 3177 2677 3232 observare
2704 3176 2918 3231 debetis
2965 3179 3021 3231 et
3047 3175 3322 3230 voluntati
3365 3149 3486 3246 ejus
3525 3149 3782 3230 videlicet

424 3265 1002 3322 commemorationes
1031 3265 1253 3321 excludi
1295 3282 1328 3320 a
1369 3263 1708 3320 salutaribus
1734 3265 1928 3333 sacris,
1955 3266 2052 3337 qui

421 3361 491 3415 ad
519 3360 716 3414 eadem
745 3376 904 3414 sacra
933 3357 1089 3414 ﬁdeli
1118 3358 1322 3413 affectu
1349 3359 1771 3428 contendentes,
1813 3358 1950 3412 dum
1994 3376 2053 3414 se

420 3455 631 3510 diutius
679 3471 804 3510 reos
847 3456 1106 3509 statuunt
1135 3453 1400 3525 indignos
1439 3452 1745 3507 salutiferis
1773 3452 2054 3524 mysteriis

413 3548 672 3620 judicent
717 3565 781 3603 ac
821 3547 1182 3619 purgatiores
1215 3546 1435 3602 restitui
1470 3546 1796 3602 desiderant
1825 3564 1838 3602 :
1866 3547 1935 3600 ab
1963 3547 2052 3602 his

419 3660 524 3714 pro
565 3643 770 3715 quibus
807 3645 1293 3696 sacramentorum
1340 3640 1543 3696 viatico
1593 3640 2049 3712 intercipiuntur,

420 3737 624 3808 quibus
644 3737 885 3792 fortasse
903 3752 1010 3790 nec
1035 3730 1513 3790 absolutissimain
1535 3734 2053 3790 reconciliationem

421 3831 684 3886 sacerdos
711 3829 1108 3899 denegandam
1135 3833 1408 3899 putasset.

493 3926 583 3979 Ill.
614 3926 720 3978 Per
755 3922 976 3993 singula
1019 3921 1307 3976 territoria
1351 3921 1668 3992 presbyteri
1697 3920 1785 3975 vel
1814 3920 2055 3977 ministri

424 4017 495 4072 ab
513 4015 807 4088 episcopis,
824 4032 943 4070 non
981 4019 1150 4087 prout
1185 4015 1412 4070 libitum
1431 4013 1606 4070 fuerit
1621 4031 1654 4069 a
1671 4014 2050 4086 vicinioribus,

423 4111 521 4166 sed
537 4127 570 4165 a
595 4111 710 4164 suis
729 4108 977 4182 prepriis
994 4125 1097 4180 per
1119 4125 1297 4164 annos
1318 4109 1574 4181 singulos
1594 4112 1790 4180 petant
1809 4109 2055 4164 chrisma

420 4204 915 4277 appropinquante
935 4203 1296 4258 solemnitate
1322 4202 1592 4274 paschali,
1610 4219 1712 4258 nec
1740 4219 1843 4275 per
1863 4220 2056 4276 quem-

421 4315 646 4370 cunque
700 4297 1158 4366 ecclesiasticum,
1214 4296 1313 4352 sed
1354 4297 1401 4352 si
1447 4315 1558 4369 qua
1604 4298 1910 4354 necessitas
1957 4303 2056 4354 aut

424 4392 821 4448 ministrorum
851 4391 1141 4463 occupatio
1188 4394 1272 4446 est
1313 4407 1415 4462 per
1457 4391 1889 4460 subdiaconum,
1923 4392 2058 4464 quia

2153 3272 2248 3342 qui
2275 3270 2521 3325 ecclesias
2545 3285 2739 3325 curam
2779 3263 2951 3342 gerit'
2971 3269 3182 3341 absque
3208 3268 3646 3324 commonitione
3675 3268 3778 3324 0b-

2154 3365 2488 3431 secundare,
2536 3369 2593 3420 et
2637 3363 2812 3418 averti
2855 3363 2924 3417 ab
2967 3380 3033 3419 eo
3079 3364 3168 3418 cui
3206 3363 3395 3435 ipsum
3430 3362 3651 3417 sentitis
3677 3363 3780 3418 ad-

2151 3476 2398 3526 versum,
2430 3459 2527 3514 sed
2549 3475 2654 3513 nec
2685 3458 2859 3530 loqui'
2887 3458 2975 3511 his
3018 3457 3223 3529 quibus
3268 3474 3386 3512 non
3421 3457 3690 3528 loquitur,
3722 3461 3783 3512 ut

2154 3553 2544 3624 unusquisque
2575 3552 2672 3624 qui
2719 3553 2778 3607 in
2820 3553 2981 3624 culpa
3025 3557 3108 3607 est
3149 3552 3287 3607 dum
3331 3551 3487 3622 cupit
3520 3551 3780 3606 omnium

2153 3652 2410 3703 vestrum
2442 3647 2545 3701 sibi
2592 3647 2837 3717 gratiam
2863 3663 3127 3718 reparare
3153 3646 3317 3700 citius
3343 3645 3572 3700 festinet
3594 3662 3784 3700 recon-

2154 3663 2410 3703 vestrum
2442 3663 2545 3701 sun
2592 3663 2837 3717 grauam
2863 3663 3065 3718 repara
3097 3663 3127 3701 e
3153 3663 3317 3700 cuius
3343 3663 3572 3700 Iesunet
3594 3663 3784 3700 recon-

2154 3741 2326 3797 ciliari
2357 3742 2407 3796 ei
2429 3741 2525 3812 qui
2553 3740 2815 3795 omnibus
2844 3663 3165 3819 praeestjut
3191 3757 3295 3810 per
3337 3740 3442 3793 hoc
3487 3739 3685 3794 redeat
3711 3739 3784 3793 ad

2155 3837 2393 3890 salutem
2421 3851 2551 3890 cum
2581 3835 2810 3890 obedire
2855 3833 3087 3905 coeperit
3128 3834 3357 3888 monitis
3401 3832 3781 3904 praesidentis,

2154 3936 2209 3986 et
2233 3935 2440 3985 caetera
2466 3946 2592 4000 qua
2642 3930 2702 3983 in
2749 3929 3229 3999 consequentibus
3277 3928 3549 3982 denotant
3574 3926 3784 3981 amicos

2155 4041 2352 4080 eorum
2367 4024 2466 4095 qui
2482 4023 2706 4078 veritati
2720 4021 2937 4077 inimici
2959 4025 3108 4076 sunt.
3132 4022 3284 4077 Sciat
3306 4021 3497 4092 itaque
3518 4020 3786 4090 deinceps

2153 4119 2334 4174 clerus
2360 4118 2433 4172 ad
2459 4121 2702 4185 reatum,
2723 4117 2822 4171 sed
2843 4119 2901 4170 et
2919 4116 3164 4187 populus
3194 4115 3449 4170 ﬁdelium
3467 4114 3542 4167 ad
3560 4114 3785 4184 culpam

2155 4213 2260 4267 sibi
2325 4211 2745 4279 ascribendum,
2796 4211 2842 4264 si
2899 4209 3025 4281 quis
3087 4210 3148 4264 in
3203 4211 3310 4264 hoc
3351 4208 3553 4263 vitium
3610 4207 3787 4262 malo-

2154 4323 2284 4362 rum
2307 4308 2729 4378 computantur,
2777 4309 2833 4359 et
2876 4304 3188 4376 disciplinae
3233 4303 3534 4358 subversor
3582 4317 3787 4372 cogno-

2155 4400 2347 4455 scitur.

427 4492 772 4547 inhonorum
799 4494 882 4546 est
910 4489 1273 4545 inferioribus
1302 4506 1524 4544 summa
1570 4490 1874 4545 committi.
1907 4490 2134 4597 Opti-D
2231 4495 2337 4550 Vll.
2369 4491 2584 4548 Placuit
2619 4496 2895 4564 praeterea
2929 4491 3228 4547 accusandi
3273 4489 3560 4545 licentiam
3606 4490 3666 4544 in
3698 4505 3788 4543 ve-

425 4603 587 4641 mum
619 4591 704 4642 est
729 4588 924 4640 autem
947 4588 1010 4640 ut
1033 4585 1152 4656 ipse
1180 4584 1444 4656 suscipiat
1473 4583 1570 4656 qui
1608 4584 1889 4640 tradendo
1921 4600 2052 4638 usu-

425 4703 521 4740 rus
548 4688 652 4755 est,
685 4685 732 4740 si
759 4683 896 4755 quid
922 4687 1114 4739 autem
1134 4684 1317 4739 obstat
1335 4684 1538 4739 saltem
1558 4684 1605 4738 is
1625 4683 1783 4754 cujus
1801 4682 2056 4738 ofﬁcium

426 4783 510 4834 est
541 4779 847 4834 sacrarium
875 4778 1174 4850 disponere
1201 4784 1257 4835 et
1284 4780 1636 4833 sacramenta
1676 4777 1982 4847 suscipere.

494 4874 580 4928 IV.
615 4873 722 4937 Qui
749 4872 1058 4927 oblationes
1088 4873 1487 4928 defunctorum
1516 4870 1761 4924 retinent
1793 4873 1849 4924 et
1879 4871 2054 4924 eccle-

425 4967 520 5021 siis
550 4966 772 5021 tradere
802 4967 1196 5034 demorentur,
1215 4970 1277 5019 ut
1302 4963 1562 5017 inﬁdeles
1583 4968 1714 5017 sunt
1734 4963 1804 5017 ab
1827 4962 2058 5017 ecclesia

423 5059 748 5131 abjicicndi,
775 5061 907 5131 quia
919 5077 1099 5131 usque
1120 5059 1190 5112 ad
1209 5056 1585 5112 inanitionem
1603 5056 1739 5110 ﬁdei
1759 5056 2056 5127 pervenire

427 5158 646 5209 certum
697 5159 780 5208 est
831 5155 978 5208 hanc
1019 5151 1226 5206 divinae
1271 5151 1498 5222 pictatis
1543 5149 2052 5218 exacerbationem,

428 5247 563 5319 quia
589 5253 643 5303 et
668 5247 865 5302 ﬁdeles
887 5247 955 5300 de
984 5261 1219 5315 corpore
1243 5245 1577 5299 recedentes
1599 5247 1856 5298 votorum
1877 5244 2056 5314 pleni-

428 5341 645 5411 tudine,
667 5345 723 5396 et
748 5356 1023 5412 pauperes
1054 5339 1350 5392 consolatu
1384 5339 1693 5406 alimoniae,
1718 5343 1774 5392 et
1805 5353 2056 5392 necessa-

426 5435 511 5490 ria
554 5433 968 5490 sustentatione
1016 5431 1386 5501 fraudantur;
1435 5433 1494 5487 hi
1533 5433 1686 5487 enim
1727 5432 1866 5486 tales
1894 5432 2054 5503 quasi

426 5529 720 5598 egentium
751 5529 1187 5595 necatores,nec
1212 5525 1506 5580 credentes
1525 5526 1804 5596 judicium
1835 5525 1935 5580 Dei
1958 5525 2054 5580 ha-

424 5621 596 5676 bendi
613 5626 778 5687 sunt;
803 5620 949 5675 unde
971 5624 1027 5675 et
1054 5619 1285 5692 quidam
1310 5621 1538 5675 Patrum
1564 5621 1673 5674 hoc
1698 5619 1919 5691 scriptis
1941 5619 2054 5673 suis

425 5713 789 5768 inseruerunt
836 5718 1188 5783 congruente
1231 5713 1509 5767 sententia
1553 5730 1680 5784 quae
1723 5713 1840 5767 ait:
1869 5713 2051 5766 amico

421 5805 713 5874 quidpiam
741 5823 942 5877 rapere
968 5807 1183 5863 furtum
1229 5809 1330 5872 est,
1363 5808 1420 5859 et
1462 5806 1761 5860 ecclesiam
1787 5805 2050 5860 fraudare

418 5896 774 5965 sacrilegium
787 5939 798 5952 .

2158 4588 2286 4642 stris
2311 4586 2624 4653 ordinibus,
2669 4587 2714 4640 si
2750 4603 2862 4658 qua
2889 4586 3109 4653 existat,
3136 4585 3358 4640 levitate
3385 4583 3783 4654 comprimere,

2159 4682 2307 4753 quod
2335 4680 2382 4735 si
2410 4679 2706 4752 episcopus
2731 4679 3227 4750 aliquemjudicat,
3255 4677 3654 4733 abstinendum
3681 4693 3786 4747 pro

2157 4775 2550 4831 humiliatione
2593 4779 2649 4828 et
2687 4774 3038 4828 correctione
3098 4774 3307 4840 fratris,
3358 4775 3416 4825 et
3469 4770 3786 4841 assurgitur

2159 4869 2400 4936 exorari,
2433 4887 2464 4924 a
2492 4867 2708 4923 caeteris
2756 4867 3071 4939 acquiescat
3108 4866 3270 4920 fratri
3315 4865 3384 4919 de
3431 4881 3543 4935 quo
3571 4864 3782 4934 agitur,

2158 4962 2512 5034 correptione
2542 4965 2598 5016 et
2623 4960 3064 5015 comminatione
3084 4959 3355 5014 adhibita.
3379 4957 3478 5013 Sin
3506 4960 3697 5011 autem
3715 4956 3786 5010 de

2159 5056 2397 5111 crimine
2429 5055 2676 5126 aliquem
2705 5057 2868 5126 putet
2901 5071 3022 5108 esse
3050 5052 3460 5120 damnandum,
3492 5053 3784 5105 accusato-

2156 5151 2232 5205 ris
2258 5150 2377 5204 vice
2408 5149 2846 5215 discutiendum,
2882 5148 2925 5201 si
2956 5148 3120 5213 sciat;
3149 5148 3233 5201 fas
3259 5151 3343 5200 est
3371 5145 3524 5200 enim
3552 5149 3617 5199 ut
3659 5161 3785 5217 quas

2157 5243 2254 5298 uni
2286 5243 2621 5314 probantur,
2655 5242 2970 5313 probentur
2993 5240 3368 5316 abpmnibus.

2228 5339 2358 5391 VIII.
2407 5335 2572 5401 Quod
2615 5336 2661 5389 si
2706 5339 2895 5389 tantus
2939 5335 3232 5406 episcopus
3279 5333 3448 5388 alieni
3491 5332 3678 5387 clerici
3725 5349 3784 5388 se

2155 5431 2444 5486 conscium
2470 5430 2646 5497 novit,
2692 5429 2946 5500 quandiu
2972 5430 3210 5500 probare
3251 5443 3374 5500 non.
3413 5431 3599 5498 potest
3639 5427 3783 5482 nihil

2154 5525 2425 5597 proferat,
2455 5523 2550 5577 sed
2581 5540 2709 5577 cum
2739 5523 3002 5594 episcopo
3033 5523 3104 5577 ad
3129 5521 3631 5592 compunctionem
3661 5521 3782 5592 ejus

2156 5617 2384 5673 secretis
2421 5615 2874 5688 correptionibus
2917 5615 3196 5682 elaboret;
3240 5614 3393 5686 quod
3419 5613 3464 5668 si
3491 5616 3784 5684 correptus

2153 5709 2498 5783 pertinacior
2522 5710 2710 5777 fuerit,
2743 5714 2800 5765 et
2839 5727 2898 5766 se
2930 5701 3319 5765 communioni
3349 5707 3574 5780 publice
3598 5709 3782 5780 inges-

2153 5805 2304 5872 serit,
2334 5803 2559 5859 etiamsi
2587 5804 2879 5875 episcopus
2915 5803 2974 5858 in
3018 5802 3418 5873 redarguendo
3464 5801 3563 5857 illo
3607 5817 3780 5873 quem

2153 5915 2312 5955 reum
2325 5898 2544 5970 judicat
2558 5898 2892 5970 probatione
2908 5895 3154 5967 deﬁciat,
3175 5896 3536 5952 indamnatus
3555 5895 3689 5951 licet
3708 5896 3777 5949 ab
