4054 6294
284 364 386 415 397
1517 359 1986 415 DECRETALIUI
2026 360 2412 415 CULLECTIO.
3538 369 3638 417 32:8

283 467 370 520 his
402 466 502 537 qui
526 464 666 520 nihil
695 465 880 519 sciunt
906 465 1168 520 secedere
1189 465 1261 520 ad
1285 468 1512 536 tempus
1534 481 1640 537 pro
1669 482 1911 542 persona
1931 479 1989 551 Α
2010 468 2478 522 contestationem
2508 467 2756 536 colligat,
2787 464 3161 520 nihilominus
3198 467 3268 521 de
3299 467 3502 530 altario
3535 469 3640 524 Dos

281 560 513 631 majoris
541 559 891 614 auctoritatis
928 558 1213 629 jubeatur,
1259 559 1356 612 illo
1393 558 1648 629 quandiu
1689 561 1916 630 probari
2016 560 2223 614 minico
2252 561 2341 614 die
2384 561 2644 615 minister
2691 560 2990 614 annuntiet
3031 559 3102 614 ab
3148 559 3521 615 ecclesiastico
3549 577 3638 616 ex-

279 654 425 708 nihil
455 656 642 724 potest
684 653 743 708 in
781 652 1186 707 communione
1230 651 1485 706 omnium
1530 656 1914 725 praterquam
2016 654 2259 724 positum
2286 670 2403 708 esse
2430 654 2747 721 collectum,
2770 657 2836 707 ut
2855 653 3006 707 intra
3033 653 3152 707 dies
3167 653 3364 708 decem
3384 654 3453 708 ab
3476 670 3639 725 expo-

281 747 406 817 ejus
437 748 536 819 qui
564 763 694 801 eum
725 763 886 800 reum
910 746 1132 817 judicat
1161 751 1554 816 permanente.
2014 747 2229 800 sitionis
2272 747 2362 801 die
2406 747 2726 817 expositum
2765 745 3021 816 recipiat,
3064 746 3109 800 si
3156 747 3283 817 quis
3324 747 3645 817 probaverit

352 842 436 898 ΙΧ.
471 843 548 895 De
577 840 840 911 expositis
865 840 999 911 quia
1029 841 1230 894 collata
1267 840 1338 894 ab
1379 840 1643 894 omnibus
1684 843 1917 912 querela
2016 856 2075 893 se
2108 839 2403 910 agnovisse
2431 839 2711 893 collectori
2751 855 2852 909 pro
2895 840 3150 910 ipsorum
3187 831 3380 894 decem
3418 839 3641 895 dierum

281 936 556 1007 processit
581 951 680 988 eos
708 951 821 988 non
853 933 1256 988 misericordia
1281 934 1402 1003 jam
1433 934 1528 988 sed
1555 934 1788 989 canibus
1814 951 1914 990 ex-
2015 933 2403 987 misericordia
2453 938 2624 1003 prout
2667 933 2907 987 valuerit
2948 933 3018 988 ad
3067 949 3313 1004 prasens
3343 933 3636 1003 retribuat,

286 1029 446 1099 poni,
477 1046 619 1100 quos
637 1028 904 1099 colligere
927 1027 1346 1081 calumniarum
1367 1031 1525 1081 metu
1553 1028 1810 1098 quamvis
1834 1028 1917 1082 in-
2013 1031 2111 1080 aut
2133 1026 2192 1080 in
2223 1030 2565 1098 perpetuum
2593 1042 2721 1081 cum
2747 1026 2847 1081 Dei
2872 1027 3069 1098 gratia,
3102 1027 3149 1081 si
3175 1027 3433 1094 voluerit,
3461 1027 3635 1098 possi-

281 1117 422 1172 felix
449 1135 484 1172 a
512 1117 810 1188 praceptis
837 1116 1240 1171 misericordia
1266 1133 1428 1170 mens
1453 1116 1703 1171 humana
1727 1117 1913 1171 detra~
2015 1118 2163 1173 deat.

283 1214 400 1266 ctet
424 1210 828 1266 reservandum
855 1215 957 1277 est,
988 1214 1044 1265 et
1069 1210 1381 1264 secundum
1418 1214 1628 1265 statuta
1653 1209 1911 1265 ﬁdelissi-
2085 1214 2149 1268 X.
2180 1211 2239 1267 Si
2267 1212 2393 1283 quis
2419 1211 2808 1284 expositorum
2841 1213 2948 1267 hoc
2985 1213 3246 1269 ordinare
3275 1215 3640 1270 collectorum

283 1321 538 1373 morum,
595 1304 1008 1375 piissimorum,
1061 1305 1550 1374 augustorumque
1593 1303 1914 1374 principum
2015 1305 2288 1376 repetitor
2340 1306 2429 1360 vel
2473 1305 2854 1362 calumniator
2901 1305 3199 1376 exstiterit,
3247 1310 3314 1363 ut
3353 1307 3638 1364 homicida

283 1397 545 1472 quisquis
601 1397 922 1469 expositum
962 1397 1180 1469 colligit
1224 1397 1523 1452 ecclesiam
1568 1400 1917 1452 contestatur
2014 1399 2313 1454 habendus
2335 1403 2438 1454 est.

1081 1685 1480 1751 INCIPIUNT
1522 1686 1912 1752 CAPITULA
1953 1686 2454 1752 AGATHENSIS
2499 1688 2852 1753 CONCILII.
3650 1702 3735 1834 L

369 1851 418 1902 1.
463 1847 542 1900 De
568 1845 813 1916 bigamis
835 1844 1051 1900 clericis
1081 1851 1143 1902 ut
1172 1862 1286 1901 non
1312 1847 1655 1904 ministrent.
1839 1883 1846 1888 ε
1937 1861 1994 1932 Β
2089 1853 2178 1905 27.
2219 1852 2290 1905 Ut
2334 1850 2749 1906 monasterium
2795 1851 3118 1924 inconsulto
3158 1851 3420 1924 episcopo
3455 1853 3646 1908 nullus

365 1943 421 1994 2.
464 1940 540 1996 De
594 1939 1018 1994 contumacibus
1070 1940 1324 2008 clericis,
1403 1943 1460 1997 et
1531 1941 1604 1996 ad
1671 1940 1919 1998 officium
2023 1943 2331 1998 constituat
2356 1944 2425 1998 de
2457 1944 2768 1999 monachis.

291 2033 490 2088 tardis.
2091 2041 2179 2093 28.
2213 2038 2284 2092 Ut
2302 2038 2710 2094 monasterium
2730 2039 3047 2110 puellarum
3075 2039 3272 2112 procul
3297 2057 3330 2095 a
3347 2040 3647 2098 monachis

364 2131 418 2182 3.
459 2128 535 2182 De
562 2126 837 2198 episcopis
859 2127 957 2198 qui
982 2127 1070 2181 vel
1105 2127 1463 2199 innocentes,
1508 2127 1596 2183 vel
1628 2145 1734 2201 pro
1759 2128 1923 2184 mini-
2021 2131 2413 2187 constituatur.

292 2225 401 2280 mis
417 2225 599 2280 causis
623 2225 847 2296 aliquos
871 2226 1384 2281 excommunicant.
2091 2229 2178 2280 29.
2222 2227 2301 2280 De
2354 2226 2570 2282 libertis
2624 2231 2686 2281 ut
2747 2228 2806 2282 in
2874 2227 3198 2284 necessitate
3268 2229 3338 2284 ab
3409 2229 3645 2286 ecclesia

365 2320 418 2375 4.
462 2321 537 2374 De
561 2319 650 2375 his
680 2320 778 2391 qui
818 2337 948 2374 suas
992 2321 1080 2374 vel
1119 2319 1573 2392 propinquorum
1611 2321 1921 2377 oblationes
2018 2327 2302 2380 tueantur.

292 2413 546 2469 ecclesia
571 2413 932 2470 defraudant.
2093 2420 2180 2472 30.
2222 2420 2292 2473 Ut
2319 2422 2444 2490 post
2471 2419 2814 2491 antiphonas
2837 2419 3124 2475 orationes
3151 2420 3430 2475 dicantur.

366 2511 417 2562 5.
461 2507 517 2562 Si
546 2507 777 2564 clericus
802 2507 1021 2562 furtum
1048 2507 1295 2563 ecclesia
1319 2507 1534 2565 fecerit.
2093 2515 2153 2567 31
2170 2553 2182 2567 .
2226 2513 2300 2567 De
2322 2512 2420 2567 his
2446 2513 2544 2584 qui
2570 2518 2810 2585 propter
2841 2513 3036 2569 odium
3066 2513 3138 2568 ad
3181 2530 3382 2585 pacem
3410 2531 3527 2571 non
3554 2531 3644 2572 re-

366 2604 420 2656 6.
462 2601 519 2656 Si
546 2601 807 2674 episcopo
834 2601 1234 2673 aquibuslibet
1257 2601 1577 2674 quidquam
1613 2601 1787 2658 fuerit
1822 2603 1918 2658 de-
2021 2609 2339 2660 vertuntur.

291 2694 576 2751 relictum.
2096 2702 2182 2754 32.
2224 2701 2293 2754 Ut
2317 2699 2550 2754 clericus
2594 2699 2915 2757 inconsulto
2965 2700 3230 2774 episcOpo
3281 2701 3352 2756 ad
3387 2701 3646 2772 judicem

375 2794 428 2843 7.
472 2791 546 2845 De
576 2790 746 2846 rebus
778 2790 1028 2848 ecclesia
1065 2790 1351 2862 quomodo
1393 2790 1464 2845 ab
1507 2789 1786 2863 episcopis
1819 2791 1920 2845 ha-
2025 2795 2352 2848 sacularem
2377 2810 2494 2849 non
2521 2797 2741 2866 pergat.

293 2893 560 2955 beantur,
595 2892 653 2942 et
680 2886 750 2942 de
778 2884 952 2942 servis
981 2884 1231 2940 ecclesia
1271 2884 1513 2956 qualiter
1545 2885 1617 2939 ab
1661 2883 1924 2956 episcopo
2096 2891 2183 2943 33.
2225 2887 2278 2942 Si
2305 2888 2601 2960 episcopus
2644 2888 2903 2944 haredes
2941 2905 3061 2945 non
3102 2889 3318 2945 habens
3355 2888 3649 2946 ecclesiam

295 2983 798 3041 manumittantur.
2025 2982 2117 3035 cui
2142 2981 2372 3052 prafuit
2396 2982 2685 3037 haredem
2711 2999 2829 3037 non
2859 2983 3073 3038 fecerit.

369 3083 421 3134 8.
464 3079 540 3132 De
568 3074 785 3132 clericis
813 3073 911 3146 qui
937 3073 1009 3128 ad
1040 3073 1337 3127 saculares
1362 3072 1720 3144 confugiunt.
2096 3076 2184 3129 34.
2225 3076 2305 3130 De
2331 3075 2536 3131 Judais
2567 3076 2665 3148 qui
2691 3077 2944 3132 converti
2974 3076 3230 3149 cupiunt,
3269 3077 3508 3149 qualiter
3535 3093 3650 3133 sus-

369 3177 422 3228 9.
462 3173 538 3228 De
565 3168 906 3244 presbyteris
931 3171 987 3222 et
1001 3166 1328 3222 diaconibus
1347 3166 1446 3238 qui
1468 3167 1539 3221 ad
1565 3167 1926 3238 conjugalem
1954 3229 1998 3244 Α
2027 3168 2327 3240 cipiantur.

296 3268 509 3322 coitum
531 3229 909 3320 revertuntur.
1362 3229 1384 3238 -
1666 3229 1688 3238 '
1737 3229 1769 3238 ν
1907 3229 1915 3238 ’
1947 3229 2002 3304 C
2079 3229 2187 3318 ⁸35.
2229 3263 2290 3318 Si
2318 3263 2614 3335 episcopus
2644 3281 2678 3319 a
2719 3265 3153 3336 Metropolitano
3196 3266 3524 3321 admonitus
3549 3283 3650 3338 pro

372 3363 457 3417 10.
499 3361 571 3416 Ut
605 3358 794 3415 nullus
832 3355 1166 3412 clericorum
1215 3370 1347 3410 cum
1383 3353 1660 3410 extraneis
1700 3354 1924 3409 feminis
2031 3356 2265 3426 synodo,
2311 3357 2399 3412 vel
2443 3356 2800 3413 ordinatione
2857 3358 3161 3430 episcopali
3221 3358 3414 3414 venire
3472 3359 3650 3414 distu-

297 3455 534 3511 habitet.
2027 3450 2176 3506 lerit.

374 3553 460 3606 11.
499 3549 572 3603 Ut
595 3545 786 3602 nullus
824 3544 1058 3600 clericus
1100 3543 1160 3598 in
1199 3541 1453 3611 cellario,
1479 3542 1568 3597 vel
1610 3541 1672 3596 in
1712 3546 1924 3598 secreto
2097 3547 2183 3599 36.
2209 3546 2280 3599 Ut
2307 3543 2591 3616 stipendia
2615 3545 2950 3600 clericorum
2973 3546 3140 3616 juxta
3167 3546 3435 3602 meritum
3461 3546 3647 3603 distri-

295 3643 571 3700 feminam
601 3639 961 3697 intromittat.
2023 3637 2291 3692 buantur.

373 3741 459 3794 t2.
501 3737 574 3791 Ut
599 3733 756 3791 omni
783 3731 1236 3806 quadragesima
1263 3729 1504 3786 Sabbato
1528 3729 1842 3800 jejunetur,
2095 3735 2183 3787 37.
2227 3733 2298 3787 De
2329 3731 2627 3787 homicidia
2653 3736 2711 3788 et
2736 3731 2890 3787 falsis
2913 3732 3172 3788 testibus.

375 3834 460 3887 t3.
502 3831 574 3886 Ut
607 3826 928 3900 symbolum
957 3829 1086 3880 ante
1127 3828 1253 3881 octo
1283 3823 1402 3879 dies
1431 3823 1662 3878 Pascha
1693 3839 1923 3897 compe-
2098 3829 2183 3882 38.
2226 3827 2297 3880 Ut
2319 3825 2438 3882 sine
2464 3826 2715 3898 episcopi
2745 3827 2833 3881 sui
2871 3826 3108 3898 epistola
3141 3843 3259 3883 non
3297 3827 3462 3884 liceat
3486 3829 3650 3884 cleri-

296 3925 552 3982 tentibus
574 3921 932 3994 pradicetur.
2025 3936 2158 3974 cum
2178 3920 2268 3975 vel
2313 3920 2662 3976 monachum
2689 3919 2990 3993 proficisci,
3037 3924 3092 3976 et
3132 3921 3200 3976 de
3242 3922 3540 3979 monachis
3564 3923 3651 4000 vel

373 4020 460 4074 14.
501 4019 572 4072 Ut
592 4018 767 4071 altare
795 4017 854 4070 et
874 4012 1250 4069 benedicatur
1280 4013 1338 4065 et
1364 4013 1632 4082 ungatur.
2025 4014 2338 4070 abbatibus.

375 4116 460 4168 15.
499 4109 747 4176 Qualiter
775 4107 1044 4178 majores,
1093 4104 1334 4178 qualiter
1365 4105 1617 4160 minores
1647 4105 1920 4177 paniten-
2105 4111 2194 4167 39.
2235 4111 2305 4166 Ut
2333 4109 2517 4166 clerici
2540 4109 2817 4180 nuptialia
2839 4109 3017 4164 vitent
3041 4109 3313 4164 convivia.

297 4207 440 4262 tiam
469 4203 765 4275 accipiant.
2097 4213 2185 4267 40.
2226 4209 2305 4262 Ne
2329 4204 2637 4261 Christiani
2656 4203 2983 4258 Iudaeorum
3011 4207 3250 4258 utantur
3269 4203 3557 4260 conviviis.

375 4304 459 4356 16.
499 4300 622 4364 Qua
644 4301 810 4353 atate
841 4295 1105 4351 diacones
1136 4293 1495 4350 ordinentur.

2098 4305 2156 4360 41
2173 4345 2185 4359 .
2227 4303 2298 4356 Ut
2321 4317 2354 4354 a
2385 4297 2602 4354 clericis
2629 4297 2838 4352 vitetur
2862 4296 3119 4352 ebrietas.

376 4399 462 4451 17.
500 4395 622 4460 Qua
648 4396 810 4448 atate
829 4389 1074 4462 episcOpi
1101 4389 1189 4444 vel
1234 4387 1548 4460 presbyteri
1586 4404 1923 4444 consecren-
2097 4399 2184 4452 42.
2225 4396 2301 4450 De
2327 4392 2608 4463 sortilegis
2631 4391 2718 4445 vel
2762 4390 3198 4462 auguratoribus
3231 4394 3293 4445 ut
3319 4391 3390 4445 ab
3421 4391 3653 4448 ecclesia

298 4497 412 4547 tur.
2026 4492 2377 4564 separentur.

374 4588 460 4640 18.
502 4584 581 4638 De
630 4581 785 4636 laicis
845 4579 1050 4652 quibus
1109 4575 1460 4648 temporibus
1509 4577 2005 4675 communicareD
2097 4587 2185 4640 43.
2227 4584 2304 4637 Ne
2346 4582 2416 4636 de
2453 4579 2856 4652 paenitentibus
2897 4579 3133 4634 clericus
3158 4577 3472 4645 ordinetur,
3503 4582 3561 4634 et
3590 4584 3654 4634 ut

299 4679 566 4735 debeant.
819 4717 835 4732 .
1947 4671 1987 4675 ⁷
2027 4678 2326 4750 presbyter
2350 4675 2525 4730 altare
2550 4689 2668 4728 non
2699 4671 2902 4742 erigat.

374 4777 462 4829 19.
503 4773 581 4828 De
601 4768 1120 4826 sanctimonialibus
1152 4784 1262 4839 qua
1293 4769 1457 4821 atate
1480 4767 1756 4821 velentur.
2099 4773 2188 4828 44,
2229 4771 2306 4825 Ne
2327 4769 2619 4840 presbyter
2637 4764 3092 4821 benedictionem
3119 4765 3346 4837 populo,
3367 4765 3456 4820 vel
3479 4766 3656 4836 pani-

366 4870 458 4922 20.
500 4867 578 4921 De
603 4863 821 4920 clericis
847 4862 944 4934 qui
969 4877 1195 4918 comam
1221 4860 1497 4916 nutriunt.
2028 4867 2171 4922 tenti
2199 4865 2258 4919 in
2289 4862 2514 4918 ecclesia
2543 4861 2678 4916 dare
2707 4863 3034 4932 prasumat.

371 4963 462 5016 21.
507 4961 578 5015 Ut
615 4957 1001 5014 solemnitates
1045 4955 1294 5028 majores
1340 4955 1399 5009 in
1433 4952 1744 5009 civitatibus
1787 4955 1929 5010 cele-
2100 4962 2189 5016 45.
2231 4959 2303 5014 Ut
2331 4956 2627 5028 episc0pus
2643 4955 2915 5025 exiguum
2941 4951 3152 5023 aliquid
3173 4951 3296 5008 sine
3323 4953 3653 5010 clericorum

299 5054 557 5110 brentur.
2031 5051 2388 5110 conniventia
2426 5051 2492 5120 (si
2521 5064 2746 5104 necesse
2775 5047 2962 5117 fuerit)
2992 5045 3286 5101 distrahat.

372 5151 462 5203 22.
505 5148 576 5202 Ut
600 5163 717 5202 non
742 5145 907 5201 liceat
938 5143 1354 5216 presbyterum,
1386 5145 1486 5197 aut
1513 5141 1780 5197 clericum
1804 5158 1929 5198 rem
2101 5151 2190 5203 46.
2232 5149 2303 5202 Ut
2353 5161 2544 5200 servos
2586 5142 2834 5198 ecclesia
2894 5141 3160 5212 fugitivos
3203 5141 3370 5196 liceat
3413 5141 3656 5198 vendere

301 5241 553 5298 ecclesia
577 5241 840 5307 vendere,
866 5244 964 5294 aut
981 5239 1212 5294 donare.
2031 5242 2314 5314 episcopo.

370 5340 460 5392 23.
520 5337 590 5390 Ut
657 5334 891 5390 clericus
973 5334 1160 5388 minor
1235 5331 1447 5387 seniori
1525 5348 1641 5386 non
1717 5348 1931 5403 prapo-
2101 5337 2188 5390 47.
2231 5337 2299 5390 Ut
2325 5337 2457 5388 ante
2485 5331 2716 5386 missam
2743 5329 3029 5401 expletam
3057 5329 3252 5402 egredi
3272 5331 3514 5402 p0pulus
3541 5346 3652 5385 non

303 5436 490 5484 natur.
2030 5431 2362 5502 praesumat.

259 5531 270 5542 ‘
371 5524 459 5578 24.
501 5524 581 5579 De
608 5521 871 5593 expositis
894 5520 1157 5576 inventis.
2102 5525 2192 5578 48.
2235 5523 2314 5575 De
2341 5520 2510 5574 rebus
2537 5518 2787 5573 ecclesia
2815 5517 3060 5590 propriis
3085 5517 3175 5572 vel
3202 5518 3508 5590 acquisitis.

373 5621 459 5672 25.
501 5619 578 5672 De
632 5615 996 5671 sacularibus
1066 5613 1166 5686 qui
1223 5630 1350 5668 suas
1417 5630 1627 5670 uxores
1679 5613 1927 5668 derelin-
2099 5616 2188 5670 49.
2232 5615 2311 5670 De
2352 5629 2467 5668 non
2506 5611 2826 5668 alienandis
2853 5611 2923 5668 ab
2963 5611 3153 5683 aliquo
3183 5612 3349 5666 rebus
3384 5609 3652 5678 ecclesia,

308 5716 504 5783 quunt.
2033 5715 2089 5766 et
2116 5709 2186 5764 de
2213 5707 2448 5764 libertis.

376 5812 462 5864 26.
504 5809 576 5865 Ut
617 5808 663 5864 si
701 5808 1019 5864 voluntarie
1061 5807 1296 5864 clericus
1359 5807 1634 5862 damnum
1679 5805 1930 5863 ecclesia
2104 5807 2192 5859 50.
2236 5801 2564 5872 Βθζοὶθινὶεἱε
2592 5799 2828 5872 capitale
2853 5799 3069 5854 crimen
3095 5794 3532 5854 incurrentibus.

314 5903 506 5960 fecerit
529 5905 585 5958 et
615 5903 919 5961 satisfaciat
945 5906 1002 5958 et
1028 5901 1570 5959 excommunicetur.
2108 5902 2194 5955 51.
2237 5899 2314 5954 De
2337 5900 2676 5954 testamento
2705 5892 2972 5967 episcopi.
