4054 6330
393 378 491 430 399

1282 366 1564 421 APPEND.
1606 364 1693 420 AD
1731 363 1889 416 SzEC.
1933 362 2113 414 lX.-—
2152 358 2398 414 lSlDORl
2438 355 2866 412 MERCATORIS

3643 359 3749 412 400

465 478 590 552 95
622 482 709 533 52.
753 479 828 530 De
854 476 1072 531 clericis
1099 473 1196 545 qui
1231 472 1349 528 sine
1387 470 1636 542 epistolis
1681 469 1766 524 sui
1792 466 2018 539 pontiﬁ-
2037 487 2097 559 Α
2189 469 2275 521 61.
2319 466 2395 559 l_)e
2421 465 2647 559 incestis
2665 461 2972 559 lconjugiis.

395 574 474 626 cis
502 570 956 642 proﬁciscuntur.

469 667 555 720 53.
597 666 674 718 De
703 662 1042 735 presbyteris
1060 659 1422 734 parochianis
1449 675 1540 714 res
1559 657 1805 713 ecclesia
1823 656 2018 711 distra-

393 758 680 813 hentibus.

471 851 554 906 54.
598 851 672 905 De
709 848 928 904 eisdem
968 853 1030 903 ut
1067 847 1346 923 quidquid
1389 845 1636 902 emerint
1681 845 1741 900 in
1785 843 2020 898 nomine

397 947 723 1016 comparent
747 942 1013 998 ecclesia.

469 1042 556 1093 55.
599 1039 668 1092 Ut
693 1036 1006 1091 sacerdotes
1041 1039 1097 1091 et
1122 1035 1304 1089 levita
1329 1034 1567 1089 canibus
1597 1033 1670 1088 ad
1696 1032 2022 1088 venandum

399 1137 456 1186 et
478 1129 836 1200 accipitribus
862 1144 977 1182 non
1003 1132 1259 1182 utantur.

469 1227 553 1279 56.
595 1224 674 1278 De
700 1221 1124 1278 venditionibus
1153 1237 1291 1292 quas
1314 1220 1546 1276 abbates
1581 1221 1766 1276 facere
1807 1236 2018 1291 prasu-

397 1321 582 1373 munt.

470 1415 558 1466 57.
599 1412 676 1465 Nc
729 1425 874 1463 unus
921 1407 1094 1462 abbas
1143 1408 1363 1464 duobus
1415 1409 1684 1463 coenobiis
1729 1424 2024 1479 prapona—

398 1509 510 1559 tur.

473 1600 559 1652 58.
599 1599 678 1653 Ne
707 1595 1119 1650 monasterium
1145 1595 1264 1650 sine
1301 1595 1503 1650 notitia
1539 1597 1788 1668 episcopi
1812 1597 2020 1652 consti-

399 1697 609 1747 tuatur.

472 1787 559 1839 59.
603 1785 678 1838 De
704 1783 872 1838 rebus
901 1782 1148 1837 ecclesia
1178 1783 1303 1837 usui
1332 1783 1546 1839 collatis
1565 1789 1629 1839 ut
1653 1785 2024 1856 praescriptio-

403 1878 488 1932 nis
517 1882 778 1948 tempore
809 1893 924 1930 non
944 1876 1346 1931 defendantur.

473 1975 560 2026 60.
602 1971 682 2026 De
713 1969 884 2042 lapsis
929 1969 1028 2042 qui
1070 1969 1139 2025 de
1185 1969 1459 2026 catholica
1504 1972 1612 2027 ﬁde
1654 1972 1714 2028 in
1761 1973 2024 2027 haeresim

399 2067 714 2121 transeunt.

2189 557 2277 608 62.
2319 555 2399 609 De
2447 554 2535 609 his
2579 553 2680 626 qui
2722 567 2908 607 servos
2965 565 3094 605 suos
3138 553 3296 605 extra
3350 549 3602 621 judicem
3649 567 3750 608 ne-

2119 647 2268 699 cant.

2191 741 2279 792 63.
2311 739 2390 791 De
2412 737 2566 791 laicis
2593 737 2764 808 quiin
2787 734 3244 791 solemnitatibus
3262 734 3578 805 majoribus
3599 735 3670 789 ad
3680 734 3755 789 ci—

2119 831 2355 889 vitatem
2386 847 2503 885 non
2531 835 2854 886 occurrunt.

2191 926 2280 979 64.
2305 926 2381 978 De
2403 924 2616 978 clericis
2634 925 2733 996 qui
2758 924 2828 978 ab
2849 923 3095 979 ecclesia
3120 922 3306 978 ofﬁcio
3331 921 3528 977 diebus
3555 923 3758 979 solem-

2120 1017 2286 1074 nibus
2317 1017 2541 1072 desunt.

2194 1115 2281 1166 65.
2329 1111 2406 1165 De
2433 1109 2609 1166 levitis
2662 1112 2726 1164 ut
2779 1126 2893 1165 non
2945 1110 3068 1164 sine
3106 1109 3270 1180 jussu
3309 1109 3622 1181 presbyteri
3661 1125 3753 1164 se-

2124 1204 2297 1259 deant
3245 1209 3257 1218 ·

2194 1302 2280 1353 66.
2323 1299 2402 1351 De
2428 1295 2704 1352 ministris
2731 1312 2804 1350 ne
2839 1295 3205 1352 secretarium
3237 1296 3649 1368 ingrediantur.

2194 1395 2280 1445 67.
2322 1392 2403 1445 De
2434 1389 2722 1444 catholicis
2764 1407 2834 1444 ne
2894 1389 3292 1446 hareticorlun
3334 1389 3630 1444 connubiis
3667 1404 3762 1443 co-

2121 1486 2414 1556 putentur.

2195 1582 2281 1632 68.
2322 1579 2399 1632 De
2428 1577 2609 1632 levitis
2636 1579 2692 1630 et
2718 1576 2939 1632 clericis
2969 1593 3042 1632 ne
3067 1577 3225 1648 magi
3265 1577 3353 1633 vel
3376 1577 3756 1632 incantatores

2123 1670 2254 1726 sint.

2196 1768 2283 1819 69.
2326 1766 2404 1818 De
2427 1763 2804 1819 seditionariis
2835 1763 3072 1818 clericis.

2043 1857 2100 1928 B
2197 1862 2282 1912 70.
2326 1859 2405 1912 De
2429 1857 2636 1912 scurris
2664 1863 2719 1912 et
2741 1857 3094 1927 jocularibus
3121 1857 3359 1912 clericis.

2197 1955 2285 2006 7t.
2329 1952 2403 2004 De
2433 1951 2652 2022 synodo
2679 1950 2842 2005 annis
2873 1949 3113 2022 singulis
3141 1952 3560 2023 congreganda.

1135 2321 1548 2415 INCIPIT
1618 2319 2234 2417 CONCILIUM
2303 2323 3013 2417 AGATHENSE.

1332 2511 1540 2575 Tertio
1582 2510 1744 2576 Idus
1789 2511 2212 2594 Septembris,
2247 2514 2528 2579 Massale
2570 2513 2846 2578 consule.

473 2701 610 2755 Cum
652 2701 712 2756 in
744 2701 840 2757 Dei
868 2699 1101 2754 nomine
1148 2699 1207 2752 in
1237 2698 1460 2753 civitate
1489 2699 1801 2769 Agathensi
1828 2717 2033 2755 conve-

405 2795 704 2862 nissemus,
750 2799 808 2849 et
849 2795 908 2848 in
949 2793 1125 2847 sancti
1163 2793 1400 2847 Andrea
1425 2792 1659 2848 basilica
1698 2794 2039 2849 consedisse-

414 2905 561 2956 mus,
593 2890 660 2943 de
689 2885 982 2958 disciplina
1008 2891 1064 2942 et
1103 2883 1556 2965 ordinationibus
1585 2885 1920 2942 clericorum
1949 2889 2035 2941 at-

414 3001 524 3056 que
563 2981 912 3053 pontiﬁcum,
945 2980 1030 3033 vel
1063 2980 1132 3034 de
1171 2978 1536 3032 ecclesiarum
1561 2978 1898 3034 utilitatibus
1929 2983 2040 3034 tra-

414 3076 641 3144 ctaturi,
675 3075 735 3129 in
766 3073 964 3145 primis
992 3073 1049 3127 id
1093 3071 1325 3143 placuit,
1368 3077 1432 3126 ut
1462 3089 1700 3127 canones
1743 3077 1798 3128 et
1834 3076 2040 3136 statuta

410 3173 638 3225 Patrum
667 3185 770 3240 per
797 3167 1056 3222 ordinem
1081 3167 1431 3236 legerentur.

483 3266 614 3320 CAP.
645 3263 687 3317 I.
715 3261 928 3315 Placuit
955 3261 1023 3314 de
1055 3259 1294 3330 digamis
1321 3264 1418 3314 aut
1452 3260 1781 3332 nuptiarum
1819 3261 2040 3316 maritis

419 3359 764 3430 (quanquam
795 3353 949 3408 aliud
974 3355 1206 3408 Patrum
1231 3357 1442 3408 statuta
1461 3354 1834 3426 decreverint)
1861 3359 1924 3410 ut
1943 3355 2041 3426 qui

412 3453 522 3506 huc
555 3466 729 3522 usque
759 3447 1003 3504 ordinati
1030 3453 1162 3502 sunt
1190 3447 1385 3502 habita
1410 3448 1769 3504 miseratione
1810 3449 2038 3520 presby-

412 3547 517 3602 teri
547 3545 635 3600 vel
662 3545 887 3600 diaconi
931 3559 1142 3599 nomen
1181 3546 1405 3598 tantum
1440 3545 1754 3614 obtineant,
1789 3544 2042 3600 ofﬁcium

411 3657 543 3694 vero
563 3637 932 3695 consecrandi
975 3637 1291 3708 presbyteri
1335 3641 1393 3692 et
1433 3637 1798 3693 ministrandi
1839 3638 2040 3708 hujus-

411 3735 566 3791 modi
592 3734 894 3790 diaconem
925 3747 1039 3786 non
1062 3735 1432 3801 prasumant.

483 3832 547 3886 ll.
578 3830 952 3884 Contumaces
977 3840 1108 3878 vero
1143 3823 1352 3892 clerici,
1384 3828 1553 3894 prout
1580 3823 1874 3894 dignitatis
1902 3823 2042 3878 ordo

413 3920 753 3996 permiserit,
771 3919 838 3973 ab
861 3916 1138 3988 episc0pis
1158 3915 1536 3986 corrigantur,
1557 3919 1613 3972 et
1633 3917 1680 3970 si
1700 3917 1825 3988 quis
1841 3916 2044 3988 prioris

416 4015 628 4088 gradus
655 4012 788 4067 elati
834 4010 1100 4082 superbia
1138 4009 1598 4064 communionem
1641 4011 1877 4066 fortasse
1907 4028 2041 4065 con-

416 4106 773 4181 tempserint,
801 4108 899 4159 aut
920 4103 1217 4158 ecclesiam
1253 4104 1644 4174 frequentare,
1676 4105 1764 4158 vel
1797 4104 2046 4159 ofﬁcium

418 4219 586 4259 suum
615 4201 853 4272 implere
882 4197 1260 4269 neglexerint,
1290 4197 1592 4268 peregrina
1617 4198 1696 4253 eis
1717 4199 2043 4254 communio

418 4297 720 4362 tribuatur,
748 4293 825 4348 ita
853 4294 914 4346 ut
938 4307 1066 4346 cum
1093 4307 1190 4345 eos
1216 4290 1547 4362 poenitentia
1572 4291 1903 4360 correxerit,
1931 4309 2044 4347 res-

418 4390 583 4463 cripti
613 4387 911 4445 matricula
937 4385 1176 4458 gradum
1211 4401 1378 4439 suum
1415 4384 1863 4458 dignitatemque
1899 4387 2041 4441 reci-

417 4485 595 4558 piant.

2213 2705 2272 2758 ν.
2315 2704 2371 2758 Si
2405 2704 2531 2774 quis
2566 2704 2802 2758 clericus
2829 2705 3047 2758 furtum
3078 2702 3327 2758 ecclesia
3361 2700 3578 2764 fecerit,
3606 2715 3762 2773 pere-

2141 2797 2302 2868 grina
2326 2797 2380 2850 ei
2409 2797 2734 2852 communio
2761 2798 3062 2852 tribuatur.

2210 2891 2294 2944 Vl.
2336 2890 2633 2946 Pontiﬁces
2667 2907 2801 2946 vero
2848 2891 3051 2961 quibus
3088 2889 3146 2944 in
3191 2906 3415 2946 summo
3447 2887 3760 2944 sacerdotio

2140 2983 2455 3038 constitutis
2483 2983 2553 3037 ab
2599 2983 2884 3038 extraneis
2910 2984 3181 3038 duntaxat
3218 2982 3452 3054 aliquid,
3493 2984 3593 3036 aut
3630 2996 3763 3036 cum

2140 3077 2394 3144 ecclesia,
2437 3081 2535 3131 aut
2561 3078 2974 3148 sequestratim,
3013 3080 3112 3131 aut
3162 3076 3481 3142 dimittitur,
3523 3078 3622 3129 aut
3666 3073 3766 3128 do-

2139 3176 2326 3237 natur,
2355 3170 2487 3242 quia
2505 3171 2615 3225 hoc
2647 3171 2740 3225 ille
2769 3171 2866 3241 qui
2896 3172 3070 3225 donat
3093 3187 3195 3242 pro
3219 3169 3612 3240 redemptione
3639 3167 3762 3222 ani-

2139 3280 2248 3318 ma
2280 3279 2416 3331 sua,
2444 3281 2559 3318 non
2589 3280 2689 3334 pro
2721 3264 3021 3319 commodo
3061 3263 3364 3318 sacerdotis
3389 3263 3594 3317 offerre
3630 3277 3762 3332 pro-

2139 3356 2324 3424 batur,
2357 3373 2472 3411 non
2499 3357 2661 3428 quasi
2697 3374 2862 3412 suum
2898 3357 3217 3428 proprium,
3254 3357 3351 3412 sed
3382 3355 3541 3427 quasi
3568 3355 3762 3410 dimis-

2143 3467 2269 3504 sum
2300 3449 2543 3505 ecclesia
2587 3451 2736 3506 inter
2785 3452 3080 3505 facultates
3123 3450 3372 3505 ecclesia
3415 3448 3767 3520 computabi-

2143 3547 2256 3612 tur,
2298 3544 2434 3614 quia
2451 3544 2674 3613 justum
2712 3547 2816 3612 est,
2851 3552 2910 3599 ut
2939 3545 3081 3599 sicut
3114 3544 3371 3599 sacerdos
3411 3543 3581 3598 habet
3611 3542 3768 3614 quod

2143 3637 2387 3693 ecclesia
2413 3637 2712 3692 dimissum
2753 3642 2855 3705 est,
2889 3640 2969 3692 ita
3013 3641 3070 3692 et
3107 3637 3340 3694 ecclesia
3369 3637 3577 3692 habeat
3611 3635 3768 3706 quod

2143 3731 2486 3802 relinquitur
2509 3731 2810 3786 sacerdoti.
2842 3731 2990 3786 Sane
3021 3731 3295 3803 quidquid
3323 3747 3426 3802 per
3451 3730 3580 3785 ﬁdei
3610 3746 3765 3784 com-

2144 3825 2382 3880 missum
2411 3827 2509 3878 aut
2533 3824 2833 3892 sacerdoti,
2861 3830 2958 3880 aut
2981 3825 3232 3879 ecclesia
3257 3825 3496 3879 fortasse
3528 3823 3764 3878 dimitti-

2147 3922 2238 3973 tur
2259 3919 2572 3989 cuicunque
2600 3918 2693 3972 alii
2721 3919 3080 3989 postmodum
3118 3918 3500 3990 profuturum,
3537 3917 3593 3972 id
3619 3916 3769 3972 inter

2143 4013 2431 4070 facultates
2455 4029 2579 4066 suas
2610 4012 2846 4068 ecclesia
2870 4018 3216 4084 computare,
3241 4015 3339 4066 aut
3372 4012 3619 4066 retinere
3655 4027 3768 4065 non

2144 4107 2373 4179 poterit.

2218 4202 2326 4256 Vll.
2373 4201 2614 4256 Casellas
2657 4217 2792 4255 vero
2838 4202 2925 4255 vel
2978 4201 3318 4271 mancipiola
3370 4199 3619 4255 ecclesia
3658 4198 3771 4271 epi-

2145 4295 2320 4366 SCOpi,
2350 4295 2494 4348 sicut
2523 4293 2705 4365 prisca
2732 4311 3017 4349 canonum
3040 4295 3310 4367 pracepit
3333 4294 3658 4360 auctoritas,
3688 4293 3770 4348 vel

2144 4406 2272 4443 vasa
2301 4386 2623 4456 ministerii,
2655 4388 2816 4458 quasi
2847 4389 3245 4443 commendata
3283 4387 3438 4443 ﬁdeli
3481 4385 3770 4458 proposito

2146 4483 2204 4536 in
2231 4482 2457 4551 integro
2497 4481 2747 4536 ecclesia
2779 4481 2911 4552 jure
2953 4482 3248 4553 possideat,
3290 4481 3349 4536 id
3393 4485 3476 4536 est
3502 4485 3562 4536 ut
3585 4495 3769 4551 neque

489 4580 576 4636 III.
609 4575 871 4650 Episcopi
892 4591 1023 4631 vero
1053 4575 1098 4629 si
1123 4573 1453 4629 sacerdotali
1477 4575 1872 4630 moderatione
1898 4577 2126 4650 post—D
2149 4575 2411 4644 vendere,
2438 4591 2624 4645 neque
2646 4592 2748 4646 per
2773 4591 3141 4646 quoscunque
3169 4578 3486 4631 contractus
3507 4591 3595 4628 res
3620 4573 3771 4628 unde

419 4673 622 4746 posita,
671 4672 1018 4737 innocentes,
1070 4672 1169 4723 aut
1205 4668 1460 4724 minimis
1506 4669 1688 4724 causis
1741 4668 2050 4739 culpabiles

421 4766 912 4823 excommunicarc
938 4762 1428 4835 prasumpserint,
1459 4769 1556 4817 aut
1593 4763 1664 4816 ad
1696 4763 1938 4832 gratiam
1964 4763 2046 4816 fe-

421 4861 692 4916 stinantes
723 4860 976 4931 recipere
1005 4858 1241 4912 fortasse
1273 4857 1580 4924 noluerint,
1625 4873 1659 4910 a
1688 4855 1883 4910 vicinis
1928 4856 2046 4927 epi-

421 4955 603 5026 scopis
629 4952 932 5024 cujuslibet
958 4949 1259 5024 provincia
1293 4951 1496 5004 litteris
1525 4955 1888 5019 moneantur,
1921 4954 1976 5003 et
2003 4949 2050 5003 si

419 5063 652 5122 parcere
679 5047 984 5113 noluerint,
1017 5044 1339 5100 communio
1361 5044 1470 5098 illis
1501 5044 1571 5098 ad
1595 5048 1818 5114 tempus
1847 5042 2049 5114 synodi

417 5159 450 5198 a
475 5142 711 5214 reliquis
746 5140 1026 5212 episcopis
1063 5140 1394 5209 denegetur,
1434 5155 1504 5192 ne
1543 5138 1776 5192 fortasse
1812 5141 2051 5209 prOpter

422 5235 993 5292 cxcommunicatoris
1034 5239 1327 5305 peccatum
1362 5230 1834 5286 excommunicati
1871 5231 2047 5300 longo

421 5335 681 5403 tempore
713 5333 896 5384 morte
918 5327 1364 5400 praeveniantur.

491 5427 578 5481 IV.
626 5423 821 5479 Clerici
877 5423 1048 5478 etiam
1100 5422 1188 5474 vel
1242 5418 1536 5473 saeculares
1589 5417 1685 5488 qui
1737 5417 2050 5472 oblationes

418 5522 721 5590 parentum
749 5520 848 5572 aut
873 5515 1128 5582 donatas,
1164 5517 1262 5567 aut
1289 5514 1632 5566 testamento
1665 5511 1889 5565 relictas
1912 5511 2047 5565 reti-

420 5629 556 5668 nere
586 5609 960 5683 perstiterint,
987 5611 1085 5662 aut
1111 5605 1168 5661 id
1198 5605 1349 5677 quod
1377 5604 1483 5676 ipsi
1505 5605 1858 5659 donaverunt
1882 5604 2050 5659 eccle-

418 5706 514 5760 siis
563 5706 650 5760 vel
687 5700 1048 5758 monasteriis
1103 5698 1401 5755 crediderit
1439 5700 1855 5766 auferendum,
1907 5699 2050 5753 sicut

416 5797 667 5867 synodus
695 5797 890 5850 sancta
919 5792 1230 5860 constituit,
1282 5793 1438 5847 velut
1474 5797 1771 5846 necatores
1828 5809 2045 5863 paupe-

419 5905 545 5942 rum
578 5902 868 5958 quousque
895 5885 1157 5956 reddant,
1189 5885 1258 5940 ab
1290 5883 1527 5942 ecclesia
1551 5884 1939 5939 excludantur.

2150 4684 2429 4740 pauperes
2457 4667 2655 4722 vivunt
2681 4667 2929 4722 alienare
2950 4672 3330 4738 praesumant;
3351 4669 3498 4740 quod
3522 4667 3567 4721 si
3589 4682 3775 4722 neces-

2150 4762 2281 4816 sitas
2320 4761 2680 4833 compulerit,
2739 4766 2799 4816 ut
2850 4778 2950 4832 pro
2990 4763 3235 4817 ecclesia
3275 4761 3631 4830 necessitate,
3677 4764 3774 4815 aut

2151 4856 2410 4926 utilitate,
2462 4856 2549 4910 vel
2600 4855 2924 4910 usufructus
2977 4856 3062 4910 vel
3126 4855 3400 4911 indirecta
3447 4854 3771 4910 venditione

2149 4949 2364 5020 aliquid
2390 4949 2760 5018 distrahatur,
2789 4949 2943 5020 apud
2979 4949 3118 5004 duos
3147 4949 3234 5004 vel
3272 4951 3384 5004 tres
3411 4947 3772 5020 comprovin-

2150 5043 2316 5096 ciales
2345 5043 2430 5097 vel
2469 5042 2680 5097 vicinos
2733 5043 3026 5114 episcopos
3073 5059 3240 5098 causa
3283 5060 3397 5114 qua
3433 5058 3661 5098 necesse
3707 5043 3779 5097 sit

2151 5137 2313 5190 vendi
2339 5136 2602 5207 primitus
2643 5138 3061 5207 comprobetur,
3111 5141 3172 5191 ut
3203 5137 3397 5191 habita
3433 5136 3778 5191 discussione

2151 5229 2502 5299 sacerdotali,
2561 5246 2758 5284 eorum
2800 5230 3215 5301 subscriptione
3263 5247 3389 5300 qua
3425 5231 3575 5285 facta
3611 5229 3782 5285 fuerit

2150 5323 2398 5378 venditio
2436 5323 2752 5392 roboretur,
2798 5325 2961 5378 aliter
3004 5324 3151 5379 facta
3197 5324 3448 5379 venditio
3485 5324 3570 5379 vel
3601 5329 3782 5378 trans-

2151 5416 2294 5470 actio
2330 5432 2446 5470 non
2488 5415 2714 5470 valebit.
2767 5416 2912 5471 Sane
2941 5416 2986 5470 si
3033 5433 3172 5487 quos
3199 5417 3268 5471 de
3310 5417 3484 5472 servis
3531 5417 3780 5471 ecclesia

2151 5509 2296 5564 bene
2327 5509 2557 5564 meritos
2587 5508 2690 5562 sibi
2723 5509 3020 5580 episcopus
3052 5511 3304 5565 libertati
3335 5509 3646 5576 donaverit,
3675 5510 3783 5563 col-

2149 5603 2320 5658 latam
2363 5619 2396 5656 a
2439 5602 2850 5658 successoribus
2893 5603 3210 5659 libertatem
3251 5604 3464 5674 placuit
3511 5603 3782 5658 custodiri

2151 5713 2280 5752 cum
2309 5697 2414 5752 hoc
2443 5697 2597 5768 quod
2624 5697 2703 5750 eis
2735 5698 3118 5753 manumissor
3147 5698 3204 5752 in
3241 5697 3499 5754 libertate
3526 5697 3782 5752 contule-

2150 5791 2244 5862 rit,
2274 5791 2423 5864 quod
2457 5793 2648 5846 tamen
2667 5791 2936 5862 jubemus
2979 5791 3180 5863 viginti
3217 5791 3532 5847 solidorum
3556 5791 3783 5845 numeri

2151 5886 2388 5941 modum
2427 5884 2483 5939 in
2517 5887 2741 5956 ,terrula
2787 5885 3030 5954 vineola,
3081 5885 3166 5941 vel
3211 5885 3518 5958 hospitiolo
3562 5888 3778 5957 tenere,
