4054 6302
223 373 320 425 401

1455 369 1924 426 DECRETALIUM
1959 370 2344 428 COLLECTIO.

3485 387 3587 440 402

221 478 380 548 quod
411 475 658 548 amplius
684 475 884 530 datum
904 475 1080 530 fuerit
1103 479 1234 547 post
1254 475 1689 532 manumissoris
1709 493 1859 532 mor-
1878 490 1938 565 Α
1957 477 2112 533 ribus
2135 496 2309 550 quam
2352 479 2556 552 viginti
2595 482 2847 555 quinque
2887 500 3170 540 annorum
3200 487 3430 558 penitus
3473 507 3590 547 non

221 575 344 626 tem
378 569 628 626 ecclesia
659 571 969 625 revocetur.
998 569 1178 624 Minus
1230 569 1394 625 utiles
1423 571 1738 642 peregrinis
1768 572 1856 627 vel

221 663 442 719 clericis
467 665 619 718 salvo
644 663 774 735 jure
805 661 1054 718 ecclesia
1097 663 1161 718 in
1197 679 1367 718 usum
1418 667 1686 736 prastare
1732 681 1856 737 per—

215 757 524 813 mittimus.

294 852 426 908 VIII.
457 851 519 906 Id
549 851 725 906 etiam
755 851 986 922 placuit,
1021 855 1086 906 ut
1111 852 1158 906 si
1189 851 1428 906 clericus
1453 851 1648 907 relicto
1671 852 1856 908 ofﬁcio

219 961 325 1000 suo
378 949 616 1017 propter
659 945 1075 1000 districtionem
1121 945 1192 1000 ad
1235 945 1566 1000 sacularem
1616 947 1854 1003 fortasse

219 1040 569 1111 confugerit,
602 1043 660 1095 et
686 1040 734 1094 is
757 1040 828 1094 ad
856 1056 1028 1112 quem
1073 1040 1315 1095 recurrit
1357 1039 1625 1095 solatium
1666 1040 1718 1095 ei
1754 1041 1852 1095 de-

217 1133 499 1188 fensionis
524 1133 889 1205 impenderit,
918 1150 1048 1189 cum
1077 1133 1283 1189 eodem
1312 1134 1381 1189 de
1409 1133 1664 1189 ecclesia
1696 1151 1853 1189 com-

216 1227 502 1283 munione
525 1227 782 1299 pellatur.

289 1323 376 1377 IX.
410 1321 630 1376 Placuit
672 1321 862 1390 etiam,
910 1325 976 1376 ut
1027 1320 1074 1375 si
1117 1321 1434 1394 presbyteri
1484 1323 1572 1376 vel
1625 1322 1854 1378 diac’oni

216 1414 516 1486 conjugati
565 1415 636 1470 ad
679 1420 868 1470 torum
912 1431 1158 1470 uxorum
1182 1431 1414 1470 suarum
1444 1415 1629 1471 redire
1654 1416 1852 1471 volue-

215 1509 355 1575 rint,
397 1524 562 1580 papa
607 1508 923 1564 Innocentii
946 1508 1252 1579 ordinatio,
1281 1509 1368 1564 vel
1395 1508 1578 1564 Siricii
1603 1509 1854 1581 episcopi

218 1602 532 1656 auctoritas
556 1605 950 1669 conservetur;
983 1602 1131 1672 quod
1171 1603 1218 1656 si
1246 1602 1316 1658 ad
1345 1602 1568 1674 aliquos
1609 1603 1856 1658 formula

215 1695 315 1749 illa
341 1695 736 1750 ecclesiastica
763 1695 912 1763 vita,
955 1695 1172 1766 pariter
1215 1698 1273 1750 et
1320 1696 1631 1767 disciplina
1669 1714 1794 1768 qua
1820 1713 1854 1752 a

216 1788 415 1843 Siricio
445 1789 710 1860 episcopo
738 1789 808 1843 ad
835 1788 1155 1860 provincias
1181 1789 1538 1857 commeavit,
1568 1806 1685 1844 non
1716 1807 1852 1862 pro-

1957 571 2299 642 committat,
2333 590 2466 628 sane
2510 575 2556 629 si
2593 577 2888 648 conjugati
2921 577 3163 649 juvenes
3206 584 3596 640 consenserint

1958 665 2227 734 ordinari,
2261 671 2318 721 et
2342 683 2582 723 uxorum
2609 669 2868 726 voluntas
2893 671 2974 726 ita
3001 673 3344 745 requirenda
3385 681 3490 747 est,
3525 680 3592 734 ut

1958 763 2310 829 sequestrate
2338 761 2653 816 mansionis
2677 763 2954 833 cubiculo,
2974 766 3252 838 religione
3274 769 3588 840 pramissa,

1953 855 2322 923 posteaquam
2366 855 2582 926 pariter
2619 857 2872 912 conversi
2897 858 3134 930 fuerint,
3161 861 3515 918 ordinentur.

2024 946 2179 1000 XVII.
2215 947 2612 1018 Presbyterum
2658 965 2788 1005 vero
2834 951 2920 1006 vel
2969 952 3299 1025 episcopum
3327 959 3459 1012 ante
3487 957 3588 1012 tri-

1958 1038 2119 1110 ginta
2150 1055 2349 1107 annos,
2381 1040 2440 1095 id
2468 1044 2554 1096 est
2581 1046 2888 1114 antequam
2933 1045 3003 1101 ad
3044 1046 3150 1100 viri
3186 1048 3423 1119 perfecti
3447 1053 3587 1106 ata-

1956 1135 2072 1186 tem
2111 1132 2425 1204 perveniat,
2475 1134 2663 1190 nullus
2707 1139 3281 1208 metropolitanorum
3326 1143 3588 1198 ordinare

1952 1232 2280 1296 praesumat,
2310 1243 2382 1282 ne
2412 1243 2514 1298 per
2544 1232 2771 1284 atatem
2819 1229 2993 1302 (quod
3037 1233 3337 1308 aliquoties
3377 1237 3584 1307 evenit)

1953 1318 2144 1390 aliquo
2175 1335 2367 1374 errore
2394 1322 2711 1392 culpantur.

2023 1413 2194 1467 XVIII.
2245 1413 2554 1470 Saculares
2595 1415 2694 1488 qui
2738 1416 2802 1471 in
2848 1417 3025 1473 natali
3065 1420 3307 1489 Domini,
3350 1423 3583 1492 Pascha,

1953 1507 2281 1562 Pentecoste
2309 1523 2428 1563 non
2450 1509 3014 1580 communicaverint,
3045 1513 3303 1568 catholici
3327 1530 3442 1571 non
3467 1531 3589 1572 cre-

1955 1599 2182 1670 dantur,
2213 1617 2318 1656 nec
2341 1600 2491 1656 inter
2515 1602 2823 1658 catholicos
2852 1604 3193 1662 habeantur.

2025 1694 2151 1748 XIX.
2182 1693 2672 1765 Sanctimoniales,
2713 1697 3140 1767 quantumlibet
3166 1699 3277 1755 vita
3304 1717 3502 1756 eorum
3533 1706 3590 1758 et

1953 1802 2145 1840 mores
2169 1787 2393 1857 probati
2423 1788 2556 1856 sint,
2585 1792 2717 1845 ante
2742 1806 2961 1845 annum
2992 1793 3177 1848 atatis
3206 1810 3323 1848 sua
3353 1795 3592 1869 quadra-

214 1882 449 1937 babitur
474 1882 814 1953 pervenisse,
849 1883 903 1936 ei
933 1883 1098 1953 signo
1129 1883 1368 1937 rationis
1411 1883 1578 1938 venia
1609 1884 1850 1939 remitti-
1875 1862 1930 1933 B
1955 1879 2241 1950 gesimum
2271 1897 2388 1936 non
2417 1883 2695 1938 velentur.

215 1981 328 2041 tur,
361 1976 440 2029 ita
459 1979 525 2030 ut
549 1975 619 2030 de
646 1980 850 2030 catero
881 1976 1109 2046 penitus
1143 1975 1420 2046 incipiant
1463 1976 1766 2045 abstinere,
1798 1981 1856 2032 et

215 2067 299 2122 ita
323 2069 534 2140 gradus
557 2085 688 2123 suos
727 2068 786 2123 in
816 2068 1024 2140 quibus
1066 2068 1283 2124 inventi
1329 2069 1545 2124 fuerint
1589 2069 1668 2124 sic
1716 2070 1852 2125 reti-

217 2166 411 2230 neant,
438 2165 505 2216 ut
527 2161 600 2216 ad
629 2162 850 2233 potiora
892 2161 973 2217 eis
1004 2179 1117 2216 non
1162 2162 1330 2217 liceat
1363 2163 1693 2231 ascendere,
1723 2164 1852 2235 qui-

213 2254 320 2309 bus
350 2254 410 2309 in
433 2255 712 2310 beneﬁcio
729 2271 848 2311 esse
869 2255 1056 2324 debet,
1080 2255 1232 2326 quod
1254 2255 1443 2311 locum
1468 2255 1658 2328 ipsum
1679 2273 1852 2328 quem

215 2348 469 2403 retinent
495 2364 610 2403 non
649 2349 948 2415 amittunt;
979 2349 1024 2403 si
1067 2349 1167 2420 qui
1191 2352 1385 2403 autem
1415 2350 1584 2406 scisse
1609 2350 1853 2406 formam

212 2442 440 2497 vivendi
465 2443 696 2498 missam
738 2459 773 2497 ε,
812 2447 1008 2497 sancto
1056 2441 1250 2498 Siricio
1291 2442 1553 2514 episcopo
1584 2443 1854 2516 detegun-

215 2539 330 2604 tur,
361 2551 545 2608 neque
571 2536 760 2592 statim
803 2535 1140 2607 cupiditates
1168 2535 1418 2590 libidinis
1445 2536 1740 2607 abjecisse,
1770 2537 1852 2593 illi

214 2633 350 2685 sunt
397 2629 583 2685 modis
617 2629 880 2707 omnibus
907 2629 1292 2698 submovendi,
1322 2646 1388 2684 eo
1417 2630 1570 2702 quod
1601 2634 1730 2702 post
1757 2631 1855 2686 ad-

216 2724 597 2779 monitionem
623 2724 912 2795 cognitam
951 2722 1398 2795 praponendam
1434 2724 1692 2780 arbitrati
1720 2729 1854 2781 sunt

217 2818 588 2889 voluptatem.

289 2913 350 2966 X.
383 2912 443 2968 Id
485 2913 657 2967 etiam
709 2912 778 2967 ad
822 2911 1253 2966 custodiendam
1299 2910 1470 2966 vitam
1526 2914 1583 2966 et
1633 2911 1852 2967 famam

214 2992 448 3076 speciali
480 3003 838 3060 ordinatione
881 3004 1264 3075 pracipimus,
1296 3008 1363 3058 ut
1389 3005 1578 3059 nullus
1622 3005 1851 3060 clerico-

212 3115 346 3153 rum
375 3101 657 3153 extranea
703 3097 925 3152 mulieri
964 3097 1219 3169 qualibet
1262 3097 1579 3166 collatione,
1627 3103 1724 3153 aut
1768 3099 1848 3153 fa-

211 3192 539 3247 miliaritate
559 3191 860 3262 jungatur,
893 3197 950 3246 et
993 3208 1112 3246 non
1161 3191 1344 3246 solum
1387 3191 1448 3245 in
1488 3192 1655 3246 domo
1695 3191 1848 3246 illius
1870 3233 1924 3307 Ο

222 3290 485 3307 __._-_--
525 3283 726 3307 ..ηκη
751 3301 860 3307 _-_
904 3284 1128 3307 __--..-.
1186 3283 1280 3307 --.ι
1313 3301 1413 3307 _-_
1443 3284 1559 3307 ε---
1594 3285 1822 3307 μη----

215 3290 491 3341 extranea
521 3283 727 3340 mulier
751 3301 865 3339 non
900 3284 1150 3354 accedat,
1184 3283 1286 3338 sed
1313 3301 1415 3339 nec
1442 3284 1563 3355 ipse
1593 3285 1851 3356 frequen-

213 3377 376 3433 tandi
411 3381 739 3432 extraneam
780 3377 1080 3433 mulierem
1118 3377 1322 3431 habeat
1351 3380 1716 3448 potestatem;
1751 3378 1850 3433 sed

213 3489 344 3527 cum
394 3476 578 3527 matre
619 3475 863 3540 tantum,
895 3487 1106 3539 sorore,
1137 3470 1256 3525 ﬁlia
1297 3471 1384 3525 vel
1427 3475 1616 3542 nepte,
1661 3471 1708 3525 si
1747 3471 1846 3526 ha-

213 3565 426 3631 buerit,
460 3570 560 3620 aut
587 3564 828 3620 voluerit
860 3564 1086 3620 vivendi
1113 3565 1351 3620 liberam
1383 3565 1554 3620 habet
1594 3567 1847 3635 potesta-

211 3663 352 3727 tem,
386 3657 457 3713 de
489 3657 697 3730 quibus
724 3658 1050 3713 nominibus
1069 3659 1230 3714 nefas
1251 3662 1336 3714 est
1361 3657 1517 3713 aliud
1544 3674 1720 3730 quam
1753 3675 1850 3714 na-

211 3757 345 3808 tura
375 3751 665 3807 constituit
690 3751 989 3822 suspicari.

288 3847 373 3900 XI.
401 3845 641 3902 Ancillas
666 3845 752 3900 vel
781 3845 1013 3900 libertas
1042 3861 1075 3898 a
1111 3845 1338 3900 cellario
1366 3846 1454 3900 vel
1484 3849 1697 3900 secreto
1739 3844 1847 3899 mi-

211 3940 474 4007 nisterio,
502 3942 557 3994 et
581 3939 652 3994 ab
678 3939 878 3994 eadem
911 3937 1202 3994 mansione
1227 3938 1288 3993 in
1314 3955 1430 4010 qua
1459 3939 1696 3994 clericus
1725 3955 1846 3993 ma-

213 4038 334 4101 net,
365 4033 576 4104 placuit
602 4032 893 4088 removeri.

285 4128 393 4183 XII.
422 4125 635 4182 Placuit
682 4126 871 4193 etiam,
925 4128 991 4181 ut
1036 4141 1232 4180 omnes
1277 4125 1544 4196 ecclesia,
1604 4127 1851 4198 exceptis

214 4221 418 4276 diebus
446 4218 754 4275 Dominicis
795 4219 855 4274 in
899 4217 1355 4290 quadragesima,
1389 4220 1561 4274 etiam
1594 4220 1684 4275 die
1710 4220 1846 4276 Sab—

211 4315 364 4381 bato,
393 4312 727 4368 sacerdotali
759 4312 1036 4381 oratione,
1064 4314 1123 4367 et
1156 4312 1510 4368 discretionis
1540 4314 1850 4369 commina-

209 4409 362 4462 tione
385 4407 464 4478 jej
474 4411 672 4462 unent.

281 4501 410 4557 XIII.
442 4499 774 4571 Symbolum
807 4499 978 4554 etiam
1020 4498 1238 4571 placuit
1262 4499 1333 4553 ab
1359 4500 1628 4554 omnibus
1665 4501 1846 4555 eccle-

2023 1974 2126 2027 XX.
2155 1973 2356 2031 Clerici
2384 1975 2483 2047 qui
2512 1993 2737 2031 comam
2762 1979 3040 2042 nutriunt,
3066 1980 3137 2035 ab
3163 1981 3586 2056 archidiacono,

1954 2065 2177 2121 etiamsi
2210 2067 2514 2137 noluerint,
2555 2069 2716 2125 inviti
2760 2071 3206 2144 detondeantur;
3251 2077 3589 2133 vestimenta

1952 2159 2040 2214 vel
2069 2161 2434 2216 calciamenta
2463 2162 2638 2218 etiam
2669 2164 2770 2232 eis,
2801 2165 2911 2220 nisi
2934 2182 3063 2237 qua
3107 2167 3446 2242 religionem
3482 2171 3584 2226 de-

1953 2259 2140 2322 ceant,
2170 2255 2254 2309 uti
2282 2259 2380 2310 aut
2407 2256 2620 2312 habere
2645 2273 2760 2312 non
2789 2258 2978 2313 liceat.

2023 2348 2150 2402 XXI.
2208 2348 2264 2403 Si
2309 2349 2436 2420 quis
2483 2350 2658 2406 etiam
2701 2354 2861 2408 extra
2906 2354 3211 2424 parochias
3259 2357 3319 2412 in
3380 2359 3588 2430 quibus

1951 2440 2242 2511 legitimus
2261 2445 2348 2496 est
2373 2443 2807 2516 ordinariusque
2837 2451 3170 2516 conventus,
3196 2452 3504 2508 oratorium
3525 2455 3587 2508 in

1951 2550 2090 2603 agro
2119 2534 2329 2589 habere
2373 2536 2632 2606 voluerit,
2687 2537 2918 2610 reliquis
2959 2540 3373 2613 festivitatibus,
3413 2548 3480 2599 ut
3509 2545 3588 2600 ibi

1951 2627 2154 2681 missas
2195 2632 2393 2684 teneat
2435 2633 2674 2701 propter
2718 2630 3118 2704 fatigationem
3152 2635 3388 2690 familia
3420 2637 3586 2708 juxta

1954 2721 2215 2776 ordinem
2247 2722 2654 2794 permittimus,
2684 2725 2894 2780 Pascha
2921 2742 3074 2795 vero,
3113 2729 3290 2784 natali
3333 2730 3584 2800 Domini,

1952 2815 2291 2886 Epiphania,
2323 2817 2664 2872 Ascensione
2707 2818 2949 2886 Domini,
2992 2822 3340 2890 Pentecoste,
3387 2827 3446 2878 et
3483 2841 3582 2879 na-

1951 2908 2050 2962 tali
2089 2902 2266 2964 sancti
2292 2909 2518 2964 Joannis
2549 2911 2835 2982 Baptista,
2865 2915 2921 2967 et
2949 2913 2997 2967 si
3024 2930 3150 2985 qua
3187 2916 3435 2972 maxime
3465 2917 3585 2973 dies

1951 3001 2011 3056 in
2055 3001 2448 3058 festivitatibus
2485 3003 2791 3074 habentur,
2843 3022 2959 3061 non
3004 3007 3113 3062 nisi
3152 3008 3213 3062 in
3243 3009 3582 3079 civitatibus,

1953 3099 2052 3150 aut
2076 3096 2358 3166 parochiis
2382 3101 2631 3167 teneant,
2665 3099 2850 3154 clerici
2895 3117 3029 3156 vero
3061 3101 3106 3156 si
3134 3102 3229 3174 qui
3265 3103 3326 3158 in
3367 3103 3584 3158 festivi-

1951 3188 2164 3244 tatibus
2194 3206 2332 3260 quas
2361 3207 2535 3262 supra
2564 3191 2812 3248 diximus
2830 3193 2889 3248 in
2911 3195 3190 3263 oratoriis,
3217 3195 3325 3250 nisi
3343 3197 3586 3268 jubente

1947 3287 2046 3337 aut
2074 3283 2443 3353 permittente
2471 3285 2757 3357 episcopo,
2789 3287 2973 3343 facere
3019 3292 3120 3344 aut
3167 3293 3363 3345 tenere
3391 3291 3584 3347 volue-

1947 3376 2084 3443 rint,
2111 3393 2142 3429 a
2168 3378 2568 3434 communione
2597 3379 2896 3450 pellantur.

2020 3469 2173 3524 XXII.
2202 3472 2270 3526 Et
2297 3470 2432 3525 licet
2451 3473 2806 3542 superfluum
2833 3474 2904 3527 sit
2925 3474 2995 3530 de
3014 3491 3076 3530 re
3101 3479 3236 3531 nota
3257 3480 3315 3531 et
3333 3477 3583 3550 antiquis

1948 3563 2258 3618 canonibus
2284 3563 2590 3634 prohibita,
2624 3566 2836 3637 aliquid
2867 3567 3068 3622 iterato
3100 3569 3358 3638 definire,
3386 3576 3582 3627 tamen

1947 3659 2013 3710 ut
2049 3656 2269 3712 facilius
2299 3657 2591 3728 cupiditas,
2620 3664 2718 3713 aut
2745 3659 3080 3730 improbitas
3115 3663 3487 3733 reprimatur,
3519 3665 3583 3720 id

1950 3749 2254 3805 statuimus
2278 3751 2434 3822 quod
2461 3767 2657 3808 omnes
2695 3753 2922 3823 jubent,
2956 3757 3018 3808 ut
3044 3754 3434 3821 civitanenses,
3469 3756 3586 3814 sive

1949 3843 2248 3899 dioecesani
2273 3845 2607 3916 presbyteri,
2631 3847 2717 3901 vel
2745 3847 2955 3918 clerici,
2978 3848 3128 3904 salvo
3147 3849 3277 3920 jure
3307 3850 3582 3922 ecclesia,

1948 3953 2071 3992 rem
2124 3939 2374 3994 ecclesia
2422 3939 2582 4010 (sicut
2610 3941 2991 4012 permiserunt
3028 3942 3295 4016 episcopi)
3325 3947 3583 4014 teneant,

1949 4032 2214 4099 vendere,
2243 4036 2342 4087 aut
2369 4033 2580 4089 donare
2608 4035 2838 4106 penitus
2866 4053 2980 4091 non
3017 4039 3393 4108 prasumant;
3429 4039 3584 4111 quod

1949 4125 1995 4179 si
2023 4126 2284 4194 fecerint,
2317 4132 2374 4182 et
2403 4128 2550 4182 facta
2596 4129 2854 4184 venditio
2898 4146 3012 4184 non
3057 4131 3282 4199 valebit,
3315 4133 3372 4185 et
3400 4131 3471 4187 de
3497 4133 3584 4188 fa-

1950 4219 2270 4288 cultatibus,
2300 4220 2346 4274 si
2377 4237 2518 4291 quas
2547 4221 2759 4276 habent
2777 4223 3034 4293 proprias
3053 4224 3388 4279 indemnem
3415 4226 3588 4280 eccle-

1949 4313 2096 4367 siam
2123 4314 2380 4382 reddant,
2414 4317 2468 4368 et
2494 4315 2901 4370 communione
2929 4316 3242 4387 priventur.
3273 4309 3319 4394 /

2021 4407 2192 4460 XXIII.
2225 4407 2631 4477 Episcoporum
2654 4408 2826 4462 etiam
2845 4425 3094 4480 quorum
3121 4409 3233 4465 vita
3257 4427 3372 4464 non
3393 4427 3590 4481 repre-

1949 4499 2238 4567 henditur,
2278 4501 2654 4570 posteriorem
2692 4501 2866 4572 priori
2900 4503 3091 4557 nullus
3112 4501 3238 4575 96
3260 4506 3581 4574 praponat,

211 4595 308 4650 siis
331 4611 448 4649 una
477 4593 587 4662 die,
619 4593 678 4648 id
716 4597 800 4648 est
826 4596 959 4648 ante
1008 4597 1134 4648 octo
1160 4591 1280 4648 dies
1317 4592 1629 4647 Dominica
1656 4610 1846 4648 resur-
1867 4604 1927 4676 D
1951 4592 2057 4647 nisi
2082 4593 2227 4648 forte
2258 4593 2438 4648 ela‘tus
2457 4593 2740 4664 superbia,
2765 4596 2916 4666 quod
2937 4612 3042 4666 pro
3064 4595 3391 4651 necessitate
3412 4595 3589 4650 eccle-

213 4687 501 4757 rectionis,
534 4687 756 4758 publice
796 4686 855 4742 in
890 4686 1125 4742 ecclesia
1153 4686 1608 4758 competentibus
1636 4687 1846 4758 pradi-

215 4798 363 4839 care.
384 4760 432 4854 Χ

285 4875 412 4931 XIV.
442 4874 662 4930 Altaria
685 4873 893 4946 placuit
920 4891 1035 4929 non
1063 4875 1252 4929 solum
1279 4874 1549 4930 unctione
1579 4874 1848 4930 chrisma-

216 4971 304 5037 tis,
332 4971 432 5026 sed
462 4969 639 5024 etiam
668 4967 994 5023 sacerdotali
1022 4967 1421 5023 benedictione
1472 4967 1700 5024 sacrari.

281 5065 388 5119 XV.
443 5062 785 5118 Poenitentes
827 5066 1088 5133 tempore
1133 5078 1248 5133 quo
1298 5061 1694 5134 paenitentiam
1746 5080 1845 5136 pe-

211 5162 358 5228 tunt,
399 5155 828 5228 impositionem
858 5171 1098 5211 manum
1146 5160 1203 5210 et
1243 5155 1488 5211 cilicium
1541 5173 1713 5229 super
1753 5174 1844 5213 ca-

210 5256 314 5323 put
336 5269 368 5306 a
393 5250 709 5318 sacerdote,
736 5250 881 5304 sicut
909 5249 1122 5320 ubique
1153 5250 1523 5306 constitutum
1569 5254 1675 5318 est,
1707 5267 1846 5307 con-

209 5347 568 5415 sequantur:
598 5343 642 5398 si
683 5347 877 5398 autem
927 5359 1116 5397 comas
1164 5359 1282 5397 non
1321 5343 1710 5413 deposuerint,
1752 5349 1850 5400 aut

208 5439 548 5492 vestimenta
576 5453 693 5492 non
721 5435 1084 5502 mutaverint,
1136 5434 1491 5506 abjiciantur,
1523 5441 1578 5491 et
1603 5436 1711 5491 nisi
1759 5437 1845 5491 di-

213 5547 325 5602 gne
352 5529 744 5602 panituerint,
775 5545 889 5584 non
916 5527 1298 5599 recipiantur;
1339 5527 1646 5600 juvenibus
1676 5529 1848 5584 etiam

208 5623 551 5696 panitentia
578 5640 694 5679 non
725 5623 887 5678 facile
915 5620 1327 5677 committenda
1355 5625 1440 5678 est
1465 5627 1694 5695 propter
1715 5625 1848 5678 ata-

205 5717 281 5774 tis
304 5717 696 5790 fragilitatem,
723 5716 990 5772 viaticum
1018 5719 1211 5771 tamen
1257 5715 1317 5770 in
1361 5719 1544 5771 morte
1583 5716 1848 5773 omnibus

207 5811 406 5883 positis
435 5828 556 5867 non
577 5811 926 5883 negandum.

287 5905 413 5961 XVI.
461 5905 770 5978 Episcopus
818 5903 1279 5961 benedictionem
1308 5903 1638 5960 diaconatus
1668 5903 1848 5961 mino-

1950 4687 2046 4742 sia
2063 4686 2357 4758 episcopus
2366 4686 2599 4757 jusserit
2615 4686 2876 4758 implere,
2891 4693 3240 4756 contemnat,
3254 4705 3385 4743 sane
3402 4687 3447 4742 si
3464 4688 3586 4743 offi-

1949 4781 2100 4835 cium
2121 4779 2617 4835 archidiaconatus
2638 4785 2868 4852 propter
2889 4781 3293 4852 simpliciorem
3319 4785 3583 4837 naturam

1949 4873 2205 4946 implere,
2231 4878 2333 4929 aut
2363 4874 2628 4946 expedire
2678 4873 3021 4946 nequiverit,
3067 4875 3162 4929 ille
3187 4875 3297 4930 loci
3341 4874 3426 4930 sui
3471 4891 3581 4930 no-

1948 4983 2081 5023 men
2111 4972 2306 5023 teneat
2331 4971 2388 5024 et
2416 4968 2833 5024 ordinationem
2859 4968 3110 5024 ecclesia
3140 4985 3312 5040 quem
3344 4969 3586 5041 elegerit

1949 5061 2244 5133 episcopus
2269 5063 2748 5133 praponendum.

2021 5155 2196 5211 XXIV.
2220 5157 2302 5210 De
2329 5155 2596 5226 expositis
2615 5155 2860 5210 inventis
2904 5155 2961 5210 id
2988 5155 3405 5211 observandum
3434 5157 3586 5229 quod

1941 5249 2282 5320 jamdudum
2309 5249 2559 5320 synodus
2587 5255 2784 5304 sancta
2810 5249 3118 5306 constituit.

2018 5343 2168 5398 XXV.
2201 5343 2258 5397 Si
2304 5359 2437 5397 vero
2487 5342 2788 5397 saeculares
2844 5343 2945 5415 qui
3001 5343 3296 5416 conjugale
3350 5361 3588 5401 consor-

1947 5437 2093 5491 tium
2124 5436 2291 5508 culpa
2318 5435 2569 5506 graviori
2594 5435 2907 5507 dimittunt,
2925 5439 3013 5494 vel
3032 5438 3202 5494 etiam
3222 5438 3586 5506 dimiserunt,

1949 5534 2006 5584 et
2032 5530 2221 5584 nullas
2263 5545 2455 5583 causas
2505 5528 2720 5584 dissidii
2766 5531 3139 5601 probabiliter
3179 5534 3584 5604 proponentes,

1945 5627 2249 5695 propterea
2275 5623 2648 5678 matrimonia
2685 5640 2789 5679 sua
2817 5625 3130 5695 dimittunt,
3156 5630 3222 5680 ut
3245 5627 3344 5679 aut
3367 5623 3578 5690 illicita,

1947 5719 2048 5771 aut
2073 5715 2262 5772 aliena
2291 5719 2661 5788 prasumant,
2690 5716 2736 5770 si
2762 5721 3065 5789 antequam
3099 5717 3250 5788 apud
3288 5715 3584 5785 episcopos

1945 5809 2324 5882 provinciales
2353 5809 2569 5865 dissidii
2595 5826 2792 5865 causas
2819 5810 3084 5878 dixerint,
3113 5811 3169 5863 et
3196 5806 3354 5877 prius
3377 5821 3584 5863 uxores

1948 5921 2122 5978 quam
2143 5904 2356 5978 judicio
2388 5904 2737 5964 damnentur
2761 5901 3093 5976 abjecerint,
3115 5917 3149 5956 a
3177 5899 3583 5956 communione
