4054 6300
509 347 610 401 403

1403 345 1685 399 ΑΡΡΕΝΙ).
1726 345 1812 397 ΑΒ
1851 343 2008 396 δίΕΩ.
2053 342 2140 396 IX.
2174 371 2241 380 -—-
2281 341 2526 396 lSlDOltl
2565 342 2988 398 MERCATORIS

3766 347 3836 398 40
3847 348 3876 398 -'s

498 450 766 519 ecclesia,
802 454 858 506 et
884 454 1075 506 sancto
1103 450 1299 522 populi
1329 453 1476 504 catu
1509 450 1630 521 (pro
1669 467 1736 505 eo
1764 451 1914 523 quod
1956 449 2131 506 ﬁdem
2155 461 2213 535 Α
2305 451 2521 505 XXXIV.
2575 450 2752 505 Judaei
2812 451 3093 522 (quorum
3136 449 3370 521 perﬁdia
3417 451 3751 522 frequenter
3803 451 3878 506 ad

500 551 556 602 et
584 546 850 617 conjugia
879 545 1180 614 maculant)
1215 543 1606 598 excludantur.

569 641 739 695 XXVI.
787 639 842 694 Si
890 638 1015 710 quis
1059 638 1129 693 de
1173 636 1388 692 clericis
1411 637 1757 692 documenta
1801 638 2007 710 quibus
2041 655 2136 694 ec-

503 734 684 788 clesia
716 732 991 804 possessio
1018 733 1297 801 ﬁrmatur,
1349 737 1449 787 aut
1495 733 1872 803 supprimere,
1906 736 2005 787 aut
2035 749 2137 787 nc-

507 845 662 899 gare,
696 830 793 881 aut
818 825 1152 882 adversariis
1198 826 1434 881 fortasse
1473 826 1702 881 tradere
1747 827 2052 881 damnabili
2085 832 2142 881 et

505 920 795 992 punienda
822 919 1200 975 obstinatione
1246 920 1696 992 prasumpserit,
1739 921 2014 992 quidquid
2039 936 2143 991 per

507 1013 819 1069 absentiam
863 1014 1337 1068 documentorum
1385 1013 1580 1069 damni
1625 1015 1875 1069 ecclesia
1920 1013 2142 1069 illatum

507 1111 590 1162 est
607 1107 676 1162 de
699 1107 942 1178 propriis
966 1107 1331 1163 facultatibus
1357 1108 1622 1176 reddant,
1655 1114 1712 1163 et
1736 1107 2140 1163 communione

503 1201 826 1271 priventur;
857 1201 917 1254 hi
937 1201 1108 1256 etiam
1132 1201 1228 1272 qui
1258 1201 1315 1254 in
1350 1201 1556 1256 damno
1577 1202 1826 1257 ecclesia
1848 1201 2020 1273 impie
2042 1202 2144 1256 sol-

505 1295 702 1350 licitati
731 1311 764 1349 a
807 1293 1172 1349 traditoribus
1217 1293 1433 1367 aliquid
1484 1295 1807 1369 acceperint
1859 1295 2144 1369 superiori

506 1389 790 1444 sententia
819 1392 1142 1444 teneantur.

578 1483 771 1538 XXVII.
807 1485 876 1538 Ut
915 1482 987 1536 de
1019 1482 1313 1538 monachis
1340 1484 1755 1540 monasterium
1781 1501 2010 1554 novum,
2038 1486 2145 1541 nisi

510 1577 772 1648 episcopo
797 1579 895 1631 aut
923 1575 1289 1647 permittente
1319 1581 1420 1633 aut
1453 1577 1750 1650 probante,
1784 1579 1971 1634 nullus
2001 1579 2144 1634 inci-

513 1685 666 1740 pere,
697 1674 795 1725 aut
823 1670 1062 1725 fundare
1091 1676 1417 1742 prasumat.
1456 1673 1713 1728 Monachi
1739 1673 1912 1728 etiam
1942 1691 2148 1744 vagan-

510 1769 594 1818 tes
650 1763 723 1818 ad
775 1763 1024 1818 ofﬁcium
1082 1764 1397 1833 clericatus,
1453 1766 1562 1820 nisi
1619 1767 1698 1821 eis
1756 1767 2146 1822 testimonium

2239 544 2512 600 vomitum
2549 544 2716 614 redit)
2763 544 2806 598 si
2849 544 2922 598 ad
2950 543 3143 614 legem
3173 543 3510 598 catholicam
3540 544 3736 598 venire
3781 561 3882 599 vo-

2239 638 2467 706 luerint,
2512 641 2639 692 octo
2685 654 2908 693 menses
2959 638 3109 692 inter
3155 638 3596 693 catechumenos
3623 638 3878 694 ecclesia

2239 731 2418 785 limen
2465 732 2766 800 introeant,
2807 735 2864 786 et
2903 731 2949 784 si
2987 748 3130 802 pura
3169 731 3280 786 ﬁde
3321 735 3633 786 noscuntur
3661 732 3875 798 venire,

2242 829 2375 878 tunc
2403 825 2635 879 demum
2674 824 3028 895 baptismatis
3059 824 3304 894 gratiam
3334 829 3695 891 mereantur;
3723 826 3880 896 quod

2241 918 2289 972 si
2317 934 2446 971 casu
2471 917 2660 989 aliquo
2681 917 2996 988 periculum
3028 917 3371 972 inﬁrmitatis
3403 917 3551 972 intra
3585 919 3878 989 praescrip-

2241 1016 2364 1066 tum
2391 1016 2618 1084 tempus
2647 1011 3004 1079 incurrerint,
3035 1014 3093 1068 et
3119 1011 3398 1086 desperati
3424 1011 3654 1079 fuerint,
3689 1012 3874 1086 bapti-

2243 1109 2458 1162 zentur.

2314 1202 2504 1256 XXXV.
2552 1202 2606 1257 Si
2651 1203 2946 1273 episcopus
2992 1202 3459 1273 metropolitanus
3502 1203 3576 1258 ad
3619 1218 3879 1272 compro-

2244 1294 2507 1350 vinciales
2555 1296 2848 1367 episcopos
2887 1295 3154 1366 epistolas
3208 1295 3495 1363 direxerit,
3553 1296 3614 1351 in
3669 1296 3882 1368 quibus

2246 1406 2342 1444 eos
2369 1389 2442 1444 ad
2468 1389 2887 1445 ordinationem
2917 1389 3125 1444 summi
3157 1389 3457 1460 pontiﬁcis,
3487 1392 3587 1444 aut
3609 1390 3681 1445 ad
3707 1406 3880 1461 syno-

2245 1484 2382 1540 dum
2405 1484 2624 1554 invitat,
2651 1483 2979 1556 postpositis
3008 1484 3296 1552 omnibus,
3329 1487 3563 1556 excepta
3604 1483 3765 1555 gravi
3791 1483 3885 1538 in-

2247 1578 2515 1634 ﬁrmitate
2541 1579 2810 1650 corporis,
2836 1583 2933 1636 aut
2964 1578 3343 1650 praceptione
3371 1577 3531 1648 regia
3571 1577 3640 1632 ad
3679 1577 3890 1633 consti~

2246 1675 2437 1728 tutum
2465 1671 2617 1727 diem
2643 1672 2834 1726 adesse
2861 1688 2978 1726 non
3006 1671 3294 1741 differant,
3321 1671 3472 1743 quod
3502 1670 3547 1725 si
3572 1671 3883 1738 defuerint,

2251 1765 2411 1835 (sicut
2436 1765 2620 1836 prisca
2648 1781 2928 1820 canonum
2961 1764 3231 1836 pracepit
3254 1764 3576 1833 auctoritas,
3608 1780 3782 1836 usque
3810 1764 3884 1820 ad

514 1857 687 1911 abbas
715 1873 849 1911 suus
885 1857 1126 1928 dederit,
1169 1875 1274 1912 nec
1304 1860 1361 1913 in
1400 1859 1732 1930 civitatibus,
1763 1877 1866 1916 nec
1893 1861 1953 1916 in
1983 1878 2146 1932 paro—
2167 1835 2222 1906 B
2247 1859 2567 1930 proximam
2587 1859 2888 1930 synodum,
2913 1859 3241 1914 acharitate
3258 1859 3524 1928 fratrum,
3547 1861 3604 1913 et
3629 1857 3884 1914 ecclesia

513 1950 653 2004 chiis
698 1951 1054 2030 ordinentur.
1099 1953 1454 2022 Monachum,
1506 1953 1612 2008 nisi
1651 1954 1870 2009 abbatis
1927 1957 2012 2010 sui
2051 1958 2150 2010 aut

513 2043 796 2115 permissu
841 2050 939 2099 aut
992 2046 1282 2101 voluntate
1333 2047 1405 2101 ad
1450 2048 1691 2102 alterum
1740 2049 2147 2104 monasterium

512 2137 1004 2209 commigrantem,
1039 2140 1229 2194 nullus
1253 2140 1424 2194 abbas
1453 2141 1740 2212 suscipere
1779 2146 1877 2197 aut
1902 2143 2149 2198 retinere

515 2236 845 2302 praesumat,
873 2233 972 2286 sed
1002 2233 1322 2306 ubicunque
1364 2234 1556 2303 fuerit,
1601 2235 1791 2291 abbati
1828 2253 1928 2291 suo
1954 2242 2148 2292 aucto-

514 2325 680 2382 ritate
725 2341 1012 2381 canonum
1063 2331 1375 2396 revocetur,
1422 2329 1468 2382 si
1505 2329 1658 2384 enim
1706 2346 1932 2385 necesse
1980 2331 2152 2386 fuerit

515 2419 783 2473 clericum
829 2419 899 2475 de
943 2420 1236 2475 monachis
1277 2422 1550 2492 ordinari,
1597 2439 1729 2477 cum
1771 2440 2050 2479 consensu
2094 2429 2152 2480 et

512 2513 802 2568 voluntate
833 2512 1048 2568 abbatis
1080 2520 1392 2586 prasumat
1421 2517 1740 2588 episcopus.

585 2607 806 2661 XXVIII.
852 2608 1180 2664 Monasteria
1219 2610 1543 2680 puellarum
1589 2611 1816 2682 longius
1859 2629 1893 2666 a
1922 2629 2149 2667 monas-

515 2701 660 2756 terio
689 2701 1120 2770 monachorum,
1151 2706 1250 2756 aut
1278 2708 1516 2774 propter
1541 2703 1773 2759 insidias
1800 2705 2030 2774 diaboli,
2053 2711 2154 2761 aut

520 2799 757 2865 propter
785 2794 1170 2850 oblocutiones
1199 2796 1501 2851 hominum
1539 2798 1902 2854 collocentur.

592 2888 764 2942 XXIX.
815 2887 1067 2942 Libertos
1125 2889 1378 2959 legitime
1417 2908 1450 2944 a
1496 2891 1747 2946 dominis
1788 2893 1902 2947 suis
1952 2893 2150 2962 factos,

523 2981 777 3048 ecclesia,
814 2981 860 3035 si
887 2982 1189 3037 necessitas
1215 2983 1473 3054 exigerit,
1508 2987 1758 3054 tueatur;
1789 2987 1940 3057 quod
1964 2988 2154 3060 siquis

521 3079 652 3130 ante
680 3075 1049 3143 audientiam,
1079 3078 1178 3130 aut
1202 3077 1530 3147 pervadere,
1557 3083 1655 3153 aut
1680 3081 1993 3151 exspoliare
2013 3098 2154 3153 pra-

521 3095 652 3130 ante
680 3095 1049 3143 audientiam,
1079 3095 1178 3130 au:
1202 3095 1530 3147 pervadere,
1557 3095 1589 3132 a

521 3169 850 3240 sumpserit,
880 3171 950 3224 ab
983 3169 1221 3224 ecclesia
1246 3095 1629 3255 repellatur.7

590 3263 740 3318 XXX.
771 3264 838 3318 Et
865 3265 998 3335 quia
1027 3264 1292 3319 convenit
1319 3264 1578 3320 ordinem
1623 3267 1873 3322 ecclesia
1920 3269 1989 3324 ab
2029 3286 2148 3324 om-

512 3355 689 3410 nibus
718 3356 1011 3428 aqualiter
1035 3357 1327 3425 custodiri,
1360 3359 1702 3414 studendum
1735 3364 1820 3414 est
1845 3365 1908 3416 ut
1941 3363 2153 3434 ubique

521 3447 688 3519 (sicut
711 3450 790 3522 ﬁt)
813 3453 872 3504 et
888 3454 1016 3522 post
1035 3451 1375 3522 antiphonas
1395 3453 1751 3508 collectiones
1771 3471 1874 3525 per
1891 3455 2153 3514 ordinem

520 3543 589 3598 ab
615 3543 890 3615 episcopis
917 3546 1000 3601 vel
1034 3546 1380 3617 presbyteris
1407 3546 1538 3613 dici,
1563 3549 1621 3601 et
1646 3547 1888 3618 hymnos
1913 3551 2150 3606 matuti-

521 3653 626 3691 nos
651 3638 735 3692 vel
762 3639 1112 3710 vespertinos
1143 3639 1441 3694 decantari
1471 3639 1670 3696 diebus
1694 3643 1976 3712 omnibus,
2009 3647 2066 3700 et
2093 3644 2152 3700 in

521 3731 875 3786 conclusione
901 3732 1310 3788 matutinarum
1340 3733 1428 3787 vel
1458 3736 1913 3804 vespertinamm
1950 3739 2150 3794 missa-

521 3841 651 3878 rum
682 3829 810 3896 post
837 3825 1078 3896 hymnos
1106 3826 1368 3896 capitella
1394 3827 1464 3882 de
1491 3829 1722 3898 psalmis
1767 3830 1896 3899 dici,
1935 3837 1992 3886 et
2037 3833 2156 3904 ple-

520 3917 653 3971 bem
681 3918 914 3972 collecta
941 3918 1194 3973 oratione
1223 3919 1296 3974 ad
1314 3935 1609 3992 vesperam
1637 3922 1708 3977 ab
1739 3923 1998 3996 episcopo
2025 3943 2154 3982 cum

521 4010 918 4066 benedictione
945 4011 1172 4068 dimitti.

595 4104 766 4160 XXXI.
798 4104 1014 4160 Placuit
1055 4106 1226 4162 etiam
1258 4110 1320 4161 ut
1354 4107 1513 4178 (sicut
1554 4110 1892 4182 plerumque
1920 4113 2002 4185 ﬁt)
2036 4113 2158 4185 qui-

523 4214 748 4270 cunque
792 4198 943 4266 odio,
989 4204 1088 4255 aut
1129 4200 1440 4273 longinqua
1484 4202 1632 4258 inter
1660 4221 1718 4260 se
1750 4204 1845 4260 lite
1873 4206 2152 4264 dissense-

525 4291 658 4359 rint,
693 4296 748 4348 et
778 4293 851 4347 ad
877 4309 1071 4364 pacem
1103 4295 1349 4350 revocari
1376 4295 1595 4352 diutina
1621 4296 1934 4355 intentione
1957 4301 2158 4373 nequi-

523 4386 686 4453 verit,
720 4403 754 4442 a
780 4387 1019 4442 civitatis
1062 4389 1327 4460 primitus
1367 4391 1748 4447 sacerdotibus
1797 4399 2153 4466 arguantur;

521 4480 619 4551 qui
672 4480 716 4535 si
763 4480 1090 4538 inimicitias
1134 4483 1417 4555 deponere
1464 4485 1783 4556 perniciosa
1837 4487 2155 4545 intentione

2247 1953 2649 2008 communione
2674 1953 2988 2024 priventur.

2319 2047 2534 2101 XXXVI.
2566 2046 2762 2104 Clerici
2809 2046 2984 2102 etiam
3027 2061 3226 2100 omnes
3257 2045 3356 2117 qui
3399 2027 3648 2101 ecclesia
3696 2045 3884 2100 ﬁdeli-
3933 2098 3944 2109 ,

2249 2145 2336 2194 ter
2376 2141 2787 2211 vigilanterque
2833 2139 3175 2209 deserviunt,
3225 2138 3510 2210 stipendia
3547 2139 3750 2194 sanctis
3795 2140 3884 2193 la-

2248 2234 2479 2289 boribus
2522 2234 2712 2289 debita
2755 2233 3069 2288 secundum
3099 2232 3310 2288 servitii
3358 2233 3444 2287 sui
3488 2233 3759 2288 meritum
3797 2233 3887 2288 vel

2251 2327 2674 2384 ordinationem
2706 2345 2740 2382 a
2768 2327 3157 2382 sacerdotibus
3183 2332 3619 2398 consequantur.

2321 2423 2559 2477 XXXVII.
2620 2424 2814 2493 Itaque
2870 2421 3190 2476 censuimus
3239 2421 3548 2476 homicidas
3606 2424 3663 2476 et
3713 2421 3891 2477 falsos

2249 2519 2423 2570 testes
2439 2533 2471 2570 a
2489 2515 2890 2570 communione
2912 2514 3290 2570 ecclesiastica
3317 2515 3752 2584 submovendos,
3772 2515 3890 2571 nisi

2250 2609 2598 2682 poenitentia
2625 2609 3010 2664 satisfactione
3035 2609 3277 2663 crimina
3302 2608 3588 2664 diluerint.

2323 2705 2588 2759 XXXVIII.
2643 2703 2869 2758 Clericis
2919 2703 3041 2757 sine
3100 2703 3582 2758 commendatitiis
3634 2702 3893 2774 epistolis

2253 2798 2500 2870 episcopi
2519 2798 2605 2851 sui
2619 2796 2851 2851 licentia
2865 2813 2981 2852 non
2997 2801 3188 2868 pateat
3205 2797 3497 2868 evagandi.
3513 2797 3574 2852 In
3593 2797 3890 2852 monachis

2253 2908 2480 2964 quoque
2505 2891 2800 2962 prasentis
2827 2890 3124 2946 sententia
3149 2891 3338 2946 forma
3364 2894 3646 2958 servetur;
3667 2891 3823 2962 quod
3845 2891 3894 2946 si

2252 2987 2554 3041 verborum
2585 2985 2896 3056 increpatio
2916 3001 3030 3040 non
3055 2985 3458 3052 emendaverit,
3492 2986 3664 3040 etiam
3690 2985 3892 3040 verbe-

2253 3080 2410 3135 ribus
2458 3080 2762 3135 statuimus
2810 3079 3074 3134 coerceri.
3142 3079 3497 3134 Servandum
3545 3095 3769 3150 quoque
3819 3079 3892 3134 de

2176 3174 2580 3281 Cmonachis,
2643 3190 2716 3228 ne
2771 3173 2850 3227 eis
2905 3174 2977 3227 ad
3032 3172 3307 3228 solitarias
3365 3172 3591 3227 cellulas
3637 3173 3802 3227 liceat
3858 3190 3893 3228 a

2256 3268 2698 3339 congregatione
2749 3267 3058 3334 discedere,
3107 3267 3214 3320 nisi
3267 3267 3410 3321 forte
3462 3266 3710 3337 probatis
3762 3270 3894 3338 post

2254 3362 2519 3419 emeritos
2567 3362 2808 3429 labores,
2859 3365 2959 3416 aut
3007 3365 3241 3432 propter
3292 3360 3639 3414 inﬁrmitatis
3691 3376 3888 3415 neces-

2253 3457 2479 3512 sitatem
2530 3455 2784 3527 asperior
2824 3454 3045 3509 abbatis
3086 3455 3282 3526 regula
3332 3455 3678 3521 remittatur,
3732 3454 3890 3525 quod

2254 3551 2332 3606 ita
2377 3551 2611 3605 demum
2639 3550 2740 3604 ﬁet
2778 3552 2842 3602 ut
2886 3548 3037 3603 intra
3081 3549 3276 3603 eadem
3327 3547 3654 3602 monasterii
3704 3551 3887 3618 septa,

2254 3649 2549 3700 manentes
2594 3647 2790 3698 tamen
2842 3642 2945 3697 sub
2990 3642 3210 3697 abbatis
3253 3644 3546 3712 potestate,
3598 3644 3892 3713 separatas

2255 3739 2465 3793 habere
2520 3737 2749 3792 cellulas
2800 3735 3248 3807 permittantur;
3307 3735 3602 3790 abbatibus
3661 3751 3891 3805 quoque

2255 3832 2489 3903 singulis
2517 3831 2766 3885 diversas
2792 3830 3042 3897 cellulas,
3071 3834 3167 3884 aut
3206 3829 3371 3900 plura
3413 3829 3760 3883 monasteria
3783 3829 3888 3883 ha-

2254 3927 2390 3981 bere
2417 3942 2533 3980 non
2558 3925 2746 3992 liceat,
2773 3923 2882 3978 nisi
2912 3926 3133 3978 tantum
3173 3927 3409 3994 propter
3435 3923 3727 3977 incursum
3757 3923 3890 3976 hos-

2254 4020 2473 4076 tilitatis
2499 4019 2647 4073 intra
2673 4034 2866 4072 muros
2895 4017 3253 4087 receptaculo
3281 4016 3580 4071 collocare.

2326 4114 2541 4169 XXXIX.
2596 4110 2946 4182 Presbyteri,
2997 4110 3291 4177 diacones,
3351 4109 3746 4178 subdiacones,
3802 4110 3894 4164 vel

2257 4207 2526 4278 deinceps
2569 4205 2774 4276 quibus
2812 4204 3054 4258 ducendi
3101 4219 3303 4258 uxores
3351 4202 3576 4258 licentia
3617 4219 3735 4257 non
3781 4207 3891 4270 est,

2256 4302 2427 4357 etiam
2451 4299 2764 4354 alienarum
2792 4298 3121 4369 nuptiarum
3148 4297 3362 4352 evitent
3377 4297 3646 4364 convivia,
3673 4313 3774 4352 nec
3801 4297 3892 4351 his

2256 4395 2491 4451 coetibus
2525 4393 2871 4447 misceantur
2895 4392 2993 4446 ubi
3019 4391 3297 4446 amatoria
3328 4395 3642 4457 cantantur,
3685 4395 3742 4445 et
3770 4394 3888 4445 tur-

2257 4489 2366 4560 pia,
2393 4490 2492 4542 aut
2517 4486 2743 4542 obsceni
2770 4488 2961 4547 motus
2987 4501 3317 4556 corporum,
3342 4484 3530 4538 choris
3560 4488 3617 4539 et
3646 4484 3893 4539 saltatio-

512 4575 830 4643 noluerint,
861 4576 931 4630 de
959 4577 1209 4634 ecclesia
1254 4585 1399 4635 catu
1423 4579 1736 4650 justissima
1757 4585 2156 4638 ‘excommuni-
2174 4587 2232 4659 D
2257 4583 2423 4636 nibus
2452 4581 2790 4650 efferuntur,
2820 4596 2894 4634 ne
2917 4579 3160 4645 auditus,
3191 4583 3250 4632 et
3273 4578 3505 4632 obtutus
3529 4578 3699 4632 sacris
3729 4593 3890 4648 mys-

522 4669 743 4725 catione
768 4670 1078 4742 pellantur.

592 4765 781 4819 XXXII.
814 4765 1058 4820 Clericus
1101 4782 1205 4821 nec
1249 4783 1595 4839 quemquam
1643 4773 1956 4840 prasumat
2002 4771 2156 4842 apud

524 4857 855 4912 sacularem
877 4859 1153 4929 judicem,
1189 4859 1450 4931 episcopo
1481 4878 1593 4916 non
1614 4862 2005 4934 permittente,
2023 4867 2153 4936 pul-

523 4967 667 5019 sare,
697 4951 793 5005 sed
834 4952 878 5006 si
931 4953 1184 5024 pulsatus
1233 4953 1423 5020 fuerit,
1484 4971 1600 5010 non
1641 4957 2005 5028 respondeat,
2049 4975 2155 5015 nec

523 5049 824 5114 proponat,
857 5062 959 5100 nec
987 5047 1195 5102 audeat
1220 5047 1514 5104 criminale
1544 5050 1836 5121 negotium
1858 5051 1918 5105 in
1941 5051 2155 5121 judicio

525 5137 783 5192 saculari
812 5155 1151 5211 proponere.
1176 5141 1232 5198 Si
1259 5141 1385 5212 quis
1415 5159 1548 5211 vero
1569 5145 1924 5199 sacularium
1949 5161 2052 5216 per
2070 5162 2156 5201 ca-

524 5230 806 5286 lumniam
851 5224 1162 5301 ecclesiam,
1187 5241 1285 5292 aut
1310 5237 1524 5291 clerum
1565 5237 1803 5308 fatigare
1820 5240 2154 5308 ’tentaverit,

525 5327 581 5378 et
607 5324 780 5379 victus
806 5326 998 5397 fuerit,
1019 5328 1089 5382 ab
1119 5329 1371 5383 ecclesia
1398 5330 1689 5386 liminibus
1711 5334 1767 5386 et
1792 5349 1824 5386 a
1855 5331 2153 5387 catholico-

524 5434 651 5472 rum
679 5421 1079 5476 communione
1120 5421 1186 5493 (si
1234 5422 1406 5493 digne
1429 5425 1776 5496 poenituerit)
1805 5430 2152 5482 coerceatur.

595 5513 808 5569 XXXIII.
843 5513 1148 5585 Episcopus
1185 5516 1284 5586 qui
1321 5515 1465 5570 ﬁlios
1503 5523 1602 5572 aut
1642 5523 1878 5592 nepotes
1912 5537 2031 5576 non
2060 5521 2156 5576 ha-

525 5606 667 5661 bens
718 5606 897 5661 alium
940 5624 1111 5678 quam
1157 5608 1449 5664 ecclesiam
1493 5611 1724 5684 reliquit
1765 5614 2076 5685 haredem,
2111 5615 2158 5669 si

527 5697 664 5768 quid
708 5699 778 5753 de
813 5699 1062 5767 ecclesia,
1102 5717 1218 5756 non
1255 5701 1314 5757 in
1359 5704 1612 5760 ecclesia
1642 5723 1807 5762 causa
1837 5713 1935 5764 aut
1962 5725 2155 5764 neces-

528 5789 690 5844 sitate
715 5791 1104 5862 insumpserit,
1135 5796 1289 5870 quod
1315 5795 1597 5864 distraxit,
1625 5805 1723 5856 aut
1751 5801 1998 5870 donavit,
2028 5801 2154 5858 irri-

531 5886 653 5939 tum
679 5881 971 5941 habeatur.

2255 4675 2412 4732 teriis
2436 4676 2738 4747 deputatus
2785 4673 3041 4744 turpium
3085 4671 3541 4743 spectaculorum
3570 4675 3740 4742 atque
3771 4688 3894 4726 ver-

2255 4771 2460 4826 borum
2489 4769 2825 4840 contagione
2853 4769 3204 4839 polluantur.

2327 4867 2427 4920 XL.
2457 4865 2665 4920 Omnes
2705 4862 2971 4932 deinceps
3013 4860 3201 4916 clerici
3245 4862 3359 4915 sive
3393 4860 3520 4913 laici
3563 4859 3891 4915 Judaorum

2256 4959 2504 5014 convivia
2557 4959 2790 5023 evitent,
2846 4972 2953 5010 nec
3013 4972 3110 5009 eos
3161 4954 3234 5008 ad
3284 4953 3602 5009 convivium
3649 4953 3892 5024 quisque

2256 5053 2516 5124 excipiat,
2550 5051 2682 5123 quia
2725 5067 2856 5104 cum
2900 5048 3050 5120 apud
3093 5048 3438 5103 Christianos
3463 5046 3599 5101 cibis
3638 5063 3894 5100 commu-

2255 5147 2422 5202 nibus
2432 5163 2549 5201 non
2561 5147 2822 5210 utuntur,
2838 5142 3143 5213 indignum
3160 5148 3245 5197 est
3260 5146 3427 5213 atque
3445 5139 3787 5210 sacrilegum
3805 5156 3895 5195 eo-

2256 5257 2385 5295 rum
2414 5239 2564 5294 cibos
2593 5255 2625 5292 a
2654 5237 2985 5296 Christianis
3006 5236 3174 5306 sumi,
3197 5252 3324 5290 cum
3360 5251 3428 5288 ea
3456 5250 3583 5304 qua
3607 5233 3891 5305 (Apostolo

2256 5334 2636 5405 permittente)
2681 5349 2786 5387 nos
2827 5331 3127 5398 sumimus,
3156 5330 3227 5383 ab
3275 5329 3386 5382 illis
3418 5327 3750 5398 judicentur
3778 5327 3893 5381 im-

2257 5427 2490 5495 munda,
2552 5443 2616 5480 ac
2667 5426 2712 5479 si
2761 5424 3059 5479 inferiores
3103 5423 3379 5493 incipiant
3426 5437 3547 5475 esse
3586 5419 3895 5474 Christiani

2256 5519 2640 5592 quamludai,
2675 5519 2720 5573 si
2745 5535 2848 5574 nos
2875 5534 3002 5589 qua
3029 5516 3098 5570 ab
3119 5515 3228 5570 illis
3247 5517 3614 5586 apponuntur
3638 5518 3893 5582 utamur,

2257 5614 2340 5670 illi
2365 5629 2496 5668 vero
2519 5630 2564 5686 pa
2595 5612 2758 5667 nobis
2787 5611 2975 5666 oblata
3002 5613 3390 5664 contemnant.
3488 5594 3507 5690 1

2329 5708 2457 5762 XLI.
2488 5708 2636 5760 Ante
2693 5705 2884 5760 omnia
2933 5704 3149 5759 clericis
3205 5702 3411 5757 vitetur
3457 5699 3718 5768 ebrietas,
3763 5715 3894 5771 qua

2258 5801 2524 5858 omniuni'
2541 5800 2812 5855 vitiorum
2840 5799 3018 5853 fomes
3064 5814 3132 5852 ac
3160 5796 3349 5851 nutrix
3392 5799 3497 5864 est.
3537 5796 3734 5865 Itaque
3761 5809 3890 5848 eum

2259 5911 2435 5968 quem
2468 5895 2690 5951 ebrium
2719 5893 2892 5948 fuisse
2919 5891 3253 5959 constiterit,
3283 5895 3346 5945 ut
3370 5888 3510 5946 ordo
3537 5887 3770 5960 patitur,
3796 5892 3893 5943 aut
