4054 6292
177 341 284 393 405

1425 341 1898 397 DECRETALIUM
1937 339 2319 397 COLLECTIO.

3446 345 3545 396 406

176 449 420 520 triginta
453 449 674 505 dierum
705 449 884 520 spatio
913 451 1315 508 communione
1356 451 1654 506 statuimus
1678 450 1810 505 sub-
1834 461 1893 533 Α
1983 450 2065 505 LI.
2107 449 2164 504 Si
2209 448 2508 519 episcopus
2549 447 2778 502 condito
2822 451 3161 502 testamento
3207 447 3422 518 aliquid
3474 449 3543 504 de

177 545 553 612 movendum,
581 549 679 600 aut
706 546 985 617 corporali
1014 546 1372 602 subdendum
1411 545 1706 617 supplicio.

249 638 407 695 XLII.
440 640 508 694 Et
543 653 617 694 ne
661 640 720 694 id
764 639 996 696 fortasse
1043 641 1301 696 videatur
1339 640 1632 711 omissum,
1663 641 1816 711 quod

179 733 437 788 maxime
453 732 624 788 ﬁdem
649 734 938 790 catholica
957 735 1254 806 religionis
1269 735 1523 804 infestat,
1545 734 1698 807 quod
1720 734 1816 789 ali-

179 827 386 898 quanti
412 826 602 882 clerici
631 827 743 883 sive
771 828 900 884 laici
933 829 1164 884 student
1192 829 1465 900 auguriis,
1496 833 1552 883 et
1573 828 1676 882 sub
1709 844 1810 882 no-

181 921 342 976 mine
386 920 532 976 ﬁcta
577 921 887 994 religionis,
937 941 1078 995 quas
1121 927 1444 978 sanctorum
1490 927 1668 977 sortes
1712 939 1812 976 vo-

179 1019 335 1082 cant,
367 1015 731 1071 divinationis
777 1017 1072 1072 scientiam
1117 1018 1476 1089 profitentur,
1523 1023 1619 1072 aut
1672 1033 1812 1088 qua-

180 1125 542 1181 rumcumque
557 1109 967 1180 scripturarum
978 1111 1329 1182 inspectione
1343 1111 1814 1182 permittunt,hoc

180 1203 514 1274 quicunque
563 1203 800 1259 clericus
843 1205 934 1259 vel
977 1204 1152 1259 laicus
1196 1205 1450 1261 detectus
1491 1204 1680 1272 fuerit,
1727 1206 1814 1259 vel

179 1295 479 1354 consulere
520 1297 610 1354 vel
653 1298 874 1368 docere,
906 1299 977 1354 ab
1022 1298 1256 1356 ecclesia
1295 1299 1576 1355 habeatur
1623 1301 1810 1355 extra-

175 1395 342 1447 nens.

251 1486 430 1543 XLIII.
457 1488 537 1543 De
562 1489 968 1560 paenitentibus
994 1488 1054 1544 id
1080 1488 1293 1561 placuit
1317 1489 1640 1555 observare,
1663 1488 1813 1560 quod

179 1579 360 1634 sancti
390 1583 584 1637 Patres
629 1582 809 1637 nostri
840 1583 1096 1654 synodali
1138 1583 1420 1638 sententia
1449 1585 1810 1650 censuerunt,

177 1677 245 1731 ut
270 1674 466 1732 nullus
494 1677 564 1732 de
597 1676 685 1730 his
709 1676 945 1731 clericus
984 1676 1298 1747 ordinetur,
1327 1681 1384 1733 et
1411 1677 1510 1748 qui
1527 1676 1653 1747 jam
1682 1681 1814 1730 sunt

178 1786 284 1840 per
334 1769 724 1842 ignorantiam
769 1770 1036 1839 ordinati,
1081 1775 1180 1826 aut
1227 1770 1372 1825 sicut
1425 1770 1662 1842 bigami,
1714 1773 1814 1824 aut

1915 542 2274 598 ecclesiastici
2311 542 2457 612 juris
2496 542 2848 614 proprietate
2893 541 3186 613 legaverit,
3220 541 3388 596 aliter
3429 559 3544 597 non

1915 635 2145 704 valebit,
2163 635 2273 691 nisi
2292 640 2515 692 tantum
2542 636 2611 691 de
2629 636 2777 709 juris
2800 635 3019 708 proprii
3036 635 3305 691 facultate
3324 637 3546 708 supple-

1914 729 2078 785 verit.
2234 722 2252 732 “

1987 824 2092 879 LII.
2120 823 2456 895 Presbytero
2485 829 2584 879 aut
2613 824 2876 891 diacono,
2908 823 2992 879 vel
3035 823 3236 879 clerico
3283 824 3406 878 sine
3449 841 3544 878 an-

1914 917 2105 973 tistitis
2142 917 2228 972 sui
2265 917 2511 990 epistolis
2553 917 2888 986 ambulanti,
2917 917 3386 974 communionem
3414 916 3536 991 9'7

1915 1013 2105 1067 nullus
2130 1012 2441 1084 impendat.

1987 1107 2116 1161 LIII.
2135 1104 2418 1176 Quidquid
2448 1104 2846 1176 parochiarum
2866 1106 3163 1178 presbyter
3182 1107 3253 1162 de
3281 1107 3539 1163 ecclesia-

1914 1199 2036 1254 stici
2055 1199 2201 1269 juris
2227 1198 2578 1270 possessione
2613 1198 2940 1254 distraxerit
2963 1199 3131 1256 inane
3154 1200 3450 1269 habeatur,
3482 1207 3540 1257 et

1912 1309 2174 1360 vacuum,
2196 1293 2487 1348 venditore
2514 1292 2900 1364 comparantis
2925 1297 2982 1348 et
3005 1295 3270 1350 auctione
3294 1295 3539 1351 venden-

1913 1387 2006 1442 tis.

1985 1482 2112 1538 LIV.
2142 1481 2442 1553 Presbyter
2467 1481 2605 1537 dum
2652 1480 2943 1537 dicecesim
2979 1484 3154 1552 tenet,
3182 1482 3253 1537 de
3287 1483 3375 1538 his
3409 1499 3538 1554 qua

1912 1574 2118 1630 emerit
2144 1576 2220 1630 ad
2241 1575 2491 1631 ecclesia
2515 1592 2732 1631 nomen
2759 1576 3098 1647 scripturam
3140 1576 3324 1645 faciat,
3345 1579 3441 1632 aut
3467 1577 3536 1632 ab

1913 1669 2034 1739 ejus
2063 1686 2238 1740 quam
2263 1674 2420 1725 tenet
2451 1669 2704 1725 ecclesia
2741 1669 3100 1725 ordinatione
3129 1669 3394 1726 discedat.

1983 1763 2089 1818 LV.
2139 1763 2448 1836 Episcopis,
2477 1763 2843 1835 presbyteris,
2881 1763 3207 1818 diaconibus
3256 1780 3424 1820 canes
3468 1766 3539 1820 ad

177 1863 335 1918 inter
358 1864 692 1936 nuptiarum
719 1861 955 1920 maritOs
991 1866 1179 1919 locum
1203 1867 1458 1932 teneant,
1489 1864 1812 1919 ministrare
1831 1835 1888 1908 B
1913 1859 2262 1924 venandum,
2285 1862 2382 1912 aut
2405 1856 2696 1928 accipitres
2716 1857 2932 1913 habere
2952 1875 3068 1912 non
3089 1858 3292 1913 liceat:
3319 1858 3472 1929 quod
3493 1859 3538 1914 si

179 1957 437 2012 diaconis
457 1975 790 2014 consecrare
806 1959 982 2015 altare
1014 1959 1310 2031 presbyter
1332 1975 1448 2013 non
1481 1962 1810 2030 prasumat.

251 2052 426 2107 XLIV.
475 2053 934 2108 Benedictionem
985 2069 1157 2124 super
1208 2053 1431 2124 plebem
1474 2053 1536 2107 iu
1583 2052 1814 2107 ecclesia

178 2144 447 2214 fundere,
496 2151 596 2202 aut
645 2147 1021 2218 panitentem
1071 2147 1129 2201 in
1185 2146 1414 2223 ecclesia
1475 2145 1814 2202 benedicere

179 2239 514 2311 presbytero
545 2241 771 2312 penitus
807 2258 926 2296 non
959 2240 1169 2297 licebit.
1191 2239 1232 2348 ί

260 2337 409 2390 XLV.
429 2337 692 2391 Terrulas
715 2338 812 2391 aut
829 2335 1078 2390 vineolas
1099 2333 1330 2406 exiguas
1352 2335 1602 2390 ecclesiae
1621 2333 1812 2389 minus

180 2435 368 2503 utiles,
403 2435 503 2486 aut
531 2431 704 2500 longe
736 2429 943 2501 positas
976 2445 1174 2500 parvas
1202 2430 1498 2501 episcopus
1525 2429 1645 2483 sine
1676 2444 1808 2483 con-

176 2529 302 2584 silio
343 2527 589 2581 fratrum
617 2524 680 2594 (si
729 2523 1032 2578 necessitas
1081 2523 1273 2594 fuerit)
1305 2522 1660 2578 distrahendi
1708 2522 1808 2576 ha-

176 2624 309 2678 beat
337 2622 696 2692 potestatem.

251 2715 424 2770 XLVI.
453 2711 693 2782 Fugitivi
732 2711 934 2766 domos
959 2728 1104 2777 suas,
1139 2715 1236 2766 aut
1273 2710 1514 2765 familias
1541 2711 1808 2765 deseren-

178 2813 281 2877 tes,
315 2807 413 2879 qui
442 2805 662 2860 etiamsi
693 2804 938 2860 revocati
980 2804 1210 2872 fuerint,
1240 2807 1340 2859 aut
1384 2804 1428 2858 si
1465 2803 1544 2858 ita
1571 2803 1652 2858 illi
1684 2820 1808 2859 me-

178 2901 424 2968 ruerint,
458 2900 864 2954 distrahantur.

247 2996 447 3052 XLVII.
513 2993 703 3048 Missas
764 2992 857 3046 die
917 2991 1210 3048 Dominica
1253 2992 1614 3046 saecularibus
1660 2996 1810 3047 totas

177 3095 374 3144 tenere
418 3087 644 3159 speciali
693 3086 888 3142 ordine
935 3085 1318 3158 pracipimus,
1345 3085 1423 3140 ita
1466 3092 1527 3141 ut
1550 3091 1679 3141 ante
1706 3087 1806 3140 be-

1914 1953 2040 2024 quis
2081 1952 2280 2008 talium
2319 1968 2698 2024 personarum
2727 1952 2786 2006 in
2831 1953 2935 2007 hac
2961 1953 3252 2008 voluntate
3281 1944 3539 2008 detectus

1910 2047 2102 2114 fuerit,
2126 2046 2171 2101 si
2197 2047 2497 2118 episcopus
2528 2050 2612 2101 est
2632 2047 2814 2100 tribus
2839 2046 3126 2102 mensibus
3149 2063 3208 2100 se
3230 2047 3539 2118 suspendat

1912 2158 1946 2196 a
1971 2141 2397 2211 communione,
2421 2140 2716 2212 presbyter
2740 2140 2960 2195 duobus
2987 2140 3278 2194 mensibus
3295 2156 3354 2195 se
3371 2139 3538 2195 absti-

1909 2238 2062 2304 neat,
2087 2234 2357 2290 diaconus
2381 2250 2514 2290 vero
2541 2233 2610 2289 ab
2635 2233 2793 2289 omni
2819 2233 3004 2290 officio
3026 2235 3114 2289 vel
3133 2234 3538 2291 communione

1912 2327 2171 2384 cessabit.

1981 2424 2110 2477 LVI.
2141 2424 2204 2478 In
2247 2421 2680 2491 venditionibus,
2709 2439 2850 2495 quas
2893 2423 3128 2479 abbates
3173 2424 3360 2479 facere
3390 2440 3532 2495 pra-

1910 2520 2162 2585 sumunt,
2194 2516 2317 2571 hac
2345 2517 2530 2571 forma
2569 2521 2838 2584 servetur,
2867 2522 2930 2573 ut
2955 2515 3231 2588 quidquid
3260 2517 3380 2572 sine
3413 2517 3533 2588 epi-

1911 2611 2063 2682 scopi
2085 2608 2281 2666 notitia
2298 2609 2592 2665 venditum
2620 2610 2813 2681 fuerit,
2835 2610 2908 2665 ad
2927 2614 3265 2682 potestatem
3291 2610 3537 2682 episcopi

1909 2708 2225 2774 revocetur,
2253 2704 2533 2776 mancipia
2557 2721 2693 2759 vero
2737 2705 3032 2760 monachis
3077 2705 3282 2760 donata
3318 2704 3388 2759 ab
3433 2704 3530 2759 ab-

1909 2801 2040 2855 bate
2061 2815 2176 2853 non
2195 2798 2360 2854 liceat
2387 2797 2738 2866 manumitti,
2761 2799 3038 2869 injustum
3066 2797 3220 2853 enim
3239 2801 3532 2870 putamus,

1909 2897 1976 2949 ut
2013 2892 2308 2948 monachis
2354 2893 2746 2965 quotidianum
2789 2893 2976 2948 rurale
3009 2909 3151 2964 opus
3176 2892 3533 2960 facientibus,

1911 2988 2056 3044 servi
2081 3005 2281 3044 eorum
2308 2987 2586 3042 libertatis
2615 2988 2728 3042 otio
2758 2987 3068 3059 potiantur.

1976 3083 2106 3139 LVI.
2139 3085 2333 3140 Unum
2357 3081 2829 3137 abbatemduobu
2852 3099 2878 3135 s
2910 3081 3267 3138 monasteriis
3294 3080 3530 3138 interdi-

177 3183 564 3239 nedictionem
610 3180 912 3236 sacerdotis
942 3180 1140 3251 egredi
1169 3179 1409 3251 populus
1446 3196 1564 3235 non
1591 3197 1804 3252 prasu-
1828 3208 1882 3282 Ο
1908 3177 2089 3232 cimus
2114 3175 2438 3248 prasidere.

178 3283 316 3345 mat,
353 3276 454 3348 qui
500 3276 547 3329 si
585 3274 844 3344 fecerint,
875 3275 944 3328 ab
992 3274 1254 3346 episcopo
1289 3273 1513 3346 publice
1563 3274 1803 3330 confun-

179 3371 409 3426 dantur.

249 3465 468 3520 XLVIII.
500 3464 571 3518 Ut
611 3463 680 3518 de
709 3463 880 3518 rebus
918 3461 1165 3534 episcopi
1214 3460 1460 3532 propriis
1491 3463 1580 3516 vel
1612 3462 1804 3534 acqui-

179 3558 318 3625 sitis,
351 3559 442 3612 vel
470 3557 748 3628 quidquid
775 3557 1073 3628 episcopus
1113 3556 1183 3610 de
1221 3571 1323 3609 suo
1347 3556 1581 3627 pr0prio
1611 3556 1802 3624 habet,

175 3651 498 3707 haredibus
541 3650 654 3705 suis
705 3650 749 3704 si
793 3649 1036 3705 voluerit
1095 3648 1476 3719 derelinquat,
1525 3649 1805 3721 quidquid

173 3761 307 3800 vero
360 3745 433 3799 de
487 3743 809 3815 provisione
861 3743 1108 3798 ecclesia
1173 3759 1288 3797 sua
1336 3742 1525 3811 fuerit,
1567 3743 1682 3798 sive
1735 3743 1805 3799 de

173 3839 343 3910 agris,
374 3838 489 3893 sive
523 3838 591 3893 de
619 3837 898 3908 frugibus,
929 3837 1041 3891 sive
1073 3837 1144 3890 de
1172 3836 1576 3905 oblationibus,
1608 3836 1806 3892 omnia

166 3934 295 4003 jure
328 3931 579 3987 ecclesiae
610 3947 897 3986 reservare
928 3929 1274 3985 censuimus.

243 4027 416 4083 XLIX.
447 4026 717 4081 Diacones
759 4024 846 4079 vel
887 4023 1206 4096 presbyteri
1249 4025 1308 4078 in
1353 4024 1625 4094 parochia
1666 4041 1801 4079 con-

175 4120 356 4175 stituti
380 4120 451 4174 de
481 4119 655 4174 rebus
687 4118 937 4173 ecclesia
981 4118 1088 4171 sibi
1123 4117 1352 4173 creditis
1382 4117 1525 4172 nihil
1554 4117 1806 4174 audeant

174 4216 554 4280 commutare,
580 4213 831 4267 vendere
868 4212 958 4266 vel
999 4212 1231 4282 donare,
1265 4211 1396 4283 quia
1440 4227 1527 4266 res
1572 4217 1804 4266 sacrata

175 4309 284 4362 Deo
311 4324 430 4362 esse
474 4309 806 4362 noscuntur.
837 4305 1111 4361 Similiter
1137 4309 1194 4359 et
1219 4305 1539 4359 sacerdotes
1566 4305 1710 4359 nihil
1735 4306 1803 4360 de

174 4402 342 4456 rebus
371 4400 621 4456 ecclesia
651 4399 754 4454 sibi
785 4399 1103 4454 commissa
1137 4401 1216 4463 (ut
1258 4398 1516 4470 superius
1543 4415 1802 4470 compre-

172 4495 416 4550 hensum
444 4493 544 4566 est)
580 4493 828 4548 alienare
856 4495 1232 4564 prasumant;
1279 4493 1432 4564 quod
1477 4492 1525 4546 si
1567 4492 1804 4547 fecerint

1980 3276 2148 3330 LVIII.
2177 3274 2419 3328 Cellulas
2445 3288 2640 3343 novas,
2671 3276 2769 3328 aut
2812 3274 3390 3345 congregatiunculas
3420 3289 3537 3328 mo-

1906 3373 2219 3428 nachorum
2247 3372 2461 3444 absque
2487 3371 2692 3427 notitia
2720 3371 2965 3443 episcopi
2993 3371 3358 3443 prohibemus
3373 3362 3536 3428 insti-

1903 3467 2008 3522 tui.

1975 3561 2103 3620 LIX.
2127 3560 2329 3616 Clerici
2354 3559 2590 3632 quilibet
2616 3577 2969 3633 quacunque
2998 3561 3371 3616 diuturnitate
3395 3563 3533 3615 tem-

1905 3655 2056 3726 poris
2086 3655 2154 3710 de
2180 3654 2426 3709 ecclesia
2451 3655 2912 3710 remuneratione
2950 3655 3326 3727 possederint,
3355 3655 3415 3710 in
3437 3655 3534 3726 jus

1905 3748 2201 3820 proprium
2215 3747 2642 3819 praescriptione
2659 3749 2930 3821 temporis
2940 3766 3054 3804 non
3063 3753 3354 3820 vocentur,
3369 3749 3533 3804 dum-

1907 3842 2082 3897 modo
2110 3845 2306 3913 pateat
2334 3842 2582 3898 ecclesia
2606 3858 2729 3898 rem
2749 3843 3028 3912 fuisse,ne
3044 3843 3342 3898 videantur
3361 3843 3532 3899 etiam

1907 3936 2154 4008 episcopi
2195 3935 2708 3992 administrationes
2749 3937 3012 4008 prolixas,
3048 3941 3147 3992 aut
3189 3937 3534 4009 precatorias

1905 4046 2036 4084 cum
2060 4028 2302 4085 ordinati
2331 4035 2463 4085 sunt
2487 4030 2673 4086 facere
2715 4030 2999 4100 debuisse,
3028 4034 3127 4086 aut
3160 4030 3257 4086 diu
3285 4033 3535 4086 retentas

1902 4122 2198 4179 facultates
2239 4122 2299 4178 in
2335 4125 2430 4194 jus
2479 4123 2842 4196 proprietatis
2889 4141 3005 4179 sua
3053 4141 3220 4196 posse
3266 4124 3529 4180 transcri-

1902 4215 2058 4272 bere.

1975 4310 2079 4364 LX.
2113 4310 2324 4381 Lapsis,
2356 4310 2414 4366 id
2439 4313 2525 4365 est
2550 4311 2646 4382 qui
2692 4311 2753 4366 in
2795 4312 3069 4368 catholica
3114 4314 3225 4369 ﬁde
3268 4313 3532 4385 baptizati

1903 4405 2051 4470 sunt,
2081 4402 2126 4456 si
2155 4403 2622 4474 pravaricatione
2648 4405 2961 4461 damnabili
3002 4411 3130 4478 post
3166 4407 3226 4462 in
3267 4406 3528 4462 haresim

1903 4495 2250 4566 transierint,
2260 4497 2536 4568 grandem
2549 4498 2826 4555 redeundi
2842 4501 3052 4555 difticul
3061 4504 3233 4556 tatem
3245 4501 3428 4555 sanxit
3438 4518 3535 4555 an-

172 4587 413 4644 convicti
454 4588 513 4641 in
559 4586 814 4653 consilio,
844 4591 902 4641 et
927 4585 997 4640 ab
1038 4586 1254 4640 honore
1305 4585 1564 4655 depositi,
1598 4585 1670 4639 de
1701 4602 1801 4640 suo
1821 4583 1880 4654 D
1903 4589 2156 4660 tiquitas,
2191 4590 2399 4662 quibus
2427 4607 2533 4646 nos
2559 4609 2842 4647 annorum
2874 4594 3238 4648 multitudine
3278 4593 3534 4648 breviata

173 4682 324 4736 aliud
372 4681 673 4736 restituant
707 4683 985 4752 quantum
1026 4679 1132 4733 visi
1175 4682 1307 4732 sunt
1356 4678 1803 4749 prasumpsisse.

175 4779 314 4831 Sane
344 4776 392 4829 si
421 4775 547 4847 quis
572 4791 675 4846 pro
718 4773 971 4846 qualibet
1018 4772 1346 4829 conditione
1394 4773 1464 4826 de
1504 4772 1672 4827 rebus
1715 4789 1802 4827 ec-

173 4870 355 4924 clesia
381 4868 600 4939 aliquid
630 4868 879 4923 alienare
904 4866 1349 4938 praesumpserit,
1379 4865 1422 4919 si
1455 4865 1525 4919 de
1556 4881 1656 4919 suo
1680 4882 1807 4938 pro-

173 4963 296 5034 prio
326 4966 554 5017 tantum
606 4961 855 5016 ecclesia
901 4959 1207 5016 contulerit
1235 4962 1517 5031 quantum
1540 4959 1692 5015 visus
1721 4964 1806 5015 est

174 5056 487 5125 abstulisse,
520 5060 656 5110 tunc
682 5056 912 5110 demum
956 5055 1107 5110 istud
1149 5058 1298 5109 stare
1323 5053 1538 5123 licebit,
1571 5053 1804 5109 libertos

173 5152 363 5203 tamen
403 5166 545 5221 quos
574 5149 888 5204 sacerdotes
913 5149 1003 5203 vel
1032 5148 1296 5202 diaconos
1341 5148 1410 5202 de
1440 5146 1674 5202 ecclesia
1698 5147 1805 5203 sibi

172 5243 472 5298 commissa
511 5245 694 5298 facere
720 5242 1002 5298 voluerint
1044 5246 1199 5296 actus
1247 5241 1495 5296 ecclesia
1539 5243 1804 5314 prosequi

165 5336 447 5405 jubemus,
482 5337 634 5408 quod
660 5337 704 5390 si
745 5337 926 5391 facere
971 5336 1438 5408 contempserint,
1466 5333 1680 5407 placuit
1706 5352 1803 5391 eos

172 5430 236 5483 ad
261 5431 562 5501 proprium
587 5431 795 5485 reverti
813 5429 1123 5485 servitium.

240 5527 296 5579 L.
327 5524 385 5579 Si
421 5523 737 5595 episcopus,
769 5521 1068 5596 presbyter
1111 5525 1210 5577 aut
1252 5522 1518 5578 diaconus
1561 5523 1803 5595 capitale

172 5617 384 5671 crimen
416 5617 785 5685 commiserit,
816 5621 917 5672 aut
953 5615 1206 5672 chartam
1236 5617 1536 5686 falsaverit,
1566 5622 1664 5672 aut
1687 5621 1800 5673 tes-

172 5710 476 5765 timonium
505 5711 714 5766 falsum
737 5711 964 5779 dixerit,
987 5711 1056 5765 ab
1079 5709 1250 5766 ofﬁcii
1271 5710 1489 5766 honore
1514 5711 1803 5783 depositus

171 5803 229 5857 in
279 5805 698 5860 monasterium
753 5805 1099 5872 retrudatur,
1153 5806 1210 5858 et
1258 5803 1335 5858 ibi
1399 5807 1800 5861 tantummodo

174 5897 425 5968 quamdiu
452 5899 649 5954 vixerit
678 5898 875 5955 laicam
910 5897 1373 5953 communionem
1406 5897 1658 5968 accipiat.

1905 4683 2296 4755 panitentiam
2337 4683 2554 4739 biennii
2589 4685 2911 4741 conditione
2941 4687 3308 4757 infrascripta
3337 4686 3528 4744 Obser-

1905 4777 2146 4832 vationis
2189 4777 2558 4850 imponimus,
2589 4783 2653 4835 ut
2700 4781 3028 4852 prascripto
3074 4779 3326 4850 biennio,
3361 4781 3529 4835 tertio

1905 4871 2029 4927 sine
2055 4872 2408 4928 relaxatione
2431 4873 2711 4944 jejunent,
2737 4878 2793 4929 et
2812 4874 3103 4928 ecclesiam
3128 4875 3396 4930 studeant
3425 4875 3534 4929 fre-

1907 4972 2207 5037 quentare,
2242 4966 2302 5020 in
2329 4966 2709 5038 paenitentum
2745 4969 2864 5022 loco
2892 4967 3074 5022 standi
3107 4973 3164 5024 et
3192 4968 3391 5024 orandi
3419 4970 3528 5023 hu-

1903 5059 2206 5114 militatem
2250 5061 2329 5115 ita
2371 5062 2635 5116 noverint
2660 5062 3096 5129 observandam,
3123 5065 3190 5117 ut
3223 5063 3394 5118 etiam
3424 5063 3530 5135 ipsi

1905 5169 2032 5207 cum
2067 5154 2462 5210 catechumeni
2500 5155 2692 5224 egredi
2717 5159 3170 5224 commonentur,
3202 5156 3528 5226 abscedant,

1904 5246 2007 5300 hoc
2029 5246 2072 5300 si
2104 5247 2400 5302 observare
2425 5248 2703 5302 voluerint
2725 5247 3030 5302 constituto
3055 5252 3314 5322 tempore
3333 5241 3554 5323 admit-f

1903 5340 2085 5395 tendis
2099 5341 2172 5394 ad
2185 5341 2448 5395 altarium
2467 5341 2782 5396 observatio
2797 5343 3109 5413 relaxetur;
3122 5343 3277 5415 quod
3289 5344 3334 5398 si
3351 5343 3533 5399 ardua

1902 5434 1987 5488 vel
2016 5433 2156 5488 dura
2195 5433 2338 5490 forte
2380 5434 2723 5504 putaverint,
2750 5437 2965 5508 statuta
2992 5437 3414 5508 prateritorum
3447 5453 3532 5491 ca-

1903 5543 2122 5580 nonum
2152 5503 2399 5598 implere
2419 5527 2728 5583 debebunt.
2737 5503 2762 5678 ζ

1973 5620 2102 5674 LXI.
2135 5621 2208 5674 De
2241 5621 2466 5676 incestis
2493 5622 2738 5678 coniunc

1973 5620 2102 5674 LXI.
2135 5621 2208 5674 De
2241 5621 2466 5676 incestis
2493 5620 2986 5692 conjunctionibus
3012 5624 3154 5680 nihil
3179 5639 3404 5695 prorsus
3430 5636 3526 5676 ve-

1903 5713 2015 5769 nia
2053 5730 2424 5783 reservamus,
2457 5715 2565 5770 nisi
2605 5732 2735 5771 cum
2779 5717 3120 5773 adulterium
3165 5714 3526 5788 separatione

1904 5808 2240 5878 sanaverint,
2291 5809 2535 5864 incestos
2595 5827 2726 5865 vero
2773 5811 2930 5866 nullo
2986 5808 3235 5879 conjugii
3295 5807 3525 5862 nomine

1905 5901 2282 5974 deputandos,
2305 5919 2449 5977 quos
2467 5904 2638 5961 etiam
2659 5904 2956 5976 designare
2974 5902 3266 5957 funestum
3294 5904 3396 5972 est,
3420 5901 3524 5956 hos
