4054 6302
517 345 618 398 407

1413 339 1699 394 ΛΡΡΕΝΙ).
1737 339 1825 392 ΑΙ)
1865 336 2025 392 S.EC.
2068 335 2154 391 1X.
2184 363 2251 372 —
2292 333 2536 390 lSlDORI
2574 333 3000 390 MERCATORIS

3787 337 3896 389 408

516 450 674 505 enim
690 461 989 504 censemus
1005 464 1125 502 esse
1143 447 1187 501 si
1205 445 1332 517 quis
1357 445 1614 500 relictam
1641 443 1830 500 fratris
1851 459 1978 515 quae
1998 459 2147 514 pene
2169 453 2229 527 Α
2319 441 2466 497 LXV.
2503 440 2787 504 Quoniam
2814 457 2929 494 non
2958 441 3181 510 oportet
3206 439 3500 512 diaconem
3521 440 3721 495 sedere
3745 458 3894 512 pren-

519 545 679 615 prius
703 559 865 597 soror
894 541 1186 596 exstiterat
1209 538 1420 595 carnali
1441 537 1833 611 conjunctione
1861 536 2149 608 polluerit.

520 637 580 692 Si
605 636 730 707 quis
755 636 933 690 frater
960 650 1299 706 germanam
1330 648 1565 687 uxorem
1603 631 1908 703 acceperit,
1941 630 1986 684 si
2023 629 2153 701 quis

519 745 825 785 novercam
853 729 1096 797 duxerit,
1127 727 1172 781 si
1200 726 1324 798 quis
1355 725 1707 781 consobrinae
1749 741 1808 778 se
1837 723 2150 790 sociaverit,

518 823 564 878 si
599 823 726 894 quis
750 821 961 877 relictae
988 820 1074 876 vel
1109 820 1244 874 ﬁliae
1275 818 1542 875 avunculi
1567 819 1893 884 misceatur,
1927 819 2027 872 aut
2051 833 2150 887 pa-

518 917 593 972 tri
620 915 753 970 liliaa
779 915 865 970 vel
893 914 1173 986 privignae
1202 931 1336 976 suae,
1371 917 1468 968 aut
1511 911 1607 984 qui
1647 928 1713 966 ex
1742 911 1979 983 propria
2016 927 2152 965 con-

518 1009 895 1080 sanguinitate
927 1009 1203 1079 aliquam,
1234 1011 1334 1062 aut
1364 1023 1537 1078 quam
1565 1004 2020 1076 consanguineus
2050 1004 2152 1057 ha-

519 1104 642 1157 buit
678 1102 1004 1170 concubitu,
1038 1101 1278 1173 polluat,
1306 1103 1405 1154 aut
1441 1099 1664 1153 duxerit
1709 1114 1969 1153 uxorem.
2003 1097 2155 1162 Quos

521 1212 718 1250 omnes
743 1199 800 1250 et
837 1195 976 1250 olim
1009 1198 1183 1266 atque
1212 1193 1314 1246 sub
1351 1193 1460 1246 hac
1485 1192 1886 1248 constitutione
1912 1191 2155 1246 incestos

519 1306 640 1345 esse
664 1305 777 1344 non
805 1288 1154 1353 dubitamus,
1174 1292 1232 1341 et
1255 1286 1405 1340 inter
1423 1287 1857 1341 catechumenos
1882 1301 2063 1356 usque
2083 1285 2156 1339 ad

518 1383 841 1453 legitimam
877 1380 1325 1436 satisfactionem
1351 1395 1582 1434 manere
1614 1384 1670 1434 et
1699 1395 1862 1433 orare
1892 1377 2152 1449 praecipi-

518 1491 668 1542 mus,
717 1474 869 1546 quod
917 1474 999 1528 ita
1045 1473 1313 1544 praesenti
1359 1478 1621 1543 tempore
1664 1471 2057 1543 prohibemus,
2095 1473 2159 1524 ut

519 1584 582 1622 ea
621 1583 750 1638 quae
794 1573 926 1622 sunt
971 1567 1241 1620 hactenus
1285 1565 1562 1634 instituta,
1596 1581 1714 1619 non
1761 1563 2152 1619 dissolvamus.

521 1661 667 1715 Sane
731 1660 938 1731 quibus
998 1658 1327 1730 conjunctio
1377 1658 1572 1713 illicita
1620 1657 1998 1724 interdicitur,
2054 1657 2153 1711 ha-

520 1753 738 1807 bebunt
763 1752 1000 1807 ineundi
1029 1751 1283 1807 melioris
1312 1751 1566 1822 conjugii
1596 1750 1939 1805 libertatem.

2253 537 2411 589 sente
2434 535 2783 606 presbytero,
2815 533 2914 589 sed
2941 550 3011 588 ex
3034 532 3291 604 jussione
3319 534 3641 606 presbyteri
3670 534 3893 599 sedeat,

2251 627 2514 682 similiter
2557 631 2750 684 autem
2797 627 3208 682 honoriﬁcetur
3250 627 3516 682 diaconus
3552 644 3586 682 a
3615 626 3899 684 ministris

2253 720 2620 776 inferioribus
2650 724 2708 776 et
2734 719 2998 777 omnibus
3025 719 3261 775 clericis.

2325 815 2498 869 LXVI.
2529 814 2812 878 Quoniam
2843 829 2958 868 non
2989 815 3214 884 oportet
3242 813 3299 868 in
3329 816 3572 868 sacratos
3599 813 3898 870 ministros

2253 907 2544 963 licentiam
2589 907 2798 962 habere
2843 907 2902 962 in
2945 906 3334 977 secretarium,
3363 907 3516 978 quod
3560 907 3740 963 Graeci
3771 907 3896 961 dia-

2256 1001 2495 1055 conicon
2558 1000 2867 1071 appellant,
2936 998 3194 1070 ingredi,
3249 1004 3307 1055 et
3361 1016 3492 1056 vasa
3561 1000 3898 1071 contingere

2255 1093 2569 1149 Dominica.

2326 1187 2524 1241 LXVII.
2543 1187 2826 1250 Quoniam
2856 1203 2974 1242 non
3007 1191 3229 1258 oportet
3253 1203 3384 1242 cum
3414 1187 3682 1242 omnibus
3712 1188 3897 1244 haere-

2255 1281 2382 1334 ticis
2414 1279 2654 1334 miscere
2685 1280 2992 1352 connubia,
3024 1281 3112 1335 vel
3142 1279 3288 1336 ﬁlios
3313 1281 3402 1335 vel
3430 1281 3576 1336 ﬁlias
3605 1282 3763 1350 dare,
3794 1282 3897 1336 sed

2256 1373 2447 1445 potius
2476 1374 2754 1445 accipere,
2776 1375 2824 1428 si
2843 1377 3042 1428 tamen
3065 1374 3412 1445 profitentur
3438 1374 3786 1432 Christianos
3807 1377 3900 1430 fu-

2257 1471 2412 1522 turos
2441 1483 2563 1522 esse
2587 1472 2643 1522 et
2669 1467 2996 1522 catholicos.

2328 1563 2543 1617 LXVIII.
2570 1561 2850 1625 Quoniam
2880 1577 2994 1615 non
3022 1563 3244 1632 oportet
3272 1561 3560 1616 ministros
3587 1562 3782 1618 altaris
3797 1566 3901 1618 aut

2257 1655 2491 1710 clericos
2532 1671 2732 1726 magos
2763 1660 2819 1709 et
2845 1655 3225 1710 incantatores
3253 1671 3394 1723 esse,
3424 1660 3522 1711 aut
3549 1655 3736 1711 facere
3763 1673 3900 1728 quae

2257 1749 2472 1816 dicunt,
2503 1749 2870 1820 phylacteria,
2901 1765 3030 1820 quae
3069 1751 3202 1803 sunt
3243 1765 3457 1821 magna
3508 1749 3900 1822 obligamenta

594 1846 745 1902 LXII.
791 1845 849 1901 Si
879 1845 1006 1918 quis
1036 1861 1262 1899 servum
1299 1844 1598 1917 proprium
1643 1843 1765 1898 sine
1809 1844 2158 1899 conscientia
2175 1821 2234 1893 Β
2260 1841 2608 1910 animarum,
2633 1842 2734 1896 hos
2757 1845 2946 1897 autem
2968 1842 3065 1914 qui
3085 1842 3294 1897 talibus
3314 1845 3574 1912 utuntur,
3595 1843 3803 1915 projici
3825 1843 3900 1898 ab

513 1938 724 2011 judicis
766 1937 1056 2008 occiderit,
1088 1937 1676 1994 excommunicatione
1702 1936 1791 1990 vel
1819 1936 2159 2008 poenitentia

520 2032 734 2089 biennii
762 2037 988 2087 reatum
1021 2031 1313 2103 sanguinis
1341 2031 1687 2086 emendabit.

594 2128 769 2182 LXIII.
806 2128 876 2181 Ut
903 2125 1054 2180 cives
1081 2125 1178 2196 qui
1222 2125 1582 2196 superiorum
1622 2124 2067 2193 solemnitatum,
2099 2125 2159 2180 id

519 2225 624 2289 est,
651 2220 883 2284 Paschae
908 2236 973 2273 ac
1001 2218 1201 2273 natalis
1227 2217 1475 2285 Domini,
1506 2217 1597 2272 vel
1624 2219 1979 2272 Pentecostes
2007 2217 2158 2272 festi-

518 2313 789 2370 vitatibus
817 2329 948 2367 cum
980 2312 1260 2383 episcopis
1304 2311 1577 2366 interesse
1617 2311 1980 2382 neglexerint
2010 2310 2160 2382 (cum

520 2408 582 2462 in
611 2406 930 2461 civitatibus
969 2405 1392 2460 communionis
1417 2405 1504 2459 vel
1547 2404 1958 2460 benedictionis
2008 2405 2156 2460 acci-

519 2501 745 2573 piendae
789 2516 956 2554 causa
985 2498 1197 2570 positos
1224 2515 1283 2552 se
1332 2513 1497 2553 nosse
1535 2497 1820 2570 debeant),
1851 2498 2100 2554 triennio
2126 2515 2160 2553 a

523 2593 934 2650 communione
962 2592 1254 2664 priventur
1285 2591 1558 2647 ecclesiae.

591 2687 759 2743 LXIV.
795 2687 853 2742 Si
885 2686 1013 2758 quis
1040 2686 1100 2740 in
1133 2685 1282 2740 clero
1314 2685 1654 2740 constitutus
1693 2685 1764 2739 ab
1792 2685 2029 2740 ecclesia
2058 2703 2161 2740 sua

522 2781 722 2836 diebus
748 2780 1093 2836 solemnibus
1122 2778 1385 2844 defuerit,
1415 2777 1474 2832 id
1501 2781 1602 2845 est,
1634 2778 1923 2833 nativitate
1958 2779 2156 2833 Domi-

521 2873 602 2940 ni,
629 2873 961 2944 Epiphania,
1004 2872 1242 2942 Pascha,
1275 2872 1361 2926 vel
1397 2872 1747 2938 Pentecoste,
1789 2871 1927 2925 dum
1972 2871 2159 2942 potius

523 2967 796 3039 singulari
823 2967 982 3020 lucro
1023 2965 1269 3033 studeat,
1296 2981 1475 3036 quam
1521 2963 1749 3018 servitio
1795 2981 1895 3018 suo
1934 2981 2156 3037 parere,

525 3060 793 3116 convenit
831 3063 891 3113 ut
936 3057 1182 3114 triennio
1223 3075 1253 3112 a
1301 3057 1709 3112 communione
1757 3059 2155 3130 suspendatur.

526 3152 803 3209 Similiter
836 3152 1104 3208 diaconus
1121 3151 1210 3206 vel
1239 3151 1536 3223 presbyter
1559 3151 1604 3204 si
1629 3156 1741 3206 tres
1767 3151 2158 3207 hebdomadas

524 3247 595 3300 ab
629 3246 862 3302 ecclesia
905 3262 1006 3301 sua
1047 3245 1310 3312 defuerit,
1336 3243 1467 3302 huic
1497 3244 1848 3303 damnationi
1892 3261 2155 3302 succum-

527 3339 644 3394 bat.

2260 1935 2492 1991 ecclesia
2515 1935 2812 2006 jussimus.

2329 2029 2498 2084 LXIX.
2522 2029 2923 2084 Seditionarios
2943 2045 3240 2100 nunquam
3267 2029 3614 2085 ordinandos
3635 2030 3897 2101 clericos,

2259 2121 2403 2177 sicut
2427 2139 2534 2177 nec
2564 2123 2874 2191 usurarios,
2902 2123 2988 2178 vel
3015 2123 3360 2194 injuriarum
3395 2139 3631 2180 suarum
3658 2124 3896 2180 ultores.

2331 2216 2472 2270 LXX.
2503 2215 2783 2271 Clericum
2813 2217 3111 2271 scurrilem
3143 2223 3199 2272 et
3223 2216 3409 2273 verbis
3440 2217 3702 2289 turpibus
3719 2218 3895 2291 jocu-

2258 2309 2458 2377 larem,
2487 2308 2558 2363 ab
2586 2309 2775 2363 ofﬁcio
2809 2309 3242 2365 retrahendum.

2332 2402 2501 2457 LXXI.
2535 2401 2832 2473 Synodum
2861 2402 3038 2458 etiam
3079 2403 3391 2458 secundum
3441 2405 3749 2460 constituta
3796 2407 3903 2460 Pa-

2259 2499 2415 2551 trum
2441 2495 2611 2550 etiam
2641 2496 2806 2550 annis
2833 2496 3074 2568 singulis
3113 2497 3328 2568 placuit
3368 2497 3726 2570 congregari,
3756 2515 3903 2570 quo-

2259 2591 2417 2644 niam
2459 2606 2590 2644 cum
2633 2606 2771 2661 pace
2817 2589 3154 2645 dimittimus
3200 2590 3416 2662 gratias
3478 2592 3591 2646 Deo
3640 2592 3898 2664 agimus,

2261 2686 2489 2739 orantes
2529 2684 2651 2754 ejus
2695 2684 3076 2753 clementiam,
3112 2689 3174 2740 ut
3215 2685 3341 2739 haec
3384 2685 3584 2740 eadem
3616 2685 3802 2741 facere
3833 2687 3900 2741 in

2259 2778 2544 2832 honorem
2586 2777 2811 2832 Domini
2851 2778 3058 2832 multos
3102 2794 3204 2848 per
3233 2795 3414 2833 annos
3440 2778 3737 2850 possimus.
3773 2782 3899 2852 Ego

2258 2870 2530 2926 Caesarius
2557 2871 2614 2924 in
2641 2871 2851 2926 Christi
2877 2871 3114 2926 nomine
3141 2871 3437 2943 episc0pus
3458 2873 3622 2943 juxta
3647 2873 3708 2927 id
3736 2873 3902 2944 quod

2261 2963 2541 3018 universis
2606 2965 2958 3036 coepiscOpis
3017 2965 3158 3020 meis
3225 2982 3452 3020 mecum
3517 2966 3897 3037 scripserunt,

2257 3057 2472 3129 placuit
2499 3057 2758 3113 instituta
2787 3060 3022 3113 Patrum
3050 3063 3296 3126 secutus,
3330 3059 3420 3114 his
3450 3059 3902 3116 diffinitionibus

2260 3167 2517 3208 annuens
2545 3151 2649 3206 sub
2680 3151 2772 3206 die
2809 3151 3008 3223 quinto
3047 3152 3324 3207 Kalendas
3355 3153 3724 3224 Septembris,
3754 3154 3900 3209 sub-

2259 3244 2473 3315 scripsi,
2507 3245 2772 3301 similiter
2798 3249 2855 3302 et
2883 3245 2982 3302 alii
3008 3245 3484 3318 subscripserunt.

2329 3338 2565 3409 Explicit
2590 3338 2900 3393 concilium
2937 3339 3283 3412 Agathense.

1247 3639 1649 3706 lNCIPIUNT
1693 3638 2088 3705 CAPITULA
2131 3638 2464 3705 CONCILII
2508 3639 3172 3706 AURELIANENSIS.

598 3817 645 3866 1.
673 3813 751 3868 De
781 3811 1080 3867 homicidis
1097 3815 1153 3869 et
1170 3811 1444 3869 adulteris
1469 3816 1527 3868 et
1552 3812 1794 3883 furibus,
1818 3813 1864 3867 si
1880 3813 1952 3868 ad
1978 3814 2157 3868 eccle-

526 3907 671 3960 siam
700 3906 1083 3977 confugerint.

595 4002 648 4054 2.
681 3999 757 4053 De
783 3998 1109 4070 raptoribus
1135 3999 1208 4054 ad
1237 3998 1536 4054 ecclesiam
1563 3999 2044 4070 confugientibus.

596 4093 650 4147 3.
677 4092 755 4147 De
786 4092 960 4146 servis
986 4091 1031 4146 si
1064 4093 1138 4148 ad
1167 4091 1462 4147 ecclesiam
1492 4093 1871 4166 confugerint.

596 4185 649 4240 4.
683 4186 759 4240 De
793 4201 858 4241 eo
885 4185 984 4258 qui
1025 4186 1096 4241 ab
1141 4185 1402 4258 episcopo
1447 4186 1660 4258 aliquid
1710 4186 1935 4258 repetit,
1963 4191 2027 4242 ut
2053 4204 2156 4260 pro

524 4279 649 4350 ipsa
673 4280 1048 4334 conventione
1073 4279 1144 4334 ab
1171 4281 1405 4336 ecclesia
1431 4298 1542 4336 non
1568 4281 1842 4354 privetur.

596 4377 648 4428 5.
695 4373 755 4430 Si
798 4372 1093 4448 episcopus
1143 4391 1370 4430 servum
1421 4375 1652 4430 alterius
1695 4375 1966 4430 clericum
2012 4375 2157 4432 fece-

525 4466 615 4522 rit.

595 4568 645 4622 6.
676 4565 735 4622 Si
759 4566 1026 4621 diaconus
1054 4571 1153 4623 aut
1176 4567 1473 4640 presbyter
1497 4567 1716 4622 crimen
1741 4566 1979 4639 capitale
2005 4582 2158 4622 com-

523 4658 762 4716 miserit.

591 4758 644 4808 7.
679 4755 756 4809 De
788 4754 876 4809 his
901 4755 1000 4827 qui
1029 4754 1428 4826 paenitentiam
1454 4755 1822 4809 violaverunt.

2332 3818 2416 3869 15.
2452 3817 2523 3870 Ut
2553 3815 2785 3870 abbates
2814 3815 2873 3870 in
2909 3817 3191 3887 potestate
3239 3813 3634 3886 episcoporum
3676 3813 3810 3883 sint,
3839 3818 3897 3868 et

2258 3908 2327 3963 de
2354 3909 2651 3964 monachis
2681 3908 2860 3981 vagis.

2341 4006 2423 4058 16.
2456 4007 2525 4060 Ut
2548 4003 2813 4058 monachi
2841 4001 3088 4058 oratorio
3121 4002 3206 4057 vel
3231 4001 3388 4057 zonis
3417 4017 3535 4056 non
3561 4003 3817 4056 utantur.

2332 4107 2418 4158 17.
2450 4101 2507 4156 Si
2543 4098 2856 4154 monachus
2882 4113 3113 4151 uxorem
3147 4095 3385 4150 duxerit.

2332 4199 2418 4252 18.
2451 4195 2523 4250 Ut
2547 4192 2862 4248 monachus
2895 4189 3014 4244 sine
3060 4189 3347 4261 permissu
3377 4188 3624 4261 episcopi
3652 4187 3743 4244 vel
3785 4188 3891 4243 ab-

2255 4289 2404 4346 batis
2432 4287 2660 4343 cellulas
2686 4301 2805 4340 non
2833 4285 3142 4339 construat.

2329 4386 2415 4438 19.
2472 4381 2561 4455 Si_
2595 4378 2872 4451 episcopis
2935 4378 3208 4448 cuiquam
3267 4379 3510 4432 terrulas
3561 4375 3894 4448 praestiterit

2256 4475 2596 4534 excolendas
2621 4473 2741 4528 sine
2770 4471 3102 4544 praejudicio
3135 4470 3283 4542 juris
3316 4470 3564 4527 ecclesiae
3606 4469 3891 4525 tenebun-

2262 4575 2373 4626 tur.

2324 4667 2413 4720 20.
2445 4664 2514 4718 Ut
2539 4664 2670 4717 ante
2698 4659 2913 4715 Pascha
2939 4657 3374 4730 quadragesima
3405 4660 3685 4712 teneatur.

2325 4762 2414 4814 21.
2443 4757 2513 4812 Ut
2538 4756 2730 4811 nullus
2773 4753 2980 4809 civium
3008 4752 3334 4808 festivitates
3377 4750 3627 4823 majores
3667 4750 3726 4805 in
3756 4749 3890 4806 villa

593 4848 647 4902 8.
670 4848 727 4902 Si
751 4848 1047 4920 presbyter
1076 4853 1175 4904 aut
1200 4849 1468 4904 diaconus
1489 4864 1549 4902 se
1569 4864 1672 4918 pro
1692 4850 1854 4902 reatu
1875 4847 2063 4919 aliquo
2083 4847 2153 4901 ab
2255 4851 2525 4908 celebret.

523 4940 878 4996 Eucharistia
903 4941 1279 5014 suspenderit.

2323 4949 2412 5001 22.
2448 4946 2519 4999 Ut
2546 4941 2787 5014 populus
2827 4941 2958 4995 ante
2989 4940 3336 5012 completam
3362 4938 3596 4993 missam
3628 4940 3686 4992 et
3712 4930 3885 4992 bene-

597 5036 649 5088 9.
685 5034 744 5089 Si
785 5035 978 5090 relicta
1021 5035 1337 5109 presbyteri
1379 5041 1476 5090 aut
1522 5033 1748 5089 diaconi
1794 5033 1893 5089 alii
1931 5051 1991 5089 se
2017 5051 2151 5090 con-
2172 5074 2232 5146 D
2257 5039 2569 5094 dictionem
2600 5039 2894 5106 acceptam
2925 5033 3124 5105 egredi
3150 5050 3264 5088 non
3291 5034 3620 5104 praesumat.

518 5126 790 5197 junxerit.

599 5223 683 5274 10.
714 5221 790 5277 De
818 5221 907 5276 his
935 5239 1062 5294 quae
1087 5223 1146 5277 in
1175 5223 1376 5278 altario
1408 5222 1744 5278 offeruntur.

599 5317 684 5369 ll.
713 5316 792 5370 De
817 5316 906 5372 his
931 5333 1061 5388 quae
1089 5333 1122 5370 a
1148 5316 1407 5372 fidelibus
1433 5317 1494 5372 in
1523 5315 1886 5388 parochianis
1911 5314 2157 5371 ecclesiis

525 5407 862 5464 offeruntur.

598 5506 684 5558 12.
717 5505 788 5558 Ut
833 5503 1130 5574 episcopus
1165 5505 1222 5558 et
1260 5519 1544 5575 pauperes
1589 5509 1644 5560 et
1687 5504 1946 5559 inﬁrmos
1996 5506 2155 5558 tuea-

523 5602 636 5652 tur.

599 5693 684 5744 13.
715 5690 786 5745 Ut
828 5687 1074 5744 basilicae
1112 5689 1172 5743 in
1219 5688 1380 5759 cujus
1425 5689 1709 5746 territorio
1753 5694 1903 5760 sunt,
1941 5690 2000 5746 in
2037 5690 2158 5762 ejus

524 5781 776 5853 episcopi
803 5786 1072 5837 maneant
1096 5784 1394 5854 potestate.

602 5874 684 5929 14.
719 5874 797 5930 De
822 5874 1067 5946 incestis,
1095 5880 1157 5930 ut
1191 5873 1771 5931 excommunicentur.

2329 5136 2418 5188 23.
2448 5135 2521 5191 Ut
2549 5129 2761 5186 litaniaa
2785 5131 2920 5184 ante
2947 5127 3351 5183 Ascensionem
3369 5124 3592 5181 Domini
3610 5125 3891 5180 celebren-

2255 5230 2368 5280 tur.

2328 5320 2416 5374 24.
2459 5318 2538 5372 De
2575 5316 2789 5372 clericis
2828 5315 2927 5387 qui
2974 5315 3045 5370 ad
3083 5313 3336 5369 ofﬁcium
3390 5311 3584 5368 venire
3633 5313 3886 5366 contem-

2259 5416 2425 5469 nunt

2331 5510 2420 5561 25.
2448 5507 2524 5559 De
2553 5503 2941 5559 familiaritate
2970 5504 3372 5557 extranearum
3399 5499 3730 5554 mulierum.

2326 5602 2416 5654 26.
2450 5599 2528 5653 De
2573 5596 2852 5669 religiosis
2902 5594 3266 5652 saecularibus
3308 5593 3406 5666 qui
3449 5590 3890 5649 divinationibus

2259 5691 2581 5748 attendunt.

2326 5789 2414 5841 27.
2433 5785 2595 5850 Quod
2617 5785 2914 5857 episcopus
2931 5784 3022 5842 die
3037 5781 3334 5840 Dominica
3347 5782 3419 5840 ab
3436 5780 3671 5838 ecclesia
3691 5778 3888 5837 abesse

2256 5895 2372 5935 non
2404 5878 2589 5936 debet.
