4054 6290
149 322 253 373 409

1401 321 1872 377 DECRETALIUM
1910 324 2296 380 COLLECTIO.

775 525 1191 619 INCIPIT
1294 505 1912 622 CONCILIUM
2002 531 2904 624 AURELIANENSE.

1445 707 1741 788 Triginta
1784 708 2253 790 episcoporum.

218 895 370 950 Cum
413 897 646 949 auctore
697 893 812 950 Deo
855 891 915 949 in
959 894 1356 951 Aurelianensi
1407 896 1544 951 urbe
1597 898 1793 954 fuisset
1811 912 1871 986 Α
1961 899 2047 952 VI.
2098 897 2154 953 Si
2203 897 2448 968 diaconi,
2503 905 2600 955 aut
2647 899 2964 973 presbyteri
3009 902 3231 958 crimen
3287 902 3526 976 capitale

150 987 466 1042 concilium
482 1003 845 1042 summorum
861 989 1179 1044 antistitum
1191 995 1623 1061 congregatum,
1640 1008 1792 1045 com-

150 1079 318 1134 muni
351 1080 612 1136 omnium
658 1083 964 1138 collatione
1006 1083 1370 1154 complacuit,
1410 1087 1471 1138 ut
1499 1084 1604 1138 hoc
1634 1085 1791 1156 quod

150 1173 346 1228 verbis
369 1177 712 1244 statuerunt,
741 1176 917 1230 etiam
948 1176 1252 1248 Scriptura
1272 1177 1599 1232 testimonio
1628 1179 1792 1233 robo-

151 1271 374 1322 rarent.

222 1363 359 1417 CAP.
393 1363 433 1415 [.
463 1360 526 1417 Id
559 1361 956 1418 constituimus
981 1363 1401 1420 observandum
1429 1365 1584 1437 quod
1611 1367 1788 1420 eccle-

151 1453 366 1508 siastici
393 1471 641 1510 canones
671 1456 1064 1525 decreverunt,
1095 1462 1151 1512 et
1173 1458 1264 1513 lex
1294 1459 1556 1514 Romana
1588 1457 1792 1513 consti-

150 1545 281 1615 tuit,
317 1551 381 1602 ut
419 1548 493 1602 ab
537 1549 782 1604 ecclesia
819 1550 994 1619 atriis,
1041 1551 1131 1605 vel
1173 1550 1343 1606 domo
1389 1551 1636 1623 episcopi
1667 1568 1791 1606 reos

153 1641 494 1696 abstrahere
521 1643 756 1698 omnino
785 1659 902 1699 non
928 1643 1114 1712 liceat,
1144 1645 1244 1699 sed
1274 1661 1376 1701 nec
1402 1646 1565 1699 alteri
1603 1644 1788 1700 consi-

154 1734 345 1807 gnari,
368 1735 477 1790 nisi
502 1736 576 1790 ad
601 1737 902 1808 Evangelia
927 1738 1069 1793 datis
1097 1737 1473 1794 sacramentis
1495 1738 1565 1794 de
1586 1744 1787 1810 morte,

153 1833 211 1883 et
241 1827 555 1898 debilitate,
570 1833 628 1885 et
639 1830 897 1886 omnium
910 1848 1209 1903 poenarum
1227 1846 1440 1903 genere
1459 1833 1571 1888 sint
1586 1833 1788 1901 securi,

151 1919 234 1975 ita
260 1925 328 1975 ut
357 1921 413 1976 ei
438 1923 530 1977 cui
556 1940 688 1978 reus
713 1925 887 1980 fuerit
913 1925 1255 1980 criminosus
1299 1925 1368 1980 de
1405 1926 1790 1981 satisfactione

154 2015 488 2083 conveniat;
538 2017 692 2087 quod
719 2017 762 2071 si
802 2035 902 2072 sua
932 2024 1282 2074 sacramenta
1310 2019 1597 2074 convictus
1620 2020 1793 2074 fuerit

153 2107 414 2179 violasse,
461 2124 595 2164 reus
641 2110 899 2182 perjurii,
945 2129 1061 2167 non
1092 2113 1277 2167 solum
1322 2130 1356 2168 a
1383 2113 1790 2168 communione

155 2201 431 2271 ecclesia,
462 2202 550 2258 vel
575 2203 833 2258 omnium
859 2205 1210 2274 clericorum,
1239 2207 1615 2262 verumetiam
1640 2224 1673 2261 a
1703 2223 1791 2262 ca-

1891 990 2302 1059 commiserint,
2347 991 2516 1047 simul
2554 998 2611 1048 et
2657 995 2726 1048 ab
2772 995 2958 1050 ofﬁcio
3012 999 3069 1051 et
3120 997 3526 1054 communione

1890 1084 2202 1154 pellantur.

1963 1179 2070 1233 VII.
2119 1179 2198 1232 De
2228 1176 2316 1232 his
2353 1177 2452 1248 qui
2495 1184 2756 1250 suscepta
2800 1181 3142 1252 poenitentia
3180 1184 3526 1256 religionem

1890 1287 2009 1324 sua
2064 1270 2432 1341 professionis
2485 1272 2644 1326 obliti
2692 1272 2766 1326 ad
2826 1275 3111 1329 sacularia
3167 1277 3524 1347 relabuntur,

1890 1364 2102 1435 placuit
2119 1381 2214 1418 eos
2231 1370 2287 1419 et
2303 1381 2337 1418 a
2353 1365 2760 1420 communione
2781 1367 3070 1438 suspendi,
3097 1373 3154 1422 et
3171 1369 3240 1423 ab
3260 1371 3522 1425 omnium

1891 1457 2303 1512 catholicorum
2329 1458 2598 1513 conviviis
2626 1460 2912 1530 separari;
2949 1461 3105 1532 quod
3130 1462 3178 1516 si
3202 1469 3332 1532 post
3356 1464 3530 1518 inter-

1891 1549 2106 1605 dictum
2124 1567 2255 1606 cum
2272 1551 2351 1606 eis
2371 1552 2673 1623 quisquam
2701 1555 3125 1625 prasumpserit
3153 1556 3522 1625 manducare,

1891 1648 1947 1698 et
1974 1644 2092 1715 ipse
2117 1644 2523 1700 communione
2550 1646 2825 1717 privetur.

1961 1739 2098 1793 Vlll.
2143 1738 2195 1793 Si
2240 1738 2510 1793 diaconus
2553 1740 2638 1794 vel
2680 1741 2978 1812 presbyter
3019 1757 3122 1812 pro
3148 1746 3310 1798 reatu
3338 1759 3440 1798 suo
3469 1760 3529 1798 se

1891 1829 1962 1884 ab
1988 1830 2180 1884 altaris
2224 1831 2626 1888 communione
2670 1834 2772 1888 sub
2823 1835 3152 1905 panitentis
3178 1836 3528 1907 professione

1891 1924 2299 1994 submoverint,
2328 1925 2406 1980 sic
2435 1941 2661 1998 quoque
2707 1926 2753 1980 si
2793 1927 2887 1981 alii
2935 1928 3243 1996 defuerint,
3277 1932 3336 1983 et
3363 1943 3529 1984 causa

1892 2020 2061 2072 certa
2108 2018 2461 2074 necessitatis
2496 2019 2772 2090 exoritur,
2797 2025 3130 2092 poscentem
3179 2023 3530 2094 baptismum

1889 2109 2057 2165 liceat
2085 2111 2392 2182 baptizare.

1961 2205 2045 2260 IX.
2077 2205 2138 2260 Si
2163 2222 2223 2260 se
2255 2205 2572 2278 cuicunque
2601 2207 2810 2263 mulier
2840 2208 3052 2279 duplici
3095 2209 3362 2280 coniugio
3401 2226 3531 2281 pre-

151 2295 501 2350 tholicorum
540 2297 792 2352 convivio
834 2302 1151 2370 separetur.
1200 2299 1361 2364 Quod
1390 2300 1435 2354 si
1466 2300 1512 2353 is
1543 2300 1633 2354 cui
1659 2317 1791 2356 reus
1809 2289 1866 2360 B
1890 2296 2102 2368 sbyteri
2131 2299 2220 2353 vel
2247 2299 2472 2354 diaconi
2520 2299 2716 2355 relicta
2741 2300 3122 2371 conjunxerit,
3152 2307 3252 2357 aut
3275 2302 3530 2374 castigati

156 2393 262 2457 est,
302 2389 576 2457 noluerit,
608 2389 926 2446 intentione
971 2392 1215 2448 faciente
1265 2393 1551 2464 componi,
1583 2397 1640 2448 et
1668 2394 1790 2465 ipse

155 2499 287 2537 reus
317 2482 390 2538 de
421 2483 653 2538 ecclesia
678 2487 836 2540 actus
867 2485 1070 2541 timore
1102 2486 1436 2554 discesserit,
1449 2487 1519 2540 ab
1540 2487 1789 2542 ecclesia

156 2576 374 2632 clericis
403 2595 522 2633 non
549 2583 859 2650 quaeratur.

229 2672 294 2726 II.
342 2672 424 2726 De
465 2673 788 2743 raptoribus
837 2677 1030 2729 autem
1065 2673 1125 2729 id
1169 2675 1627 2730 constituendum
1669 2692 1788 2730 esse

157 2764 504 2833 censuimus,
534 2771 596 2820 ut
621 2766 667 2820 si
693 2767 768 2821 ad
795 2767 1093 2823 ecclesiam
1114 2772 1310 2839 raptor
1327 2786 1457 2823 cum
1477 2774 1637 2841 rapta
1656 2786 1791 2824 con-

155 2859 391 2932 fugerit,
423 2865 480 2914 et
503 2860 782 2915 feminam
795 2861 979 2932 ipsam
997 2861 1324 2916 violentiam
1343 2863 1640 2934 pertulisse
1660 2880 1790 2918 con-

158 2954 384 3021 stiterit,
433 2953 627 3009 statim
671 2953 946 3010 liberetur
988 2955 1058 3009 de
1109 2959 1394 3027 potestate
1437 2956 1703 3027 raptoris,
1733 2962 1791 3012 et

156 3051 352 3119 raptor
382 3047 579 3103 mortis
606 3048 693 3102 vel
721 3065 1019 3119 poenarum
1047 3049 1388 3120 impunitate
1411 3066 1677 3104 concessa
1694 3052 1793 3104 aut

158 3141 444 3196 serviendi
474 3141 789 3196 conditioni
827 3143 1110 3214 subjectus
1137 3143 1228 3210 sit,
1260 3146 1358 3197 aut
1385 3143 1705 3198 redimendi
1730 3159 1788 3197 se

158 3233 401 3289 liberam
432 3233 639 3289 habeat
662 3234 1011 3291 facultatem.
1044 3234 1101 3291 Si
1128 3252 1262 3291 vero
1296 3252 1422 3308 qua
1449 3237 1668 3310 rapitur
1695 3254 1790 3309 pa-

159 3330 304 3383 trem
335 3328 547 3384 habere
577 3328 908 3398 constiterit,
941 3334 996 3385 et
1023 3330 1216 3401 puella
1239 3330 1456 3403 raptori
1487 3347 1788 3387 consense-

159 3423 249 3490 rit,
277 3418 549 3493 potestati
590 3421 766 3493 patris
798 3426 1064 3478 excusata
1111 3423 1400 3492 reddatur,
1447 3428 1505 3478 et
1540 3429 1735 3496 raptor
1758 3442 1792 3479 a

161 3520 318 3587 patre
374 3514 658 3588 superiori
707 3515 1048 3572 conditionis
1105 3512 1472 3573 satisfactioni
1526 3522 1792 3573 teneatur

163 3609 458 3665 obnoxius.

227 3705 318 3760 III.
352 3703 561 3759 Servus
585 3704 684 3776 qui
710 3703 781 3760 ad
808 3705 1104 3760 ecclesiam
1133 3707 1452 3779 confugerit
1474 3723 1576 3778 pro
1605 3706 1791 3778 quali-

160 3792 257 3852 bet
282 3797 472 3869 culpa,
504 3796 549 3851 si
576 3798 805 3853 domino
849 3816 954 3870 pro
993 3799 1240 3854 admissa
1274 3801 1440 3872 culpa
1469 3817 1793 3856 sacramen-

159 3895 281 3946 tum
311 3889 640 3962 susceperit,
673 3892 862 3946 statim
891 3893 965 3947 ad
996 3891 1297 3948 servitium
1339 3893 1556 3948 domini
1594 3894 1680 3950 sui
1713 3910 1796 3949 re-

164 3983 281 4040 dire
312 3990 572 4056 cogatur,
619 3989 676 4040 et
721 3990 916 4056 postea
947 3987 1096 4057 quod
1125 3987 1255 4041 dato
1286 3991 1639 4043 sacramento
1670 3986 1796 4060 98

164 4077 396 4133 domino
426 4077 599 4132 fuerit
623 4079 1010 4149 consignatus,
1043 4079 1090 4134 si
1120 4079 1335 4151 aliquid
1358 4097 1541 4152 poena
1572 4089 1675 4152 pro
1704 4099 1794 4136 ea-

165 4170 297 4227 dem
315 4171 481 4242 culpa
499 4188 533 4225 a
545 4188 655 4243 qua
675 4176 973 4228 excusatur
988 4174 1267 4245 probatus
1280 4173 1452 4230 fuerit
1471 4175 1794 4246 pertulisse,

164 4281 267 4335 pro
298 4267 633 4336 contemptu
670 4265 952 4335 Ecclesia,
1001 4272 1057 4322 et
1105 4267 1571 4337 pravaricatione
1601 4267 1733 4322 fidei
1764 4285 1797 4322 a

168 4358 593 4426 communione,
645 4361 701 4413 et
739 4359 990 4414 convivio
1035 4360 1450 4415 catholicorum
1502 4366 1799 4416 extraneus

169 4451 460 4519 habeatur,
502 4452 550 4505 si
589 4468 721 4507 vero
769 4469 963 4508 servus
1002 4469 1106 4524 pro
1135 4455 1295 4525 culpa
1326 4471 1431 4508 sua
1459 4455 1529 4508 ab
1559 4454 1800 4510 Ecclesia

170 4544 490 4599 defensatus
506 4551 858 4602 sacramenta
881 4547 1104 4602 Domini
1120 4547 1338 4602 clericis
1355 4549 1715 4619 exigentibus
1731 4548 1800 4604 de

168 4637 509 4709 impunitate
537 4641 873 4711 perceperit,
921 4640 1071 4696 exire
1099 4641 1384 4696 nolentem
1410 4659 1443 4694 a
1469 4641 1702 4696 domino
1728 4641 1798 4695 li-

169 4735 290 4786 ceat
317 4733 604 4804 occupari.

237 4826 318 4880 IV.
350 4826 411 4881 Si
438 4826 564 4898 quis
611 4827 680 4882 ab
730 4828 994 4900 episcopo
1023 4847 1148 4899 suo,
1179 4829 1266 4883 vel
1313 4829 1382 4884 de
1426 4829 1683 4895 ecclesia,
1713 4830 1801 4884 vel

169 4915 236 4973 de
255 4918 487 4991 proprio
496 4920 628 4990 jure
657 4921 966 4977 crediderit
1008 4922 1226 4994 aliquid
1249 4923 1318 4977 ad
1339 4923 1736 4994 repetendum,
1757 4922 1803 4976 si

1814 3660 1868 3734 C

1891 2396 2243 2461 separentur,
2272 2395 2371 2447 aut
2389 2395 2540 2448 certe
2567 2393 2612 2448 si
2633 2393 2694 2448 in
2723 2394 3032 2449 criminum
3057 2395 3378 2450 intentione
3399 2412 3529 2466 per-

1888 2483 2138 2539 stiterint
2160 2485 2287 2556 pari
2313 2486 2893 2542 excommunicatione
2920 2489 3259 2559 plectantur.

1958 2580 2018 2633 X.
2071 2579 2346 2649 Antiquos
2397 2596 2644 2634 canones
2701 2581 3020 2652 relegentes
3072 2582 3265 2652 priora
3321 2585 3528 2639 statuta

1889 2671 2174 2726 credimus
2202 2672 2550 2742 renovanda,
2586 2677 2648 2727 ut
2679 2672 2748 2728 de
2777 2673 2864 2728 his
2897 2691 3025 2745 qua
3050 2673 3110 2728 in
3136 2675 3336 2730 altario
3366 2676 3524 2731 obla-

1889 2763 2047 2819 tione
2072 2765 2207 2820 ﬁdei
2234 2767 2628 2836 conferuntur,
2660 2766 3023 2822 medietatem
3072 2767 3367 2840 episcopus
3419 2769 3526 2824 sibi

1889 2858 2156 2928 vindicet,
2190 2865 2249 2913 et
2278 2859 2646 2914 medietatem
2685 2860 2792 2914 sibi
2833 2861 3273 2931 dispensandam
3321 2879 3521 2918 secun-

1889 2952 2026 3006 dum
2058 2953 2271 3023 gradus
2318 2953 2498 3008 clerus
2543 2953 2802 3026 accipiat,
2831 2958 2949 3008 tam
2977 2954 3049 3009 de
3080 2955 3306 3026 pradiis
3354 2973 3528 3028 quam

1890 3045 1960 3100 de
2007 3045 2164 3100 omni
2221 3046 2626 3102 commoditate
2679 3047 2740 3101 in
2798 3048 3199 3120 episcoporum
3254 3054 3529 3120 potestate

1890 3139 2248 3194 durantibus.

1961 3231 2044 3288 XI.
2078 3233 2156 3288 De
2193 3232 2283 3288 his
2312 3249 2440 3305 qua
2469 3231 2753 3305 parochiis
2795 3234 2852 3288 in
2899 3234 3086 3305 terris,
3129 3235 3325 3306 vineis,
3373 3252 3531 3291 man-

1890 3326 2070 3398 cipiis,
2109 3330 2278 3399 atque
2328 3326 2566 3398 peculiis
2610 3327 2936 3399 quicunque
2981 3329 3178 3383 ﬁdeles
3218 3329 3531 3386 obtulerint

1892 3421 2258 3491 antiquorum
2298 3437 2581 3474 canonum
2624 3423 2829 3475 statuta
2875 3426 3120 3490 servent,
3151 3425 3207 3476 et
3244 3423 3440 3477 omnia
3470 3423 3529 3477 in

1891 3513 2137 3586 episcopi
2163 3516 2440 3584 potestate
2469 3512 2803 3580 consistant,
2850 3514 2919 3568 de
2959 3515 3047 3568 his
3091 3519 3285 3570 tamen
3313 3532 3443 3586 qua
3468 3516 3529 3570 in

1893 3607 2094 3662 altario
2120 3605 2475 3674 accesserint,
2507 3606 2676 3662 tertia
2716 3607 2958 3662 ﬁdeliter
3001 3608 3276 3680 episcopis
3307 3609 3527 3664 defera-

1896 3703 2008 3756 tur.

1965 3796 2068 3850 XII.
2098 3794 2407 3867 Episcopus
2441 3792 2810 3866 pauperibus,
2839 3795 2928 3849 vel
2955 3792 3215 3865 inﬁrmis,
3240 3795 3342 3868 qui
3378 3794 3537 3854 debi-

1893 3890 2052 3945 litate
2083 3890 2326 3944 faciente
2357 3905 2473 3944 non
2506 3894 2746 3960 possunt
2796 3888 2912 3944 suis
2957 3886 3220 3946 manibus
3246 3891 3532 3960 laborare,

1895 3985 2107 4039 victum
2136 3987 2195 4038 et
2217 3983 2624 4038 vestimentum
2669 3983 2728 4037 in
2775 3989 3052 4054 quantum
3077 3984 3411 4056 possibilitas
3440 3986 3535 4041 ha—

1896 4077 2105 4145 buerit,
2137 4077 2430 4148 largiatur.

1968 4171 2095 4226 XIII.
2126 4172 2337 4226 Omnes
2379 4170 2627 4225 basilica
2673 4187 2800 4243 qua
2842 4188 2945 4243 per
2986 4172 3204 4228 diversa
3247 4173 3367 4229 loca
3404 4189 3536 4230 con-

1899 4267 2125 4319 structa
2151 4269 2283 4319 sunt
2311 4265 2397 4318 vel
2424 4263 2676 4334 quotidie
2725 4269 3130 4320 construuntur
3174 4267 3408 4338 placuit,
3443 4285 3530 4324 se-

1899 4359 2151 4413 cundum
2189 4357 2452 4429 priorum
2498 4375 2782 4413 canonum
2825 4359 3107 4430 regulam,
3138 4366 3199 4415 ut
3224 4361 3284 4415 in
3313 4362 3395 4415 eis
3422 4362 3539 4433 epi-

1901 4450 2052 4523 scopi
2081 4450 2370 4506 territorio
2399 4449 2458 4503 in
2484 4451 2646 4522 cujus
2680 4451 2882 4522 posita
2913 4455 3064 4520 sunt,
3095 4456 3370 4523 potestate
3397 4471 3536 4509 con-

1899 4546 2114 4601 sistant.
3492 4603 3502 4608 _

1971 4640 2099 4694 XIV.
2143 4639 2223 4693 Ne
2265 4642 2547 4709 superstes
2592 4637 2768 4692 frater
2812 4644 3007 4693 torum
3053 4638 3305 4694 defuncti
3344 4639 3536 4696 fratris

1903 4732 2191 4801 ascendat,
2223 4747 2325 4786 nec
2355 4747 2414 4785 se
2441 4730 2680 4803 quisque
2725 4729 2946 4786 amissa
2986 4732 3177 4786 uxoris
3220 4733 3396 4787 sorori
3436 4749 3535 4789 au-

1903 4827 2030 4880 deat
2055 4825 2287 4894 sociare,
2321 4824 2472 4896 quod
2511 4824 2608 4896 qui
2653 4824 2913 4892 fecerint,
2942 4824 3314 4881 ecclesiastica
3342 4826 3534 4882 distri-

1904 4919 2090 4974 ctione
2119 4919 2419 4974 feriantur.

174 5012 312 5067 nihil
361 5013 596 5068 convitii
636 5017 735 5068 aut
776 5015 1190 5071 criminationis
1215 5016 1504 5087 objecerit,
1537 5033 1670 5071 eum
1696 5031 1880 5102 proD
1971 5015 2081 5068 XV.
2109 5011 2352 5068 Abbates
2382 5027 2488 5084 pro
2529 5010 2851 5067 humilitate
2896 5011 3186 5084 religionis
3223 5013 3284 5068 in
3329 5015 3544 5087 episco-

174 5106 288 5160 sola
311 5106 678 5162 contentione
703 5125 736 5162 a
763 5109 1169 5164 communione
1195 5110 1445 5165 ecclesia
1473 5127 1590 5165 non
1639 5110 1804 5165 liceat

175 5199 512 5254 submoveri.

244 5293 306 5347 V.
339 5293 394 5348 Si
425 5310 616 5348 servus
649 5295 885 5349 absente
932 5297 1021 5350 vel
1060 5298 1346 5352 nesciente
1386 5296 1636 5366 domino,
1685 5298 1801 5370 epi-

176 5401 342 5458 scopo
391 5387 604 5442 sciente
652 5388 802 5459 quod
831 5405 1020 5444 servus
1064 5390 1335 5445 diaconus
1371 5395 1469 5446 aut
1511 5392 1807 5464 presbyter

175 5479 347 5534 fuerit
378 5480 690 5551 ordinatus,
721 5483 846 5556 ipso
895 5483 953 5536 in
999 5484 1295 5540 clericatus
1343 5485 1530 5540 ofﬁcio
1574 5501 1806 5558 perma-

181 5578 367 5643 nente,
397 5574 698 5646 episc0pus
725 5593 860 5631 eum
887 5577 1119 5632 domino
1165 5578 1376 5650 duplici
1425 5578 1807 5634 satisfactione

180 5673 528 5739 compensat.
558 5669 616 5724 Si
635 5685 768 5725 vero
800 5671 1096 5742 episcopus
1115 5688 1248 5726 eum
1271 5688 1496 5727 servum
1527 5673 1806 5744 nescierit,

181 5760 274 5832 qui
321 5762 716 5818 testimonium
763 5764 1087 5836 perhibent,
1131 5769 1229 5820 aut
1275 5783 1408 5821 eum
1453 5766 1809 5838 supplicave-

183 5853 294 5909 rint
317 5855 570 5911 ordinari
616 5857 784 5911 simili
823 5857 1196 5916 redhibitioni
1219 5863 1517 5916 teneantur
1558 5860 1810 5916 obnoxii.

1904 5123 2110 5178 porum
2137 5108 2414 5178 potestate
2444 5106 2772 5175 consistant,
2794 5107 2851 5159 et
2867 5105 2912 5159 si
2929 5105 3070 5176 quid
3095 5109 3257 5162 extra
3281 5109 3544 5180 regulam

1903 5200 2142 5255 fecerint
2166 5199 2236 5254 ab
2269 5197 2542 5271 episcopis
2569 5197 2942 5270 corrigantur,
2971 5199 3069 5271 qui
3101 5201 3278 5255 semel
3303 5203 3362 5256 in
3392 5220 3543 5258 anno

1905 5294 1964 5349 in
2016 5295 2143 5350 loco
2187 5294 2285 5348 ubi
2329 5293 2626 5364 episcopus
2668 5292 2924 5362 elegerit,
2971 5297 3202 5364 accepta
3252 5297 3544 5354 vocatione

1905 5387 2262 5456 conveniant,
2310 5385 2576 5440 monachi
2618 5390 2810 5441 autem
2853 5385 3153 5456 abbatibus
3194 5391 3352 5444 omni
3407 5392 3542 5447 obe—

1907 5481 2118 5537 dientia
2161 5485 2217 5536 et
2263 5479 2560 5535 devotione
2605 5479 3158 5555 subjaceant./Quod
3207 5483 3252 5537 si
3289 5484 3416 5555 quis
3442 5501 3544 5554 per

1908 5573 2320 5630 contumaciam
2365 5572 2641 5628 exstiterit
2684 5573 3004 5644 indevotus,
3057 5579 3156 5630 aut
3200 5592 3306 5646 per
3357 5576 3546 5648 aliqua

1908 5670 2028 5724 loca
2056 5668 2270 5740 vagari,
2296 5673 2396 5723 aut
2413 5667 2697 5740 peculiare
2715 5667 2926 5740 aliquid
2944 5668 3152 5724 habere
3170 5685 3544 5740 praesumpse-

1911 5763 2005 5832 rit,
2037 5761 2229 5817 omnia
2255 5779 2384 5834 qua
2410 5761 2755 5834 acquisierit,
2798 5762 2868 5816 ab
2897 5761 3190 5816 abbatibus
3215 5762 3546 5846 auferantur

1914 5857 2224 5916 secundum
2241 5856 2502 5928 regulam
2520 5855 2865 5912 monasterio
2879 5854 3196 5925 profutura,
3219 5853 3325 5924 ipsi
3346 5860 3539 5911 autem
