4054 6356
685 10 701 20 τ
723 12 760 22 ’.ρ
777 12 810 24 ιδ.
839 12 1094 34 -αἾῑςτὲἓ-
1196 24 1261 32 ,π-
1285 26 1370 32 _,_,h
1397 26 1416 32 __
1464 26 1709 32 “—____

443 389 533 440 -111
1341 371 1619 425 APPEND.
1662 368 1748 420 AD
1787 365 1947 418 SAL‘C.
1992 362 2076 414 1X.
2109 387 2174 395 —-
2217 355 2456 410 lSlDURl
2495 347 2915 407 MERCATURIS
3702 335 3810 388 412

444 494 541 565 qui
597 490 824 546 fuerant
883 484 1193 559 pervagati,
1241 481 1336 535 ubi
1385 477 1602 533 inventi
1651 475 1881 541 fuerint,
1937 488 2065 526 cum
2090 482 2148 553 Α
2240 467 2389 519 XXII.
2426 465 2567 517 Cum
2611 461 2682 514 ad
2729 454 3096 513 celebrandas
3121 451 3320 506 missas
3350 449 3409 502 in
3442 447 3544 501 Dei
3571 445 3808 500 nomine

2396 557 2429 565 ..
2691 553 2704 565 1
3003 564 3012 565 ,
3051 551 3117 565 γι-
3159 543 3394 565 Δε---.1-.ι
3429 555 3590 565 ~.--.~.
3621 538 3808 565 m:nnm

446 538 541 565 ιι..-
883 538 1088 559 ινηηυ
1183 538 1191 548 .
1869 538 1875 541 -
2090 538 2148 553 η

446 585 655 642 auxilio
686 581 930 653 episc0pi
977 583 1246 648 tanquam
1287 575 1516 644 fugaces
1556 569 1660 624 sub
1700 566 1956 622 custodio
1985 582 2069 619 re-
2170 557 2508 616 convenitur
2535 553 2799 627 populus,
2844 566 2964 605 non
2995 551 3125 602 ante
3151 543 3398 599 discedat
3424 555 3595 612 quam
3620 538 3812 592 missae

2401 651 2407 653 _
2709 648 2722 653 -
2802 650 2808 653 .
2981 645 2990 653 .
3066 641 3080 653 ει
3109 640 3118 650 ο
3226 638 3236 648 ·
3427 652 3436 653 κ
3469 651 3497 653 η
3520 650 3576 653 __-
3613 631 3786 653 1‘____.:L

447 631 651 642 “'“uu‘v
690 631 930 653 vl"""'l"
988 631 1070 633 πή*
1093 631 1114 648 ,ι
1355 631 1389 644 υ

447 682 734 746 vocentur,
759 681 815 730 et
835 691 997 729 reum
1030 688 1087 725 se
1128 670 1221 724 ille
1243 668 1412 722 abbas
1438 665 1695 720 futurum
1718 678 1838 716 esse
1857 676 2068 730 cogno-
2171 651 2500 709 solemnitas
2539 648 2909 718 compleatur,
2943 645 3000 696 et
3025 640 3123 695 ubi
3151 638 3445 709 episcopus
3469 650 3583 689 non
3613 631 3810 698 fuerit,

450 777 570 828 scat
596 771 693 842 qui
730 770 787 823 in
814 763 1136 838 hujusmodi
1185 759 1440 833 personis
1481 775 1600 812 non
1652 754 1901 825 regulari
1943 752 2069 806 ani-
2170 743 2628 802 benedictionem
2657 739 2893 810 accipiat
2922 732 3251 790 sacerdotis.

449 863 839 921 madversione
869 859 1088 925 dixerit,
1119 857 1204 910 vel
1249 855 1347 926 qui
1389 850 1703 922 susceperit
1731 847 2071 903 monachum
2243 858 2419 912 xm].
2447 853 2817 925 negationes,
2846 849 2906 904 id
2938 852 3040 916 est,
3082 844 3309 900 litanias
3353 845 3484 896 ante
3512 836 3810 894 Ascensio-

449 960 714 1015 alienum.
2174 969 2308 1008 nem
2338 947 2562 1004 Domini
2590 944 2800 1017 placuit
2824 939 3117 1005 celebrari,
3146 938 3225 992 ita
3241 939 3304 990 ut
3321 932 3682 1006 praemissum
3707 929 3812 985 tri-

519 1055 646 1107 XVI.
675 1048 942 1105 Monacho
987 1045 1237 1102 orarium
1287 1043 1345 1096 in
1396 1038 1744 1095 monasterio
1783 1037 1868 1090 vel
1909 1051 2075 1090 zonas
2176 1047 2430 1101 duanum
2454 1040 2740 1113 jejunium
2768 1039 2829 1092 in
2871 1033 3177 1090 Dominicae
3217 1028 3498 1085 passionis
3540 1024 3812 1080 solemni-

451 1147 658 1201 habere
685 1160 801 1199 non
832 1142 1012 1195 liceat
2177 1144 2293 1195 tate
2313 1139 2579 1204 solvatur,
2606 1148 2708 1205 per
2735 1131 2886 1204 quod
2928 1128 3184 1183 triduum
3213 1123 3357 1179 servi
3401 1126 3458 1176 et
3491 1119 3712 1175 ancillae
3742 1117 3814 1170 ab

836 1236 879 1289 Si
925 1238 1120 1306 postea
1164 1230 1331 1287 uxori
1379 1228 1552 1284 fuerit
1607 1225 1849 1281 sociatus
1905 1226 2078 1276 tantae
2180 1248 2350 1303 opere
2377 1230 2723 1296 relaxentur,
2754 1241 2867 1296 quo
2898 1220 3080 1293 magis
3110 1218 3270 1292 plebs
3302 1216 3562 1272 universa
3601 1227 3815 1267 conve-

451 1330 929 1406 praevaricationis
961 1345 1110 1395 reus,
1142 1341 1438 1397 nunquam
1482 1317 1840 1377 ecclesiastici
1873 1316 2078 1388 gradus
2178 1325 2316 1391 niat,
2345 1340 2456 1395 quo
2485 1321 2674 1376 triduo
2705 1335 2902 1374 omnes
2941 1316 3284 1378 abstineant,
3332 1316 3389 1366 et
3429 1303 3809 1380 quadragesi-

451 1427 699 1482 ofﬁcium
725 1423 1008 1479 sortiatur.
2180 1417 2426 1475 malibus
2454 1415 2593 1470 cibis
2616 1417 2870 1468 utantur.

522 1521 693 1574 XVIII.
744 1516 940 1571 Nullus
985 1513 1296 1570 monachus
1327 1509 1767 1582 congregatione
1793 1507 2078 1560 monaste—
2251 1530 2422 1585 XXIV’
2452 1526 2652 1584 Clerici
2698 1540 2834 1578 vero
2875 1521 2973 1594 qui
3011 1521 3083 1575 ad
3135 1535 3277 1590 opus
3321 1519 3578 1570 sanctum
3621 1511 3823 1566 adesse

454 1615 522 1669 ι’ίί
553 1612 825 1668 ἀθΓθῙίθίδ
852 1607 1184 1664 ambitionis
1233 1612 1289 1661 et
1336 1605 1595 1660 "animus
1619 1601 1890 1673 impulsu,
1917 1598 2086 1694 οθῖιιι·
2183 1621 2652 1694 contempserint,
2683 1616 2994 1674 secundum
3023 1613 3321 1668 arbitrium
3354 1607 3599 1681 episcopi
3646 1605 3824 1660 eccle-

455 1709 573 1764 1am
598 1710 924 1762 construere
951 1704 1072 1757 sine
1098 1699 1345 1773 episc0pi
1377 1697 1776 1770 permissione,
1805 1694 1888 1749 vel
1917 1691 2086 1747 abba-
2184 1691 2463 1772 siasticain
2496 1712 2806 1783 suscipiant
2829 1707 3208 1780 disciplinam.

453 1801 525 1858 tis
552 1801 636 1856 sui
663 1800 952 1855 voluntate
983 1797 1312 1868 praesumat.

528 1896 658 1952 XIX.
715 1894 772 1950 Si
826 1892 1124 1964 episcopus
1183 1887 1550 1943 humanitatis
1594 1885 1826 1954 intuitu,
1874 1881 2085 1937 manci-

458 1989 626 2062 piola,
666 1987 932 2053 vineolas,
981 1985 1069 2038 vel
1114 1983 1356 2037 terrulas
1395 1979 1612 2035 clericis
1652 1980 1740 2032 vel
1791 1975 2089 2031 monachis

459 2081 783 2156 praestiterit
833 2077 1189 2145 excolendas,
1221 2076 1306 2130 vel
1341 2092 1443 2146 pro
1483 2079 1743 2144 tempore
1794 2071 2086 2136 tenendas,

459 2178 629 2234 etiam
676 2176 720 2229 si
769 2176 939 2243 longa
963 2170 1228 2227 transisse
1279 2185 1562 2224 annorum
1606 2166 1785 2238 spatia
1833 2180 2092 2234 compro—

459 2271 683 2336 bentur,
717 2285 821 2322 nec
851 2267 1074 2322 nullum
1106 2264 1338 2320 ecclesia
1382 2260 1781 2334 praejudicium
1816 2257 2088 2330 patiatur,

463 2362 744 2418 saecularis
770 2359 914 2432 legis
944 2359 1192 2431 scriptio,
1223 2374 1352 2430 quae
1383 2355 1636 2411 ecclesia:
1664 2352 1874 2424 aliquid
1909 2351 2089 2422 impe—

463 2457 599 2526 diat,
634 2435 1010 2538 apponatur.[

536 2551 638 2604 XX.
690 2548 747 2604 ld
792 2547 1181 2602 sacerdotibus
1230 2545 1496 2600 omnibus
1543 2547 1628 2599 est
1672 2541 1986 2610 decretum,
2033 2543 2096 2594 ut

465 2649 598 2700 ante
622 2641 845 2697 Paschaa
871 2639 1293 2696 solemnitatem
1324 2655 1439 2694 non
1471 2603 2097 2710 quinquagesima,'sed
2246 2615 2465 2710 ΫΧΧἯῙ·
2498 2613 2818 2710 ἘξΡίξδίῖοΡιιδ⁸
2854 2609 2898 2664 εί
2935 2607 3261 2710 inf-“mila?
3292 2622 3403 2709 ηρη
3437 2603 3615 2710 fuerit
3641 2603 3835 2673 impe‘

466 2736 920 2810 quadragesima,
952 2737 1233 2788 teneatur.
1487 2696 1508 2710 ⁸
1629 2696 1650 2709 ⁸
1728 2696 1760 2707 ν
1951 2696 1960 2703 ’
2200 2709 2372 2778 ditus,
2424 2706 2676 2762 ecclesias
2733 2703 2822 2758 cui
2869 2702 3160 2775 proximus
3199 2699 3389 2768 fuerit,
3421 2698 3511 2752 die
3539 2696 3840 2753 Dominico

542 2790 772 2885 XXLUUt
799 2790 942 2882 num
977 2827 1182 2881 civium
1223 2826 1468 2893 paschae,
1509 2823 1706 2879 natalis
1731 2823 1978 2893 Domini,
2009 2822 2099 2877 vel
2202 2803 2396 2858 deesse
2421 2816 2538 2856 non
2565 2800 2750 2868 debet,
2784 2797 3043 2851 similiter
3070 2800 3126 2850 et
3156 2793 3252 2848 alii
3292 2791 3388 2864 qui
3438 2807 3663 2847 mecum
3703 2790 3841 2842 scri-

474 2923 922 2998 quadragesimac
969 2919 1251 2975 solemnia
1292 2919 1350 2972 in
1401 2918 1525 2972 villa
1577 2918 1744 2972 liceat
1792 2918 2098 2984 celebrare,
2200 2899 2455 2969 Psel‘unty
2489 2909 2727 2950 numero
2751 2890 2989 2962 ῒνίείηῐδ
3017 2893 3075 2943 εί
3102 2894 3237 2943 tres-

474 3018 587 3077 nisi
612 3033 784 3090 quem
815 3015 1116 3069 inﬁrmitas
1144 3011 1477 3084 probabitur
1499 3012 1769 3068 tenuisse.

2104 1859 2162 1930 B
2257 1828 2400 1882 XXV.
2468 1827 2546 1879 De
2617 1821 3000 1878 familiaritate
3055 1823 3458 1874 extranearum
3509 1812 3825 1867 mulierum

2193 1926 2200 1930 .
2407 1919 2416 1929 ι
2567 1917 2576 1928 ι
2969 1913 2983 1930 1
3050 1914 3061 1930 ι
3084 1929 3093 1930 κ
3114 1912 3151 1930 η·
3209 1910 3290 1930 ___'I
3331 1907 3545 1930 J3---_:
3581 1907 3794 1930 -_Mtn..

2186 1926 2305 1976 tam
2331 1917 2581 1992 episcopi
2612 1932 2787 1988 quam
2834 1912 3176 1986 presbyteri,
3208 1910 3296 1965 vel
3323 1907 3551 1964 diaconi
3581 1907 3826 1976 praeter-

2189 2015 2405 2069 itorum
2436 2026 2724 2066 canonum
2752 2009 2963 2062 statuta
2989 2004 3334 2059 custodiant.

2260 2124 2429 2180 XXVI.
2477 2123 2533 2178 Si
2581 2120 2706 2193 quis
2745 2118 3001 2185 clericus,
3041 2115 3370 2184 monachus,
3417 2114 3504 2167 vel
3540 2111 3834 2167 saecularis

2191 2217 2590 2274 divinationem
2622 2215 2706 2268 vel
2738 2212 2976 2284 auguria
3001 2209 3307 2265 crediderit
3330 2207 3696 2273 observanda,
3737 2206 3831 2258 vel

2192 2317 2372 2368 sortes
2401 2327 2538 2382 quas
2561 2307 2921 2362 mentiuntur
2965 2321 3084 2360 esse
3117 2306 3442 2357 sanctorum
3487 2300 3835 2371 quibuscum-

2194 2423 2304 2478 que
2345 2401 2668 2476 putaverint
2693 2398 3057 2464 intimandas,
3089 2413 3218 2451 cum
3258 2395 3344 2449 his
3377 2394 3476 2466 qui
3520 2393 3599 2448 eis
3641 2391 3830 2447 credi-

2196 2499 2403 2568 derint,
2437 2497 2507 2551 ab
2535 2494 2782 2551 ecclesia:
2811 2490 3210 2548 communione
3241 2489 3541 2561 pellantur.

1773 3114 2060 3184 Hucusque
2085 3110 2314 3170 concilia
2341 3109 2552 3172 Galliae.

702 3408 1706 3574 SEQUUNTUR
1801 3402 2602 3547 CONCILIA
2695 3395 3615 3545 HISPANUE.

1304 3747 1706 3814 INCIPIUNT
1751 3748 2145 3813 CAPITULA
2189 3746 2523 3812 CONCILII
2569 3699 3037 3810 ELIBERTINI.

479 3244 3836 3279 ___________________________.____________________—-———-

559 3922 610 3974 1.
641 3920 718 3973 De
748 3914 838 3971 his
862 3911 960 3986 qui
986 3915 1111 3986 post
1138 3911 1484 3984 baptismum
1512 3912 1677 3966 idolis
1703 3910 2036 3968 sacriﬁcant.
2135 3925 2189 3999 ρ
2290 3913 2372 3966 16.
2402 3912 2479 3967 De
2531 3911 2733 3982 puellis
2782 3909 3059 3976 ﬁdelibus,
3116 3923 3188 3962 ne
3240 3900 3560 3960 inﬁdelibus
3614 3899 3854 3971 conjun-

554 4017 610 4069 2.
639 4015 718 4067 De
749 4007 1134 4066 sacerdotibus
1156 4006 1457 4078 gentilium
1485 4006 1580 4077 qui
1610 4011 1745 4078 post
1767 4007 2117 4078 baptismum
2218 4008 2448 4077 gantur.

487 4106 950 4162 immolaverunt.
2293 4103 2376 4154 17.
2408 4101 2487 4154 De
2516 4098 2596 4154 eis
2622 4099 2717 4170 qui
2762 4098 2903 4152 ﬁlias
2943 4093 3328 4152 sacerdotibus
3370 4089 3676 4164 gentilibus
3725 4101 3855 4143 con-

561 4205 614 4256 3.
651 4201 728 4253 De
756 4197 973 4252 eisdem
1001 4192 1044 4249 si
1081 4192 1244 4249 idolis
1275 4196 1494 4248 tantum
1524 4209 1733 4249 munus
1764 4194 2043 4251 dederint.
2213 4193 2488 4265 jungunt.

560 4296 613 4349 4.
661 4294 736 4347 De
777 4290 994 4346 eisdem
1040 4290 1087 4344 si
1134 4289 1533 4344 catechumeni
1583 4289 1768 4345 adhuc
1817 4290 2122 4344 immolant
2296 4291 2380 4343 t8.
2409 4288 2487 4342 De
2508 4286 2890 4342 sacerdotibus
2921 4289 2977 4340 et
3001 4282 3280 4340 ministris
3325 4281 3373 4336 si
3411 4277 3679 4335 moechati
3735 4277 3855 4331 fue-

491 4388 719 4462 quando
743 4385 1197 4457 baptizabantur.
2220 4382 2355 4437 rint.

563 4486 614 4538 5.
648 4478 705 4537 Si
734 4479 961 4535 domina
988 4494 1090 4550 per
1119 4477 1304 4532 zelum
1327 4475 1590 4532 ancillam
1612 4475 1905 4532 occiderit.
2297 4479 2383 4532 19.
2417 4475 2497 4530 De
2527 4474 2738 4530 clericis
2766 4474 2999 4546 negotia
3021 4472 3108 4527 vel
3135 4471 3418 4527 nundinas
3443 4466 3816 4523 sectantibus.

561 4581 613 4633 6.
647 4572 702 4632 Si
731 4573 1054 4647 quicunque
1087 4588 1190 4643 per
1232 4571 1493 4626 militiam
1545 4571 1842 4626 hominem
1887 4571 2120 4626 interfe-
2230 4570 2383 4647 ΨΟ.
2412 4571 2488 4625 De
2514 4568 2728 4625 clericis
2752 4573 2809 4624 et
2834 4567 2996 4622 laicis
3022 4565 3313 4621 usurariis.

491 4668 650 4730 cerit.
2170 4655 2290 4746 /,/
2293 4655 2382 4718 21.
2414 4664 2489 4718 De
2514 4663 2601 4717 his
2625 4663 2724 4734 qui
2753 4661 2966 4717 tardius
2992 4660 3067 4715 ad
3095 4659 3384 4715 ecclesiam
3414 4655 3708 4712 accedunt.

562 4772 614 4822 7.
644 4766 720 4820 De
746 4757 1151 4836 paenitentibus
1183 4760 1440 4815 moechiae
1460 4760 1506 4813 si
1525 4775 1721 4814 rursus
1742 4759 2122 4831 peccaverint.
2295 4761 2384 4812 22.
2417 4757 2493 4811 De
2519 4756 2808 4812 catholicis
2832 4755 2891 4809 in
2908 4754 3173 4810 haeresim
3194 4750 3640 4817 transeuntibus,
3670 4749 3718 4803 si
3741 4765 3855 4804 non

563 4866 617 4918 8.
652 4862 728 4915 De
756 4857 986 4912 feminis
1014 4872 1142 4927 quae
1177 4855 1462 4910 adulteros
1493 4854 1731 4908 maritos
1776 4853 2122 4925 relinquunt,
2225 4855 2611 4908 revertuntur.

494 4961 552 5012 et
579 4954 701 5010 aliis
727 4952 972 5006 nubunt.
2295 4951 2383 5002 23.
2413 4948 2492 5002 De
2517 4943 2866 5018 temporibus
2883 4943 3256 5015 jejuniorum.

567 5052 621 5104 9.
656 5049 731 5101 De
763 5044 991 5100 feminis
1034 5059 1182 5115 quae,
1229 5037 1437 5097 relictis
1479 5041 1610 5097 viris
1654 5039 1788 5106 suis,
1840 5040 1961 5096 aliis
2016 5058 2121 5098 nu-
2297 5042 2386 5096 24.
2416 5042 2494 5096 De
2523 5040 2611 5094 his
2640 5039 2740 5112 qui
2766 5055 3004 5111 peregre
3031 5037 3411 5108 baptizantur,
3438 5035 3505 5088 ut
3537 5032 3606 5088 ad
3641 5032 3857 5087 clerum

494 5143 658 5198 bunt.
2226 5151 2343 5190 non
2375 5135 2628 5190 veniant.

570 5239 657 5291 10.
689 5235 765 5288 De
791 5231 985 5286 relicta
1008 5228 1397 5286 catechumeni
1429 5229 1476 5284 si
1503 5229 1744 5284 alterum
1773 5228 2018 5284 duxerit.
2296 5232 2385 5284 25.
2417 5229 2492 5282 De
2521 5227 2772 5300 epistolis
2796 5223 3316 5282 communicatoriis
3342 5223 3752 5278 confessorum.

570 5333 656 5384 11.
688 5328 766 5382 De
811 5327 1005 5381 relicta
1048 5325 1461 5379 catechumena
1503 5324 1551 5377 si
1595 5322 1848 5394 graviter
1892 5302 2204 5395 eegrota-D
2296 5326 2386 5378 26.
2419 5323 2493 5377 De
2511 5323 2620 5377 hoc
2648 5325 2713 5376 ut
2737 5320 2892 5376 omni
2925 5320 3159 5374 sabbato
3183 5318 3498 5390 jejunetur.

497 5422 660 5480 verit.
2296 5419 2386 5472 27.
2435 5417 2511 5470 De
2547 5415 2763 5470 clericis
2804 5418 2866 5470 ut
2903 5418 3228 5470 extraneam
3273 5411 3573 5466 mulierem
3602 5408 3662 5462 in
3693 5408 3860 5463 domo

570 5524 656 5575 12.
686 5519 765 5572 De
794 5512 1131 5570 mulieribus
1156 5527 1284 5584 quae
1310 5511 1654 5590 lenocinium
1689 5511 1949 5568 fecerint.
2230 5527 2346 5565 non
2373 5510 2637 5566 habeant.

571 5618 657 5670 13.
687 5614 764 5667 De
791 5608 1107 5680 virginibus
1136 5607 1248 5660 Deo
1279 5605 1508 5660 sacratis
1532 5605 1576 5660 si
1604 5605 2090 5661 adulteraverunt.
2300 5607 2388 5659 28.
2420 5605 2498 5658 De
2528 5603 2906 5659 oblationibus
2928 5619 3128 5658 eorum
3153 5600 3250 5673 qui
3276 5616 3391 5655 non
3415 5595 3857 5653 communicant.

572 5710 658 5763 14.
686 5708 762 5761 De
788 5701 1101 5773 virginibus
1143 5697 1503 5754 saecularibus
1529 5699 1573 5754 si
1599 5700 1895 5756 moechataa
1921 5699 2054 5756 sint.
2299 5701 2388 5753 29.
2417 5699 2495 5752 De
2521 5697 2923 5770 energumenis
2947 5696 3194 5768 qualiter
3217 5695 3554 5749 habeantur.

573 5807 659 5857 15.
701 5801 779 5853 De
824 5794 1091 5867 coniugio
1144 5809 1343 5848 eorum
1391 5793 1489 5864 qui
1538 5810 1605 5848 ex
1655 5793 1980 5849 Gentilitate
2033 5809 2127 5849 ve-
2299 5794 2387 5847 30.
2422 5793 2499 5847 De
2525 5791 2613 5846 his
2640 5791 2738 5863 qui
2765 5796 2889 5862 post
2918 5790 3207 5867 lavacrum
3239 5785 3504 5843 moechati
3529 5783 3768 5854 fuerint,
3803 5787 3860 5836 ut

497 5895 685 5951 niunt.
2228 5902 2334 5941 nec
2360 5885 2726 5941 subdiacones
2754 5865 2947 5987 ﬂanti
