4054 6310
166 329 261 381 413

1413 323 1880 379 DECRETALIL'M
1921 323 2310 380 COLLECTIO.

3421 329 3523 385 414

237 437 325 488 31.
367 434 448 487 De
476 431 932 488 adolescentibus
951 430 1048 505 qui
1071 437 1197 504 post
1215 433 1502 488 lavacrum
1523 433 1790 488 moechati
1813 446 1871 518 Α
2090 434 2166 486 De
2196 431 2622 504 magistratibus
2648 435 2706 488 et
2745 433 3199 490 dominantibus.

167 531 314 582 sunt.

232 625 320 677 32.
363 622 439 676 De
465 620 962 676 excommunitatis
1007 621 1370 694 presbyteris,
1399 624 1464 676 ut
1491 622 1550 676 in
1590 639 1790 678 neces-

167 717 333 770 sitate
359 715 828 770 communionem
858 715 1016 770 dent.

233 813 320 864 33.
361 810 441 864 De
509 808 782 882 episcopis
835 813 894 864 et
943 809 1237 878 ministris,
1289 811 1351 864 ut
1401 809 1472 864 ab
1522 809 1793 866 uxoribus

165 903 498 960 abstineant.

233 999 322 1052 34.
362 998 443 1052 Ne
471 997 620 1052 cerei
647 995 980 1052 coemeteriis
1004 995 1404 1052 incendantur.

232 1094 323 1146 35.
364 1092 443 1146 Ne
473 1090 701 1146 feminae
727 1091 786 1145 in
814 1089 1148 1146 coemeteriis
1178 1091 1542 1163 pervigilant.

235 1187 324 1240 36.
364 1183 443 1239 Ne
472 1182 710 1256 picturas
735 1185 796 1238 in
822 1184 1069 1239 ecclesiae
1104 1185 1262 1240 ﬁant.

233 1281 326 1333 37.
369 1278 448 1332 De
476 1277 878 1350 energumenis
906 1277 1276 1348 baptizandis.

236 1374 326 1428 38.
365 1373 439 1427 Ut
464 1372 522 1427 in
547 1372 900 1442 necessitate,
930 1376 985 1427 et
1013 1371 1209 1426 ﬁdeles
1238 1371 1542 1443 baptizent.

234 1469 324 1522 89.
365 1468 444 1521 Ne
473 1465 544 1520 de
569 1467 675 1520 hoc
701 1466 852 1538 quod
882 1465 1309 1520 idololatratum
1341 1468 1444 1533 est,
1477 1465 1672 1521 ﬁdeles
1698 1481 1791 1519 ac-

170 1560 396 1633 cipiant.

236 1656 326 1710 40.
364 1655 434 1710 Ut
458 1653 796 1726 prohibeant
824 1652 1044 1708 domini
1071 1652 1229 1708 idola
1257 1653 1441 1708 colere
1470 1653 1663 1709 servis.

236 1750 326 1805 4i.
366 1750 444 1804 De
476 1749 563 1802 his
593 1747 692 1819 qui
730 1747 803 1802 ad
839 1747 1012 1802 ﬁdem
1039 1747 1292 1816 veniunt,
1323 1734 1610 1819 quomodo
1650 1747 1790 1820 bap-

167 1840 472 1915 ptizentur.

239 1938 328 1991 4'2.
369 1939 446 1992 De
477 1935 860 1992 celebratione
891 1935 1268 1990 Pentecostes.

238 2032 329 2086 43.
371 2031 446 2085 De
474 2029 868 2085 meretricibus
892 2028 1132 2100 paganis
1155 2028 1202 2083 si
1234 2032 1660 2084 convertuntur.

241 2125 331 2179 44.
373 2125 451 2178 De
517 2123 936 2179 catechumenis
989 2123 1086 2195 qui
1153 2122 1442 2178 ecclesiam
1509 2139 1623 2177 non
1679 2122 1793 2176 fre-

173 2221 470 2290 quentant.

240 2313 330 2367 45.
371 2312 450 2366 De
481 2309 742 2366 ﬁdelibus
766 2310 812 2364 si
840 2309 1283 2381 apostataverint
1309 2310 1572 2383 'quandiu
1615 2311 1795 2382 poeni-

171 2410 350 2462 teant.

242 2500 331 2555 46.
373 2498 538 2553 De"eo
560 2497 660 2569 qui
677 2513 918 2554 uxorem
943 2498 1133 2568 habet,
1153 2498 1197 2553 si
1227 2498 1431 2570 saepius
1462 2499 1795 2554 moechatur.

246 2591 372 2666 99
404 2592 492 2647 47.
534 2593 608 2647 De
634 2592 985 2664 baptizandis
1011 2596 1075 2647 ut
1104 2592 1244 2646 nihil
1271 2593 1546 2663 accipiant
1588 2592 1796 2648 clerici.

245 2689 335 2741 48.
377 2687 457 2740 De
517 2685 773 2756 frugibus
837 2685 1108 2754 ﬁdelium,
1155 2702 1227 2740 ne
1279 2703 1311 2740 a
1367 2685 1576 2740 Judaeis
1627 2685 1800 2740 bene-

176 2780 457 2836 dicantur.

245 2875 334 2930 49.
375 2875 454 2928 De
483 2871 814 2928 Christianis
839 2871 937 2944 qui
963 2888 1092 2926 cum
1118 2872 1322 2927 Judais
1346 2878 1666 2929 vescuntur.

249 2971 335 3023 50.
361 2969 439 3023 De
467 2967 747 3022 haereticis
774 2971 834 3021 ut
851 2966 923 3020 ad
949 2966 1165 3021 clerum
1193 2983 1307 3020 non
1337 2972 1800 3038 promoveantur.

247 3066 335 3118 51.
376 3063 455 3115 De
491 3060 580 3115 his
625 3060 722 3132 qui
765 3059 824 3114 in
873 3060 1107 3114 ecclesia
1148 3060 1364 3115 libellos
1408 3061 1656 3116 famosos
1696 3077 1801 3133 po-

178 3159 342 3210 nunt

249 3253 336 3306 52.
377 3250 458 3305 De
484 3247 757 3321 episcopis
787 3247 884 3320 qui
915 3247 1399 3303 excommunicato
1429 3248 1616 3304 alieno
1646 3265 1801 3304 com-

179 3343 498 3399 municant.

247 3440 334 3493 53.
374 3439 451 3492 De
476 3433 805 3507 parentibus
831 3433 930 3506 qui
960 3435 1133 3490 ﬁdem
1177 3435 1595 3506 sponsaliorum
1644 3436 1806 3490 fran-

179 3534 342 3603 gunt.

251 3625 338 3681 54.
381 3623 462 3679 De
493 3622 880 3680 sacerdotibus
907 3622 1204 3694 gentilium
1234 3622 1334 3695 qui
1353 3623 1478 3694 jam
1505 3640 1623 3678 non
1650 3621 1815 3677 sacri-

178 3719 373 3778 ﬁcant.

1962 529 2050 581 56.
2092 528 2168 581 De
2200 526 2287 581 his
2317 527 2416 598 qui
2445 527 2780 583 vestimenta
2801 527 2874 582 ad
2896 530 3215 584 ornandam
3247 547 3523 601 pompam

1895 619 2180 675 dederint.

1965 717 2052 768 57.
2095 714 2170 767 De
2199 712 2289 768 his
2319 712 2415 786 qui
2445 715 2984 772 communicatorias
3020 717 3235 773 litteras
3271 723 3522 790 portant.

1963 808 2049 861 58.
2091 807 2170 862 De
2199 806 2460 863 ﬁdelibus
2500 826 2573 864 ne
2620 810 2690 864 ad
2738 811 3082 882 Capitolium
3113 817 3282 868 causa
3312 813 3522 868 sacriﬁ-

1893 899 2082 970 candi,
2111 901 2436 956 ascendant.

1967 996 2050 1049 59.
2093 995 2171 1049 De
2199 993 2288 1048 his
2311 995 2411 1066 qui
2441 995 2791 1052 destruentes
2817 997 2966 1053 idola
2995 1000 3351 1056 occiduntur.

1967 1090 2053 1143 60.
2094 1089 2172 1143 De
2199 1088 2289 1142 his
2315 1089 2413 1160 qui
2442 1089 2662 1144 duabus
2686 1092 2976 1147 sororibus
3003 1095 3361 1165 copulantur.

1965 1185 2051 1237 6l.
2095 1183 2171 1237 De
2200 1183 2511 1254 auguribus
2541 1187 2597 1239 et
2625 1186 2989 1256 pantomimis
3023 1187 3066 1241 si
3094 1192 3520 1244 convertantur.

1965 1278 2056 1331 62.
2099 1276 2174 1330 De
2209 1276 2480 1331 uxoribus
2507 1293 2634 1349 quas
2659 1277 2805 1332 ﬁlios
2835 1279 2903 1333 de
2932 1280 3200 1335 adulteris
3228 1288 3451 1336 necant.

1967 1372 2055 1424 63.
2089 1371 2167 1424 De
2194 1370 2424 1425 feminis
2445 1387 2573 1442 quae
2595 1389 2775 1443 usque
2797 1372 2869 1426 ad
2896 1376 3136 1428 mortem
3167 1391 3298 1429 cum
3327 1375 3523 1431 alienis

1894 1463 2029 1516 viris
2055 1463 2472 1519 adulterantur.
2546 1454 2549 1457 ’

1965 1557 2052 1612 64.
2093 1558 2168 1612 De
2197 1557 2466 1612 adulteris
2494 1559 2767 1614 uxoribus
2797 1560 3156 1616 clericorum.

1966 1653 2051 1704 65.
2095 1651 2174 1705 De
2203 1650 2291 1706 his
2317 1652 2415 1723 qui
2445 1651 2734 1724 privignas
2763 1671 2892 1709 suas
2931 1654 3167 1710 ducunt.

1966 1746 2055 1799 66.
2095 1745 2175 1799 De
2204 1745 2469 1818 conjugio
2495 1748 2923 1803 catechumena
2947 1749 3202 1804 feminae.

1812 1828 1868 1898 B
1963 1841 2050 1892 67.
2083 1838 2160 1892 De
2189 1839 2599 1895 catechumena
2620 1841 2883 1896 adultera
2903 1860 3031 1914 qua:
3056 1842 3240 1898 ﬁlium
3266 1847 3451 1900 necat.

1967 1932 2052 1986 68.
2094 1932 2171 1987 De
2221 1931 2354 1987 viris
2413 1933 2733 2005 conjugatis
2794 1939 2992 2006 postea
3055 1937 3115 1991 in
3180 1937 3525 1994 adulterium

1898 2023 2090 2096 lapsis.

1969 2122 2057 2173 69.
2099 2120 2178 2175 De
2204 2119 2433 2176 feminis
2454 2138 2583 2193 quae
2607 2122 2841 2178 consciis
2861 2122 3080 2179 maritis
3106 2123 3520 2181 adulterantur.

1969 2217 2060 2268 70.
2101 2214 2180 2270 De
2209 2215 2627 2286 stupratoribus
2662 2233 2998 2288 puerorum.

1969 2310 2057 2362 71.
2100 2307 2181 2362 De
2202 2309 2385 2364 viduis
2411 2311 2643 2365 moechis
2663 2311 2708 2365 si
2738 2312 3006 2367 eumdem
3035 2314 3233 2384 postea
3259 2314 3532 2370 maritum

1900 2400 2186 2456 duxerint.

1972 2498 2060 2549 72.
2102 2495 2180 2548 De
2209 2494 2578 2550 delatoribus.

1973 2592 2060 2644 73.
2102 2589 2180 2643 De
2205 2587 2358 2643 falsis
2386 2589 2640 2644 testibus.

1975 2682 2063 2738 74.
2104 2684 2178 2737 De
2229 2682 2317 2736 his
2367 2683 2466 2755 qui
2515 2684 2830 2739 sacerdotes
2890 2690 3191 2755 accusant,
3241 2704 3346 2743 nec
3401 2706 3529 2760 pro-

1905 2776 2060 2831 bant.

1973 2873 2060 2924 75.
2105 2870 2178 2924 De
2209 2869 2537 2925 diaconibus
2562 2871 2608 2926 si
2634 2874 2765 2927 ante
2794 2871 3080 2928 honorem
3108 2890 3370 2946 peccasse
3399 2892 3534 2947 pro-

1903 2965 2134 3020 bentur.

1978 3061 2065 3114 76.
2105 3059 2181 3113 De
2237 3057 2534 3130 baptizatis
2583 3057 2682 3131 qui
2735 3059 2995 3116 nondum
3044 3062 3367 3119 conﬁrmati
3413 3081 3535 3120 mo-

1909 3149 2154 3207 riuntur.

1981 3251 2068 3302 77.
2109 3247 2188 3300 De
2242 3245 2503 3300 ﬁdelibus
2555 3246 2877 3319 conjugatis
2926 3248 2972 3303 si
3027 3266 3158 3306 cum
3213 3251 3405 3307 Judaza
3451 3254 3540 3306 vel

1913 3341 2110 3413 gentili
2139 3339 2408 3395 moechati
2449 3339 2580 3395 sint.

1981 3438 2068 3489 78.
2111 3435 2190 3489 De
2221 3434 2310 3488 his
2341 3433 2436 3505 qui
2467 3435 2660 3489 tabula
2687 3434 2912 3492 ludunt.

1979 3532 2067 3584 79.
2108 3529 2184 3583 De
2218 3527 2452 3582 libertis.

1987 3624 2073 3678 80.
2119 3622 2195 3676 De
2224 3621 2572 3676 feminarum
2602 3621 2877 3694 epistolis.

753 3926 1231 4026 INCIPIT
1310 3926 2002 4025 CONCILIUM
2089 3927 2991 4026 ELIBERTINUM.

937 4107 1167 4171 Decem
1195 4115 1255 4170 et
1281 4125 1512 4170 novem
1541 4109 2013 4189 episcoporum,
2048 4114 2332 4188 tempore
2362 4106 2798 4171 Constantini.

254 4282 402 4338 Cum
435 4280 828 4336 convenissent
874 4281 1056 4336 sancti
1082 4286 1140 4337 et
1182 4282 1431 4354 religiosi
1477 4282 1725 4354 episcopi
1756 4284 1815 4336 in
1835 4300 1894 4371 D
1917 4283 2196 4352 salutaris,
2227 4280 2419 4336 adulta
2445 4285 2614 4338 aetate
2642 4282 2715 4338 ad
2749 4285 3032 4356 templum
3058 4283 3197 4340 idoli
3224 4280 3547 4344 idololatra‘

185 4375 426 4431 ecclesia
469 4375 794 4443 Elibertina,
827 4376 932 4430 hoc
963 4381 1065 4444 est,
1095 4376 1241 4430 Felix
1291 4377 1589 4448 episcopus
1639 4377 1814 4447 Aqui-

183 4477 375 4536 tanus,
444 4468 710 4523 Conscius
771 4470 1068 4541 episcopus
1122 4470 1518 4536 Cordubensis,
1589 4471 1825 4526 Savinus

191 4563 495 4636 episcopus
511 4562 813 4633 Spalensis,
831 4563 1160 4618 Camerinus
1183 4566 1480 4635 episc0pus
1504 4564 1801 4618 Tacitanus
1813 4606 1828 4632 ,

191 4656 462 4729 Sinagius
482 4655 780 4728 episcopus
805 4658 1126 4728 Pegrensis,
1151 4657 1507 4712 Secundinus
1530 4658 1826 4729 episcopus

190 4750 522 4818 Catalensis,
553 4750 787 4805 Pardius
817 4751 1114 4824 episcopus
1138 4753 1510 4819 Mentasanus,
1535 4751 1829 4805 Flavianus

193 4845 498 4917 episcopus
560 4843 918 4912 Elibertinus,
972 4847 1223 4901 Catonus
1283 4845 1580 4916 episcopus
1645 4845 1828 4899 Corsi-

194 4941 386 5008 tanus,
458 4937 711 4993 Liberius
776 4939 1069 5010 episcopus
1135 4939 1521 5009 Emeritanus,
1579 4937 1831 4993 Valerius

196 5034 501 5104 episcopus
555 5032 1116 5104 Caesaraugustanus,
1173 5033 1477 5088 Decentius
1540 5033 1833 5104 episcopus

198 5125 596 5199 Legionensis,
628 5126 918 5181 Melantius
947 5127 1242 5199 episcopus
1271 5128 1594 5195 Toletanus,
1621 5128 1831 5182 Janua-

198 5221 314 5275 rius
374 5219 677 5292 episcopus
730 5220 800 5274 de
853 5221 1110 5288 Siblaria,
1159 5221 1488 5276 Vincentius
1539 5221 1835 5292 episcopus

202 5313 615 5383 Ossolobensis,
647 5313 984 5378 Quintianus
1011 5314 1308 5386 episcopus
1335 5315 1674 5384 Elborensis,
1705 5315 1836 5370 Suc-

201 5424 393 5463 cessus
430 5407 725 5478 episcopus
756 5408 824 5462 de
869 5407 1141 5476 Elicroca,
1172 5408 1494 5462 Euticianus
1539 5408 1837 5480 episcopus

202 5501 547 5571 Bastilanus,
593 5500 865 5557 Patricius
916 5502 1212 5573 episcopus
1258 5502 1642 5569 Malacitanus,
1695 5502 1836 5556 resi-

203 5594 474 5650 dentibus
503 5594 676 5649 etiam
709 5595 943 5667 triginta
993 5612 1087 5650 sex
1137 5595 1479 5667 presbyteris
1525 5595 1839 5650 astantibus

204 5687 567 5758 diaconibus,
596 5693 653 5744 et
691 5689 848 5744 omni
887 5689 1073 5761 plebe,
1105 5689 1354 5745 universi
1403 5689 1652 5762 episcopi
1681 5690 1836 5745 dixe-

204 5786 363 5838 runt.

278 5880 408 5934 CAP.
439 5879 478 5932 l.
515 5872 730 5934 Placuit
759 5881 820 5932 ut
847 5878 1168 5950 quicunque
1199 5881 1327 5949 post
1353 5877 1527 5934 ﬁdem
1570 5877 1839 5950 baptismi

1915 4381 2078 4431 turus
2110 4375 2426 4445 accesserit,
2463 4381 2532 4446 et,
2555 4376 2754 4432 fecerit
2793 4379 2947 4450 quod
2985 4383 3070 4434 est
3095 4381 3330 4450 crimen,
3361 4399 3464 4437 nec
3493 4384 3554 4437 in

1924 4469 2102 4524 ﬁnem
2135 4486 2267 4524 eum
2295 4469 2365 4523 ad
2393 4470 2860 4526 communionem
2888 4473 3196 4544 suscipere.

1995 4565 2055 4618 II.
2084 4563 2363 4617 Flamines
2392 4563 2490 4634 qui
2518 4568 2645 4635 post
2680 4564 2854 4619 ﬁdem
2892 4566 3098 4620 lavacri
3146 4570 3204 4620 et
3246 4583 3553 4639 regenera-

1926 4657 2099 4712 tionis
2129 4656 2580 4726 sacriﬁcaverint,
2615 4674 2683 4712 eo
2717 4659 2866 4728 quod
2907 4660 3320 4729 geminaverint
3351 4663 3558 4717 scelera

1929 4751 2232 4806 accedente
2279 4750 2608 4818 homicidio,
2639 4751 2729 4805 vel
2754 4751 3163 4822 triplicaverint
3208 4753 3422 4808 facinus
3458 4773 3554 4811 co-

1928 4845 2186 4899 haerente
2217 4845 2476 4913 mmchia,
2504 4846 2715 4917 placuit
2743 4862 2842 4901 eos
2870 4863 2973 4901 nec
2999 4846 3058 4900 in
3089 4847 3266 4901 ﬁnem
3299 4848 3556 4922 accipere

1930 4939 2419 4994 communionem.

2006 5034 2088 5087 lll.
2134 5035 2274 5088 Item
2323 5033 2585 5088 ﬂamines
2638 5033 2734 5105 qui
2779 5050 2897 5088 non
2944 5033 3412 5105 immolaverunt,
3460 5037 3560 5095 sed

1933 5142 2144 5180 munus
2196 5131 2423 5181 tantum
2480 5126 2791 5193 dederunt,
2829 5143 2896 5182 eo
2938 5127 3090 5198 quod
3131 5144 3190 5183 se
3245 5147 3280 5184 a
3321 5131 3560 5189 funestis

1933 5219 2326 5274 abstinuerunt
2375 5219 2674 5286 sacriﬁciis,
2707 5220 2920 5290 placuit
2966 5219 3025 5275 in
3071 5222 3247 5277 ﬁnem
3288 5225 3368 5279 eis
3412 5244 3561 5298 pras—

1936 5317 2081 5368 stare
2095 5313 2497 5368 communione
2507 5329 2560 5366 m
2571 5315 2716 5380 ,acta
2729 5318 2922 5368 tamen
2939 5315 3200 5386 legitima
3211 5318 3558 5388 poenitentia.

1936 5407 2077 5460 Item
2127 5406 2234 5476 ipsi
2289 5407 2334 5460 si
2373 5411 2502 5476 post
2550 5405 2943 5477 paenitentiam
3002 5408 3217 5465 fuerint
3277 5412 3562 5482 moechati,

1937 5499 2150 5570 placuit
2170 5498 2403 5554 ulterius
2427 5499 2505 5553 eis
2527 5516 2640 5554 non
2663 5517 2782 5555 esse
2801 5501 3047 5556 dandam
3074 5507 3561 5576 communionem,

1937 5609 2010 5647 ne
2037 5593 2235 5646 lusisse
2261 5592 2331 5647 de
2357 5591 2648 5648 Dominica
2672 5594 3072 5651 communione
3101 5598 3418 5653 videantur.

2007 5687 2093 5741 IV.
2126 5687 2262 5741 Item
2308 5686 2566 5741 ﬂamines
2609 5687 2653 5740 si
2703 5688 2918 5742 fuerint
2967 5691 3375 5758 catechumeni,
3405 5697 3463 5747 et
3503 5712 3562 5749 se

1939 5799 1974 5835 a
2034 5779 2315 5836 sacriﬁciis
2367 5780 2786 5850 abstinuerunt,
2848 5785 2973 5853 post
3026 5783 3256 5838 triennii
3309 5790 3565 5859 tempora

1942 5875 2157 5946 placuit
2183 5875 2254 5930 ad
2282 5875 2630 5948 baptismum
2660 5875 2881 5930 admitti
2912 5874 3138 5929 debere.
