4054 6308
487 301 587 352 “Si

1376 290 1660 346 APPEND.
1703 290 1790 344 AD
1827 291 1988 344 SASC.
2032 289 2118 343 IX.
2150 316 2218 328 —-
2257 289 2501 369 ISIDORI
2540 289 2962 347 MERCATORIS

3744 286 3805 338 41
3822 291 3853 338 6

557 405 622 458 V.
656 403 712 459 Si
758 418 872 474 qua
918 399 1152 467 femina,
1192 400 1382 454 furore
1429 399 1534 452 zeli
1578 413 1826 464 accensa,
1871 395 2118 467 ﬂagellis
2139 410 2405 482 Aneque
2432 397 2714 452 haereticis
2754 398 2890 452 dare
2936 396 3170 469 placuit,
3196 410 3264 450 eo
3295 394 3447 466 quod
3489 392 3648 447 nulla
3675 391 3861 463 possit

487 496 866 553 verberaverit
912 494 1177 549 ancillam
1219 509 1399 559 suam,
1449 491 1529 545 ita
1573 494 1637 544 ut
1683 490 1834 544 intra
1885 489 2120 544 tertium

489 592 643 646 diem
673 590 928 645 animam
949 605 1078 642 cum
1101 587 1352 642 cruciatu
1381 584 1658 653 effundat,
1677 600 1745 638 eo
1768 583 1918 654 quod
1943 583 2123 638 incer-

489 689 613 739 tum
655 684 746 751 sit,
779 684 1083 751 voluntate,
1113 698 1186 735 an
1229 696 1364 734 casu
1411 677 1700 744 occiderit,
1735 677 1781 729 si
1811 677 2118 744 voluntate,

491 780 622 849 post
660 779 882 846 septem
922 790 1134 840 annos;
1165 773 1210 826 si
1239 789 1391 839 casu,
1421 788 1524 843 per
1553 769 1806 841 quinque
1834 784 2121 823 annorum

494 874 768 941 tempora,
785 873 908 924 acta
919 868 1177 939 legitima
1189 883 1280 938 pce
1288 863 1550 932 nitentia,
1567 864 1637 918 ad
1655 862 2122 918 communionem

491 963 703 1034 placuit
750 961 1005 1030 admitti;
1040 959 1194 1032 quod
1243 959 1287 1013 si
1340 958 1490 1012 intra
1535 960 1792 1028 tempora
1820 955 2124 1011 constituta

491 1055 666 1110 fuerit
694 1055 998 1124 inﬁrmata,
1028 1053 1267 1124 accipiat
1291 1049 1782 1107 communionem.

562 1149 649 1202 Vl.
684 1147 742 1203 Si
767 1148 892 1220 quis
923 1164 1061 1201 vero
1088 1145 1370 1200 maleﬁcio
1411 1143 1712 1199 interﬁciat
1761 1143 2026 1212 alterum,
2055 1157 2121 1196 eo

491 1239 643 1315 quod
671 1241 790 1297 sine
816 1239 1132 1295 idololatria
1156 1238 1430 1310 perﬁcere
1454 1237 1633 1291 scelus
1653 1253 1771 1290 non
1793 1235 1995 1306 potuit,
2019 1251 2124 1288 nec

490 1337 552 1390 in
576 1334 754 1390 ﬁnem
781 1333 1227 1405 impartiendam
1269 1348 1391 1386 esse
1420 1330 1500 1385 illi
1529 1329 2017 1385 communionem.

563 1429 674 1484 VII.
719 1426 774 1483 Si
826 1425 953 1498 quis
1001 1427 1147 1480 forte
1189 1425 1366 1480 ﬁdelis
1413 1428 1542 1494 post
1591 1425 1814 1494 lapsum
1867 1420 2125 1476 moechiae

491 1525 624 1594 post
688 1524 952 1591 tempora
1017 1518 1322 1574 constituta
1381 1523 1503 1572 acta
1556 1515 1884 1588 poenitentia
1937 1514 2125 1568 denuo

495 1615 668 1670 fuerit
713 1614 1041 1679 fornicatus,
1075 1612 1286 1684 placuit
1310 1627 1443 1666 eum
1471 1626 1575 1666 nec
1605 1611 1666 1664 in
1709 1609 1881 1663 ﬁnem
1913 1608 2126 1662 habere

495 1708 982 1763 communionem.

2219 507 2340 545 esse
2380 491 2614 546 societas
2640 491 2825 546 ﬁdelis
2849 508 2980 547 cum
3010 488 3250 546 inﬁdeli.
3281 488 3338 544 Si
3371 491 3568 542 contra
3611 485 3855 541 interdi-

2219 590 2373 638 ctum
2398 584 2654 653 fecerint,
2675 589 2940 656 parentes
2966 584 3253 640 abstinere
3272 598 3376 654 per
3395 579 3860 653 quinquennium

2219 678 2426 748 placet.
3641 665 3647 670 ’

2293 771 2445 826 XVII.
2493 772 2549 826 Si
2597 772 2697 844 qui
2747 772 2892 828 forte
2931 771 3322 828 sacerdotibus
3373 769 3662 824 idolorum
3706 765 3860 821 ﬁlias

2221 881 2350 918 suas
2387 865 2706 936 junxerint,
2735 867 2948 938 placuit
2994 881 3097 940 nec
3141 865 3199 919 in
3243 864 3421 919 ﬁnem
3469 862 3549 917 eis
3599 860 3859 916 dandam

2221 959 2710 1014 communionem.

2294 1053 2468 1106 XVIII.
2500 1052 2778 1124 Episcopi,
2809 1053 3151 1125 presbyteri,
3181 1052 3466 1119 diacones,
3495 1050 3542 1105 si
3571 1050 3632 1103 in
3679 1049 3857 1104 mini—

2225 1145 2396 1200 sterio
2440 1146 2632 1217 positi,
2683 1147 2889 1202 detecti
2931 1146 3163 1213 fuerint,
3207 1145 3361 1217 quod
3408 1145 3520 1199 sint
3563 1143 3858 1209 moechati,

2223 1238 2457 1311 placuit,
2476 1242 2533 1293 et
2551 1244 2787 1310 propter
2815 1239 3176 1306 scandalum,
3205 1244 3258 1293 et
3284 1241 3517 1309 propter
3541 1237 3860 1291 nefandum

2225 1331 2461 1399 crimen,
2489 1347 2592 1386 nec
2635 1332 2694 1386 in
2738 1332 2914 1387 ﬁnem
2959 1349 3059 1387 eos
3103 1331 3566 1387 communionem
3599 1329 3861 1400 accipere

2226 1425 2454 1480 debere.

2298 1519 2422 1573 XIX.
2476 1519 2754 1590 Episcopi,
2801 1519 3137 1591 presbyteri,
3184 1522 3241 1573 et
3301 1518 3546 1587 diaconi,
3591 1518 3661 1572 de
3725 1516 3862 1571 locis

2227 1611 2343 1666 suis
2382 1612 2712 1682 negotiandi
2753 1629 2918 1668 causa
2961 1629 3075 1667 non
3125 1612 3436 1678 discedant,
3467 1627 3572 1665 nec
3613 1610 3859 1664 circum-

2229 1709 2432 1759 euntes
2480 1706 2794 1776 provincias
2836 1712 3186 1777 quaestuosas
3229 1704 3511 1759 nundinas
3552 1708 3859 1759 sectentur.

568 1803 698 1857 VIII.
728 1803 868 1855 Item
906 1798 1139 1854 feminae
1185 1815 1313 1872 quae
1356 1797 1515 1852 nulla
1560 1796 1916 1868 praecedente
1965 1777 2207 1849 causaB
2232 1799 2375 1854 Sane
2407 1798 2480 1853 ad
2510 1799 2718 1855 victum
2765 1799 2870 1854 sibi
2911 1799 3364 1871 conquirendum
3393 1801 3492 1851 aut
3525 1797 3728 1866 ﬁlium,
3763 1799 3866 1850 aut

496 1893 851 1966 reliquerunt
875 1893 1024 1948 viros
1073 1909 1221 1961 suos,
1254 1897 1310 1946 et
1355 1889 1545 1945 alteris
1589 1908 1646 1944 se
1702 1889 2126 1966 copulaverunt,

499 2004 606 2043 nec
633 1987 692 2042 in
714 1987 892 2042 ﬁnem
921 1986 1207 2058 accipiant
1233 1984 1717 2040 communionem.

570 2083 654 2136 IX.
684 2083 824 2136 Item
853 2080 1035 2135 ﬁdelis
1062 2079 1280 2133 femina
1321 2094 1446 2149 quae
1488 2074 2131 2132 adulterum'maritum

497 2174 796 2247 reliquerit
837 2173 1082 2241 ﬁdelem,
1117 2178 1174 2227 et
1198 2173 1443 2227 alterum
1491 2170 1734 2239 duxerit,
1766 2168 2132 2241 prohibeatur

498 2285 571 2324 ne
599 2269 795 2335 ducat;
829 2267 1091 2322 siautem
1125 2263 1370 2330 duxerit,
1403 2281 1516 2318 non
1546 2265 1702 2335 prius
1734 2261 1968 2332 accipiat
1986 2277 2134 2315 com-

496 2359 853 2428 munionem,
905 2375 1076 2431 quam
1133 2358 1179 2412 is
1229 2375 1400 2429 quem
1451 2357 1749 2428 reliquerit
1801 2357 1869 2410 de
1925 2357 2132 2410 saecqu

499 2455 718 2524 exierit,
741 2453 849 2508 nisi
871 2453 1173 2508 necessitas
1202 2451 1502 2506 inﬁrmatis
1531 2451 1670 2505 dare
1698 2449 2054 2520 compulerit.

568 2549 627 2602 X.
672 2547 729 2602 Si
777 2564 846 2600 ea
892 2563 1065 2618 quam
1117 2545 1554 2600 catechumenus
1604 2543 1856 2614 reliquit,
1909 2541 2136 2597 duxerit

499 2641 792 2707 maritum,
822 2644 1009 2711 potest
1041 2639 1111 2693 ad
1159 2639 1379 2692 fontem
1423 2637 1635 2692 lavacri
1666 2636 1908 2703 admitti,
1942 2637 2046 2690 hoc
2079 2638 2138 2689 et

501 2735 650 2789 circa
664 2731 904 2788 feminas
929 2733 1363 2786 catechumenas
1383 2729 1492 2784 erit
1512 2729 1944 2784 observandum.
1972 2727 2136 2791 Quod

503 2829 549 2881 si
575 2827 764 2894 fuerit,
797 2843 924 2898 qua;
951 2825 1174 2879 ducitur
1199 2824 1269 2878 ab
1296 2840 1364 2878 eo
1391 2822 1490 2893 qui
1519 2839 1756 2877 uxorem
1786 2822 2137 2892 inculpatam

504 2918 753 2990 reliquit,
787 2923 846 2972 et
887 2935 1018 2972 cum
1067 2917 1255 2972 scierit
1298 2915 1460 2970 illum
1491 2914 1563 2970 ab
1593 2931 1770 2969 uxore
1813 2931 1984 2985 quam
2017 2913 2138 2969 sine

505 3030 674 3067 causa
699 3011 948 3083 reliquit,
969 3009 1182 3081 placuit
1207 3008 1535 3079 hujusmodi
1556 3009 1613 3062 in
1631 3009 1806 3062 ﬁnem
1835 3008 1967 3062 dare
1990 3023 2139 3061 com-

505 3105 862 3161 munionem.

577 3201 657 3254 XI.
673 3201 828 3254 Intra
846 3197 1222 3271 quinquennii
1242 3198 1434 3252 autem
1457 3198 1714 3268 tempora
1725 3195 2137 3251 catechumena

508 3292 550 3348 si
573 3291 820 3365 graviter
836 3291 1007 3348 fuerit
1032 3292 1342 3362 inﬁrmata,
1361 3289 1688 3346 addendum
1714 3289 1765 3345 ei
1785 3289 2135 3361 baptismum

506 3387 713 3458 placuit
741 3403 854 3440 non
884 3386 1176 3457 denegari.

576 3482 682 3535 XII.
709 3481 871 3535 Pater
893 3481 980 3534 vel
1009 3495 1216 3552 parens
1242 3476 1332 3533 vel
1361 3475 1630 3550 quaelibet
1672 3474 1853 3532 ﬁdelis
1890 3475 1936 3530 si
1972 3476 2136 3532 leno-

505 3574 719 3630 cinium
786 3574 1122 3641 exercuerit,
1175 3589 1240 3628 eo
1297 3572 1454 3644 quod
1515 3571 1763 3626 alienum
1813 3569 2140 3624 vendiderit

507 3683 711 3740 corpus
737 3668 826 3723 vel
880 3667 1069 3739 potius
1098 3684 1287 3736 suum,
1317 3664 1530 3737 placuit
1569 3682 1698 3720 eam
1739 3681 1844 3719 nec
1873 3663 1934 3718 in
1964 3662 2138 3718 ﬁnem

506 3761 760 3832 accipere
782 3759 1278 3816 communionem.

578 3856 716 3910 XIII.
747 3853 1006 3923 Virgines
1054 3869 1183 3923 quae
1231 3867 1290 3905 se
1335 3851 1453 3906 Deo
1509 3850 1930 3918 dedicaverunt,
1960 3849 2006 3903 si
2037 3867 2136 3920 pa-

509 3950 668 4002 ctum
696 3945 1059 4018 perdiderint
1085 3943 1449 4016 virginitatis,
1483 3948 1650 4014 atque
1683 3943 1897 3998 eaedem
1917 3939 2139 3997 libidini

510 4039 827 4107 servierint,
853 4055 969 4093 non
996 4036 1380 4108 intelligentes
1406 4037 1563 4108 quod
1589 4035 1905 4104 amiserint,
1929 4036 2142 4106 placuit

510 4150 615 4190 nec
640 4133 699 4187 in
727 4134 838 4187 ﬁne
871 4131 1122 4186 dandam
1156 4130 1236 4185 eis
1263 4147 1380 4184 esse
1406 4129 1898 4197 communionem;
1921 4130 2074 4201 quod
2093 4130 2140 4183 si

511 4226 844 4298 semetipsas
889 4224 1278 4296 poenituerint,
1305 4223 1457 4295 quod
1503 4223 1838 4279 inﬁrmitate
1886 4223 2140 4294 corporis

510 4321 685 4393 lapsa:
711 4319 944 4386 fuerint,
976 4319 1148 4373 etiam
1192 4323 1448 4389 tempore
1485 4316 1615 4371 vitae
1655 4334 1771 4371 sure
1811 4316 2142 4389 hujusmodi

514 4415 743 4470 femina:
791 4412 1014 4484 egerint
1062 4411 1484 4482 paenitentiam,
1519 4417 1575 4466 et
1613 4409 1991 4466 abstinuerint
2021 4427 2078 4464 se
2109 4427 2142 4464 a

2230 1892 2519 1962 libertum,
2552 1895 2652 1947 aut
2676 1893 3119 1962 mercenarium,
3139 1897 3237 1946 aut
3255 1890 3520 1960 amicum,
3545 1894 3645 1945 aut
3663 1904 3866 1961 quem-

2229 1985 2370 2040 libet
2395 1985 2648 2057 mittant,
2672 1991 2729 2042 et
2758 1986 2802 2041 si
2833 1986 3116 2041 voluerint
3141 1984 3444 2056 negotiari,
3467 1985 3618 2039 intra
3636 1982 3869 2054 provin-

2231 2081 2380 2134 ciam
2411 2080 2800 2151 negotientur.

2301 2174 2402 2226 XX.
2434 2173 2492 2227 Si
2519 2173 2644 2244 quis
2673 2173 3010 2228 clericorum
3041 2172 3264 2228 deditus
3294 2173 3466 2228 fuerit
3488 2187 3692 2227 usuras
3713 2168 3865 2226 acci-

2233 2282 2390 2337 pere,
2417 2267 2632 2338 placuit
2673 2267 2994 2338 degradari,
3025 2271 3080 2321 et
3109 2267 3400 2322 abstineri.
3430 2265 3486 2321 Si
3531 2265 3660 2336 quis
3691 2265 3866 2320 etiam

2233 2359 2410 2414 laicus
2473 2360 2756 2431 accepisse
2820 2360 3092 2431 probatur
3154 2377 3370 2427 usuras,
3423 2363 3478 2414 et
3538 2357 3873 2430 promiserit

2233 2455 2531 2524 correptus
2552 2453 2676 2524 jam
2711 2460 3083 2521 cessaturum,
3113 2470 3216 2507 uec
3244 2452 3482 2508 ulterius
3511 2457 3868 2516 exacturum,

2233 2546 2424 2618 placet
2472 2547 2524 2600 ei
2562 2547 2786 2601 veniam
2825 2547 3016 2601 tribui.
3068 2547 3126 2602 Si
3164 2564 3295 2600 vero
3335 2547 3394 2601 in
3444 2563 3509 2600 ea
3557 2545 3869 2615 iniquitate

2237 2639 2542 2707 duraverit,
2574 2640 2644 2694 ab
2674 2640 2910 2694 ecclesia
2941 2640 3080 2694 sciat
3106 2657 3162 2694 se
3193 2657 3312 2694 esse
3340 2639 3778 2711 projiciendum.

2308 2734 2437 2787 XXI.
2477 2732 2534 2788 Si
2579 2733 2706 2804 quis
2749 2734 2809 2787 in
2853 2733 3077 2787 civitate
3118 2733 3355 2804 positus,
3389 2735 3502 2786 tres
3549 2731 3874 2786 Dominicas

2239 2825 2528 2880 ecclesiam
2545 2843 2661 2880 non
2677 2825 2995 2896 accesserit,
3016 2843 3193 2897 pauco
3212 2831 3468 2897 tempore
3495 2826 3870 2894 abstineatur,

2241 2921 2305 2972 ut
2331 2924 2621 2990 correptus
2659 2936 2781 2974 esse
2805 2912 3108 3003 videatur./

2311 3013 2464 3067 XXII.
2494 3012 2552 3068 Si
2589 3013 2715 3084 quis
2753 3014 2822 3068 de
2866 3013 3140 3068 catholica
3187 3014 3434 3068 Ecclesia
3475 3013 3549 3068 ad
3596 3012 3872 3066 haeresim

2157 3146 2211 3219 Ο
2238 3106 2538 3161 transitum
2584 3106 2799 3174 fecerit,
2848 3123 3159 3178 rursusque
3200 3107 3272 3162 ad
3317 3106 3620 3162 Ecclesiam
3673 3123 3871 3160 recur-

2237 3201 2394 3268 rerit,
2424 3200 2636 3271 placuit
2663 3200 2794 3255 huic
2842 3201 3233 3272 paenitentiam
3261 3218 3376 3256 non
3408 3217 3527 3255 esse
3571 3199 3866 3270 denegan-

2238 3294 2394 3361 dam,
2413 3310 2478 3348 eo
2498 3294 2654 3366 quod
2675 3294 3008 3365 cognoverit
3033 3298 3331 3366 peccatum
3357 3310 3544 3362 suum,
3576 3293 3674 3364 qui
3695 3293 3870 3347 etiam

2239 3387 2434 3441 decem
2485 3387 2648 3442 annis
2712 3390 2842 3458 agat
2897 3387 3304 3458 paenitentiam,
3353 3388 3442 3442 cui
3491 3390 3617 3457 post
3671 3386 3873 3440 decem

2239 3497 2420 3535 annos
2463 3480 2720 3551 praestari
2767 3480 3097 3536 communio
3145 3481 3331 3536 debet.
3362 3480 3416 3536 Si
3442 3497 3572 3534 vero
3619 3479 3875 3533 infantes

2240 3573 2452 3628 fuerint
2491 3573 2804 3628 transducti
2835 3573 2988 3644 quod
3019 3590 3134 3628 non
3179 3591 3280 3628 suo
3318 3573 3450 3628 vitio
3491 3571 3871 3644 peccaverint,

2239 3665 2638 3722 incunctanter
2662 3666 2839 3738 recipi
2866 3666 3129 3722 debeant.
3689 3732 3697 3738 ,

2311 3761 2481 3814 ΧΧΙΙΙ.
2545 3760 2755 3831 Jejunii
2817 3777 2985 3832 super
3047 3757 3410 3815 abstinentias
3460 3773 3563 3830 per
3615 3758 3876 3830 singulos

2241 3869 2467 3908 menses
2510 3853 2720 3924 placuit
2770 3853 3042 3908 celebrari
3097 3851 3344 3924 exceptis
3387 3852 3583 3907 diebus
3623 3852 3874 3907 duorum

2245 3947 2527 4002 mensium
2569 3946 2701 4002 Julii
2738 3951 2796 4002 et
2835 3945 3074 4018 Augusti
3117 3942 3188 4000 ob
3236 3945 3571 4000 eorumdem
3623 3945 3871 3999 inﬁrmi-

2242 4044 2482 4137 “93:1

2315 4131 2484 4189 XXIVI
2537 4133 2750 4189 Omnes
2795 4133 2893 4205 qui
2932 4149 3171 4205 peregre
3218 4133 3428 4189 fuerint
3471 4131 3760 4204 baptizati,
3806 4149 3876 4187 eo

2240 4228 2390 4300 quod
2422 4244 2618 4282 eorum
2646 4228 2880 4284 minime
2907 4228 2977 4282 sit
3005 4228 3231 4299 cognita
3256 4227 3386 4294 vita,
3415 4227 3626 4298 placuit
3654 4227 3723 4280 ad
3754 4227 3871 4280 cle-

2239 4337 2368 4375 rum
2394 4337 2509 4375 non
2536 4337 2653 4376 esse
2679 4322 3091 4392 promovendos
3117 4321 3176 4376 in
3204 4321 3406 4376 alienis
3434 4319 3759 4391 provinciis.

2312 4414 2460 4468 XXV.
2525 4414 2724 4468 Omnis
2773 4415 2869 4485 qui
2923 4414 3180 4469 attulerit
3228 4416 3438 4469 litteras
3493 4411 3876 4468 confessorias

514 4509 686 4579 coitu,
715 4524 782 4563 eo
816 4507 967 4578 quod
1016 4507 1185 4577 lapsa:
1221 4505 1407 4576 potius
1446 4504 1768 4574 videantur,
1797 4503 2007 4576 placuit
2047 4521 2142 4558 eas
2161 4521 2220 4593 D
2244 4506 2464 4562 sublato
2479 4507 2710 4562 nomine
2729 4508 3168 4574 confessoris,eo
3197 4509 3349 4580 quod
3371 4507 3474 4562 sub
3494 4507 3598 4561 hac
3619 4505 3876 4561 nominis

511 4603 572 4658 in
600 4602 716 4657 ﬁne
744 4600 1211 4656 communionem
1244 4599 1498 4670 accipere
1527 4598 1753 4653 debere.

584 4698 714 4752 XIV.
746 4682 1008 4766 Virgines
1038 4709 1166 4766 quae
1195 4691 1580 4764 virginitatem
1610 4709 1769 4746 suam
1797 4708 1912 4746 non
1952 4695 2141 4746 custo-

516 4789 746 4858 dierint,
777 4789 824 4843 si
851 4788 1076 4843 eosdem
1109 4787 1206 4857 qui
1249 4802 1342 4840 eas
1385 4785 1739 4840 violaverunt
1788 4785 2052 4840 duxerint
2091 4789 2146 4839 et

514 4881 808 4939 tenuerint
835 4881 1090 4948 maritos,
1110 4896 1176 4933 eo
1194 4878 1344 4949 quod
1369 4878 1514 4932 solas
1541 4877 1770 4948 nuptias
1789 4876 2140 4947 violaverint,

517 4979 648 5048 post
677 4991 895 5029 annum
927 4973 1048 5027 sine
1079 4971 1412 5043 poenitentia
1440 4967 1791 5024 reconciliari
1836 4969 2140 5036 debebunt,

517 5069 604 5124 vel
643 5068 689 5122 si
721 5067 860 5122 alios
904 5065 1275 5138 cognoverint
1321 5063 1489 5134 viros,
1519 5078 1588 5116 eo
1639 5062 1794 5132 quod
1847 5062 2144 5117 moechataa

519 5161 650 5227 sint,
679 5160 889 5232 placuit
914 5175 1016 5231 per
1046 5156 1426 5230 quinquennii
1452 5161 1716 5226 tempora
1747 5158 1874 5210 acta
1893 5154 2147 5225 legitima

519 5254 850 5326 poenitentia
877 5252 1102 5307 admitti
1129 5267 1222 5305 eas
1250 5251 1323 5304 ad
1349 5249 1829 5305 communionem.

589 5349 694 5402 XV.
720 5349 955 5418 Propter
980 5344 1203 5415 copiam
1229 5345 1550 5414 puellarum
1579 5343 1884 5414 gentilibus
1909 5342 2144 5398 minime

519 5444 578 5498 in
623 5439 1052 5496 matrimonium
1101 5436 1302 5490 dandae
1354 5440 1486 5491 sunt
1515 5437 1762 5508 virgines
1791 5435 2141 5503 Christiana},

519 5555 594 5592 ne
635 5541 773 5590 tetas
815 5535 874 5587 in
923 5531 1081 5610 ﬂore.
1113 5533 1340 5584 tumens
1392 5529 1450 5583 in
1498 5529 1777 5584 adulterio
1832 5529 2146 5584 resolvatur

519 5631 750 5684 anima}.

591 5723 716 5775 XVI.
741 5715 1028 5772 Hiereticis
1050 5715 1149 5784 qui
1170 5716 1365 5768 errant
1385 5713 1454 5767 ab
1477 5713 1724 5769 Ecclesia
1747 5715 2020 5771 catholica
2040 5733 2145 5772 nec

521 5813 656 5882 ipsis
685 5809 989 5864 catholicas
1021 5807 1236 5862 dandas
1275 5807 1511 5877 puellas,
1545 5807 1641 5860 sed
1684 5825 1870 5878 neque
1914 5809 2140 5880 Iudaeis,

2247 4600 2426 4671 gloria
2480 4601 2688 4672 partim
2749 4601 3076 4656 concutiant
3127 4601 3430 4673 simplices,
3480 4600 3874 4656 communica-

2246 4693 2404 4748 toriaa
2433 4693 2486 4748 ei
2513 4693 2720 4749 danda:
2748 4699 2881 4750 sunt
2906 4695 3134 4750 litterae.

2317 4789 2490 4843 XXVI.
2521 4788 2781 4843 Errorem
2828 4789 3041 4860 placuit
3079 4787 3306 4858 corrigi,
3337 4790 3404 4842 ut
3446 4787 3603 4842 omni
3651 4785 3877 4843 Sabbati

2246 4880 2337 4935 die
2361 4880 2647 4952 jejunium
2678 4898 2849 4952 super
2876 4882 3222 4953 positionem
3252 4881 3622 4936 celebremus.

2317 4971 2366 5045 1
2535 4974 2730 5029 XXVII.
2762 4975 3066 5047 Episcopus
3089 4976 3176 5029 vel
3199 4974 3434 5046 quilibet
3456 4975 3694 5029 clericus
3715 4975 3874 5041 alius,

2246 5072 2344 5122 aut
2374 5083 2648 5135 sororem,
2679 5072 2779 5122 aut
2818 5069 2996 5122 ﬁliam
3023 5069 3304 5140 virginem
3332 5067 3572 5123 dicatam
3604 5069 3718 5123 Deo
3747 5073 3874 5123 tan-

2247 5163 2368 5214 tum
2394 5176 2586 5215 secum
2614 5160 2838 5228 habeat,
2872 5166 3202 5217 extraneam
3237 5178 3367 5216 vero
3397 5178 3765 5232 nequaquam
3799 5178 3876 5216 se-

2244 5270 2374 5307 cum
2404 5253 2632 5309 habeat.

2315 5346 2534 5402 XXVIII.
2585 5347 2922 5420 Episcopum
2963 5351 3174 5422 placuit
3216 5349 3286 5405 ab
3336 5367 3403 5405 eo
3450 5350 3547 5421 qui
3578 5366 3694 5404 non
3729 5366 3876 5406 com-

2246 5440 2516 5510 municat,
2549 5459 2789 5498 munera
2818 5443 3073 5515 accipere
3105 5461 3218 5499 non
3253 5444 3478 5500 debere.

2314 5535 2481 5590 XXIX.
2511 5534 2982 5608 Energumenum
3011 5539 3106 5609 qui
3139 5539 3210 5592 ab
3241 5537 3479 5592 erratico
3509 5537 3712 5608 spiritu
3743 5555 3872 5593 exa-

2245 5627 2480 5696 gitatur,
2501 5627 2673 5700 hujus
2691 5647 2904 5686 nomen
2925 5647 3111 5702 neque
3134 5631 3208 5685 ad
3229 5631 3404 5686 altare
3433 5647 3562 5686 cum
3593 5631 3875 5685 oblatione

2245 5735 2365 5774 esse
2392 5720 2770 5792 recitandum,
2801 5740 2987 5796 neque
3015 5723 3464 5795 permittendum
3497 5727 3558 5777 ut
3578 5741 3681 5778 sua
3707 5741 3877 5778 manu

2246 5813 2304 5867 in
2333 5814 2566 5868 ecclesia
2608 5816 2910 5873 ministret.
