4054 6298
107 400 209 453 417

1356 382 1833 439 DECRETALIUM
1873 378 2256 435 CULLEL‘TIU.

3377 378 3479 433 418

371 500 786 560 Subdiaconem
813 513 945 555 eum
973 496 1227 553 ordinari
1264 511 1381 551 non
1413 494 1621 548 debere
1651 491 1751 563 qui
1774 505 1831 578 Α
1851 488 2078 555 debere,
2095 486 2546 541 nisiinﬁrmitate
2569 486 2947 558 compellente
2968 484 3218 555 coegerit
3238 486 3377 539 ratio
3396 488 3482 540 vel

110 602 169 655 in
200 596 593 653 adolescentia
617 611 718 649 sua
744 594 917 648 fuerit
941 591 1274 656 mazchatus,
1302 604 1368 642 eo
1406 587 1558 659 quod
1596 590 1747 657 post-

110 692 359 749 modum
380 707 484 762 per
498 688 973 760 subscriptionem
997 686 1068 741 ad
1086 684 1349 740 altiorem
1372 681 1611 752 gradum
1631 696 1748 733 non

111 788 185 842 sit
210 783 668 858 promovendos;
692 781 946 835 siautem
971 778 1144 850 aliqui
1166 784 1298 832 sunt
1317 776 1375 829 in
1395 773 1751 846 praeteritum

113 878 394 948 ordinati,
438 878 823 932 amoveantur.

187 973 365 1028 XXXI.
396 971 796 1026 Adolescentes
840 967 937 1040 qui
966 969 1097 1039 post
1133 966 1307 1021 ﬁdem
1349 961 1558 1018 lavacri
1604 960 1750 1015 salu-

119 1068 255 1124 taris
305 1064 524 1121 fuerint
567 1062 855 1131 moechati,
884 1077 1016 1115 cum
1065 1059 1337 1115 duxerint
1388 1073 1588 1112 uxores
1634 1059 1756 1109 acta

119 1155 387 1227 legitima
414 1152 773 1225 poenitentia,
804 1149 1017 1221 placuit
1052 1150 1124 1204 ad
1161 1147 1629 1204 communionem
1662 1160 1757 1198 eos

121 1248 351 1306 admitti
380 1246 593 1301 debere

194 1256 351 1304 mitti
380 1256 641 1391 debereq

192 1343 394 1397 XXXII.
429 1341 489 1395 Si
515 1338 609 1410 qui
669 1338 823 1409 gravi
866 1338 1031 1408 lapsu
1070 1336 1130 1390 in
1172 1335 1394 1391 ruinam
1440 1334 1639 1389 mortis
1666 1333 1756 1387 in-

123 1430 350 1499 ciderit,
382 1427 597 1500 placuit
619 1443 789 1498 agere
827 1425 1225 1497 pcenitentiam
1255 1441 1373 1478 non
1404 1424 1609 1478 debere
1638 1422 1758 1475 sine

127 1523 382 1598 episcopi
411 1523 694 1591 consultu,
724 1520 819 1575 sed
846 1520 1032 1590 potius
1061 1518 1215 1589 apud
1251 1517 1578 1589 episcopum
1606 1518 1756 1587 agat,

125 1620 375 1690 cogente
401 1621 598 1671 tamen
623 1613 970 1669 inﬁrmitate.
1007 1614 1130 1667 Non
1166 1617 1248 1665 est
1274 1611 1758 1682 presbyterorum,

128 1712 528 1775 diaconorum,
541 1706 1006 1763 communionem
1024 1705 1231 1759 talibus
1246 1707 1517 1776 praestare
1535 1703 1759 1771 debere,

129 1805 238 1861 nisi
267 1804 352 1860 eis
374 1802 610 1874 jusserit
637 1801 949 1873 episcopus.

1851 582 2002 637 socio
2034 580 2333 635 subvenire
2363 580 2725 651 periclitanti,
2759 580 2847 635 vel
2880 579 3117 650 gratiam
3150 580 3479 650 postulanti.

1920 675 2076 730 XLII.
2138 676 2377 728 Pravam
2436 674 2855 728 institutionem
2915 672 3211 728 emendari
3274 672 3485 743 placuit

1844 769 2010 841 juxta
2052 768 2442 822 auctoritatem
2488 768 2936 839 Scripturarum,
2985 770 3048 820 ut
3093 766 3282 821 cuncti
3333 766 3486 820 diem

1852 862 2212 917 Pentecostes
2240 860 2618 927 celebremus;
2644 860 2800 931 quod
2820 861 2916 931 qui
2943 877 3060 915 non
3087 859 3303 927 fecerit,
3327 859 3486 931 quasi

1853 972 2057 1011 novam
2083 954 2349 1008 haeresim
2371 954 2650 1009 induxisse
2682 956 2927 1009 notetur.
2975 988 2981 1001 ι

1927 1050 2098 1103 XLIII.
2145 1047 2404 1102 Meretrix
2452 1063 2580 1118 quae
2622 1047 2926 1119 aliquando
2969 1048 3161 1117 fuerit,
3196 1052 3255 1103 et
3291 1051 3487 1120 postea

1856 1142 2121 1198 habuerit
2167 1141 2455 1208 maritum,
2490 1142 2535 1195 si
2583 1142 2947 1212 postmodum
2993 1143 3063 1197 ad
3095 1142 3488 1198 credulitatem

1857 1236 2093 1305 venerit,
2123 1235 2522 1289 incunctanter
2549 1234 2761 1305 placuit
2787 1252 2903 1290 esse
2930 1236 3342 1307 recipiendam.

1931 1330 2100 1383 XLIV.
2131 1328 2239 1391 Qui
2268 1328 2574 1399 aliquando
2602 1328 2773 1382 fuerit
2800 1329 3237 1384 catechumenus
3263 1346 3367 1401 per
3396 1330 3486 1383 in-

1859 1423 2020 1478 ﬁnita
2049 1427 2329 1493 tempora,
2354 1426 2410 1476 et
2430 1437 2727 1493 nunquam
2757 1422 2829 1476 ad
2851 1422 3145 1477 ecclesiam
3166 1423 3488 1479 accesserit:

1861 1518 1905 1572 si
1937 1533 2067 1572 eum
2112 1516 2181 1570 de
2229 1516 2377 1570 clero
2430 1516 2729 1587 quisquam
2780 1517 3073 1587 agnoverit
3102 1517 3341 1572 voluisse
3371 1534 3492 1571 esse

1860 1614 2270 1682 Christianum,
2289 1618 2387 1669 aut
2413 1617 2583 1668 testes
2606 1614 2775 1686 aliqui
2800 1615 3113 1670 exstiterint
3140 1615 3353 1684 ﬁdeles,
3372 1616 3492 1687 pla—

1864 1709 1979 1763 cuit
2007 1708 2354 1780 baptismum
2382 1707 2433 1762 ei
2461 1725 2574 1762 non
2596 1708 2816 1779 negari,
2841 1726 2907 1763 eo
2933 1709 3083 1781 quod
3114 1708 3170 1762 in
3192 1714 3378 1765 vetere
3400 1710 3497 1763 ho-

1864 1803 2016 1858 mine
2049 1802 2351 1873 deliquisse
2394 1801 2675 1857 videatur.
3328 1798 3333 1811 '

199 1899 423 1953 XXXIII.
455 1896 671 1951 Placuit
704 1895 766 1949 in
810 1899 997 1949 totum
1046 1893 1412 1965 praescribere
1461 1891 1842 1967 episcopis,B
1936 1898 2082 1951 XLV.
2134 1896 2192 1951 Si
2241 1896 2365 1966 quis
2410 1896 2593 1950 ﬁdelis
2640 1899 2897 1968 apostata
2942 1914 3043 1967 per
3086 1897 3307 1951 infinita
3350 1900 3493 1953 tem-

132 1991 501 2067 presbyteris,
537 1989 889 2056 diaconibus,
918 2004 981 2041 ac
1022 1985 1459 2041 subdiaconibus
1488 1985 1681 2057 positis
1707 1985 1765 2039 in

134 2084 456 2142 ministerio
482 2083 768 2138 abstinere
795 2100 854 2137 se
881 2099 915 2138 a
940 2081 1273 2152 conjugibus
1298 2079 1431 2146 suis,
1451 2084 1509 2134 et
1527 2096 1643 2134 non
1675 2096 1769 2150 ge-

133 2197 338 2236 nerare
366 2178 534 2232 ﬁlios.
560 2176 721 2242 Quod
746 2176 1074 2248 quicunque
1102 2174 1318 2242 fecerit,
1335 2174 1403 2249 δέ»
1426 2174 1642 2228 honore
1662 2174 1769 2227 cle-

136 2275 345 2330 ricatus
374 2271 805 2328 exterminetur.

206 2368 426 2422 XXXIV.
478 2365 680 2420 Cereos
726 2381 827 2435 per
869 2364 1024 2419 diem
1077 2363 1290 2434 placuit
1336 2361 1395 2417 in
1443 2362 1770 2417 coemeterio

142 2479 254 2518 non
295 2459 550 2528 incendi,
580 2457 937 2529 inquietandi
967 2458 1120 2511 enim
1162 2460 1494 2512 sanctorum
1540 2456 1770 2527 spiritus

144 2573 257 2611 non
287 2558 442 2609 sunt.
476 2552 582 2617 Qui
613 2553 734 2607 11030
763 2568 882 2606 non
911 2551 1346 2621 observaverint,
1374 2555 1673 2605 arceantur
1701 2550 1770 2603 ab

144 2648 404 2705 Ecclesim
425 2646 848 2702 communione.

211 2744 409 2797 XXXV.
437 2741 654 2796 Placuit
686 2739 980 2812 prohiberi
1011 2756 1081 2794 ne
1110 2739 1336 2794 feminae
1362 2739 1421 2793 in
1448 2738 1773 2794 coemeterio

144 2836 509 2910 pervigilent,
562 2852 630 2889 eo
680 2835 834 2906 quod
878 2851 1026 2906 saepe
1074 2834 1176 2888 sub
1220 2835 1459 2890 obtentu
1504 2832 1775 2889 orationis

145 2932 360 2987 scelera
384 2930 632 2985 latenter
657 2929 1037 2984 committant.

213 3025 432 3079 XXXVI.
473 3022 689 3077 Placuit
717 3022 964 3094 picturas
990 3023 1049 3077 in
1082 3022 1318 3078 ecclesia
1358 2989 1477 3077 esse
1524 3039 1637 3077 non
1677 3023 1773 3077 de-

147 3120 304 3189 bere,
330 3134 404 3172 ne
435 3117 585 3189 quod
613 3116 816 3171 colitur
842 3120 941 3171 aut
966 3117 1234 3172 adoratur
1258 3117 1317 3171 in
1344 3116 1651 3188 parietibus
1676 3117 1775 3171 de-

151 3213 439 3285 pingatur.

1866 2007 2005 2061 pora
2026 1990 2095 2045 ad
2118 1990 2408 2044 ecclesiam
2432 2007 2545 2043 non
2575 1990 2892 2057 accesserit,
2917 1991 2961 2045 si
2984 1995 3176 2045 tamen
3195 1992 3498 2063 aliquando

1866 2085 2039 2139 fuerit
2063 2101 2341 2151 reversus,
2360 2100 2465 2137 nec
2486 2083 2660 2138 fuerit
2684 2084 3008 2154 idololatra,
3036 2089 3160 2156 post
3188 2085 3381 2156 decem
3404 2101 3499 2138 an-

1867 2085 2039 2139 fuerlt
2063 2101 2341 2151 reversus,
2360 2100 2465 2137 nec
2486 2085 2660 2138 fuerit
2684 2085 3008 2154 idololatra,
3036 2089 3160 2156 post

1867 2194 1971 2231 nos
1997 2178 2204 2248 placuit
2230 2194 2359 2231 eum
2389 2177 2848 2231 communionem
2875 2177 3149 2250 accipere.
3188 2085 3223 2265 ἵ

1942 2272 2109 2324 XLVI.
2148 2270 2205 2324 Si
2237 2270 2362 2341 quis
2407 2270 2588 2324 ﬁdelis
2626 2270 2846 2324 habens
2877 2287 3131 2339 uxorem,
3165 2288 3279 2325 non
3326 2272 3499 2326 semel

1869 2365 1967 2419 sed
1995 2380 2144 2434 saepe
2170 2364 2345 2417 fuerit
2371 2364 2708 2431 moechatus,
2739 2364 2797 2418 in
2825 2364 3001 2419 ﬁnem
3030 2365 3229 2420 mortis
3256 2368 3339 2421 est
3364 2382 3500 2420 con-

1869 2457 2202 2514 veniendus.
2226 2456 2389 2520 Quod
2417 2457 2460 2511 si
2494 2474 2549 2511 se
2580 2457 2907 2528 promiserit
2935 2462 3306 2528 cessaturum,
3338 2459 3503 2513 dettlr

1872 2553 1925 2608 ei
1941 2550 2289 2620 communio;
2309 2551 2354 2604 si
2376 2550 2738 2605 resuscitatus
2758 2568 2955 2605 rursus
2978 2552 3149 2606 fuerit
3168 2554 3497 2623 meachatus,

1871 2646 2082 2718 placuit
2108 2644 2346 2700 ulterius
2373 2661 2486 2699 non
2519 2644 2688 2699 edere
2720 2661 2851 2699 eum
2880 2645 2949 2700 de
2974 2646 3380 2703 communione
3404 2665 3498 2718 pa-

1874 2741 1974 2795 cis.

1946 2833 2133 2888 XLVII.
2176 2833 2498 2888 Emendare
2541 2832 2769 2904 placuit,
2798 2836 2863 2888 ut
2904 2834 2964 2888 hi
3007 2835 3105 2906 qui
3148 2835 3505 2907 baptizantur

1878 2929 1960 3000 (ut
1980 2928 2105 2982 ﬁeri
2141 2928 2370 2999 solebat)
2404 2944 2673 2981 nummos
2701 2927 2761 2981 in
2806 2928 3083 2983 concham
3120 2946 3239 2984 non
3279 2929 3510 2986 mittant

1878 3040 1949 3079 ne
1998 3022 2261 3077 sacerdos
2312 3022 2469 3093 quod
2502 3020 2679 3093 gratis
2723 3023 2939 3093 accepit
2968 3022 3150 3094 pretio
3190 3023 3507 3079 distrahere

1877 3116 2151 3183 videatur,
2184 3132 2366 3187 neque
2395 3114 2573 3187 pedes
2602 3131 2802 3169 eorum
2831 3115 3056 3171 lavandi
3103 3120 3237 3172 sunt
3266 3134 3299 3172 a
3323 3134 3506 3173 sacer-

1881 3210 2107 3265 dotibus
2127 3209 2213 3263 vcl
2238 3209 2474 3263 clericis.

218 3270 458 3361 XXXVII.
493 3305 598 3359 Eos
627 3304 723 3376 qui
752 3322 783 3359 a
813 3304 1101 3377 spiritibus
1135 3306 1449 3361 immundis
1485 3309 1778 3375 vexantur,
1802 3270 1857 3344 Ο
1952 3303 2170 3357 XLVIII.
2198 3303 2525 3357 Admonere
2554 3301 2760 3374 placuit
2788 3320 3142 3373 possessores
3172 3310 3235 3359 ut
3262 3322 3381 3361 non
3408 3324 3509 3379 pa-

153 3398 196 3456 si
224 3401 284 3455 in
316 3399 432 3453 ﬁne
460 3398 660 3453 mortis
684 3398 917 3466 fuerint,
945 3399 1231 3454 constituti
1263 3399 1533 3469 baptizari
1574 3400 1779 3469 placet.

155 3494 212 3550 Si
235 3510 370 3548 vero
396 3492 593 3547 ﬁdeles
625 3492 857 3562 fuerint,
885 3492 1133 3547 dandam
1162 3492 1240 3547 eis
1270 3508 1386 3547 esse
1430 3492 1784 3546 communio-

153 3604 305 3644 nem.
336 3585 759 3641 Prohibendum
781 3586 953 3642 etiam
974 3604 1045 3641 ne
1065 3587 1326 3642 lucernas
1350 3586 1573 3658 publice
1594 3602 1786 3640 accen-

158 3681 291 3737 dant
325 3697 339 3735 :
374 3679 425 3735 si
446 3680 630 3735 facere
656 3684 853 3735 contra
880 3680 1246 3736 interdictum
1275 3680 1572 3750 voluerint,
1609 3680 1784 3735 absti-

156 3778 330 3831 neant
351 3791 386 3828 a
416 3774 836 3829 communione.

221 3869 492 3925 XXXVIII.
534 3869 777 3940 Peregre
831 3869 1167 3941 navigantes
1218 3872 1315 3923 aut
1358 3867 1686 3940 si‘fecclesia
1729 3868 1788 3923 in

159 3964 422 4035 proximo
441 3979 561 4017 non
576 3963 764 4032 fuerit,
780 3976 940 4035 posse
959 3963 1183 4019 ﬁdelem
1202 3965 1299 4036 qui
1321 3966 1603 4019 lavacrum
1622 3980 1788 4019 suum

163 4056 455 4130 integrum
485 4056 676 4126 habet,
707 4073 811 4112 nec
853 4057 926 4111 sit
950 4055 1245 4129 'bigamus,
1279 4059 1568 4129 baptizare
1598 4058 1655 4112 in
1686 4074 1789 4113 ne-

164 4152 419 4207 cessitate
444 4150 789 4206 inﬁrmitatis
815 4152 1063 4223 positum
1088 4153 1582 4224 catechumenum,
1620 4153 1700 4207 ita
1727 4156 1793 4208 ut

166 4246 210 4300 si
232 4244 611 4317 supervixerit
636 4245 708 4300 ad
733 4245 1061 4317 episcopum
1103 4263 1237 4302 eum
1274 4247 1567 4319 perducat,
1600 4251 1661 4301 ut
1689 4264 1794 4318 per

168 4356 370 4396 manus
397 4339 822 4411 impositionem
853 4341 1046 4412 perﬁci
1071 4342 1267 4413 possit.

235 4433 487 4490 Gentiles
512 4433 554 4487 si
585 4433 646 4488 in
671 4434 1002 4490 inﬁrmitate
1040 4436 1485 4491 desideraverint
1528 4436 1632 4491 sibi
1668 4453 1792 4491 ma-

174 4545 276 4584 nus
298 4527 550 4599 imponi,
578 4526 621 4582 si
651 4528 824 4584 fuerit
849 4546 1048 4584 eorum
1070 4546 1133 4583 ex
1163 4530 1355 4601 aliqua
1373 4534 1533 4601 parte
1555 4531 1815 4585 honesta‘

1882 3399 2097 3453 tiantur
2137 3400 2351 3454 fructus
2395 3416 2522 3452 suos
2570 3418 2709 3471 quos
2758 3415 2790 3451 a
2837 3399 2948 3452 Deo
2994 3399 3334 3470 percipiunt,
3383 3418 3512 3455 cum

1886 3492 2199 3564 gratiarum
2229 3493 2449 3547 actione
2474 3510 2505 3546 a
2530 3494 2739 3548 Judzeis
2768 3492 3045 3560 benedici,
3079 3510 3150 3546 ne
3180 3495 3435 3549 nostram
3459 3500 3515 3548 et

1887 3587 2172 3641 infirmam
2193 3587 2406 3641 faciant
2428 3587 2909 3641 benedictionem.
2944 3585 2997 3640 Si
3029 3586 3155 3657 quis
3183 3590 3308 3657 post
3333 3587 3511 3643 inter-

1887 3681 2099 3736 dictum
2142 3682 2331 3736 facere
2376 3678 2747 3754 usurpaverit,
2780 3680 3004 3752 penitus
3032 3679 3102 3734 ab
3133 3680 3377 3736 Ecclesia
3415 3682 3515 3735 ab-

1881 3776 2133 3847 jiciatur.

1959 3871 2127 3926 XLIX.
2160 3870 2215 3925 Si
2243 3887 2375 3926 vero
2403 3869 2607 3942 aliquis
2648 3869 2885 3925 clericus
2935 3869 3049 3924 sive
3102 3868 3282 3925 ﬁdelis
3326 3870 3514 3939 fuerit,

1892 3964 2133 4035 quicum
2147 3965 2357 4020 Iudaeis
2378 3965 2569 4019 cibum
2588 3963 2911 4036 sumpserit,
2930 3962 3142 4035 placuit
3164 3981 3296 4019 eum
3318 3982 3350 4019 a
3370 3982 3524 4020 com-

1889 4059 2165 4114 munione
2194 4060 2500 4129 abstinere,
2530 4063 2592 4113 ut
2619 4059 2827 4115 debeat
2851 4058 3166 4114 emendari.

1964 4154 2024 4208 L.
2054 4155 2133 4208 Ex
2168 4153 2324 4209 omni
2354 4154 2558 4208 haeresi
2595 4153 2692 4224 qui
2719 4152 2789 4208 ad
2818 4170 2924 4209 nos
2950 4153 3134 4208 ﬁdelis
3162 4155 3383 4210 venerit
3411 4155 3518 4211 mi-

1895 4246 2049 4301 nime
2077 4251 2161 4303 est
2183 4249 2253 4303 ad
2286 4249 2499 4302 clerum
2526 4248 2965 4319 promovendus,
2989 4248 3076 4301 vel
3107 4248 3152 4301 si
3181 4249 3279 4319 qui
3305 4253 3437 4305 sunt
3463 4251 3525 4306 in

1893 4342 2247 4414 praeteritum
2278 4341 2542 4411 ordinati,
2578 4342 2698 4395 sine
2728 4341 2898 4396 dubio
2930 4342 3306 4413 deponentur.

1968 4437 2050 4490 LI.
2080 4437 2135 4491 Si
2162 4436 2260 4506 qui
2284 4435 2498 4489 inventi
2543 4435 2756 4489 fuerint
2793 4434 3009 4490 libellos
3050 4436 3296 4491 famosos
3335 4437 3395 4491 in
3440 4456 3527 4493 ec-

1898 4531 2067 4587 clesia
2111 4542 2348 4602 ponere,
2384 4529 2949 4585 anathematizentur.

172 4623 296 4693 vita,
345 4622 560 4694 placuit
617 4622 696 4677 eis
745 4639 982 4678 manum
1043 4624 1284 4696 imponi,
1337 4628 1394 4677 et
1446 4624 1568 4678 ﬁeri
1632 4625 1875 4722 Chri-D
1971 4627 2078 4680 LII.
2140 4624 2354 4679 Placuit
2414 4622 2662 4693 cunctis,
2707 4626 2772 4677 ut
2832 4624 2900 4677 ab
2954 4640 3019 4677 eo
3075 4621 3338 4695 episcopo
3401 4625 3526 4697 quis

173 4716 398 4773 stianos.

234 4812 442 4867 XXXIX.
467 4811 684 4868 Placuit
706 4814 1019 4885 prohiberi,
1045 4819 1107 4870 ut
1133 4830 1264 4869 cum
1291 4815 1537 4869 rationes
1558 4831 1686 4869 suas
1710 4831 1797 4869 ac-

174 4903 756 4978 cipiuntpossessores,
774 4907 1047 4981 quidquid
1063 4909 1133 4963 ad
1148 4908 1366 4964 idolum
1384 4909 1582 4963 datum
1604 4908 1793 4975 fuerit,

176 5003 465 5071 acceptum
492 5017 610 5056 non
640 5001 910 5058 inferant.
932 5002 990 5058 Si
1015 5020 1150 5057 vero
1182 5006 1308 5075 post
1333 5003 1698 5058 interdictum
1722 5004 1799 5057 fe-

179 5093 368 5163 cerint,
400 5111 504 5166 per
547 5095 925 5168 quinquennii
964 5096 1146 5168 spatia
1188 5098 1457 5169 temporis
1482 5114 1513 5151 a
1540 5113 1798 5152 commu-

184 5186 346 5243 nione
384 5204 508 5245 esse
538 5191 835 5246 arcendos.

247 5284 347 5338 XL.
365 5283 689 5340 Admonere
708 5285 917 5356 placuit
943 5286 1156 5354 ﬁdeles,
1175 5291 1241 5342 ut
1261 5288 1542 5359 quantum
1566 5289 1805 5358 possunt

187 5376 543 5447 prohibeant,
573 5394 645 5434 ne
689 5379 842 5435 idola
886 5380 945 5435 in
992 5381 1253 5437 domibus
1290 5382 1403 5436 suis
1439 5382 1701 5436 habeant.
1746 5381 1805 5436 Si

188 5484 310 5525 vero
340 5471 458 5526 vim
485 5476 752 5528 metuunt
774 5491 1090 5546 servorum,
1118 5476 1207 5529 vel
1235 5476 1445 5547 seipsos
1471 5492 1642 5548 puros
1668 5491 1817 5530 con-7

189 5571 422 5621 servent.
451 5564 509 5621 Si
539 5583 656 5622 non
684 5567 943 5640 fecerint,
970 5569 1141 5624 alieni
1186 5569 1258 5623 ab
1289 5569 1532 5625 Ecclesia
1558 5569 1805 5624 habean-

188 5662 294 5713 tur.

255 5756 378 5814 XLI.
411 5757 519 5814 Eos
552 5757 651 5831 qui
688 5759 758 5815 ad
804 5759 1053 5831 primam
1102 5761 1447 5816 credulitatis
1490 5762 1664 5816 ﬁdem
1720 5780 1809 5818 ac-

194 5848 396 5906 cedunt
425 5852 492 5923 (si
540 5851 705 5908 bona;
749 5853 967 5909 fuerint
994 5855 1455 5927 conversationis)
1484 5856 1634 5912 intra
1662 5856 1814 5911 bien-

195 5945 347 6001 nium
377 5946 654 6020 temporis
683 5947 894 6019 placuit
927 5948 997 6003 ad
1026 5949 1289 6021 baptismi
1318 5950 1560 6023 gratiam
1589 5949 1816 6005 admitti

596 6035 870 6103 PATROL.
920 6037 1145 6103 CXXX.

1898 4719 2131 4791 recipiat
2165 4719 2646 4786 communionem,
2675 4735 2707 4771 a
2735 4734 2848 4789 quo
2874 4716 3163 4772 abstentus
3198 4718 3259 4771 in
3289 4717 3527 4775 crimine

1896 4815 2087 4886 aliquo
2113 4813 2304 4868 fuerit.
2332 4813 2493 4878 Quod
2518 4812 2567 4866 si
2595 4812 2798 4884 aliquis
2826 4811 3123 4883 episcopus
3147 4829 3525 4887 praesumpse-

1898 4908 1974 4963 rit
2016 4924 2148 4963 eum
2185 4908 2487 4963 admittere
2532 4906 2628 4962 illo
2672 4907 2860 4961 adhuc
2903 4905 3142 4961 minime
3191 4908 3401 4963 sciente
3444 4910 3532 4964 vel

1901 5003 2290 5059 consentiente
2337 5019 2370 5057 a
2416 5018 2529 5074 quo
2575 5001 2759 5057 fuerat
2809 5000 3214 5057 communione
3260 5001 3529 5074 privatus,

1902 5097 2043 5152 sciat
2091 5114 2149 5152 se
2193 5096 2516 5168 hujusmodi
2566 5112 2759 5150 causas
2799 5094 2950 5149 inter
2991 5094 3199 5150 fratres
3233 5112 3354 5151 esse
3403 5115 3532 5154 cum

1902 5193 2083 5247 status
2109 5192 2196 5246 sui
2220 5190 2473 5263 periculo
2499 5192 2923 5261 praestaturum.

1976 5286 2107 5345 LIII.
2137 5286 2195 5343 Si
2224 5285 2322 5358 qui
2346 5289 2610 5357 parentes
2632 5283 2801 5338 ﬁdem
2826 5281 3105 5355 fregerint
3122 5286 3536 5357 sponsaliorum

1905 5381 2134 5440 triennii
2180 5386 2466 5451 tempore,
2496 5376 2819 5432 abstineant
2847 5394 2905 5432 se
2944 5395 2977 5433 a
3019 5380 3437 5439 communione.
3484 5383 3539 5439 Si

1907 5481 2096 5532 tamen
2140 5473 2316 5529 iidem
2349 5485 2584 5545 sponsus
2610 5473 2697 5526 vel
2748 5489 2955 5543 sponsa
2997 5471 3055 5528 in
3101 5475 3259 5546 gravi
3299 5476 3537 5532 crimine

1910 5570 2124 5626 fuerint
2150 5565 2506 5639 deprehensi,
2541 5566 2784 5621 excusati
2811 5568 2983 5622 erunt
3010 5571 3291 5639 parentes.
3321 5569 3380 5623 Si
3406 5585 3537 5624 vero

1910 5665 1971 5720 in
1995 5663 2195 5719 eodem
2220 5661 2353 5717 vitio
2384 5665 2441 5716 et
2466 5660 2771 5734 polluerint
2816 5678 2875 5717 se
2918 5662 3341 5730 consentiendo,
3370 5678 3535 5734 supe-

1913 5682 1971 5720 ιη
1995 5677 2195 5719 eodem
2220 5677 2353 5717 vnio
2384 5677 2441 5716 et
2466 5677 2653 5733 pouue

1913 5759 2032 5815 rior
2057 5756 2335 5813 sententia
2367 5677 2685 5904 servetur?

1988 5855 2115 5904 LIV.
2147 5852 2478 5904 Sacerdotes
2518 5851 2618 5904 aui
2675 5868 2685 5904 ε

1988 5855 2115 5909 LIV.
2147 5852 2478 5908 Sacerdotes
2518 5851 2618 5922 qui
2648 5846 2874 5905 tantum
2920 5846 3350 5903 sacriﬁcantium
3378 5865 3539 5905 coro-

1920 5966 2053 6004 nam
2085 5950 2330 6022 portant,
2354 5963 2458 6001 nec
2487 5944 2821 6012 sacriﬁcant,
2853 5958 2954 5997 nec
2983 5941 3053 5995 de
3081 5941 3195 5995 suis
3222 5943 3543 6015 sumptibus

3076 6035 3146 6090 Μ
