4054 6322
515 358 616 420 lim

1405 364 1690 419 APPEND.
1732 364 1819 418 ΑΙ)
1857 363 2017 418 8.4510.
2059 361 2147 415 IX.
2178 391 2244 399 —
2285 360 2527 416 ISIDURI
2568 355 2989 417 MERCATOItIS
3022 366 3043 379 ‘

3768 351 3881 411 420

515 470 735 543 aliquid
762 471 926 526 idolis
950 470 1242 542 prastant,
1270 471 1484 541 placuit
1507 477 1634 542 post
1660 470 1958 526 biennium
2002 468 2143 524 acci-
2162 483 2222 557 Α
2312 470 2481 525 LXIX.
2529 469 2589 525 Si
2633 468 2858 524 conscio
2913 466 3121 522 marito
3156 464 3331 521 fuerit
3377 463 3660 520 machata
3705 480 3878 531 uxor,

514 582 651 636 pere
677 565 1159 619 communionem.

586 660 690 712 LV.
721 658 1105 728 Magistratum
1131 674 1285 726 vero,
1316 674 1469 712 anno
1504 674 1617 729 quo
1661 658 1781 730 agit
1818 657 2143 714 duumvira-

515 758 660 821 tum,
688 752 996 822 prohibere
1023 752 1204 822 placet
1231 756 1297 805 ut
1321 768 1379 806 se
1399 751 1469 805 ab
1490 752 1725 806 ecclesia
1748 753 2032 807 cohibeat.

588 846 714 900 LVI.
745 846 1013 899 Matrona
1053 844 1139 898 vel
1187 860 1384 898 earum
1427 845 1614 899 mariti
1663 846 2002 901 vestimenta
2044 862 2144 900 sua

515 940 583 994 ad
628 938 946 993 ornandum
992 937 1336 992 saculariter
1364 955 1642 1010 pompam
1684 956 1799 994 non
1829 939 1985 1007 dent,
2016 938 2140 994 etsi

514 1032 753 1088 fecerint
780 1030 1011 1085 triennii
1036 1035 1296 1102 tempore
1336 1031 1677 1086 abstineant.

585 1126 731 1179 LVII.
761 1124 976 1178 Placuit
1014 1124 1360 1196 ubicunque,
1384 1128 1441 1179 et
1475 1125 1720 1181 maxime
1752 1126 1809 1180 in
1838 1142 1902 1180 eo
1927 1127 2052 1181 loco
2083 1127 2144 1181 in

513 1236 626 1291 quo
648 1218 852 1290 primae
872 1218 1157 1273 cathedra
1177 1218 1514 1273 constitutus
1535 1222 1620 1272 est
1639 1219 1957 1291 episcopus,
1982 1224 2046 1275 ut
2064 1220 2145 1273 in-

514 1312 881 1383 terrogentur
897 1311 958 1365 hi
983 1311 1080 1382 qui
1100 1311 1636 1367 communicatorias
1656 1313 1872 1367 litteras
1893 1313 2142 1380 tradunt,

515 1423 588 1461 an
621 1406 810 1460 omnia
854 1409 1009 1460 recta
1034 1404 1283 1459 habeant
1310 1409 1367 1459 et
1393 1390 1495 1460 suo
1524 1405 1849 1461 testimonio
1877 1423 2143 1478 compro-

514 1500 675 1554 bent.

587 1592 762 1647 LVIII.
788 1590 1220 1647 Prohibendum
1240 1608 1313 1647 ne
1341 1592 1468 1663 quis
1495 1593 1868 1662 Christianus,
1888 1597 1988 1647 aut
2005 1592 2146 1648 Gen-

515 1686 649 1757 tilis,
678 1687 749 1740 ad
774 1686 988 1740 idolum
1015 1686 1274 1757 Capitolii
1303 1687 1656 1740 sacriﬁcandi
1691 1704 1856 1742 causa
1880 1676 2148 1742 ascéndat

521 1784 580 1834 et
603 1781 807 1835 videat.
837 1778 1000 1844 Quod
1035 1779 1082 1833 si
1120 1779 1314 1834 fecerit
1350 1779 1472 1851 pari
1501 1781 1739 1835 crimine
1781 1785 2069 1850 teneatur;
2101 1781 2148 1835 si

517 1873 691 1928 fuerit
736 1873 935 1940 ﬁdelis,
977 1875 1107 1944 post
1150 1873 1346 1927 decem
1402 1890 1579 1927 annos
1639 1879 1763 1929 acta
1814 1862 2223 1946 panitentiaB

516 1966 847 2038 recipiatur.

591 2062 718 2115 LIX.
742 2060 800 2115 Si
822 2060 948 2131 quis
968 2059 1115 2115 idola
1134 2059 1389 2131 fregerit,
1414 2064 1471 2115 et
1487 2060 1703 2115 ibidem
1721 2060 1893 2116 fuerit
1909 2061 2144 2129 occisus,

517 2155 651 2226 quia
674 2154 733 2207 in
752 2154 1059 2224 Evangelia
1081 2170 1196 2208 non
1223 2156 1309 2207 est
1340 2154 1632 2224 scriptum,
1652 2171 1838 2225 neque
1858 2154 2149 2209 invenitur

520 2249 591 2303 ab
621 2248 888 2320 apostolis
917 2264 1169 2319 unquam
1211 2248 1448 2315 factum,
1481 2247 1695 2319 placuit
1741 2247 1799 2301 in
1843 2265 2150 2303 numerum

520 2359 653 2396 eum
677 2358 792 2396 non
818 2341 991 2412 recipi
1021 2344 1361 2412 martyrum.

592 2437 692 2490 LX.
722 2436 778 2491 Si
815 2435 941 2506 quis
967 2438 1094 2506 post
1117 2435 1333 2489 obitum
1378 2435 1569 2489 uxoris
1597 2452 1715 2489 sua
1749 2452 2003 2491 sororem
2029 2436 2150 2507 ejus

519 2530 550 2585 d
560 2529 761 2597 uxerit,
778 2533 835 2583 et
849 2529 971 2599 ipsa
984 2529 1058 2582 sit
1071 2527 1271 2596 ﬁdelis,
1292 2528 1685 2600 quinquennio
1705 2544 1738 2582 a
1750 2530 2150 2585 communione

520 2623 736 2695 placuit
778 2622 1084 2689 abstinere,
1132 2621 1242 2675 nisi
1295 2622 1439 2676 forte
1491 2621 1738 2677 velocius
1782 2622 1903 2677 dari
1950 2639 2150 2695 pacem

521 2717 828 2771 necessitas
853 2714 1103 2786 coegerit
1131 2714 1501 2769 inﬁrmitatis.

592 2811 720 2865 LXI.
751 2810 808 2865 Si
837 2825 1021 2880 augur
1045 2812 1144 2862 aut
1169 2808 1560 2879 pantomimus
1585 2809 1818 2864 credere
1844 2810 2149 2879 voluerint,

521 2887 736 2976 pla'cuit
759 2908 824 2958 ut
846 2903 1005 2974 prius
1043 2902 1258 2956 artibus
1299 2902 1412 2955 suis
1450 2902 1784 2959 renuntient
1808 2906 1866 2958 et
1889 2909 2026 2958 tunc
2051 2905 2151 2959 de-

523 3014 686 3053 mum
715 2995 1112 3067 suscipiantur,
1140 2995 1219 3049 ita
1244 2997 1309 3049 ut
1332 2996 1571 3050 ulterius
1612 3013 1730 3051 non
1773 3001 2149 3053 revertantur.

526 3092 685 3157 Quod
723 3089 768 3145 si
793 3092 978 3145 facere
1016 3094 1214 3144 contra
1243 3088 1611 3144 interdictum
1638 3091 1998 3158 tentaverint,
2030 3108 2156 3163 pro-

518 3186 792 3257 jiciantur
820 3184 891 3239 ab
926 3182 1187 3238 Ecclesia.

2241 564 2453 635 placuit
2478 580 2585 618 nec
2608 563 2669 618 in
2706 562 2884 618 ﬁnem
2913 562 3163 617 dandam
3205 560 3259 615 ei
3295 559 3785 615 communionem.
3821 558 3883 614 Si

2242 673 2374 713 vero
2391 674 2516 713 eam
2545 656 2857 729 reliquerit,
2889 658 3021 728 post
3044 655 3243 710 decem
3263 670 3444 709 annos
3463 653 3709 724 accipiat
3726 669 3885 707 com-

2242 751 2594 817 munionem,
2635 751 2679 804 si
2725 767 2852 806 eam
2893 766 3024 804 cum
3075 748 3263 803 scierit
3306 748 3626 803 adulteram
3682 746 3883 817 aliquo

2241 849 2496 916 tempore
2524 844 2583 898 in
2609 844 2776 898 domo
2803 860 2906 897 sua
2936 842 3188 897 retinuit.

2316 936 2365 1010 1
2381 936 2497 1011 01
2533 938 2677 992 LXX.
2707 933 3133 1009 Stupratoribus
3159 951 3475 1007 puerorum
3495 950 3602 990 nec
3619 935 3681 989 in
3699 933 3882 989 ﬁnem

2243 1031 2490 1087 dandam
2518 1048 2640 1087 esse
2665 1031 3147 1086 communionem.

2315 1127 2488 1180 LXXI.
2522 1125 2579 1181 Si
2607 1142 2723 1197 qua
2746 1125 2912 1179 vidua
2960 1124 3134 1179 fuerit
3178 1123 3476 1193 machata,
3507 1125 3567 1177 et
3609 1122 3885 1178 eumdem

2242 1222 2445 1291 postea
2473 1219 2737 1273 habuerit
2765 1219 3055 1286 maritum,
3078 1221 3211 1290 post
3237 1216 3613 1289 quinquennii
3648 1221 3882 1287 tempus

2245 1316 2372 1367 acta
2396 1312 2660 1384 legitima
2685 1312 3042 1384 panitentia,
3071 1311 3284 1382 placuit
3308 1326 3438 1365 eam
3473 1310 3881 1365 communione

2244 1406 2617 1461 reconciliari.
2664 1407 2723 1462 Si
2767 1407 2945 1460 alium
2991 1404 3232 1472 duxerit,
3264 1403 3460 1459 relicto
3505 1403 3627 1473 illo,
3668 1420 3774 1458 nec
3820 1404 3880 1457 in

2244 1501 2420 1555 ﬁnem
2449 1500 2698 1554 dandam
2721 1515 2841 1554 esse
2868 1498 3357 1565 communionem,
3387 1498 3473 1552 vel
3499 1497 3544 1551 si
3573 1497 3748 1552 fuerit
3785 1496 3879 1551 ille

2244 1592 2430 1648 ﬁdelis
2456 1609 2628 1664 quem
2656 1593 2959 1664 acceperit,
2984 1591 3450 1646 communionem
3479 1607 3593 1645 non
3618 1590 3879 1661 accipiat,

2246 1687 2356 1741 nisi
2379 1692 2503 1758 post
2528 1688 2726 1741 decem
2753 1703 2937 1741 annos
2963 1688 3089 1740 acta
3111 1685 3369 1756 legitima
3394 1683 3752 1756 paenitentia,
3772 1681 3883 1737 nisi

2244 1781 2544 1835 inﬁrmitas
2575 1779 2826 1850 coegerit
2852 1779 3096 1834 velocius
3122 1778 3256 1832 dare
3282 1776 3770 1832 communionem.

2315 1875 2509 1928 LXXII.
2561 1874 2791 1928 Delator
2835 1873 2881 1927 si
2929 1872 3057 1943 quis
3100 1870 3381 1926 exstiterit
3426 1870 3625 1938 ﬁdelis,
3674 1874 3733 1924 et
3780 1886 3885 1940 per

2248 1968 2590 2023 delationem
2616 1968 2738 2037 ejus
2766 1966 2967 2037 aliquis
2992 1965 3169 2020 fuerit
3196 1964 3563 2036 proscriptus,
3591 1963 3681 2017 vel
3706 1963 3886 2017 inter-

2248 2062 2449 2129 fectus,
2481 2061 2695 2132 placuit
2734 2076 2867 2114 eum
2902 2076 3007 2114 nec
3032 2059 3091 2113 in
3120 2059 3297 2112 ﬁnem
3330 2058 3590 2129 accipere
3616 2072 3885 2111 commu-

2247 2157 2503 2211 nionem.
2533 2155 2588 2210 Si
2625 2154 2802 2209 levior
2827 2169 2995 2207 causa
3022 2152 3214 2221 fuerit,
3245 2153 3393 2205 intra
3423 2149 3888 2222 quinquennium

2250 2250 2505 2321 accipere
2551 2247 2762 2320 poterit
2805 2245 3294 2301 communionem.
3343 2245 3401 2301 Si
3444 2245 3890 2299 catechumenus

2248 2343 2440 2412 fuerit,
2488 2346 2614 2413 post
2662 2338 3040 2412 quinquennii
3094 2343 3361 2409 tempora
3414 2338 3748 2393 admittatur
3811 2336 3888 2391 ad

2248 2437 2616 2508 baptismum.

2321 2531 2531 2585 LXXIII.
2564 2529 2759 2584 Falsus
2783 2528 2943 2583 testis
2972 2531 3146 2599 prout
3179 2526 3395 2582 crimen
3424 2530 3527 2595 est,
3559 2524 3889 2592 abstinebit,

2251 2624 2296 2678 si
2321 2627 2510 2679 tamen
2539 2640 2656 2678 non
2676 2623 2851 2677 fuerit
2880 2622 3082 2676 mortis
3122 2620 3276 2691 quod
3309 2619 3534 2690 objecit,
3563 2622 3620 2673 et
3663 2618 3709 2673 si
3752 2636 3887 2690 pro-

2250 2718 2466 2773 baverit
2482 2718 2632 2789 quod
2647 2716 2742 2772 diu
2765 2715 3017 2784 tacuerit,
3035 2714 3251 2769 biennii
3274 2718 3533 2784 tempore
3554 2712 3888 2767 abstinebit.

2253 2812 2312 2867 Si
2356 2815 2552 2866 autem
2595 2828 2710 2865 non
2753 2809 3081 2881 probaverit
3107 2808 3168 2861 in
3198 2812 3477 2862 conventu
3518 2806 3887 2872 clericorum,

2252 2905 2462 2977 placuit
2493 2922 2597 2976 per
2620 2902 3077 2976 quinquennium
3106 2900 3399 2956 abstineri.

2324 3000 2542 3054 LXXIV.
2583 2999 2642 3053 Si
2681 2997 2808 3069 quis
2849 3000 3041 3051 autem
3085 2995 3432 3066 episcopum,
3464 2993 3893 3065 presbyterum,

2254 3095 2343 3148 vel
2368 3093 2660 3147 diaconem
2686 3090 2840 3145 falsis
2867 3090 3199 3144 criminibus
3226 3088 3548 3159 appetierit,
3565 3091 3622 3143 et
3642 3089 3896 3159 probare

2255 3200 2373 3237 non
2406 3182 2676 3253 potuerit,
2703 3196 2807 3235 nec
2829 3180 2890 3233 in
2912 3181 3025 3234 ﬁne
3053 3177 3307 3233 dandam
3333 3177 3384 3231 ei
3402 3193 3520 3232 esse
3541 3178 3901 3232 communio-

600 3281 749 3334 LXII.
778 3279 833 3334 Si
864 3295 977 3349 qua
1003 3277 1210 3332 mulier
1246 3293 1350 3348 per
1394 3277 1738 3333 adulterium
1775 3279 2007 3335 absente
2036 3295 2153 3333 ma-
2178 3234 2233 3308 Ο

528 3375 640 3429 rito
661 3372 1005 3444 conceperit,
1033 3366 1207 3442 idque
1238 3374 1365 3441 post
1391 3371 1608 3426 facinus
1634 3372 1920 3440 occiderit,
1947 3373 2161 3444 placuit

529 3468 580 3522 ei
604 3484 707 3521 nec
722 3467 781 3520 in
801 3467 975 3520 ﬁnem
998 3464 1245 3519 dandam
1261 3481 1381 3519 esse
1398 3466 1891 3534 communionem,
1915 3483 1982 3522 eo
2004 3467 2160 3538 quod

528 3560 901 3633 geminaverit
924 3559 1121 3614 scelus.

602 3657 772 3709 LXIII.
803 3655 861 3710 Si
887 3670 999 3726 qua
1023 3653 1230 3708 mulier
1257 3669 1436 3724 usque
1476 3653 1536 3707 in
1578 3654 1755 3709 ﬁnem
1801 3655 1999 3709 mortis
2043 3672 2160 3709 sua

530 3767 660 3805 cum
687 3749 874 3802 alieno
888 3746 1061 3801 fuerit
1082 3746 1202 3800 \‘iro
1230 3747 1524 3813 machata,
1550 3747 1762 3817 placuit
1778 3764 1881 3802 nec
1906 3749 1965 3802 in
1986 3749 2162 3803 ﬁnem

530 3842 780 3897 dandam
806 3856 926 3894 esse
947 3839 1430 3893 communionem.
1452 3839 1510 3894 Si
1534 3856 1668 3894 vero
1690 3856 1823 3894 eum
1842 3841 2159 3912 reliquerit,

532 3940 659 4007 post
701 3935 897 3989 decem
943 3949 1123 3987 annos
1166 3930 1343 4003 recipi
1389 3932 1461 3986 ad
1519 3933 1983 3989 communionem
2040 3942 2165 3992 acta

533 4026 795 4099 legitima
817 4025 1172 4097 poenitentia.

609 4120 780 4176 LXIV.
805 4120 864 4175 Si
884 4119 1045 4190 cujus
1062 4118 1247 4173 clerici
1275 4135 1414 4173 uxor
1436 4119 1610 4175 fuerit
1633 4122 1931 4191 moechata,
1955 4128 2011 4178 et
2030 4124 2168 4179 sciat

540 4232 667 4271 eam
694 4212 932 4268 maritus
958 4229 1093 4267 suus
1118 4212 1411 4280 machari,
1442 4218 1500 4268 et
1525 4230 1654 4269 eam
1677 4232 1792 4270 non
1823 4217 2015 4271 statim
2042 4234 2166 4289 pro-

532 4308 755 4382 jecerit,
780 4324 886 4362 nec
915 4307 971 4361 in
996 4307 1170 4362 ﬁnem
1209 4307 1446 4378 accipiat
1471 4309 1964 4381 communionem,
1996 4328 2069 4366 ne
2098 4312 2167 4366 ab

542 4405 631 4459 his
656 4404 754 4475 qui
793 4402 1119 4472 exemplum
1149 4402 1314 4456 bonae
1340 4404 1786 4459 conversationis
1810 4422 1930 4460 esse
1957 4405 2168 4461 debent

541 4500 842 4554 videantur
866 4496 1191 4567 magisteria
1219 4497 1500 4552 scelerum
1526 4500 1850 4569 procedere.

2328 3371 2518 3425 LXXV.
2552 3369 2611 3424 Si
2636 3366 2763 3441 quis
2789 3366 3096 3424 diaconum
3138 3384 3196 3423 se
3245 3360 3567 3439 permiserit
3616 3362 3898 3434 ordinari,

2259 3470 2316 3521 et
2337 3469 2533 3536 postea
2576 3463 2749 3519 fuerit
2790 3464 2853 3518 in
2899 3463 3137 3519 crimine
3182 3462 3440 3516 detectus
3487 3460 3707 3528 mortis,
3740 3462 3899 3532 quod

2259 3558 2567 3630 aliquando
2611 3557 2987 3625 commiserit,
3034 3557 3099 3625 si.
3129 3561 3326 3628 sponte
3372 3555 3545 3610 fuerit
3585 3554 3899 3623 confessus,

2259 3653 2474 3725 placuit
2493 3669 2627 3707 eum
2651 3657 2773 3708 acta
2796 3651 3054 3723 legitima
3072 3649 3410 3722 panitentia
3431 3652 3561 3721 post
3574 3648 3899 3703 triennium

2262 3747 2516 3819 accipere
2534 3746 3017 3802 communionem.
3037 3745 3197 3809 Quod
3219 3743 3267 3799 si
3288 3743 3431 3798 alius
3452 3742 3751 3812 detexerit,
3771 3748 3905 3813 post

2263 3841 2720 3912 quinquennium
2751 3844 2873 3895 acta
2895 3838 3228 3911 poenitentia
3256 3838 3513 3909 accipere
3540 3836 3904 3891 communio-

2263 3953 2397 3990 nem
2422 3935 2629 3992 laicam
2661 3935 2889 3990 debere.

2334 4030 2548 4084 LXXVI.
2578 4030 2633 4085 Si
2662 4029 2789 4100 quis
2828 4028 3100 4083 diaconus
3130 4043 3336 4099 regens
3366 4025 3592 4097 plebem
3619 4026 3742 4080 sine
3772 4024 3902 4097 epi-

2266 4140 2433 4195 scopo
2460 4123 2547 4177 vel
2572 4123 2899 4194 presbytero
2936 4122 3155 4193 aliquos
3180 4118 3568 4192 baptizaverit,
3603 4119 3907 4191 episcopus

2268 4235 2361 4273 eos
2374 4234 2479 4289 per
2493 4215 2951 4297 benedictionem
2969 4216 3244 4287 perﬁcere
3268 4214 3512 4283 debebit;
3532 4213 3689 4285 quod
3701 4212 3749 4266 si
3768 4215 3906 4267 ante

2267 4312 2337 4367 de
2365 4312 2568 4365 sacqu
2594 4310 2912 4381 recesserit,
2942 4310 3045 4366 sub
3089 4309 3203 4365 ﬁde
3247 4325 3361 4380 qua
3396 4307 3523 4380 quis
3563 4306 3902 4376 crediderit,

2267 4405 2477 4485 poterit
2502 4422 2623 4460 esse
2649 4405 2857 4477 justus.

2338 4498 2577 4555 LXXVII.
2608 4488 2679 4554 'Si
2719 4499 2844 4572 quis
2884 4498 3065 4553 ﬁdelis
3111 4498 3328 4553 habens
3359 4512 3614 4566 uxorem,
3642 4509 3775 4551 cum
3799 4496 3904 4552 Ju-

614 4593 760 4648 LXV.
808 4590 864 4645 Si
908 4590 1034 4661 quis
1069 4590 1394 4661 privignam
1441 4609 1602 4646 suam
1641 4593 1867 4648 duxerit
1911 4611 2170 4666 uxorem,
2194 4611 2253 4685 D
2276 4594 2398 4650 daa
2421 4594 2511 4647 vel
2539 4594 2736 4665 gentili
2759 4593 2935 4648 fuerit
2962 4593 3292 4663 moechatus,
3319 4609 3352 4646 a
3378 4591 3783 4647 communione
3813 4608 3909 4645 ar-

548 4706 615 4743 eo
641 4686 797 4759 quod
826 4685 900 4739 sit
922 4683 1190 4754 incestus,
1222 4686 1440 4757 placuit
1465 4702 1570 4741 nec
1604 4687 1663 4740 in
1708 4687 1885 4742 ﬁnem
1929 4689 2177 4744 dandam
2196 4683 2228 4685 ﬁ
2276 4694 2489 4743 ceatur.
2525 4688 2691 4752 Quod
2718 4688 2765 4742 si
2790 4688 2933 4743 alius
2958 4705 3092 4742 eum
3120 4686 3409 4757 detexerit,
3438 4690 3564 4757 post
3589 4684 3921 4757 quinquen-

548 4799 667 4837 esse
696 4779 1185 4835 communionem.

619 4875 794 4929 LXVI.
824 4872 1246 4926 Prohibendum
1286 4890 1358 4928 ne
1402 4891 1513 4946 qua
1550 4875 1733 4930 ﬁdelis
1782 4877 1869 4931 vel
1914 4879 2179 4933 catechu-

551 4985 741 5039 mena,
771 4969 869 5020 aut
892 4966 1155 5035 comicos,
1186 4972 1284 5021 aut
1311 4967 1462 5022 viros
1487 4969 1738 5023 scenicos
1766 4970 1990 5039 habeat,
2021 4989 2176 5044 qua-

553 5078 779 5133 cunque
806 5061 914 5115 hoc
940 5061 1140 5115 fecerit
1161 5079 1194 5115 a
1218 5062 1620 5117 communione
1649 5070 1929 5119 arceatur.

2278 4783 2440 4837 nium
2476 4787 2601 4838 acta
2636 4782 2895 4854 legitima
2943 4781 3282 4854 poenitentia
3335 4779 3543 4852 poterit
3597 4779 3916 4835 Dominica

2279 4877 2482 4933 sociari
2508 4877 2925 4933 communioni.

2352 4972 2613 5027 LXXVIII.
2645 4972 2699 5027 Si
2730 4971 2855 5043 quis
2876 4968 3079 5039 ﬁdelis,
3105 4969 3252 5038 alea,
3274 4965 3336 5025 id
3354 4974 3439 5026 est
3464 4966 3914 5037 tabula,luserit,

2278 5066 2490 5139 placuit
2515 5083 2649 5121 eum
2687 5065 2992 5135 abstinere,
3025 5071 3083 5121 et
3126 5065 3176 5120 si
3214 5064 3553 5120 emendatus
3594 5063 3916 5131 cessaverit,

623 5155 818 5210 LXVII.
837 5154 1250 5209 Catechumena
1270 5156 1316 5210 si
1336 5173 1439 5228 per
1464 5156 1810 5212 adulterium
1837 5160 2178 5231 conceperit,
2281 5165 2409 5234 post
2430 5178 2649 5217 annum
2676 5161 2890 5233 poterit
2925 5160 3333 5215 communione
3359 5158 3732 5214 reconciliari.

555 5254 612 5307 et
636 5252 967 5319 conceptum
1000 5251 1303 5317 necaverit,
1336 5251 1545 5321 placuit
1581 5268 1710 5306 eam
1759 5252 1818 5306 in
1863 5253 1975 5309 ﬁne
2003 5254 2183 5325 bapti-

556 5344 689 5401 zari.

627 5438 847 5494 LXVIII.
875 5435 931 5493 Si
957 5436 1083 5509 quis
1109 5438 1254 5491 forte
1283 5437 1502 5493 habens
1532 5456 1772 5495 uxorem
1812 5443 1987 5497 semel
2013 5444 2186 5500 fuerit

551 5536 765 5606 lapsus,
784 5532 997 5603 placuit
1021 5547 1152 5584 eum
1168 5531 1559 5602 quinquennio
1576 5550 1747 5605 agere
1768 5536 1977 5591 debere
2004 5539 2182 5609 poeni-

2352 5257 2565 5313 LXXIX.
2600 5255 3030 5311 Prohibendum
3068 5255 3135 5308 ut
3174 5253 3381 5321 liberti,
3411 5270 3671 5324 quorum
3688 5250 3920 5324 patroni

2284 5349 2343 5406 in
2369 5353 2575 5406 saculo
2600 5350 2833 5420 fuerint,
2856 5350 2930 5404 ad
2957 5350 3176 5405 clerum
3200 5364 3317 5402 non
3340 5348 3745 5419 provehantur.

2355 5446 2540 5500 LXXX.
2570 5446 2648 5499 Ne
2675 5444 2908 5499 femina
2949 5461 3051 5499 suo
3082 5442 3290 5514 potius,
3317 5441 3531 5512 absque
3574 5440 3918 5496 maritorum

2284 5540 2636 5609 nominibus,
2664 5538 2816 5593 laicis
2842 5538 3087 5594 scribere
3139 5536 3387 5591 audeant
3412 5535 3509 5606 qui
3536 5534 3735 5589 ﬁdeles
3760 5540 3919 5600 sunt,

556 5628 818 5694 tentiam,
850 5631 906 5679 et
938 5624 1017 5678 sic
1044 5625 1411 5693 reconciliari,
1437 5627 1543 5680 nisi
1570 5628 1916 5684 necessitatis
1939 5633 2188 5703 coegerit
2288 5633 2373 5687 vel
2396 5634 2610 5688 litteras
2635 5633 2872 5704 alicujus
2896 5632 3158 5704 paciﬁcas
3180 5630 3250 5685 ad
3276 5646 3441 5684 suum
3490 5629 3672 5683 solum
3705 5644 3920 5683 nomen

558 5726 689 5776 ante
715 5725 941 5791 tempus
966 5717 1104 5771 dare
1130 5719 1626 5792 cpmmunionem;
1651 5723 1755 5777 hoc
1782 5728 1837 5780 et
1851 5724 2001 5781 circa
2027 5727 2188 5781 femi-

560 5734 689 5776 ante
715 5734 941 5791 tempus
966 5734 1104 5771 dare
1130 5734 1159 5770 c

560 5830 660 5871 nas
690 5809 1126 5866 observandum.
1159 5734 1194 5923 ἴ

2289 5727 2522 5799 scriptas
2547 5726 2844 5798 accipiant.

2608 5820 2842 5893 Explicit
2862 5816 3167 5874 concilium
3199 5818 3591 5873 Elibertinum.
