4054 6300
204 330 296 386 tei
1441 332 1903 394 lilitlltli'l‘ALllfbl
1945 338 2326 396 CUI.I.F.CTIU.

885 628 1316 721 VINCIPIUNT
1363 654 1755 720 CAPITULA
1803 657 2134 722 CONCILII
2178 656 2853 722 TARRACONENSIS.

276 816 328 870 l.
359 815 434 870 Ut
460 815 633 871 etiam
672 817 742 871 ad
778 817 1069 888 proximas
1095 819 1390 890 sanguinis
1417 836 1548 874 cum
1574 819 1827 876 testimo-
1852 833 1910 907 Α
2004 823 2056 875 8.
2085 821 2154 874 Ut
2183 821 2346 874 annis
2379 819 2616 894 singulis
2645 821 2895 891 episcopi
2919 821 3207 875 dicecesim
3231 820 3478 890 visitant,
3512 826 3569 876 et

200 913 295 967 nio
324 912 513 968 clerici
533 915 760 970 vadant.

269 1010 326 1061 2.
367 1007 443 1061 Ut
470 1007 686 1062 clericis
715 1009 944 1064 emendi
971 1010 1154 1080 vilius,
1186 1011 1273 1066 vel
1298 1011 1582 1067 vendendi
1609 1013 1832 1069 charius

202 1117 319 1155 non
348 1100 718 1171 permittatur
748 1104 995 1158 licentia.

270 1196 322 1248 3.
352 1195 424 1248 Ut
449 1199 732 1264 quantum
779 1197 1014 1252 clericus
1063 1198 1411 1269 praestiterit,
1441 1202 1668 1254 tantum
1694 1200 1833 1254 reci-

199 1287 334 1358 piat.

269 1381 320 1435 4.
351 1381 423 1436 Ut
447 1382 635 1437 nullus
662 1383 958 1456 episcopus
987 1387 1072 1440 vel
1120 1385 1268 1441 infra
1311 1385 1530 1458 positus
1579 1387 1670 1443 die
1716 1389 1827 1443 Do-

197 1476 413 1530 minica
439 1493 639 1530 causas
661 1478 917 1548 judicare
946 1484 1276 1550 praesumat.

351 1571 423 1625 Ut
448 1571 546 1641 qui
574 1570 632 1625 in
663 1573 1099 1643 metropolitana
1128 1575 1350 1630 civitate
1387 1575 1682 1648 episcopus
1709 1592 1828 1630 non

197 1663 373 1717 fuerit
398 1664 709 1733 ordinatus,
736 1671 865 1736 post
885 1667 1025 1721 duos
1050 1684 1270 1723 menses
1298 1686 1356 1723 se
1387 1670 1826 1740 metropolitano

197 1762 524 1828 praesentet.

266 1854 320 1905 6.
355 1851 427 1906 Ut
453 1852 750 1924 episcopus
781 1854 878 1926 qui
905 1871 939 1909 a
963 1857 1406 1928 metropolitano
1454 1855 1828 1912 commonitus

195 1944 266 1998 ad
297 1946 582 2016 synodum
610 1963 725 2000 non
755 1949 992 2016 venerit,
1018 1931 1564 2005 excommunicetur.

263 2043 318 2092 7.
348 2040 420 2094 Ut
449 2039 754 2094 dioecesani
783 2041 966 2096 clerici
996 2042 1342 2114 septimanas
1377 2048 1627 2112 teneant,
1657 2047 1713 2100 et
1733 2044 1826 2098 die

1932 931 2046 969 non
2080 914 2206 986 plus
2232 931 2403 986 quam
2430 914 2658 969 tertiam
2699 918 2922 985 partem
2977 915 3045 968 de
3089 915 3376 986 parochiis
3419 915 3562 970 acci-

1933 1008 2109 1079 piant.
3527 1011 3530 1014 ’

2005 1106 2056 1156 9.
2085 1104 2159 1157 De
2201 1101 2416 1156 clericis
2442 1104 2498 1155 et
2525 1099 2764 1155 ostiariis
2793 1101 2890 1171 qui
2917 1100 3191 1155 adulteris
3226 1101 3564 1157 mulieribus

1931 1195 2333 1262 admiscentur,
2360 1197 2423 1248 ut
2447 1194 2876 1266 prohibeantur.

2005 1293 2090 1344 10.
2121 1291 2191 1344 Ut
2218 1288 2404 1342 nullus
2432 1288 2732 1359 episcopus
2757 1303 2860 1358 pro
2880 1287 3110 1357 judiciis
3149 1304 3389 1343 munera
3423 1290 3563 1344 acci-

1929 1383 2068 1456 piat.

2003 1481 2088 1532 11.
2121 1478 2191 1532 Ut
2219 1476 2538 1530 monachus
2570 1473 2775 1529 missus
2801 1473 3008 1528 alicubi
3035 1473 3416 1530 ministerium
3446 1477 3557 1532 cle-

1929 1571 2141 1626 ricatus
2164 1587 2334 1641 agere
2355 1587 2472 1624 non
2497 1573 2832 1640 praesumat,
2861 1584 2967 1622 nec
2989 1568 3311 1638 negotiator
3334 1569 3556 1624 existat.

2007 1669 2090 1720 12.
2115 1666 2185 1719 Ut
2206 1663 2250 1717 si
2279 1663 2575 1734 episcopus
2597 1662 2899 1716 intestatus
2927 1661 3152 1728 obierit,
3179 1662 3561 1717 inventarium

1928 1760 1996 1814 de
2026 1758 2195 1813 rebus
2221 1757 2341 1828 ejus
2365 1755 2550 1811 clerici
2578 1755 2810 1821 faciant,
2839 1759 2894 1809 et
2920 1755 3106 1808 nullus
3128 1754 3329 1810 exinde
3347 1755 3562 1828 aliquid

1929 1853 2167 1907 auferat.

2003 1950 2086 2001 13.
2120 1948 2186 2001 Ut
2211 1944 2504 2016 episcopus
2526 1942 2878 1998 dioecesanos
2898 1941 3271 2014 presbyteros,
3302 1946 3360 1997 et
3385 1959 3558 2014 quos-

1928 2041 2060 2095 dam
2093 2056 2160 2095 ex
2186 2037 2344 2093 laicis
2372 2042 2606 2113 moneat
2637 2037 2840 2092 litteris
2864 2036 3188 2091 convenire.

196 2131 432 2187 sabbato
462 2149 666 2187 omnes
690 2134 749 2188 in
775 2151 957 2190 unum
995 2136 1358 2192 conveniant.
1848 2115 1906 2187 B

812 2434 1228 2529 INCIPIT
1299 2435 1916 2531 CONCILIUM
1985 2433 2921 2528 TARRACONENSE.

1317 2623 1552 2685 Decem
1581 2623 2026 2706 episcoporum
2039 2641 2062 2695 ;
2095 2637 2230 2684 ara
2258 2637 2431 2683 XLIV.

258 2789 319 2842 In
338 2787 574 2844 nomine
589 2789 999 2846 Christihabita
1020 2793 1822 2864 synodusTarracone,ann06
1995 2795 2080 2848 IV.
2109 2794 2179 2847 Ut
2209 2791 2347 2846 nulli
2377 2790 2772 2862 episc0porum
2821 2793 2919 2844 aut
2967 2788 3436 2861 presbyterorum
3466 2789 3555 2845 vel

188 2883 522 2937 Theodorici
544 2883 714 2955 regis,
739 2886 1035 2940 consulatu
1057 2887 1228 2954 Petri,
1253 2887 1355 2941 sub
1373 2888 1462 2941 die
1484 2892 1675 2943 octavo
1695 2889 1825 2943 Idus
1924 2887 2279 2955 clericorum,
2311 2885 2401 2939 die
2434 2883 2726 2938 Dominico
2773 2883 3132 2953 propositum
3164 2883 3553 2954 cujuscunque

188 2975 543 3030 Novembris.
573 2977 955 3048 Antiquorum
981 2981 1213 3034 Palmm
1243 2985 1451 3036 statuta
1481 2982 1551 3036 de
1579 2982 1668 3036 his
1694 3000 1824 3036 cen-
1921 2998 2098 3035 causae
2125 2979 2423 3050 negotium
2451 2978 2698 3032 audeant
2730 2976 3009 3048 judicare,
3038 2976 3147 3030 nisi
3191 2976 3298 3031 hoc
3329 2979 3554 3031 tantum

189 3069 364 3124 suisse
391 3070 676 3139 videntur,
711 3089 840 3143 qua:
867 3074 925 3127 in
951 3078 1232 3146 tempore,
1263 3079 1359 3130 aut
1379 3076 1448 3130 ad
1473 3075 1603 3130 illos
1628 3077 1819 3131 relicta
1919 3081 1985 3131 ut
2010 3077 2124 3129 Deo
2155 3078 2362 3129 statuta
2390 3071 2667 3126 solemnia
2695 3075 2994 3142 peragant,
3025 3070 3248 3125 caeteris
3273 3087 3404 3126 vero
3432 3071 3551 3125 die-

189 3168 590 3234 pervenerunt,
620 3171 714 3220 aut
743 3169 868 3221 acta
889 3171 1040 3222 certe
1060 3168 1390 3223 testimonio
1416 3169 1644 3240 proprio
1666 3187 1816 3224 com-
1920 3170 2023 3223 bus
2055 3167 2450 3223 cohibentibus
2481 3165 2741 3238 personis
2783 3165 2877 3219 illa
2917 3181 3046 3236 quae
3083 3165 3238 3236 justa
3276 3169 3408 3219 sunt
3450 3164 3550 3219 ha-

187 3257 603 3327 probaverunt;
635 3260 792 3331 cujus
822 3261 906 3314 rei
931 3264 986 3316 et
1013 3279 1118 3316 nos
1142 3269 1442 3333 sequentes
1471 3265 1816 3335 exemplum,
1918 3263 2094 3317 beant
2120 3261 2409 3317 licentiam
2433 3259 2730 3330 judicandi
2757 3259 3006 3329 exceptis
3033 3257 3423 3313 criminalibus
3451 3275 3550 3313 ne-

185 3349 282 3404 illa
305 3368 435 3422 qua:
462 3370 576 3406 non
599 3353 744 3409 ﬁunt
768 3355 977 3426 placuit
1003 3357 1355 3412 observanda
1382 3357 1702 3426 decernere,
1721 3361 1820 3412 aut
1919 3357 2107 3427 gotiis.

186 3445 476 3516 praeterita
502 3447 710 3518 absque
730 3449 966 3521 ambage
987 3451 1396 3522 custodiantur,
1429 3455 1486 3506 et
1515 3452 1817 3523 praesentia
1989 3453 2051 3507 V.
2099 3450 2156 3505 Si
2201 3450 2326 3521 quis
2371 3448 2430 3502 in
2477 3447 2917 3517 metropolitana
2956 3445 3179 3500 civitate
3226 3463 3342 3501 non
3381 3444 3553 3502 fuerit

185 3536 292 3593 hac
321 3539 719 3596 observatione
769 3543 883 3598 sint
922 3543 1108 3600 ﬁrma.
1163 3545 1340 3617 Igitur
1382 3562 1512 3600 cum
1538 3546 1597 3600 in
1637 3563 1816 3600 unum
1918 3547 2213 3618 episcopus
2240 3541 2553 3611 ordinatus,
2591 3543 2784 3612 postea
2809 3555 2982 3611 quam
3013 3542 3271 3610 suscepta
3310 3541 3544 3595 benedi-

182 3633 396 3703 pariter
416 3635 871 3691 convenissemus
890 3638 948 3692 in
972 3638 1170 3694 urbem
1190 3641 1664 3695 Tarraconensem
1686 3656 1813 3712 quae
1915 3641 2102 3695 ctione
2153 3655 2258 3709 per
2303 3633 2726 3706 metropolitani
2774 3634 2988 3688 litteras
3043 3633 3325 3688 honorem
3373 3634 3548 3688 fuerit

183 3732 266 3780 est
311 3730 754 3800 metropolitana
809 3732 1300 3788 observantissime
1337 3734 1592 3801 fundata,
1623 3734 1816 3790 titulos
1915 3732 2166 3808 episcopi
2194 3731 2455 3802 adeptus,
2484 3728 2544 3783 id
2585 3727 2868 3799 optimum
2909 3743 3031 3782 esse
3078 3726 3449 3794 decrevimus,
3487 3734 3548 3780 ut

180 3836 608 3891 superannexos
638 3825 1072 3896 conscripsimus
1098 3827 1499 3883 observandos.
1912 3827 2273 3901 postmodum
2305 3825 2512 3878 statuto
2538 3828 2818 3894 tempore,
2849 3821 2908 3876 id
2934 3825 3018 3876 est
3047 3821 3298 3893 impletis
3327 3821 3545 3876 duobus

246 3916 381 3970 CAP.
401 3915 438 3968 l.
458 3916 534 3969 De
553 3915 639 3970 his
655 3918 859 3988 quibus
875 3936 1010 3974 cura
1022 3926 1364 3992 properante
1382 3922 1810 3993 proximitatem
1912 3923 2205 3978 mensibus
2232 3936 2290 3974 se
2320 3915 2743 3989 metropolitani
2766 3915 2852 3970 sui
2872 3919 3174 3987 prmsentet
3197 3915 3541 3987 aspectibus,

178 4005 392 4062 habere
420 4009 790 4081 permittitur,
815 4019 963 4085 utea
983 4015 1198 4069 cautela
1225 4032 1420 4070 earum
1451 4017 1810 4072 necessitates
1913 4021 1974 4072 ut
2005 4016 2074 4070 ab
2119 4015 2215 4069 illo
2257 4012 2488 4068 monitis
2533 4008 2921 4066 ecclesiasticis
2966 4008 3292 4076 instructus,
3321 4009 3544 4080 plenius

177 4107 519 4171 sustentent,
550 4107 614 4158 ut
639 4105 862 4176 pietatis
889 4107 1166 4162 beneﬁcia
1192 4085 1320 4181 quae
1348 4110 1426 4165 eis
1458 4115 1591 4165 sunt
1618 4128 1810 4167 neces—
1830 4087 1884 4161 Ο
1909 4110 2049 4183 quid
2080 4110 2378 4165 observare
2396 4106 2606 4160 debeat
2629 4109 3016 4175 recognoscat.
3039 4102 3197 4170 Quod
3215 4102 3259 4156 si
3273 4103 3418 4157 forte
3439 4102 3541 4156 hoc

175 4196 322 4250 saria
347 4213 382 4250 a
407 4197 633 4268 longius
663 4201 975 4270 praebeant.
1010 4202 1119 4274 Ipsi
1158 4220 1290 4259 vero
1319 4221 1425 4277 pro
1452 4205 1698 4260 visendis
1726 4207 1808 4260 eis
1909 4205 2151 4277 implere
2180 4200 2515 4272 neglexerit,
2539 4199 2597 4252 in
2618 4197 2835 4270 synodo
2859 4197 3183 4268 increpatus
3208 4213 3241 4249 a
3270 4196 3542 4250 fratribus

174 4306 307 4344 cum
334 4290 581 4361 ingressi
620 4293 834 4348 fuerint
863 4295 1046 4350 clerici
1096 4298 1437 4354 salutatione
1486 4304 1804 4369 recurrant,
1909 4299 2242 4369 corrigatur.
2268 4297 2336 4349 Et
2361 4293 2406 4347 si
2435 4294 2580 4347 forte
2611 4290 2943 4376 inﬁrmitate
2971 4291 3162 4361 aliqua
3193 4305 3264 4342 ne
3296 4289 3400 4343 hoc
3428 4289 3537 4343 im-

174 4400 276 4439 nec
308 4384 388 4438 ibi
414 4385 622 4441 faciant
646 4389 1019 4445 mansionem.
1041 4392 1145 4455 Qui
1172 4396 1363 4448 tamen
1390 4411 1504 4449 non
1523 4395 1592 4449 ad
1608 4412 1802 4449 earum
1907 4394 2062 4465 pleat
2090 4389 2265 4445 fuerit
2289 4386 2613 4458 impeditus,
2643 4385 2751 4465 hoc
2798 4384 2912 4438 suis
2956 4383 3156 4438 litteris
3204 4383 3534 4453 metropoli-

171 4477 555 4534 visitationem
583 4487 850 4554 pergunt,
867 4487 1067 4539 testem
1086 4487 1266 4541 solatii
1284 4488 1369 4542 sui
1384 4489 1493 4543 fide
1512 4494 1568 4542 et
1584 4489 1803 4544 actione
1904 4491 2040 4542 tano
2064 4483 2312 4538 indicare
2343 4483 2629 4552 procuret.

171 4575 302 4626 ante
330 4573 636 4644 probatum
662 4576 969 4632 adhibeant
1001 4596 1215 4634 secum.
1249 4581 1303 4634 Si
1334 4582 1458 4652 quis
1489 4583 1608 4638 hac
1637 4602 1668 4637 a
1697 4601 1799 4638 no-
1977 4581 2060 4634 Vl.
2088 4577 2141 4634 Si
2167 4577 2294 4649 quis
2321 4573 2712 4646 episcoporum
2745 4569 3127 4626 commonitus
3168 4586 3198 4622 τι
3241 4573 3530 4639 metropo-

170 4664 254 4720 bis
281 4671 494 4722 statuta
521 4671 950 4742 contempserit,
995 4673 1041 4726 si
1082 4674 1316 4728 clericus
1347 4681 1430 4730 est
1459 4677 1565 4730 loci
1604 4678 1685 4732 sui
1716 4679 1798 4733 di-
1901 4675 2078 4729 litano
2104 4671 2173 4726 ad
2201 4668 2484 4742 synodum
2517 4667 2674 4722 nulla
2694 4665 2849 4736 gravi
2871 4663 3254 4718 intercedente
3285 4663 3530 4716 necessi-

171 4761 388 4830 gnitate
418 4761 690 4832 privetur.
718 4764 771 4820 Si
791 4781 924 4820 vero
944 4767 1241 4837 religiosus
1269 4769 1354 4823 vel
1382 4771 1720 4840 monachus,
1741 4773 1799 4826 in
1906 4773 2016 4823 tate
2042 4764 2320 4837 corporali
2343 4763 2536 4818 venire
2567 4757 2988 4830 contempserit,
3021 4756 3166 4810 sicut
3193 4760 3398 4810 statuta
3429 4757 3528 4810 Pa-

171 4855 312 4909 cella
349 4857 683 4912 monasterii
726 4859 975 4914 inclusus
1016 4861 1366 4932 poenitentiae
1413 4864 1678 4919 lamentis
1719 4865 1802 4920 in-
1901 4866 2056 4918 trum
2075 4861 2440 4925 censuerunt,
2461 4871 2640 4928 usque
2661 4853 2734 4908 ad
2759 4852 3014 4907 futurum
3042 4849 3348 4905 concilium
3369 4864 3532 4904 cunc-

169 4949 420 5017 cumbat,
437 4950 533 5004 ubi
552 4950 828 5023 singulari
839 4954 1145 5010 afﬂictione
1161 4957 1322 5028 panis
1339 4961 1396 5012 et
1409 4975 1570 5030 aqua:
1589 4959 1799 5014 victum
1900 4963 2088 5013 torum
2102 4955 2497 5027 episcoporum
2519 4948 2811 5004 charitatis
2832 4944 3237 5001 communione
3256 4943 3528 5015 privetur.

169 5058 231 5096 ex
260 5043 487 5098 abbatis
514 5045 872 5103 ordinatione
903 5047 1200 5120 percipiat.
1970 5051 2078 5106 VII.
2107 5051 2186 5103 De
2217 5045 2549 5103 dioecesanis
2596 5041 2840 5098 ecclesiis
2882 5039 2974 5094 vel
3018 5039 3170 5093 clero
3217 5037 3277 5092 id
3320 5038 3533 5108 placuit

235 5138 302 5191 ll.
333 5139 632 5194 Canonum
663 5142 887 5196 statutis
929 5144 1221 5198 ﬁrmatum
1251 5149 1355 5214 est,
1383 5150 1448 5200 ut
1473 5147 1798 5220 quicunque
1901 5145 2146 5213 deﬁniri,
2165 5146 2228 5197 ut
2253 5138 2567 5214 presbyteri
2587 5133 2928 5202 veldiaconi,
2947 5133 3044 5205 qui
3073 5131 3214 5186 inibi
3241 5132 3534 5186 constituti

167 5229 223 5284 in
255 5231 409 5285 clero
440 5249 560 5287 esse
598 5235 862 5304 voluerit,
894 5237 1124 5293 emendi
1151 5239 1336 5308 vilius,
1387 5241 1472 5295 vel
1517 5241 1794 5298 vendendi
1899 5245 2030 5295 sunt
2074 5255 2203 5293 cum
2241 5234 2456 5290 clericis
2492 5231 2838 5302 septimanas
2879 5227 3202 5295 observent,
3236 5225 3292 5281 id
3333 5231 3436 5294 est,
3468 5229 3533 5281 ut

167 5325 394 5379 charius
422 5327 612 5382 studio
634 5346 748 5384 non
771 5333 984 5387 utatur.
1001 5333 1160 5387 Certe
1178 5334 1224 5387 si
1241 5335 1484 5390 voluerit
1511 5354 1793 5408 exercere,

167 5418 499 5475 cohibeatur
528 5438 562 5476 a
592 5423 759 5478 clero.

235 5513 320 5568 lll.
357 5513 413 5568 Si
441 5516 568 5586 quis
600 5517 833 5573 clericus
862 5520 1104 5575 solidum
1129 5522 1188 5576 in
1217 5525 1550 5580 necessitate
1574 5525 1793 5596 praesti-

165 5606 317 5674 terit,
346 5605 454 5662 hoc
481 5609 551 5663 de
578 5610 710 5666 vino
741 5613 828 5666 vel
853 5614 1142 5670 frumento
1170 5617 1428 5690 accipiat,
1465 5619 1614 5689 quod
1642 5636 1792 5673 mer-

166 5699 331 5754 candi
376 5718 545 5757 causa
582 5707 838 5777 tempore
883 5713 1088 5764 statuto
1128 5710 1419 5766 decretum
1462 5718 1546 5767 est
1573 5730 1794 5768 venun-

166 5791 322 5848 dare.
339 5795 618 5852 Caaterum
634 5797 677 5852 si
696 5801 944 5871 speciem
966 5820 1079 5857 non
1103 5804 1369 5861 habuerit
1388 5807 1794 5875 necessariam,

166 5884 352 5959 ipsum
388 5891 540 5963 quod
570 5892 726 5948 dedit
766 5895 884 5950 sine
914 5897 1028 5951 ullo
1055 5905 1368 5972 augmento
1400 5900 1652 5972 recipiat.
1686 5885 1713 5993 Ι

1898 5331 2212 5406 presbyteri
2242 5345 2414 5383 unam
2439 5326 2653 5382 faciant
2695 5322 3137 5392 hebdomadam,
3167 5336 3279 5392 qua
3307 5322 3531 5391 expleta

1898 5427 2160 5483 succedat
2185 5423 2456 5479 diaconus
2487 5419 2540 5474 ei
2570 5417 2848 5486 similiter,
2879 5433 2947 5471 ea
2963 5415 3292 5471 conditione
3314 5419 3528 5469 servata

1896 5525 1963 5578 ut
1992 5519 2177 5575 omnis
2205 5517 2387 5571 clerus
2408 5514 2499 5568 die
2527 5512 2743 5568 sabbati
2763 5511 2835 5566 ad
2855 5527 3148 5581 vesperam
3178 5508 3250 5563 sit
3276 5513 3524 5578 paratus,

1901 5630 2011 5687 quo
2031 5611 2247 5668 facilius
2267 5609 2358 5665 die
2387 5606 2682 5662 Dominico
2710 5604 3042 5660 solemnitas
3062 5620 3189 5657 cum
3215 5600 3368 5653 omni
3391 5615 3528 5669 prae-

1900 5709 2084 5765 sentia
2133 5705 2468 5774 celebretur,
2518 5702 2596 5756 ita
2649 5706 2840 5756 tamen
2889 5701 2955 5753 ut
3005 5695 3269 5751 omnibus
3329 5692 3530 5745 diebus

1900 5819 2164 5875 vesperas
2177 5804 2234 5855 et
2246 5797 2554 5854 matutinas
2567 5795 2879 5856 celebrent,
2889 5792 3020 5862 quia
3039 5787 3339 5842 desistente
3353 5786 3528 5853 clero,

1903 5899 2048 5972 quod
2079 5903 2161 5951 est
2193 5895 2525 5968 pessimum,
2558 5887 2943 5964 comperimus
2974 5883 3032 5938 in
3058 5877 3301 5935 basilicis
3329 5894 3433 5932 nec
3453 5878 3535 5934 lu-
