4054 6312
468 324 568 379 423

1360 320 1645 375 API’END.
1685 320 1771 374 AI)
1811 320 1970 374 SlEC.
2010 319 2098 373 IX.
2128 349 2196 357 -—
2236 321 2476 375 ISIDUBI
2518 319 2940 375 MERCATURIS

3730 316 3838 372 424

469 430 714 486 minaria
740 428 1068 483 ministrari.
1093 427 1151 482 Si
1171 427 1267 499 qui
1284 443 1421 481 sane
1442 426 1807 497 negligentiae
1825 426 1961 481 vitio
1977 426 2100 481 haec
2122 439 2181 513 Α
2202 426 2428 499 aliquod
2440 426 2824 482 ministerium
2838 424 3280 481 ecclesiasticum
3289 427 3650 497 prmsumant
3660 441 3766 495 age
3776 443 3840 477 re

470 525 712 596 implere
741 522 1050 589 noluerint,
1080 520 1344 575 noverint
1370 536 1429 574 se
1450 519 1764 574 secundum
1790 522 1999 574 statuta
2017 537 2103 575 ca-

468 634 686 672 nonum
723 633 829 688 pro
860 616 1034 671 modo
1063 630 1440 687 personarum
1471 613 1760 668 canonica:
1787 613 2101 685 disciplinae

469 699 848 857 subdendos.1

538 805 666 857 Vlll.
700 803 810 857 Mul
838 821 848 856 ε

538 805 666 859 VIll.
700 800 1003 859 Multorum
1029 818 1202 857 causa
1227 800 1579 873 experientia
1604 800 1979 872 magistrante
2005 817 2099 855 re-

467 897 724 970 perimus
768 896 1073 951 nonnullas
1113 894 1464 950 dioecesanas
1497 893 1758 949 ecclesias
1787 893 2098 949 destitutas.

470 990 553 1045 0b
580 1006 756 1062 quam
778 1006 901 1043 rem
924 989 1028 1042 hac
1050 988 1456 1043 constitutione
1485 987 1858 1055 decrevimus,
1880 990 1943 1041 ut
1959 986 2102 1041 anti-

466 1100 595 1156 quae
622 1082 1056 1139 consuetudinis
1094 1082 1234 1137 ordo
1263 1086 1537 1151 servetur,
1567 1085 1624 1137 et
1651 1080 1856 1135 annuis
1884 1080 2101 1134 vicibus

468 1178 539 1232 ab
561 1177 824 1249 episcopo
852 1176 1119 1231 diceceses
1143 1175 1464 1243 visitentur,
1488 1178 1546 1229 et
1575 1174 1621 1228 si
1654 1191 1764 1246 qua
1790 1174 1937 1229 forte
1956 1173 2103 1228 basi-

465 1272 571 1326 lica
597 1276 826 1341 reperta
866 1270 1043 1325 fuerit
1085 1269 1375 1336 destituta,
1408 1267 1765 1323 ordinatione
1804 1267 1981 1339 ipsius
2005 1284 2098 1321 re-

464 1365 655 1438 parari
684 1364 1069 1435 praecipiatur,
1098 1362 1232 1434 quia
1258 1362 1429 1417 tertia
1465 1378 1535 1416 ex
1571 1361 1837 1417 omnibus
1865 1361 2100 1431 antiqua

463 1459 770 1515 traditione
793 1460 860 1513 ut
880 1456 1203 1528 accipiatur
1231 1456 1302 1511 ab
1333 1455 1631 1527 episcopis,
1675 1454 1934 1510 novimus
1981 1457 2096 1509 sta-

462 1560 525 1608 tu
533 1556 652 1608 tum
663 1594 676 1607 .

534 1648 617 1701 IX.
649 1646 705 1701 Si
737 1644 864 1717 quis
907 1644 1185 1699 lectorum
1230 1642 1809 1698 adulterae’mulieris
1852 1640 2101 1697 voluerit

463 1739 694 1796 misceri
722 1739 811 1794 vel
826 1737 1118 1793 adhaerere
1139 1736 1443 1804 consortio,
1462 1738 1561 1790 aut
1574 1735 1862 1806 relinquat
1882 1734 2097 1789 adulte-

2201 521 2598 592 prohibemus,
2632 520 2741 575 nisi
2764 521 2911 575 forte
2941 536 3070 574 cum
3097 518 3316 575 abbatis
3336 518 3838 591 imperio.Simili—

2201 617 2291 667 ter
2318 619 2384 668 ut
2410 614 2601 668 nullus
2631 630 2848 682 eorum,
2883 612 2939 668 id
2986 615 3071 666 est
3110 612 3545 679 monachorum,
3591 611 3843 666 forensis

2202 706 2418 777 negotii
2446 709 2739 779 susceptor
2761 706 2848 761 vel
2879 709 3174 761 exsecutor
3204 705 3424 773 existat,
3458 704 3568 759 nisi
3596 705 3653 760 id
3677 704 3842 776 quod

2200 800 2537 855 monasterii
2556 800 2804 872 exposcit
2827 800 3063 869 utilitas,
3091 799 3294 854 abbate
3323 798 3429 853 sibi
3463 797 3843 853 nihilominus

2200 894 2538 966 imperante,
2571 910 2856 949 canonum
2902 896 3033 948 ante
3078 893 3273 947 omnia
3314 892 3727 948 Gallicanorum
3766 892 3840 947 de

2201 987 2289 1042 his
2319 987 2723 1043 constitutione
2752 989 2990 1042 servata.

2271 1083 2380 1137 XII.
2407 1081 2599 1137 Sicubi
2625 1081 2926 1136 defunctus
2964 1079 3144 1135 fuerit
3188 1080 3486 1152 episcopus
3510 1080 3834 1150 intestatus,

2199 1177 2331 1247 post
2361 1175 2785 1230 defunctionem
2815 1174 2940 1245 ejus
2970 1191 3002 1229 a
3032 1173 3380 1246 presbyteris
3419 1178 3477 1228 et
3505 1174 3839 1230 diaconibus

2201 1269 2270 1324 de
2295 1268 2468 1323 rebus
2493 1268 2670 1339 ipsius
2697 1267 3079 1323 inventarium
3116 1267 3361 1323 fideliter
3389 1266 3775 1323 conscribatur
3804 1285 3839 1321 a

2198 1362 2438 1416 minimo
2464 1378 2643 1433 usque
2671 1362 2746 1417 ad
2772 1361 3111 1432 maximum,
3152 1360 3210 1416 id
3241 1366 3343 1430 est,
3386 1361 3721 1417 utensilibus
3746 1361 3834 1414 vel

2201 1456 2359 1511 omni
2388 1455 2794 1527 suppellectile,
2825 1455 2901 1510 ita
2926 1458 3119 1511 tamen
3148 1459 3212 1510 ut
3239 1454 3285 1509 si
3316 1454 3445 1527 quis
3490 1454 3698 1510 exinde
3741 1454 3834 1509 vel

2198 1549 2623 1621 praesumpsisse
2651 1548 2869 1621 aliquid
2894 1549 2983 1604 vel
3008 1549 3227 1604 occulte
3261 1548 3433 1604 fuerit
3456 1547 3650 1603 tulisse
3691 1564 3833 1603 con-

2197 1642 2396 1711 victus,
2431 1642 2744 1698 secundum
2780 1642 2920 1698 furti
2951 1645 3211 1698 tenorem
3256 1641 3517 1698 restituat
3546 1641 3830 1697 universa.

2267 1738 2402 1792 XIII.
2432 1736 2697 1807 Epistolze
2735 1736 2877 1791 tales
2925 1753 3030 1808 per
3078 1741 3269 1808 partes
3312 1753 3347 1791 a
3390 1735 3832 1807 metropolitano

462 1850 608 1904 ram,
638 1836 737 1888 aut
766 1848 800 1886 a
823 1833 973 1886 clero
1000 1830 1274 1885 habeatur
1296 1834 1616 1885 extraneus.
1653 1828 1839 1885 Simili
1866 1832 2094 1884 senten-
2114 1812 2173 1885 B
2197 1834 2330 1885 sunt
2357 1829 2692 1900 dirigendae,
2726 1834 2787 1885 ut
2810 1847 2925 1885 non
2954 1831 3140 1885 solum
3160 1847 3193 1884 a
3212 1829 3637 1885 cathedralibus
3658 1829 3835 1885 eccle-

461 1927 543 1982 tia
570 1925 956 1981 ostiariorium
981 1923 1254 1995 punietur
1281 1923 1533 1979 lascivia.

534 2023 599 2077 X.
632 2018 1062 2077 Observandum
1090 2034 1321 2089 quoque
1351 2017 1723 2087 decrevimus,
1757 2033 1829 2072 ne
1861 2016 1988 2087 quis
2016 2033 2098 2070 sa-

462 2114 761 2170 cerdotum
785 2113 875 2168 vel
899 2111 1234 2167 clericorum
1265 2128 1428 2166 more
1455 2111 1813 2166 saecularium
1836 2110 2098 2181 judicum

462 2208 669 2263 audeat
712 2206 969 2277 accipere
1016 2222 1119 2277 pro
1156 2204 1427 2277 impensis
1473 2203 1804 2275 patrociniis
1833 2220 2093 2272 munera,

460 2300 570 2356 nisi
583 2301 730 2356 forte
756 2300 815 2354 in
836 2299 1083 2354 ecclesiis
1101 2299 1289 2353 oblata
1324 2298 1595 2369 gratuita,
1615 2314 1744 2369 quae
1766 2314 1883 2352 non
1910 2297 2097 2353 favore

459 2394 717 2450 muneris
737 2393 1043 2448 videantur
1061 2396 1307 2463 accepta,
1330 2392 1429 2447 sed
1454 2392 1753 2447 collatione
1780 2390 2096 2445 devotionis

458 2488 632 2544 illata.
688 2486 850 2552 Quod
905 2486 950 2540 si
994 2485 1236 2558 quaesita
1283 2485 1559 2557 probatur
1601 2484 1874 2556 accipere,
1924 2484 2097 2539 veluti

460 2586 692 2636 exactor
716 2580 953 2648 fenoris,
987 2585 1086 2634 aut
1115 2596 1417 2634 usurarum
1443 2594 1753 2650 possessor,
1783 2578 2097 2633 secundum

366 2696 375 2705 ·
459 2678 668 2731 statuta
696 2676 931 2730 Patrum
958 2690 1016 2729 se
1042 2673 1268 2729 noverit
1297 2672 1754 2744 degradandum.

530 2771 612 2824 XI.
643 2768 897 2824 Monachi
944 2785 978 2822 a
1025 2767 1378 2823 monasterio
1422 2767 1571 2821 foras
1613 2766 1975 2838 egredientes
2022 2783 2095 2821 ne

2198 1924 2296 1979 size
2326 1923 2687 1995 presbyteris,
2703 1924 3081 1997 verumetiam
3095 1923 3426 1979 dioecesanis
3439 1925 3509 1979 ad
3524 1923 3832 1979 concilium

2196 2018 2446 2086 trahant,
2463 2021 2519 2073 et
2530 2018 2749 2088 aliquos
2764 2019 2833 2072 de
2848 2017 2980 2073 ﬁliis
2993 2018 3240 2073 ecclesiae
3253 2017 3617 2072 saecularibus
3631 2016 3681 2089 1
3699 2015 3831 2090 02

2201 2127 2391 2166 secum
2416 2110 2698 2165 adducere
2725 2111 2993 2166 debeant.
3021 2113 3266 2167 Joannes
3294 2111 3353 2165 in
3370 2110 3580 2167 Christi
3600 2111 3833 2166 nomine

2198 2205 2497 2276 episcopus
2521 2205 2956 2260 Tarraconensis
2983 2202 3238 2275 civitatis,
3269 2202 3772 2260 constitutionibus
3798 2221 3834 2259 a

2198 2298 2361 2353 nobis
2392 2298 2724 2369 conscriptis
2750 2298 3074 2369 subscripsi.
3118 2299 3327 2353 Paulus
3372 2299 3433 2353 in
3474 2297 3681 2353 Christi
3725 2315 3827 2353 no-

2197 2392 2353 2447 mine
2381 2392 2675 2463 episcopus
2708 2392 3034 2463 subscripsi,
3083 2396 3141 2446 et
3181 2392 3555 2464 coepiscopus
3582 2392 3828 2447 subscri-

2196 2485 2304 2558 psi.
2365 2485 2743 2540 Fortunianus
2794 2485 3118 2556 subscripsi.
3188 2485 3446 2558 Agricius
3502 2486 3827 2559 subscripsi.

2200 2579 2465 2635 Orontius
2515 2578 2840 2650 subscripsi.
2902 2578 3229 2635 Vincentius
3279 2580 3603 2652 subscripsi.
3658 2582 3830 2636 Ursus

2197 2672 2520 2746 subscripsi.
2554 2672 2809 2728 Emidius
2832 2672 3157 2745 subscripsi.
3187 2673 3469 2729 Nibridius
3494 2674 3822 2747 subscripsi.

1230 3034 1629 3102 lNClPIUNT
1673 3037 2066 3104 CAPITULA
2110 3036 2444 3104 CONCILII
2490 3035 3062 3105 GERUNDENSIS.

536 3192 553 3247 l
594 3192 664 3248 Ut
687 3207 1042 3265 unaquaeque
1078 3190 1363 3263 provincia
1411 3190 1469 3246 in
1513 3190 1701 3247 ofﬁcio
1731 3207 1911 3247 unum
1940 3192 2088 3247 ordi-
2113 3207 2167 3279 ρ
2264 3195 2317 3247 6.
2347 3193 2417 3247 Ut
2447 3192 2572 3264 quis
2602 3192 2724 3247 sine
2758 3193 3026 3248 uxoribus
3051 3191 3410 3261 ordinantur,
3441 3196 3743 3248 extraneas
3767 3190 3825 3247 in

459 3302 594 3341 nem
618 3288 827 3342 teneat.

530 3385 581 3437 2.
600 3380 898 3436 Utlitaniaa
923 3385 1051 3453 post
1070 3383 1439 3437 Pentecosteu
1465 3398 1498 3434 a
1524 3381 1725 3453 quinta
1748 3380 1890 3435 feria
1909 3396 2090 3452 usque

458 3473 518 3529 in
545 3475 778 3531 sabbato
813 3472 1193 3532 celebrentur.

488 3556 492 3559 ’
529 3572 559 3625 3
570 3571 670 3625 .De
682 3570 944 3625 secundis
955 3568 1163 3626 litaniis
1172 3568 1447 3626 faciendis
1459 3570 1723 3625 Kalendis
1735 3570 2086 3625 Novembris.

2106 3286 2113 3291 ’
2194 3286 2364 3341 domo
2393 3302 2509 3341 non
2540 3286 2807 3343 habeant.

2263 3384 2315 3435 7.
2349 3381 2427 3435 Ne
2459 3379 2586 3434 laici
2624 3380 2722 3453 qui
2751 3380 2985 3436 viduam
3026 3386 3124 3437 aut
3161 3380 3451 3437 dimissam
3480 3381 3823 3455 acceperint.

2190 3474 2249 3530 in
2281 3476 2432 3530 clero
2463 3491 2579 3530 non
2606 3474 2997 3531 admittantur.

2263 3572 2316 3625 8.
2358 3570 2435 3624 De
2485 3568 2576 3624 his
2625 3569 2724 3640 qui
2776 3568 3019 3656 publice.
3050 3568 3450 3641 paenitentiam
3500 3585 3620 3625 non
3673 3570 3823 3625 accio

528 3664 580 3718 4.
630 3664 699 3719 Ut
736 3664 950 3719 Pascha
993 3667 1217 3719 tantum
1261 3666 1319 3719 et
1358 3666 1685 3721 Pentecoste
1739 3664 2087 3735 baptismum
2188 3663 2373 3735 piunt,
2428 3662 2548 3720 sed.
2576 3667 2803 3720 tantum
2852 3662 3117 3719 viaticum
3171 3667 3234 3719 ut
3283 3664 3342 3719 in
3392 3665 3545 3720 clero
3593 3680 3825 3736 promo-

457 3753 643 3822 detur,
673 3753 921 3825 exceptis
950 3752 1039 3807 his
1063 3750 1248 3824 quiin
1276 3753 1555 3824 languore
1587 3752 1917 3808 consistunt.

532 3850 581 3900 5.
614 3846 686 3900 Ut
706 3845 877 3901 unius
915 3844 1025 3901 diei
1058 3845 1266 3914 infans,
1298 3846 1345 3900 si
1375 3846 1435 3899 in
1468 3846 1794 3902 discrimine
1825 3849 1929 3917 est,
1955 3847 2089 3919 bap-

460 3938 687 3996 tizetur.

2187 3760 2448 3813 veantur.

2261 3854 2313 3905 9.
2344 3852 2414 3906 Ut
2442 3848 2709 3906 omnibus
2737 3848 2937 3907 diebus
2967 3850 3124 3908 horis
3149 3851 3481 3925 vespertinis
3510 3854 3568 3908 et
3595 3851 3829 3908 matuti-

2188 3942 2277 4001 nis
2301 3945 2480 4001 oratio
2509 3945 2804 4002 Dominica
2828 3945 3068 4003 dicatur.

1951 4087 2329 4104 —~

1154 4220 1571 4318 INCIPIT
1652 4224 2267 4323 CONCILIUM
2336 4225 3128 4323 GERUNDENSE.

949 4391 1137 4456 Anno
1168 4397 1202 4455 7
1244 4392 1626 4458 Theoderici
1649 4398 1843 4478 regis,
1874 4398 2147 4480 septimo
2178 4398 2337 4463 Idus
2361 4397 2568 4476 Junii,
2601 4400 2895 4481 Agapeto
2924 4397 3039 4462 ΙΙΙ
3058 4395 3335 4460 consule.

531 4558 656 4612 CAP.
691 4558 732 4613 Ι.
760 4557 829 4611 Ut
852 4539 1136 4610 institutio
1164 4555 1470 4612 missarum
1510 4557 1655 4614 sicut
1690 4558 1750 4614 in
1800 4566 2090 4632 metropo-
2112 4574 2171 4645 D
2264 4562 2350 4616 IV.
2378 4562 2456 4617 De
2486 4561 2907 4617 catechumenis
2936 4559 3284 4632 baptizandis
3328 4558 3386 4613 id
3432 4559 3708 4613 statutum
3745 4562 3835 4614 est

460 4652 638 4706 litana
683 4649 921 4706 ecclesia
963 4649 1172 4721 agitur,
1201 4650 1280 4704 ita
1322 4650 1382 4705 in
1428 4652 1525 4707 Dei
1565 4654 1799 4709 nomine
1837 4655 1897 4709 in
1934 4655 2095 4710 omni

460 4743 868 4801 Tarraconensi
919 4743 1243 4815 provincia,
1311 4749 1431 4799 tam
1488 4745 1665 4816 ipsius
1716 4747 1902 4803 missae
1958 4749 2096 4804 ordo

462 4856 638 4911 quam
662 4836 943 4910 psallendi
976 4838 1066 4892 vel
1097 4837 1459 4892 ministrandi
1503 4841 1852 4896 consuetudo
1902 4858 2094 4898 serve-

461 4937 574 4987 tur.

533 5027 600 5080 ll.
628 5025 700 5078 Ut
725 5025 953 5097 expleta
978 5024 1347 5080 solemnitate
1367 5025 1741 5097 Pentecostes,
1756 5027 1816 5081 in
1836 5031 2096 5100 sequenti

464 5118 783 5190 septimana
812 5135 846 5173 a
877 5117 1074 5189 quinta
1114 5118 1254 5175 feria
1279 5118 1340 5172 in
1372 5117 1699 5189 sabbatum,
1730 5137 1833 5191 per
1860 5121 1967 5177 hoc
1993 5124 2092 5179 tri-

466 5212 645 5266 duum
674 5210 1016 5266 abstinentia
1045 5212 1381 5268 celebretur.

539 5307 623 5359 II].
658 5306 819 5372 Item,
869 5305 1120 5361 secunda
1160 5306 1356 5361 litania
1395 5307 1655 5364 facienda
1702 5314 1786 5365 est
1832 5312 2094 5368 Kalendis

464 5398 818 5466 Novembris,
850 5414 914 5453 ea
944 5401 1136 5454 tamen
1182 5400 1507 5458 conditione
1550 5408 1789 5475 servata,
1820 5408 1883 5460 ut
1912 5405 1970 5460 in
1998 5406 2089 5462 iis-

464 5496 596 5550 dem
622 5493 820 5548 diebus
846 5490 1134 5547 Dominica
1160 5493 1559 5565 intercesserit,
1610 5498 1668 5553 in
1713 5498 1823 5553 alia
1870 5499 2087 5556 hebdo-

464 5589 635 5644 mada
665 5586 984 5643 secundum
1034 5586 1236 5659 prioris
1282 5589 1636 5646 abstinentiae
1672 5592 2091 5650 observantiam

463 5701 497 5738 a
523 5682 722 5754 quinta
746 5681 891 5737 feria
909 5679 1239 5752 incipiatur,
1256 5685 1311 5735 ct
1331 5681 1389 5737 in
1411 5683 1643 5740 sabbato
1673 5703 1901 5758 vespere
1922 5688 2094 5745 missa

462 5776 605 5829 facta
637 5776 890 5851 ﬁniatur,
934 5774 1138 5847 quibus
1187 5777 1379 5829 tamen
1419 5776 1616 5831 diebus
1662 5797 1695 5833 a
1744 5780 2011 5837 carnibus
2037 5788 2093 5839 et

459 5867 592 5927 vino
623 5870 972 5926 decrevimus
1000 5867 1424 5925 abstinendum.

2198 4658 2262 4711 ut
2289 4655 2350 4709 in
2376 4656 2604 4711 Pascha:
2631 4655 3008 4725 solemnitate,
3042 4656 3130 4708 vel
3156 4655 3512 4709 Pentecostes
3540 4650 3614 4706 ad
3647 4651 3837 4725 bapti-

2196 4749 2437 4805 zandum
2463 4751 2714 4806 veniant.
2745 4748 2975 4805 Caeteris
3001 4747 3455 4804 solemnitatibus
3470 4744 3685 4801 inﬁrmi
3709 4750 3834 4801 tan-

2196 4844 2494 4900 tummodo
2522 4844 2768 4900 debeant
2786 4842 3081 4914 baptizari,
3111 4841 3318 4914 quibus
3338 4841 3666 4914 quicunque
3688 4842 3828 4894 tem-

2194 4954 2334 5009 pore
2360 4937 2625 4994 convenit
2648 4936 2998 5009 baptismum
3029 4952 3148 4991 non
3175 4934 3393 5007 negari.

2268 5038 2329 5091 V.
2354 5037 2432 5090 De
2455 5035 2699 5109 parvulis
2724 5034 2823 5108 qui
2850 5034 3160 5089 immaturo
3181 5036 3346 5089 utero
3369 5031 3509 5088 editi
3533 5034 3684 5100 sunt,
3703 5031 3827 5102 pla-

2195 5130 2312 5185 cuit
2340 5130 2629 5201 constitui,
2658 5134 2722 5185 ut
2748 5129 2793 5184 si
2825 5128 3060 5197 inﬁrmi,
3086 5132 3150 5182 ut
3178 5128 3404 5195 assolet,
3433 5124 3650 5181 fuerint
3669 5130 3727 5182 et
3743 5125 3830 5180 lac

2194 5226 2516 5280 maternum
2542 5242 2657 5280 non
2685 5226 2982 5297 appetunt,
3016 5222 3188 5279 etiam
3216 5222 3418 5277 eadem
3451 5220 3543 5275 die
3568 5236 3682 5292 qua
3706 5218 3828 5274 nati

2193 5322 2344 5389 sunt,
2376 5319 2424 5373 si
2455 5317 2627 5372 oblati
2652 5316 2884 5385 fuerint,
2912 5316 3288 5388 baptizentur.

2264 5413 2352 5468 Vl.
2382 5413 2458 5468 De
2484 5411 2574 5466 his
2601 5411 2699 5482 qui
2726 5410 2848 5465 sine
2874 5410 3143 5466 uxoribus
3169 5409 3513 5464 ordinantur
3555 5410 3611 5463 et
3648 5405 3825 5463 fami-

2192 5505 2293 5561 lias
2313 5506 2517 5561 domus
2541 5504 2776 5574 habent,
2806 5505 2997 5560 habito
3022 5519 3216 5559 secum
3241 5519 3345 5575 pro
3370 5502 3501 5557 vitm
3521 5518 3823 5557 conversa-

2190 5598 2350 5654 tione
2394 5602 2556 5671 patre
2596 5599 2659 5654 in
2694 5599 3112 5667 testimonium,
3144 5614 3260 5652 non
3292 5614 3395 5668 per
3418 5611 3824 5668 quamcunque

2190 5693 2427 5748 feminei
2458 5710 2623 5749 sexus
2644 5710 2948 5766 personam
2976 5709 3179 5748 eorum
3207 5690 3524 5746 substantia
3545 5690 3829 5762 guberne-

2192 5789 2303 5856 tur,
2334 5788 2432 5843 sed
2460 5805 2565 5860 per
2589 5806 2851 5861 puerum,
2876 5791 2977 5842 aut
2995 5803 3099 5859 per
3119 5786 3373 5841 amicum
3398 5784 3631 5839 domum
3658 5800 3823 5838 suam

2192 5879 2438 5943 debeant
2454 5883 2738 5951 ordinare,
2752 5882 2861 5937 nisi
2878 5884 3143 5953 matrem,
3167 5883 3266 5935 aut
3280 5894 3539 5936 sororem
3564 5877 3621 5933 in
3647 5877 3820 5938 domo
