4054 6298
201 385 300 442 425

1443 385 1911 443 DECRETALIUM
1951 387 2336 444 COLIJZC'I‘IO.

3473 389 3564 444 i226

193 493 521 562 habuerint,
551 495 614 548 ut
643 493 956 548 secundum
993 494 1249 565 priorum
1287 510 1578 550 canonum
1623 498 1829 552 statuta
1849 509 1908 582 Α
1930 497 2324 565 subdiderit,si
2341 496 2645 569 prohibitis
2660 496 2809 552 vitiis
2829 513 2947 552 non
2966 493 3256 553 detinetur
3271 493 3563 565 obnoxius,

197 603 298 658 per
335 603 534 646 earum
572 603 862 664 personas,
898 604 1100 646 eorum
1131 588 1340 644 debeat
1377 588 1664 644 confutari
1705 590 1831 645 sub~

194 682 429 738 stantia.

263 776 380 832 VII.
408 775 465 832 Si
502 775 628 848 quis
673 777 742 831 de
787 777 942 831 laicis
989 779 1120 848 post
1147 794 1386 832 uxorem
1426 777 1596 832 aliam
1635 777 1826 848 cujus-

193 887 421 942 cunque
454 870 788 926 conditionis
829 871 1162 942 cognoverit
1203 871 1523 940 mulierem,
1571 871 1630 926 in
1677 871 1827 927 clero

194 965 522 1020 nullatenus
547 963 900 1020 admittatur.

259 1059 398 1113 VIII.
439 1061 490 1114 Is
526 1074 658 1114 vero
692 1059 790 1130 qui
821 1057 1180 1130 aegritudinis
1211 1061 1492 1132 languore
1524 1061 1825 1132 depressus

190 1152 546 1222 paenitentiae
573 1153 1028 1208 benedictionem
1053 1170 1227 1224 quam
1253 1153 1452 1208 viatico
1486 1154 1827 1226 deputamus

191 1263 292 1316 per
320 1245 786 1301 communionem
815 1247 1120 1319 acceperit,
1152 1250 1210 1302 et
1237 1248 1610 1318 postmodum
1631 1265 1828 1304 recon-

189 1340 480 1395 valescens
508 1345 676 1412 caput
705 1341 1056 1414 pumitentize
1099 1341 1157 1396 in
1198 1341 1432 1397 ecclesia
1457 1341 1681 1414 publice
1713 1359 1826 1396 non

1930 591 2266 646 admittatur
2296 593 2366 646 ad
2391 592 2628 646 clerum.

2001 685 2084 740 IX.
2117 685 2178 738 Id
2205 701 2436 756 semper
2481 685 2694 757 placuit
2736 685 3020 740 observari
3053 684 3316 740 omnibus
3343 684 3562 751 diebus,

1927 781 1994 832 ut
2021 783 2151 850 post
2175 779 2487 834 matutinas
2517 783 2573 835 et
2601 796 2867 850 vesperas
2898 779 3082 834 oratio
3113 779 3402 832 Dominica
3421 796 3454 832 ει
3479 796 3565 832 sa-

1929 872 2152 927 cerdote
2181 873 2522 944 proferatur.
2553 875 2796 928 Joannes
2832 873 2892 928 in
2935 873 3146 928 Christi
3173 872 3408 926 nomine
3438 871 3558 942 epi-

1928 983 2131 1037 scopus
2156 967 2475 1038 subscripsi.
2509 968 2883 1022 Fortunianus
2914 967 3213 1038 episcopus
3234 965 3558 1036 subscripsi.

1926 1060 2131 1114 Paulus
2159 1060 2454 1134 episcopus
2483 1059 2807 1132 subscripsi.
2833 1060 3087 1130 Agricius
3115 1060 3410 1130 episcopus
3433 1059 3560 1113 sub-

1927 1153 2142 1224 scripsi.
2199 1152 2454 1208 Emidius
2521 1153 2816 1224 episcopus
2883 1153 3207 1225 subscripsi.
3267 1152 3554 1207 Nibridius

1928 1247 2222 1318 episcopus
2245 1246 2568 1317 subscripsi.
2602 1246 2866 1302 Orontius
2896 1246 3189 1318 episcopus
3226 1245 3549 1318 subscripsi.

2249 1246 2568 1317 subscripsi.
2602 1246 2866 1302 Orontius
2896 1246 3189 1318 episcopus
3226 1263 3288 1300 su

2249 1341 2486 1412 Explicit
2521 1340 2824 1395 concilium
2851 1339 3230 1394 Gerundense.
3259 1246 3330 1459 Ῐ

871 1588 1272 1654 INCIPIUNT
1315 1590 1706 1655 CAPITULA
1754 1589 2089 1656 CONCILII
2135 1587 2888 1655 CZESABAUGUSTANI.

263 1748 312 1798 1.
339 1745 412 1799 Ut
429 1743 664 1798 feminae
679 1743 876 1800 ﬁdeles
897 1761 930 1800 a
947 1745 1204 1800 virorum
1220 1745 1563 1801 clericorum
1586 1747 1824 1802 coetibus
1845 1761 1898 1832 B
1995 1751 2047 1801 5.
2081 1747 2152 1800 Ut
2181 1747 2278 1816 qui
2307 1762 2338 1798 a
2366 1746 2484 1800 suis
2511 1744 2789 1816 episcopis
2817 1740 3221 1798 communione
3239 1739 3552 1812 privantur,

188 1840 548 1910 separentur.
1430 1891 1438 1898 _

256 1935 310 1986 2.
343 1933 416 1986 Ut
439 1931 538 2003 qui
577 1931 974 1987 eucharistiam
1007 1932 1068 1986 in
1110 1933 1351 1990 ecclesia
1393 1933 1615 2006 accipit,
1649 1937 1706 1988 et
1743 1933 1820 1987 ibi

190 2042 318 2081 eam
345 2041 462 2080 non
491 2025 787 2092 consumit,
813 2027 1344 2084 anathematizetur.

255 2122 310 2174 3.
337 2120 410 2174 Ut
435 2119 635 2174 diebus
659 2119 967 2174 Dominicis
991 2121 1182 2176 nullus
1206 2122 1450 2192 jejunet,
1494 2137 1597 2176 nec
1625 2121 1822 2176 diebus

185 2212 638 2284 quadragesimae
665 2213 735 2268 ab
763 2213 996 2269 ecclesia
1027 2232 1086 2268 se
1116 2215 1394 2270 absentet.

253 2311 308 2362 4.
335 2308 408 2362 Ut
435 2307 615 2362 tribus
643 2306 1020 2363 hebdomadis
1064 2325 1192 2380 quae
1238 2311 1372 2364 sunt
1397 2312 1531 2364 ante
1569 2310 1816 2381 Epipha-

189 2399 340 2458 niam
367 2401 438 2456 ab
468 2401 706 2457 ecclesia
731 2417 904 2457 nemo
933 2401 1184 2458 recedat.

657 2667 1072 2762 INCIPIT
1173 2667 1784 2761 CONCILIUM

1921 1841 1991 1893 ab
2021 1839 2142 1894 aliis
2171 1855 2289 1894 non
2316 1839 2682 1910 recipiantur.

1993 1937 2046 1988 6.
2075 1935 2146 1988 Ut
2169 1933 2406 1986 clericus
2425 1933 2523 2004 qui
2543 1935 2777 2003 propter
2805 1932 3002 1986 luxum
3031 1929 3344 1984 monachus
3371 1927 3555 1982 volue-

1923 2027 1996 2081 rit
2023 2043 2161 2094 esse,
2196 2027 2748 2082 excommunicetur.

1993 2126 2045 2176 7.
2075 2123 2146 2175 Ut
2175 2120 2420 2175 doctoris
2451 2121 2554 2174 sibi
2587 2135 2799 2174 nomen
2839 2119 2964 2190 quis
2995 2135 3110 2173 non
3155 2118 3434 2188 imponat,
3463 2115 3553 2170 cui

1921 2231 2252 2269 concessum
2279 2231 2394 2268 non
2426 2217 2526 2268 est.

1993 2313 2044 2363 8.
2077 2310 2147 2363 Ut
2175 2312 2305 2362 ante
2333 2307 2710 2380 quadraginta
2735 2322 2914 2362 annos
2949 2305 3404 2362 sanctimoniales
3433 2304 3549 2360 vir-

1919 2402 2086 2472 gines
2110 2418 2229 2456 non
2257 2401 2538 2456 velentur.

1887 2665 3055 2760 CAESARAUGUSTANUM

1432 2831 1792 2897 Duodecim
1821 2832 2290 2912 episcoporum.

250 2993 468 3058 Quarto
493 2993 684 3048 Nonas
709 2994 964 3050 Octobris
989 2996 1419 3068 Ctesaraugusta
1465 2996 1521 3051 in
1570 3000 1811 3052 secreta-
1835 3010 1888 3084 ρ
1917 2996 1986 3051 de
2017 2995 2252 3050 ecclesia
2297 2994 2598 3050 absentare
2644 2993 2703 3049 in
2753 2993 3037 3062 domibus,
3087 3009 3192 3050 nec
3233 2994 3430 3050 sedere
3474 2995 3546 3050 ad

183 3087 264 3140 rio
277 3087 662 3142 residentibus
681 3087 974 3160 episc0pis,
994 3089 1236 3158 Siradio,
1256 3091 1554 3162 Delphino,
1573 3091 1806 3161 Raticio,

181 3181 460 3252 Ampelio,
495 3183 800 3253 Augentio,
827 3183 1018 3250 Lucio,
1053 3183 1228 3254 Italio,
1267 3185 1623 3256 Splendinio,
1657 3187 1812 3240 Vale-

180 3274 280 3341 rio,
313 3275 622 3346 Simposio,
661 3277 878 3332 Caterio
904 3279 962 3332 et
991 3278 1172 3347 Italio,
1200 3279 1270 3333 ab
1295 3279 1570 3334 universis
1597 3280 1810 3334 dictum

180 3373 277 3424 est.
307 3369 640 3424 Recitantur
664 3372 962 3426 sententiae
977 3390 992 3441 ;
1025 3373 1224 3427 Lucius
1248 3373 1546 3444 episcopus
1571 3374 1733 3445 legit.

245 3463 376 3518 CAP.
397 3465 436 3516 l.
453 3463 804 3519 Utmulieres
819 3481 1012 3520 omnes
1031 3466 1290 3521 Ecclesiae
1305 3467 1600 3522 catholicae
1615 3469 1809 3523 ﬁdeles

179 3573 210 3610 a
236 3557 488 3611 virorum
513 3557 832 3612 alienorum
859 3559 1102 3615 lectione
1123 3563 1180 3614 et
1197 3560 1430 3614 cmtibus
1448 3567 1803 3632 separentur,

177 3665 244 3705 ne
272 3650 344 3705 ad
373 3650 522 3721 ipsas
546 3651 800 3722 legentes
825 3652 920 3706 alii
949 3654 1133 3707 studio
1177 3655 1264 3708 vel
1313 3655 1577 3722 docendi,
1607 3656 1691 3709 vel
1719 3656 1805 3710 di-

177 3745 366 3798 scendi
398 3745 756 3811 conveniant,
781 3746 1056 3818 quoniam
1087 3753 1142 3802 et
1167 3748 1277 3802 hoc
1307 3749 1605 3820 Apostolus
1620 3749 1802 3820 jubet.

173 3838 254 3892 Ab
283 3838 568 3892 universis
598 3839 873 3910 episcopis
899 3841 1112 3895 dictum
1136 3845 1220 3896 est
1247 3843 1556 3897 anathema
1583 3844 1805 3898 futuros

175 3931 270 4003 qui
309 3932 456 3986 hanc
488 3933 712 3987 concilii
739 3923 1080 3989 sententiam
1113 3953 1226 3990 non
1253 3935 1695 3992 observaverint.

243 4027 306 4081 Il.
341 4028 484 4080 Item
513 4025 654 4097 legit
683 4043 696 4081 :
727 4027 1092 4083 Eucharistiaa
1109 4030 1350 4100 gratiam
1377 4031 1423 4084 si
1454 4031 1579 4102 quis
1605 4031 1807 4102 proba—

175 4123 262 4174 lur
280 4125 568 4191 acceptam
583 4137 700 4175 non
716 4123 1130 4193 consumpsisse
1145 4123 1205 4178 in
1218 4125 1473 4192 ecclesia,
1493 4125 1804 4180 anathema

171 4213 242 4266 sit
266 4213 326 4268 in
357 4219 720 4285 perpetuum.
737 4215 817 4271 Ab
835 4216 1110 4271 universis
1137 4217 1410 4289 episcopis
1432 4218 1646 4273 dictum
1671 4223 1754 4273 est
1788 4235 1799 4274 :

173 4309 381 4362 Placet.

237 4403 321 4456 III.
345 4403 485 4456 Item
511 4401 652 4474 legit
680 4420 692 4458 :
723 4404 800 4458 Ne
823 4403 950 4475 quis
965 4405 1189 4475 jejunet
1211 4406 1299 4461 die
1319 4405 1614 4460 Dominica
1634 4423 1800 4461 causa
1819 4382 1878 4454 D

169 4495 458 4566 temporis,
502 4501 598 4550 aut
639 4498 1040 4568 persuasionis,
1094 4503 1190 4553 aut
1239 4499 1646 4570 subreptionis,
1701 4517 1804 4554 nec

169 4589 736 4660 quadragesimarum
767 4591 966 4645 diebus
990 4592 1060 4646 ab
1093 4593 1340 4646 ecclesiis
1369 4593 1566 4647 fideles
1593 4594 1798 4660 desint,

171 4698 268 4738 nec
293 4682 554 4737 habitent
579 4683 636 4737 in
667 4684 912 4739 latibulis
940 4685 1266 4740 cubitorum
1294 4703 1358 4740 ac
1386 4687 1672 4741 montium
1705 4688 1802 4758 qui

169 4775 226 4830 in
250 4775 670 4848 suspicionibus
699 4783 1075 4848 perseverant,
1097 4780 1192 4834 sed
1224 4781 1551 4852 exemplum
1578 4783 1634 4834 et
1659 4797 1802 4851 prm-

170 4873 392 4940 ceptum
420 4870 745 4925 custodiant
771 4873 1152 4942 sacerdotum,
1195 4879 1250 4928 et
1275 4874 1348 4927 ad
1380 4873 1594 4928 alienas
1618 4874 1800 4928 nullas

169 4963 522 5034 agendorum
551 4969 934 5020 conventuum
965 4983 1157 5020 causas
1187 4967 1548 5022 conveniant.
1573 4967 1653 5022 Ab
1679 4967 1800 5020 uni-

167 5057 333 5112 versis
363 5057 646 5128 episcopis
675 5057 892 5115 dictum
922 5063 1008 5115 est
1037 5077 1049 5114 :
1076 5061 1394 5116 Anathema
1438 5061 1508 5115 sit
1551 5061 1650 5133 qui
1693 5061 1798 5116 hoc

167 5151 537 5206 commiserit.

227 5245 310 5299 IV.
358 5247 502 5300 Item
557 5245 696 5316 legit
727 5262 740 5300 :
775 5246 986 5318 Viginti
1029 5251 1086 5302 et
1123 5265 1241 5302 uno
1281 5249 1392 5317 die,
1424 5249 1480 5304 id
1507 5251 1609 5317 est,
1644 5267 1676 5304 a
1705 5267 1798 5304 xvr

165 5337 548 5394 Kalendarum
573 5340 828 5394 Januarii
853 5358 1037 5412 usque
1064 5345 1122 5395 in
1151 5343 1302 5396 diem
1333 5343 1668 5414 Epiphanim
1699 5343 1797 5415 qui

165 5435 242 5488 est
269 5438 470 5488 octavo
507 5433 636 5488 Idus
654 5434 923 5506 Januarii,
944 5435 1228 5491 continuis
1249 5436 1450 5492 diebus
1471 5437 1611 5492 nulli
1633 5437 1798 5491 liceat

1911 3090 2129 3160 villam,
2158 3106 2263 3145 nec
2293 3093 2519 3144 montes
2541 3091 2754 3159 petere,
2786 3105 2888 3143 nec
2917 3087 3084 3144 nudis
3128 3087 3368 3159 pedibus
3398 3089 3550 3144 ince-

1913 3183 2068 3250 dere,
2101 3184 2198 3238 sed
2226 3200 2562 3238 concurrere
2609 3183 2680 3237 ad
2725 3182 3043 3237 ecclesiam.
3079 3182 3240 3246 Quod
3283 3183 3380 3254 qui
3429 3200 3542 3238 non

1911 3278 2292 3333 observaverit
2322 3278 2391 3330 de
2445 3276 2734 3348 susceptis,
2769 3277 3077 3331 anathema
3119 3277 3192 3330 sit
3233 3276 3290 3330 in
3337 3293 3542 3348 perpe-

1909 3377 2093 3428 tuum.
2127 3372 2210 3425 Ab
2249 3370 2518 3426 universis
2555 3370 2834 3441 episcopis
2855 3370 3068 3424 dictum
3085 3371 3543 3426 estzAnathema

1911 3467 2000 3520 sit.

1979 3562 2040 3613 V.
2075 3561 2210 3614 Item
2241 3558 2456 3612 dictum
2485 3561 2584 3625 est,
2617 3561 2680 3611 ut
2711 3557 2770 3611 hi
2798 3557 2896 3628 qui
2923 3573 3024 3628 per
3043 3557 3417 3628 disciplinam,
3442 3563 3544 3614 aut

1909 3653 2252 3708 sententiam
2281 3652 2529 3724 episcopi
2572 3652 2643 3706 ab
2691 3651 2934 3706 Ecclesia
2959 3651 3174 3706 fuerint
3196 3651 3438 3721 separati
3468 3653 3538 3706 ab

1907 3748 2034 3802 aliis
2059 3746 2339 3818 episcopis
2365 3763 2480 3801 non
2520 3745 2634 3800 sint
2661 3745 3003 3816 recipiendi;
3036 3744 3188 3816 quod
3226 3745 3270 3798 si
3298 3743 3538 3800 scientes

1905 3842 2165 3912 fecerint,
2201 3857 2316 3895 non
2343 3840 2596 3894 habeant
2627 3839 3112 3894 communionem.
3145 3839 3227 3893 Ab
3261 3839 3538 3894 universis

1907 3935 2185 4006 episcopis
2215 3935 2430 3989 dictum
2456 3937 2542 3989 est
2561 3951 2573 3988 :
2592 3933 2698 3998 Qui
2721 3933 2828 3988 hoc
2850 3931 3219 4000 commiserit,
3254 3931 3539 4004 episcopo-

1905 4045 2032 4083 rum
2061 4045 2178 4084 non
2206 4029 2416 4083 habeat
2442 4027 2928 4083 communionem.

1977 4125 2060 4177 VI.
2085 4125 2228 4177 Item
2257 4123 2401 4193 legit
2429 4139 2441 4177 :
2474 4122 2532 4177 Si
2557 4122 2682 4194 quis
2711 4121 2944 4177 clericus
2973 4121 3204 4192 propter
3231 4121 3432 4176 luxum
3449 4139 3540 4176 va-

1907 4216 2213 4287 nitatisque
2266 4219 2681 4287 prmsumptum
2733 4215 2802 4270 de
2855 4215 3042 4269 ofﬁcio
3107 4217 3305 4284 sponte
3353 4215 3534 4270 dices-

1905 4311 2039 4365 serit
2066 4327 2129 4364 ac
2156 4311 2310 4364 velut
2337 4310 2760 4364 observatorem
2794 4308 2936 4378 legis
2969 4309 3322 4364 monachum
3355 4309 3537 4364 videri

1903 4421 1958 4458 se
1989 4403 2258 4457 maluerit
2283 4421 2403 4457 esse
2429 4421 2602 4474 quam
2631 4402 2924 4469 clericum,
2955 4403 3038 4456 ita
3074 4403 3144 4456 de
3179 4403 3424 4457 Ecclesia
3452 4419 3535 4456 re-

1901 4498 2250 4568 pellendum,
2281 4499 2344 4550 ut
2375 4497 2482 4550 nisi
2505 4496 2761 4566 rogando
2787 4499 2957 4566 atque
2979 4495 3328 4550 obsecrando
3351 4496 3532 4566 pluri-

1901 4593 2009 4645 mis
2039 4591 2389 4662 temporibus
2416 4591 2772 4656 satisfecerit,
2808 4607 2920 4643 non
2948 4589 3274 4660 recipiatur.
3297 4588 3378 4642 Ab
3409 4589 3534 4642 uni-

1899 4685 2073 4740 versis
2101 4684 2376 4756 episcopis
2404 4683 2617 4738 dictum
2650 4689 2732 4737 est
2763 4700 2774 4736 :
2805 4685 2886 4738 Ita
2905 4682 3023 4737 ﬁat.

1972 4779 2084 4834 VII.
2113 4781 2249 4833 Item
2279 4778 2490 4833 lectum
2518 4782 2602 4832 est
2631 4794 2644 4832 :
2677 4777 2754 4831 Ne
2782 4776 2908 4848 quis
2937 4775 3181 4831 doctoris
3199 4791 3406 4830 nomen
3425 4777 3531 4832 sibi

1899 4873 2172 4944 imponat,
2227 4875 2440 4944 prmter
2486 4872 2588 4926 has
2629 4887 2898 4944 personas
2947 4871 3154 4942 quibus
3199 4887 3528 4926 concessum

1901 4970 2006 5034 est,
2033 4967 2346 5022 secundum
2375 4967 2524 5038 quod
2555 4966 2828 5037 scriptum
2863 4969 2963 5020 est.
3004 4964 3085 5019 Ab
3117 4964 3392 5020 universis
3418 4965 3532 5036 epi-

1899 5061 2079 5131 scopis
2101 5061 2312 5116 dictum
2341 5063 2426 5115 est
2455 5077 2466 5115 :
2499 5061 2704 5114 Placet.

1973 5155 2103 5209 VIII.
2135 5156 2278 5209 Item
2310 5153 2520 5208 lectum
2546 5156 2663 5207 est:
2697 5153 2816 5206 Non
2849 5151 3106 5206 velandas
3133 5167 3252 5206 esse
3281 5151 3531 5222 virgines

1898 5263 2025 5318 quae
2071 5265 2129 5302 se
2173 5249 2282 5302 Deo
2333 5249 2624 5313 voverunt,
2671 5245 2782 5300 nisi
2827 5244 3205 5316 quadraginta
3249 5261 3532 5302 annorum

1896 5341 2136 5412 probata
2186 5344 2374 5408 aetate,
2418 5357 2590 5412 quam
2636 5339 2895 5395 sacerdos
2938 5339 3408 5412 comprobaverit.
3447 5341 3531 5396 Ab

1899 5435 2175 5490 universis
2203 5435 2478 5507 episcopis
2505 5434 2718 5490 dictum
2746 5439 2830 5490 est
2860 5451 2873 5489 :
2908 5435 3113 5490 Placet.

3445 5495 3592 5670 Δ

977 5709 1376 5775 INCIPIUNT
1420 5710 1818 5777 CAPITULA
1860 5657 2194 5776 CONCILII
2241 5709 2726 5775 ILERDENSIS.

233 5845 280 5895 I.
317 5841 398 5896 De
424 5840 516 5896 his
542 5841 640 5914 qui
659 5842 857 5898 altario
877 5844 1230 5916 ministrant,
1255 5851 1317 5901 ut
1343 5863 1376 5901 a
1402 5847 1679 5918 sanguine
1703 5847 1799 5901 ho-

165 5933 332 5990 minis
360 5951 422 5992 se
451 5935 796 5994 abstineant.

1971 5849 2024 5900 2.
2057 5847 2132 5900 De
2177 5845 2265 5900 his
2309 5845 2404 5918 qui
2450 5845 2766 5902 abortivum
2807 5843 3040 5914 faciunt,
3082 5843 3166 5896 vel
3209 5842 3368 5894 natos
3395 5855 3527 5894 suos

1903 5939 2248 6012 exstingunt.
