4054 6316
502 373 600 428 id?
1390 370 1672 423 AI’I’END.
1714 369 1801 422 ΑΙ)
1838 369 1997 421 δίΕΕ.
2040 367 2109 420 ΙΧ

2260 366 2502 420 ιδιυυιίι
2542 364 2969 420 MEltCA'l'UltlS

3760 364 3870 420 428

571 485 622 535 3.
650 480 729 535 De
760 479 1069 545 monachis,
1100 481 1160 531 ut
1192 476 1378 531 clerici
1406 476 1746 529 ordinentur
1772 490 1902 528 cum
1924 473 2124 527 volun-
2150 488 2209 560 Α
2302 477 2386 528 t0.
2420 474 2499 526 De
2530 472 2618 526 his
2646 472 2744 544 qui
2766 471 3007 542 jubente
3038 470 3307 543 episcopo
3331 469 3567 525 remissa
3593 470 3760 545 culpa
3791 471 3868 529 ab

500 578 616 628 tate
645 572 884 643 abbatis,
909 576 966 626 et
990 587 1168 643 quum
1197 569 1544 624 monasterio
1562 567 1878 622 offeruntur
1898 584 2013 622 non
2034 584 2129 621 au-

496 668 773 736 ferantur,
809 666 964 721 etde
992 663 1234 719 basilicis
1265 680 1403 734 quas
1429 661 1557 716 laici
1583 661 1843 717 fecerint.

570 762 622 818 4.
657 761 731 815 De
770 758 1019 827 incestis,
1066 761 1127 813 ut
1165 755 1423 829 quandiu
1471 755 1533 812 in
1569 755 1781 810 scelere
1820 758 1952 809 sunt
1979 754 2130 810 inter

498 853 940 910 catechumenos
964 851 1300 906 habeantur.

569 952 620 1004 5.
650 948 730 1003 De
754 946 843 1002 his
872 946 972 1017 qui
998 944 1200 1000 altario
1227 943 1498 1011 serviunt,
1532 942 1579 997 si
1605 941 1790 997 subito
1821 940 1883 996 in
1905 940 2124 1014 fragili-

496 1045 678 1098 tatem
701 1040 883 1096 carnis
908 1038 1232 1095 inciderint.

568 1140 621 1191 6.
645 1136 721 1189 De
743 1151 812 1189 eo
841 1133 941 1205 qui
975 1132 1158 1188 viduas
1179 1129 1477 1204 pcenitenti
1501 1129 1590 1185 vel
1612 1128 1894 1201 religiosae
1918 1128 2127 1200 virgini

496 1234 757 1301 stuprum
785 1226 1068 1282 intulerit.

567 1331 619 1382 7.
644 1326 720 1381 De
746 1325 836 1381 his
853 1324 953 1398 qui
970 1326 1326 1379 sacramento
1344 1338 1404 1379 se
1424 1321 1704 1394 obligant,
1733 1337 1805 1376 ne
1830 1321 1903 1376 ad
1925 1337 2127 1392 pacem

496 1419 754 1475 redeant.

566 1517 617 1569 8.
647 1513 703 1569 Si
728 1512 969 1568 clericus
1018 1527 1244 1566 servum
1292 1509 1383 1564 vel
1426 1509 1768 1582 discipulum
1797 1508 1866 1564 de
1893 1506 2128 1565 ecclesia

496 1606 750 1673 traxerit,
777 1608 843 1661 ut
870 1603 1268 1677 paenitentiam
1294 1608 1449 1674 agat.

567 1704 621 1757 9.
655 1702 731 1754 De
778 1698 867 1755 his
912 1697 1013 1773 qui
1043 1696 1371 1772 rebaptizati
1417 1698 1570 1766 sunt,
1618 1700 1895 1770 quantum
1942 1694 2121 1768 poeni-

496 1797 669 1851 teant.

2231 569 2466 623 ecclesia
2495 568 2649 623 exire
2681 568 3080 621 contemnunt.

2303 665 2388 716 11.
2414 664 2491 717 De
2522 660 2734 716 clericis
2777 659 2876 731 qui
2918 659 2979 713 in
3020 660 3282 713 mutuam
3334 657 3551 713 caedem
3593 675 3865 730 prorum—

2227 758 2388 826 punL

2302 852 2386 904 12.
2417 850 2494 904 De
2525 848 2615 903 his
2651 847 2749 921 qui
2798 852 2992 903 contra
3034 861 3280 902 canones
3318 846 3564 902 ordinati
3605 850 3757 918 sunt,
3802 851 3869 904 ut

2229 942 2608 1017 deponantur.

2302 1040 2388 1092 13.
2423 1038 2499 1092 De
2525 1035 2814 1092 catholicis
2845 1036 2943 1108 qui
2972 1035 3122 1091 ﬁlios
3164 1051 3292 1090 suos
3328 1034 3730 1091 haereticorum
3757 1034 3863 1090 ba-

2226 1131 2484 1203 ptismati
2511 1130 2890 1186 tradiderunt.

2304 1226 2386 1281 14.
2413 1226 2491 1281 De
2518 1224 2825 1293 catholicis,
2860 1226 2923 1279 ut
2951 1240 3082 1279 cum
3110 1223 3472 1296 rebaptizatis
3495 1239 3613 1278 non
3637 1240 3865 1280 conver-

2227 1324 2441 1375 sentur.

2304 1416 2385 1468 15.
2417 1414 2487 1469 Ut
2512 1412 2738 1482 clerici,
2783 1429 2915 1467 cum
2945 1412 3228 1468 extraneis
3256 1412 3591 1468 mulieribus
3609 1428 3729 1467 non
3754 1412 3861 1467 ha-

2225 1506 2427 1562 bitent.

2300 1603 2383 1655 16.
2416 1602 2558 1657 Cum
2585 1600 2843 1656 sacerdos
2880 1600 3143 1671 moritur,
3176 1600 3313 1674 quid
3331 1599 3401 1657 de
3420 1599 3589 1656 rebus
3607 1599 3860 1656 ecclesiae

2225 1694 2577 1751 observetur.

887 2005 1304 2099 INCIPIT
1426 2003 2041 2097 CONCILIUM
2161 2002 2802 2095 ILERDENSE
2916 2003 3452 2095 HABITUM.

1001 2171 1315 2235 Habitum
1342 2189 1515 2234 anno
1547 2168 1930 2233 duodecimo
1967 2167 2345 2233 Theoderici
2369 2167 2565 2249 regis,
2599 2175 2825 2230 octavo
2851 2166 3012 2232 Idus
3036 2167 3342 2249 Augusti.

562 2345 761 2400 CAPJ.
792 2344 868 2398 De
889 2342 978 2396 his
1007 2341 1223 2397 clericis
1244 2341 1417 2413 quiin
1437 2340 1860 2396 obsessionibus
1888 2341 2124 2396 necessi-
2223 2339 2432 2407 culant,
2486 2339 2703 2411 plac‘uit
2762 2355 3061 2411 quousque
3125 2338 3185 2393 in
3236 2339 3360 2410 ipso
3411 2338 3742 2394 detestanda
3798 2342 3860 2394 et

488 2440 602 2494 tate
628 2436 799 2509 positi
823 2436 1055 2503 fuerint,
1088 2435 1143 2490 id
1170 2438 1451 2490 statutum
1473 2438 1558 2490 est
1578 2438 1642 2489 ut
1674 2435 1771 2507 qui
1798 2434 1996 2490 altario
2018 2434 2122 2490 mi-
2221 2432 2416 2489 illicito
2472 2432 2660 2487 carnis
2714 2433 3091 2488 contubernio
3136 2437 3525 2505 perseverant,
3566 2448 3744 2505 usque
3780 2433 3858 2488 ad

474 2532 753 2599 ,nistrant,
782 2533 839 2585 et
866 2528 1071 2587 Christi
1107 2546 1313 2601 corpus
1333 2532 1390 2584 et
1407 2529 1744 2600 sanguinem
1765 2529 2015 2598 tradunt,
2033 2531 2177 2601 vel;
2220 2527 2417 2581 missas
2472 2531 2701 2582 tantum
2756 2527 3297 2582 catechumenorum
3352 2527 3412 2582 in
3467 2527 3704 2582 ecclesia
3747 2527 3855 2582 ad-

488 2641 616 2679 vasa
643 2641 799 2679 sacra
820 2623 1004 2679 ofﬁcio
1035 2599 1310 2695 deputata
1339 2599 1706 2693 contrectant,
1744 2626 1806 2676 ut
1848 2622 1918 2677 ab
1962 2599 2196 2677 omniB
2218 2621 2544 2688 mittantur,
2586 2637 2719 2676 cum
2759 2621 2966 2692 quibus
3014 2621 3188 2677 etiam
3238 2637 3341 2676 nec
3387 2620 3577 2676 cibum
3628 2637 3857 2678 sumere

490 2719 741 2774 humano
758 2717 1035 2788 sanguine
1058 2716 1231 2772 etiam
1251 2715 1441 2770 hostili
1458 2732 1517 2771 se
1533 2715 1882 2784 abstineant;
1905 2716 2056 2787 quod
2072 2717 2120 2771 si
2216 2715 2399 2769 ullum
2472 2713 2925 2771 Christianorum
2956 2757 2971 2784 ,
3046 2715 3192 2770 sicut
3261 2714 3562 2788 Apostolus
3626 2715 3797 2787 jussit
3834 2758 3851 2787 ,

487 2812 547 2868 in
587 2812 693 2866 hoc
719 2810 1044 2880 inciderint,
1080 2809 1299 2865 duobus
1326 2809 1511 2877 annis,
1558 2812 1675 2864 tam
1715 2809 1901 2865 ofﬁcio
1941 2826 2119 2882 quam
2220 2810 2462 2879 oportet.

487 2903 1231 2975 communionepriventur,
1259 2903 1336 2957 ita
1362 2903 1658 2958 utduobus
1681 2902 1865 2974 annis,
1885 2903 2114 2975 vigiliis,
2288 2903 2349 2956 V.
2404 2900 2462 2956 Si
2514 2901 2612 2973 qui
2661 2901 2860 2957 altario
2902 2902 3001 2958 Dei
3056 2901 3401 2974 deserviunt,
3465 2902 3513 2958 si
3567 2903 3755 2959 subito
3792 2904 3856 2960 in

478 2998 735 3071 jejuniis,
767 2997 1118 3053 orationibus
1144 2999 1203 3051 et
1227 2995 1603 3068 eleemosynis
1625 3013 1731 3067 pro
1749 2996 1959 3052 viribus
1979 3014 2119 3069 quas
2217 2994 2438 3050 silenda
2486 2993 2670 3049 carnis
2716 2995 3021 3068 fragilitate
3073 2996 3425 3064 corruerint,
3477 3000 3534 3052 et
3602 2997 3853 3054 Domino

487 3093 760 3150 Dominus
788 3090 1078 3146 donaverit
1109 3090 1431 3162 expientur,
1465 3094 1521 3146 et
1547 3090 1627 3146 ita
1653 3090 1889 3146 demum
1931 3091 2117 3147 ofﬁcio
2216 3088 2554 3161 respiciente
2597 3089 2770 3161 digne
2810 3089 3202 3161 pmnituerint,
3263 3090 3345 3146 ita
3393 3092 3460 3145 ut
3508 3091 3853 3149 mortiﬁcata

487 3183 2115 3262 103velcommunionireddantur,eatamenrationene
2215 3199 2453 3255 corpore
2508 3183 2692 3239 cordis
2748 3184 2974 3239 contriti
3028 3184 3363 3240 sacriﬁcium
3416 3186 3527 3239 Deo
3557 3185 3851 3255 ~offerant,

485 3280 720 3335 ulterius
744 3278 818 3334 ad
843 3277 1026 3334 ofﬁcia
1055 3278 1276 3350 potiora
1313 3279 1725 3351 provehantur.
1757 3277 1921 3343 Quod
1948 3278 1994 3332 si
2022 3278 2114 3334 in-
2215 3282 2448 3333 maneat
2482 3278 2544 3333 in
2572 3281 2848 3351 potestate
2893 3277 3179 3351 pontiﬁcis
3234 3280 3325 3335 vel
3377 3278 3660 3336 veraciter
3701 3281 3850 3336 afﬂi-

483 3373 646 3429 finito
668 3377 924 3445 tempore
947 3371 1395 3444 negligentiores
1415 3371 1565 3427 circa
1579 3372 1820 3428 salutem
1840 3389 2002 3427 suam
2025 3388 2116 3428 ex-

480 3467 746 3536 stiterint,
775 3466 1093 3538 protelandi
1110 3465 1288 3537 ipsius
1307 3465 1655 3539 poenitentiae
1675 3469 1900 3538 tempus
1922 3466 1983 3522 in
2010 3483 2113 3539 po-

483 3565 680 3618 testate
710 3566 908 3617 manet
933 3560 1294 3645 sacerdotis.‘

552 3658 617 3712 Il.
648 3656 713 3712 Hi
741 3671 875 3712 vero
906 3656 1004 3727 qui
1044 3654 1189 3709 male
1219 3659 1520 3726 conceptos
1550 3669 1620 3709 ex
1646 3653 1926 3710 adulterio
1966 3654 2116 3710 fetus

481 3752 569 3806 vel
601 3751 782 3806 editos
813 3764 1019 3805 necare
1047 3748 1388 3816 studuerint,
1420 3748 1507 3803 vel
1550 3747 1611 3802 in
1653 3747 1950 3803 ventribus
1989 3765 2113 3804 ma-

481 3851 638 3900 trum
692 3842 1016 3915 potionibus
1063 3841 1345 3914 aliquibus
1397 3840 1723 3911 colliserint,
1770 3840 1831 3896 in
1874 3845 2116 3914 utroque

2215 3375 2335 3427 ctos
2359 3388 2479 3427 non
2519 3372 2617 3428 diu
2656 3371 3027 3444 suspendere,
3064 3373 3154 3428 vel
3197 3372 3509 3429 desidiosos
3539 3373 3854 3446 prolixiora

2214 3469 2470 3538 tempore
2503 3466 2575 3521 ab
2603 3465 2866 3522 Ecclesiae
2897 3483 3136 3538 corpore
3166 3483 3497 3539 segregare,
3529 3468 3610 3523 ita
3632 3472 3848 3538 tamen,

2212 3564 2278 3615 ut
2328 3561 2405 3615 sic
2459 3560 2781 3616 ofﬁciorum
2830 3561 2955 3615 loca
3000 3560 3299 3632 recipiant,
3360 3577 3434 3617 ne
3493 3561 3713 3634 possint
3777 3563 3853 3619 ad

2214 3653 2417 3710 altiora
2453 3655 2638 3710 ofﬁcia
2674 3655 2912 3711 ulterius
2947 3655 3303 3726 promoveri;
3344 3656 3498 3727 quod
3550 3656 3595 3710 si
3646 3657 3851 3713 iterato

2212 3749 2366 3804 velut
2402 3765 2571 3829 canes
2605 3749 2679 3803 ad
2716 3748 2993 3806 vomitum
3048 3749 3258 3804 reversi
3313 3750 3546 3818 fuerint,
3596 3767 3718 3806 non
3756 3768 3848 3806 so-

2212 3842 2333 3898 lum
2378 3827 2655 3915 dignitate
2713 3827 2885 3899 ofﬁcii
2942 3848 3188 3912 careant,
3230 3843 3329 3899 sed
3380 3844 3557 3899 etiam
3594 3850 3851 3902 sanctam

484 3955 619 3994 sexu
666 3936 940 3992 adulteris
964 3979 978 4004 ,
1049 3938 1178 4007 post
1227 3938 1446 4007 septem
1497 3951 1783 3990 annorum
1833 3935 2117 3993 curricula
2137 3975 2191 4050 Ο
2216 3937 2705 4006 communionem,
2728 3937 2838 3992 nisi
2864 3936 2923 3992 in
2946 3937 3123 4005 exitu,
3148 3953 3262 3993 non
3291 3937 3629 4009 percipiant.

527 4030 804 4050 ,_AAL___._S_
860 4029 1141 4050 1_2'L__-A_-_
1202 4028 1269 4050 21.-
1319 4032 1507 4050 1-”-..
1558 4031 1616 4050 -_l.
1666 4028 1809 4050 -..Α-..3
1854 4034 2105 4050 1----__---_
2287 4032 2351 4050 1"
2426 4031 2524 4050 nn!
2578 4029 2871 4050 -___,_En_u1_'
2926 4031 2975 4050 -Αξ
2994 4030 3105 4050 1,-..
3183 4032 3268 4050 “-1
3320 4031 3524 4050 _!,_49-_!
3569 4049 3617 4050 ,,,

484 4030 813 4087 communio
858 4029 1160 4097 tribuatur,
1200 4028 1277 4083 ita
1319 4032 1514 4084 tamen
1558 4031 1621 4082 ut
1659 4028 1814 4084 omni
1854 4034 2113 4103 tempore

482 4126 610 4180 vitae
664 4140 781 4178 suae
838 4122 1065 4178 ﬂetibus
1115 4125 1172 4178 et
1224 4122 1534 4178 humilitati
1583 4122 1862 4179 insistant.
1896 4124 1953 4179 Si
1981 4141 2115 4180 vero

482 4217 668 4274 clerici
697 4217 930 4283 fuerint,
963 4216 1211 4272 ofﬁcium
1253 4215 1335 4271 eis
1378 4215 1741 4272 ministrandi
1776 4233 2114 4290 recuperare

482 4329 598 4368 non
626 4311 811 4380 liceat,
839 4316 1091 4367 attamen
1122 4310 1181 4365 in
1203 4311 1378 4366 choro
1408 4311 1775 4382 psallentium
1799 4328 1833 4367 a
1859 4316 2116 4385 tempore

485 4409 730 4481 receptas
773 4405 1195 4462 communionis
1233 4404 1498 4461 intersint
1535 4404 1671 4477 ipsis
1713 4406 2025 4463 beneﬁciis.
2052 4410 2114 4463 In

482 4502 641 4557 exitu
684 4504 929 4571 tantum,
961 4499 1010 4555 si
1051 4499 1302 4555 facinora
1347 4516 1447 4554 sua
1489 4499 1644 4555 omni
1687 4504 1941 4573 tempore
1983 4501 2114 4557 vitas

481 4613 598 4652 suae
626 4594 976 4666 deﬂeverint,
1011 4592 1342 4650 communio
1372 4592 1451 4648 eis
1473 4593 1779 4649 tribuatur.

552 4692 639 4747 lll.
673 4691 750 4746 De
776 4688 1071 4746 monachis
1100 4688 1161 4744 id
1188 4687 1473 4746 observari
1496 4687 1727 4760 placuit,
1759 4688 1910 4760 quod
1939 4705 2112 4761 syno-

481 4785 587 4840 dus
631 4783 972 4856 Agathensis
1021 4782 1275 4839 noscitur
1317 4781 1649 4853 decrevisse,
1701 4783 1808 4838 hoc
1860 4786 2112 4839 tantum-

2287 4032 2371 4086 VI.
2424 4031 2527 4096 Qui
2575 4029 2876 4103 poenitenti
2925 4030 3132 4101 viduae,
3182 4032 3272 4086 vel
3319 4031 3529 4103 virgini
3565 4032 3849 4105 religiosas

2215 4127 2477 4197 stuprum
2512 4125 2791 4194 intulerit,
2824 4125 2872 4179 si
2901 4141 2960 4180 se
2997 4125 3068 4179 ab
3097 4141 3164 4180 eo
3193 4129 3548 4197 sequestrare
3574 4127 3844 4197 noluerit,

2212 4219 2428 4290 pariter
2463 4236 2497 4273 a
2533 4218 2939 4274 communione
2966 4217 3422 4275 Christianorum
3462 4224 3516 4276 et
3555 4223 3845 4278 consortio

2215 4316 2568 4384 segregetur.
2601 4312 2661 4368 Si
2680 4329 2811 4367 vero
2833 4313 2929 4367 illa
2953 4330 3082 4384 qua:
3103 4313 3218 4368 vim
3233 4314 3470 4385 pertulit
3493 4314 3563 4369 ad
3589 4319 3845 4371 sanctam

2214 4405 2553 4478 religionem
2577 4405 2828 4477 redierit,
2852 4406 2909 4461 in
2928 4406 3022 4461 illo
3052 4407 3171 4462 solo
3196 4407 3481 4463 sententia
3503 4424 3840 4464 excommu-

2213 4498 2514 4554 nicationis
2567 4502 2832 4555 teneatur
2858 4542 2873 4568 ,
2927 4499 3117 4572 quoad
3169 4516 3349 4573 usque
3394 4501 3620 4573 publice
3658 4502 3841 4575 poeni-

2215 4595 2348 4649 teat.

2289 4688 2401 4743 νυ.
2433 4687 2538 4753 Qui
2582 4691 2935 4743 sacramento
2990 4705 3050 4743 se
3104 4687 3458 4761 obligaverit,
3512 4694 3577 4746 ut
3616 4690 3850 4763 litigans

2215 4799 2348 4838 cum
2374 4782 2625 4855 quolibet
2638 4782 2711 4837 ad
2731 4798 2933 4854 pacem
2962 4783 3118 4837 nullo
3147 4784 3317 4838 modo
3342 4783 3563 4852 redeat,
3581 4801 3685 4856 pro
3712 4800 3846 4857 per-

482 4877 655 4933 modo
704 4877 1041 4949 adjiciendo,
1099 4879 1165 4931 ut
1213 4891 1345 4930 cum
1399 4891 1504 4947 pro
1553 4875 1818 4931 Ecclesiae
1872 4876 2115 4934 utilitate
2209 4877 2362 4948 jurio
2390 4892 2507 4932 uno
2535 4893 2689 4931 anno
2714 4875 3172 4932 acommunione
3194 4877 3485 4950 sanguinis
3511 4880 3568 4933 et
3593 4879 3850 4951 corporis

478 4971 697 5043 aliquos
748 4971 1046 5042 episcopus
1097 4967 1419 5041 probaverit
1466 4968 1527 5024 in
1581 4970 1873 5025 clericatus
1928 4970 2115 5027 ofﬁcio

479 5065 926 5138 promovendos,
956 5080 1087 5118 cum
1113 5062 1334 5118 abbatis
1360 5062 1648 5120 voluntate
1694 5064 1932 5121 debeant
1968 5066 2116 5121 ordi-

478 5158 629 5214 nari.
691 5161 767 5214 Ea
826 5173 960 5212 vero
1004 5172 1132 5229 qum
1188 5156 1248 5212 in
1288 5156 1421 5229 jure
1465 5157 1799 5213 monasterii
1839 5159 1909 5214 de
1946 5159 2116 5215 facul-

480 5251 689 5307 tatibus
746 5250 1067 5306 oﬁ‘eruntur
1090 5294 1103 5321 ,
1153 5251 1214 5306 in
1280 5251 1436 5307 nullo
1492 5252 1812 5307 dicecesana
1861 5252 1989 5324 lege
2042 5254 2114 5308 ab

2215 4970 2440 5026 Domini
2470 4975 2821 5044 segregatus,
2842 4974 3064 5026 reatum
3091 4987 3258 5026 suum
3285 4971 3676 5043 eleemosynis,
3703 4972 3852 5027 ﬂeti-

2214 5065 2341 5134 bus,
2366 5070 2422 5120 et
2450 5065 2678 5138 quantis
2706 5064 2961 5136 potuerit
2978 5064 3231 5137 jejuniis,
3258 5065 3544 5136 absolvat;
3570 5066 3641 5121 ad
3659 5067 3845 5122 chari-

2213 5162 2395 5214 tatem
2428 5175 2580 5230 vero,
2615 5175 2742 5230 quas
2782 5159 2969 5231 operit
2992 5158 3421 5215 multitudinem
3450 5164 3844 5233 peccatorum,

2215 5253 2475 5308 celeriter
2497 5253 2690 5309 venire
2718 5252 2968 5308 festinet.

479 5344 762 5418 episcopis
814 5345 1235 5418 contingantur.
1290 5346 1345 5403 Si
1383 5350 1576 5402 autem
1628 5363 1699 5401 ex
1749 5345 1905 5400 laicis
1955 5347 2192 5426 quis-D
2285 5348 2419 5402 Vlll.
2469 5347 2668 5402 Nullus
2720 5346 3060 5403 clericorum
3100 5363 3326 5402 servum
3363 5350 3464 5402 aut
3498 5348 3846 5421 discipulum

477 5456 650 5513 quam
702 5457 737 5494 a
786 5456 845 5495 se
889 5441 1096 5496 factam
1127 5440 1419 5496 basilicam
1460 5439 1773 5496 consecrari
1803 5439 2108 5497 desiderat.

476 5550 836 5607 nequaquam
886 5551 1015 5591 eam
1060 5535 1164 5590 sub
1210 5533 1539 5589 monasterii
1589 5533 1776 5606 specie
1823 5533 1920 5589 ubi
1971 5551 2107 5590 con-

476 5629 731 5701 gregatio
781 5645 902 5684 non
960 5628 1280 5699 colligitur,
1334 5626 1421 5681 vel
1474 5627 1675 5699 regula
1727 5627 1798 5683 ab
1848 5628 2108 5702 episcopo

472 5736 589 5776 non
619 5722 1004 5789 constituitur,
1046 5738 1079 5776 a
1129 5721 1451 5777 dioecesana
1492 5722 1620 5793 lege
1663 5721 1873 5777 audeat
1913 5739 2105 5795 segre-

475 5828 632 5882 gare.

540 5906 625 5961 IV.
676 5908 749 5962 Dc
810 5907 900 5961 his
949 5906 1046 5977 qui
1099 5923 1157 5962 se
1200 5904 1449 5961 incestus
1498 5905 1811 5978 pollutione
1850 5924 2101 5965 comma-

2221 5457 2384 5495 suum
2412 5441 2485 5496 ad
2510 5442 2803 5497 ecclesiam
2830 5441 3262 5514 confugientem
3287 5442 3580 5498 extrahere
3614 5443 3843 5512 audeat,

2215 5535 2302 5588 vel
2333 5534 2618 5607 ﬂagellare
2642 5540 2977 5607 praesumat;
3000 5534 3153 5608 quod
3172 5535 3218 5589 si
3238 5535 3452 5603 fecerit,
3470 5535 3652 5591 donec
3670 5536 3846 5607 digne

2214 5628 2503 5701 pceniteat,
2556 5646 2589 5683 a
2639 5630 2760 5685 loco
2810 5629 2902 5684 cui
2954 5630 3238 5685 honorem
3280 5644 3397 5684 non
3444 5628 3604 5685 dedit
3645 5645 3843 5701 segre-

2214 5724 2403 5793 getur.

2283 5818 2373 5873 IX.
2403 5817 2480 5873 De
2505 5816 2596 5871 his
2623 5817 2721 5889 qui
2751 5816 2811 5871 in
2840 5816 3302 5889 pravaricatione
3329 5816 3680 5891 rebaptizati,
3722 5817 3845 5874 sine

2213 5909 2399 5984 aliqua
2428 5909 2761 5967 necessitate
2792 5911 2875 5967 vel
2902 5913 3188 5968 tormento
3213 5911 3430 5986 delapsi
3470 5911 3604 5983 sint,
3633 5911 3839 5987 placuit
