4054 6302
195 334 294 389 429

1430 326 1899 384 DECRETALIIIM
1938 324 2326 383 COLLECTIO.

3451 326 3553 386 430

190 448 247 494 ut
285 439 433 495 circa
474 454 569 493 eos
609 437 707 492 illa
745 435 989 491 Nicmnee
1031 435 1235 508 synodi
1276 438 1485 490 statuta
1527 439 1825 490 serventur
1846 437 2118 519 Atamen
2166 437 2301 507 quia
2347 437 2472 507 ipsa
2506 437 2745 506 sanctio,
2780 436 2936 507 quod
2966 436 3130 508 pejus
3158 437 3262 508 est,
3293 454 3326 492 a
3362 438 3556 493 multis

190 550 315 606 quae
345 534 419 588 de
447 530 974 604 praevaricatoribus
1000 530 1213 586 censita
1246 545 1366 584 esse
1402 535 1734 598 noscuntur,
1763 530 1822 587 id

190 631 292 697 est,
325 631 393 681 ut
436 631 657 697 septem
693 624 856 679 annis
895 624 1047 678 inter
1086 623 1523 678 catechumenos
1558 628 1739 692 orent,
1768 629 1824 679 et

188 721 336 775 duos
380 720 534 776 inter
580 719 920 786 catholicos,
972 722 1029 772 et
1082 722 1279 789 postea
1324 717 1719 772 moderatione
1769 722 1824 773 et

188 814 501 868 clementia
527 812 775 885 episcopi
790 811 1055 869 ﬁdelibus
1080 814 1142 867 in
1170 811 1450 867 oblatione
1473 811 1823 866 eucharistiaa

187 908 643 963 communicent.

256 1003 319 1057 Χ.
362 1001 471 1066 Qui
503 1000 743 1072 jubente
784 999 1076 1055 sacerdote
1115 1016 1218 1071 pro
1259 1015 1604 1071 quacunque
1659 999 1826 1070 culpa

189 1095 486 1151 ecclesiam
513 1094 667 1150 exire
694 1093 1118 1165 contempserit,
1141 1110 1244 1165 pro
1270 1110 1423 1148 noxa
1447 1093 1823 1148 contumaciae

186 1190 411 1245 tardius
440 1189 748 1260 accipiatur
774 1188 847 1242 ad
874 1186 1127 1242 veniam.

257 1285 341 1339 XI.
376 1284 431 1339 Si
464 1283 565 1354 qui
594 1282 784 1337 clerici
809 1281 870 1336 in
898 1286 1158 1337 mutuam
1185 1282 1398 1336 caedem
1428 1280 1820 1353 proruperint,

192 1380 363 1449 prout
394 1376 645 1448 dignitas
676 1375 994 1431 ofﬁciorum
1029 1376 1088 1430 in
1124 1375 1222 1430 tali
1259 1392 1492 1430 excessu
1527 1378 1822 1429 contume-

190 1472 323 1526 liam
355 1470 680 1543 protulerit,
711 1488 745 1525 a
779 1469 1046 1541 pontiﬁce
1080 1469 1386 1524 districtius
1415 1469 1749 1525 vindicetur.

262 1567 369 1621 XII.
406 1565 516 1630 Qui
547 1567 741 1619 contra
768 1564 991 1619 decreta
1019 1581 1301 1618 canonum
1326 1563 1626 1619 indiscrete
1656 1563 1821 1617 cleri-

191 1676 283 1714 cos
318 1676 505 1730 usque
562 1675 716 1713 nunc
761 1658 1197 1725 ordinaverunt,
1247 1658 1329 1712 eis
1374 1657 1685 1725 Dominus,
1736 1658 1824 1710 vel

192 1758 384 1809 sancta
413 1756 473 1807 et
495 1752 866 1808 ecclesiastica
885 1752 1128 1806 charitas
1147 1751 1421 1822 ignoscat.
1445 1751 1665 1806 Amodo
1688 1767 1821 1805 vero

193 1848 238 1902 si
262 1848 321 1901 in
352 1846 455 1901 tali
491 1864 596 1902 usu
627 1846 1008 1918 proruperint,
1042 1845 1334 1900 decretum
1361 1862 1643 1900 canonum
1673 1844 1828 1915 quod
1848 1816 1904 1888 B

193 1942 342 1997 circa
366 1958 567 1996 eorum
588 1957 858 2012 personas
887 1944 1162 1994 statutum
1188 1942 1291 2009 est,
1315 1940 1371 1994 id
1393 1942 1496 2009 est,
1519 1943 1584 1993 ut
1608 1939 1829 1993 nullum

194 2035 465 2090 ordinare
484 2035 607 2105 jam
652 2035 901 2089 audeant
931 2034 1284 2101 observetur,
1317 2034 1405 2088 vel
1434 2033 1534 2104 qui
1563 2032 1828 2103 deinceps

193 2129 439 2184 ordinati
466 2128 698 2195 fuerint,
732 2129 1120 2200 deponantur;
1151 2127 1212 2182 hi
1238 2144 1371 2182 vero
1404 2127 1501 2199 qui
1523 2127 1662 2181 tales
1691 2127 1825 2181 hac-

196 2227 362 2279 tenus
400 2222 646 2278 ordinati
685 2226 837 2291 sunt,
872 2222 1027 2276 nullo
1072 2226 1330 2293 tempore
1361 2224 1823 2292 promoveantur.

264 2319 400 2373 XIII.
441 2316 758 2372 Catholicus
807 2316 904 2388 qui
942 2316 1086 2371 ﬁlios
1126 2332 1259 2371 suos
1297 2315 1356 2369 in
1389 2315 1592 2369 haeresi
1635 2315 1825 2387 bapti-

196 2411 408 2467 zandos
432 2410 723 2481 obtulerit,
741 2410 951 2465 oblatio
980 2410 1130 2465 illius
1157 2409 1216 2465 in
1245 2409 1481 2465 ecclesia
1505 2408 1828 2464 nullatenus

197 2505 525 2577 recipiatur.

263 2601 396 2655 XIV‘.
437 2597 961 2671 Cum:rebaptizatis
987 2598 1186 2654 ﬁdeles
1210 2597 1459 2670 religiosi
1488 2613 1592 2652 nec
1612 2596 1673 2652 in
1701 2595 1825 2651 cibo

195 2676 556 2767 participent.

262 2790 370 2844 XV.
401 2787 861 2843 Familiaritatem
913 2791 1323 2843 extranearum
1361 2785 1671 2840 mulierum
1698 2784 1830 2840 licet

195 2900 257 2938 ex
278 2885 400 2938 toto
428 2882 606 2937 sancti
626 2883 820 2937 Patres
847 2881 1094 2953 antiquis
1116 2880 1526 2936 monitionibus
1548 2895 1830 2951 praecepe-

194 2977 309 3032 rint
332 2976 585 3032 ecclesiis
611 2975 955 3042 evitandam,
977 2975 1037 3029 id
1064 2992 1217 3030 nunc
1238 2979 1432 3029 tamen
1461 2973 1623 3028 nobis
1646 2973 1827 3028 visum

195 3074 296 3139 est,
326 3073 391 3125 ut
415 3070 519 3143 qui
553 3069 679 3125 talis
718 3068 1077 3141 probabitur,
1109 3070 1155 3123 si
1187 3072 1314 3140 post
1341 3068 1591 3140 primam
1637 3071 1689 3120 et
1737 3082 1825 3121 se-

195 3166 445 3221 cundam
483 3163 987 3219 commonitionem
1027 3180 1086 3217 se
1125 3163 1436 3217 emendare
1483 3161 1822 3233 neglexerit,
1847 3186 1901 3260 Ο

195 3260 372 3315 donec
396 3258 456 3313 in
481 3258 618 3314 vitio
644 3260 987 3329 perseverat,
1017 3256 1185 3311 ofﬁcii
1216 3256 1301 3310 sui
1336 3256 1609 3327 dignitate
1638 3254 1823 3326 prive-

199 3356 304 3422 tur,
343 3352 501 3425 quod
532 3351 577 3406 si
611 3352 724 3406 Deo
756 3352 993 3422 juvante
1027 3350 1357 3416 correxerit,
1398 3354 1589 3404 sancto
1627 3348 1825 3403 minis-

195 3447 336 3502 terio
363 3450 735 3501 restauratur.

262 3542 393 3595 XVI.
447 3540 603 3594 Licet
642 3539 713 3595 de
763 3557 824 3594 re
870 3538 1200 3611 hujusmodi
1263 3552 1432 3608 quam
1482 3535 1825 3590 constituere

195 3635 410 3692 salubri
437 3634 793 3689 ordinatione
819 3634 1180 3688 decernimus
1205 3631 1386 3702 prisca
1418 3629 1719 3685 auctoritas
1741 3645 1827 3683 ca-

197 3746 411 3784 nonum
444 3745 556 3782 non
588 3727 827 3797 siluerit,
848 3728 942 3782 sed
966 3726 1216 3781 evidenti
1238 3724 1527 3780 sanctione
1547 3739 1829 3796 praecepe-

194 3824 267 3878 rit
295 3825 361 3877 ut
387 3822 797 3893 cujuscumque
825 3821 1072 3876 ecclesiae
1112 3818 1380 3891 pontiﬁce
1415 3818 1680 3873 defuncto
1708 3834 1825 3871 non

194 3916 406 3989 passim
435 3932 540 3986 pro
569 3914 734 3969 libitu
764 3932 882 3982 suo,
917 3915 974 3968 in
1002 3930 1198 3968 earum
1228 3929 1423 3967 rerum
1450 3911 1827 3981 direptionem

196 4027 337 4082 quas
363 4008 563 4064 obiens
590 4008 890 4079 dereliquit
913 4008 1215 4080 quisquam
1246 4005 1447 4073 irruat,
1473 4005 1826 4075 domumque

194 4105 505 4173 subvertat,
543 4102 643 4157 sed
684 4102 947 4157 sacerdos
985 4101 1081 4173 qui
1129 4100 1529 4172 exsequiarum
1570 4102 1828 4169 tempore

197 4202 280 4253 est
309 4215 377 4253 ea
411 4197 607 4253 omnia
635 4213 763 4268 quae
789 4197 857 4251 ad
897 4195 1206 4250 utilitatem
1239 4196 1297 4248 et
1337 4192 1829 4249 conservationem

194 4292 484 4364 pertinent
516 4290 723 4346 debeat
750 4289 1014 4362 diligenti
1051 4286 1553 4359 circumspectione
1579 4284 1825 4353 munire,

1922 529 2136 583 clericis
2163 530 2522 599 cognoscitur
2547 529 2765 597 violari,
2787 529 2864 583 ita
2885 533 2948 585 ut
2972 547 3091 585 non
3111 531 3353 601 jubente
3373 548 3558 586 sacer-

1921 622 2053 677 dote
2081 627 2448 694 expectorato
2486 622 2709 690 affectu,
2740 627 2969 695 totaque
2997 623 3308 696 disciplina:
3346 625 3553 679 severi-

1922 719 2038 771 tate
2065 717 2405 788 posthabita,
2436 716 2766 773 immaniter
2796 734 2923 790 quae
2962 717 3022 773 in
3052 718 3220 773 domo
3248 718 3556 790 pontiﬁcali

1922 809 2295 881 reperiuntur
2318 810 2596 865 invadunt
2636 815 2693 865 et
2727 811 3010 866 abradunt
3040 829 3052 867 :
3088 811 3218 867 ideo
3248 829 3401 867 nunc
3432 813 3555 866 hmo

1923 904 2095 975 hujus
2123 903 2318 974 placiti
2341 904 2749 959 constitutione
2774 904 2924 959 inter
2940 922 3046 960 nos
3065 905 3315 960 censoria
3337 906 3556 977 placuit
3640 922 3648 928 ·

1923 997 2213 1065 custodiri,
2246 1002 2307 1052 ut
2332 998 2601 1052 defuncto
2643 998 2894 1053 antistite
2930 1001 3018 1054 vel
3063 1000 3238 1054 etiam
3269 999 3455 1055 adhuc
3495 999 3554 1053 in

1924 1091 2205 1163 supremis
2231 1095 2460 1163 agente,
2490 1092 2680 1146 nullus
2711 1092 3042 1147 clericorum
3069 1093 3368 1164 cujuslibet
3398 1093 3552 1148 ordi-

1922 1185 2030 1252 nis,
2054 1184 2242 1253 ofﬁcii,
2276 1185 2557 1256 gradusve
2587 1186 2676 1256 sit,
2709 1186 3016 1258 quidquam
3047 1187 3117 1242 de
3146 1186 3317 1243 domo
3343 1203 3555 1259 praesu-

1924 1282 2061 1346 mat,
2095 1280 2183 1333 vel
2222 1278 2375 1350 quod
2411 1279 2479 1334 de
2516 1280 2751 1335 utilitate
2795 1279 3157 1335 instrumenti
3185 1281 3388 1336 domus
3428 1297 3551 1335 esse

1922 1373 2263 1444 agnoscitur,
2293 1372 2351 1426 id
2377 1378 2460 1427 est
2490 1373 2717 1428 mobilis
2747 1377 2803 1428 et
2830 1373 3157 1441 immobilis,
3186 1373 3268 1429 rei
3297 1374 3554 1430 ecclesia-

1924 1467 2079 1521 sticae
2111 1469 2350 1522 conetur
2382 1466 2673 1535 invadere,
2706 1467 2850 1521 nihil
2879 1467 3053 1536 furto,
3082 1466 3226 1522 nihil
3250 1466 3379 1523 dolo
3417 1485 3551 1540 sup-

1924 1560 2198 1632 primens,
2227 1560 2490 1615 auferens
2517 1563 2688 1632 atque
2712 1560 3089 1629 abscondens,
3118 1560 3219 1615 sed
3255 1560 3304 1614 is
3335 1560 3425 1615 cui
3450 1560 3552 1615 do-

1924 1670 2051 1707 mus
2071 1653 2375 1708 commissa
2397 1655 2482 1707 est
2500 1653 2768 1725 subjectis
2788 1652 2892 1707 sibi
2920 1668 3052 1707 cum
3078 1652 3314 1708 consilio
3335 1669 3451 1707 uno
3464 1654 3554 1708 vel

1929 1746 2152 1801 duobus
2180 1746 2547 1814 ﬁdelissimis,
2564 1746 2757 1801 omnia
2782 1747 2851 1801 ad
2872 1750 3100 1818 tempus
3120 1746 3401 1819 pontiﬁcis
3420 1748 3554 1801 sub-

1929 1839 2136 1894 stituen
2146 1840 2203 1895 di
2224 1840 2421 1896 debeat
2441 1857 2799 1910 conservare,
2817 1841 2900 1895 vel
2917 1840 3005 1895 his
3024 1840 3123 1913 qui
3140 1839 3200 1894 in
3223 1840 3392 1895 domo
3407 1840 3561 1895 inve-

1929 1934 2168 1988 niuntur
2194 1934 2409 1989 clericis
2428 1936 2760 1989 consuetam
2778 1933 3109 1989 alimoniam
3138 1934 3556 1991 administrare.

1929 2028 2274 2084 Substitutus
2297 2032 2487 2083 autem
2511 2028 2745 2083 antistes
2771 2032 3046 2099 susceptae
3075 2028 3224 2083 sedis
3263 2029 3562 2084 commoda

1929 2121 2236 2190 ordinabit,
2272 2122 2426 2176 velut
2458 2123 2601 2177 Deus
2633 2121 2932 2193 imperavit
2978 2127 3038 2177 ut
3073 2122 3154 2177 eis
3187 2122 3271 2177 uti
3299 2139 3430 2178 cum
3468 2122 3558 2177 his

1930 2216 2133 2271 debeat
2162 2233 2303 2287 quos
2333 2216 2669 2287 cognoverit
2697 2215 3006 2287 disciplinae
3042 2220 3098 2271 et
3135 2216 3398 2272 charitati
3424 2232 3555 2291 pre-

1928 2310 2237 2364 dccessoris
2267 2310 2354 2364 sui
2383 2310 2632 2364 ﬁdeliter
2669 2310 2943 2381 paruisse.
2985 2310 3152 2375 Quod
3181 2310 3227 2364 si
3255 2310 3559 2382 quisquam

1927 2406 2054 2475 post
2083 2404 2205 2457 haec
2235 2403 2540 2474 cujuslibet
2570 2403 2803 2471 ordinis,
2831 2408 2897 2458 ut
2924 2404 3185 2475 superius
3214 2403 3429 2460 dictum
3452 2408 3556 2474 est,

1929 2513 2268 2568 quacunque
2289 2497 2524 2551 clericus
2542 2496 2836 2552 occasione
2857 2497 2925 2552 de
2946 2498 3105 2551 omni
3126 2498 3387 2553 facultate
3402 2498 3561 2569 quip-

1926 2591 2082 2662 piam
2110 2591 2382 2662 probatus
2407 2590 2582 2645 fuerit
2605 2590 2901 2646 abstulisse
2927 2590 3014 2645 vel
3038 2591 3273 2645 forsitan
3302 2590 3435 2646 dolo
3462 2590 3561 2645 ali-
3591 2590 3595 2595 ’

1927 2701 2041 2756 quo
2063 2684 2386 2756 sumpsisse,
2416 2700 2548 2739 reus
2572 2683 2850 2756 sacrilegii
2877 2683 3168 2755 prolixiori
3194 2684 3557 2741 anathemate

1927 2778 2360 2845 condemnetur,
2386 2781 2442 2833 et
2461 2777 2553 2831 vix
2579 2793 2805 2849 quoque
2830 2778 3143 2849 peregrina
3158 2777 3209 2832 ei
3229 2776 3560 2833 communio

1927 2872 2286 2940 concedatur,
2320 2871 2455 2943 quia
2495 2872 2704 2926 durum
2745 2875 2830 2926 est
2869 2877 2931 2926 ut
2966 2871 3025 2926 hi
3063 2888 3203 2943 quos
3247 2876 3470 2927 constat
3498 2872 3559 2927 in

1927 2966 2154 3021 servitio
2174 2966 2402 3022 Domini
2425 2982 2553 3020 cum
2574 2965 2774 3036 primae
2797 2965 2941 3020 sedis
2958 2965 3209 3021 antistite
3228 2965 3554 3033 desudasse,

1927 3061 1996 3115 ab
2024 3059 2111 3115 his
2141 3060 2238 3132 qui
2264 3076 2495 3114 suarum
2516 3076 2710 3114 rerum
2729 3059 3137 3114 incubitatores
3161 3062 3331 3130 atque
3354 3076 3562 3131 vagan-

1927 3159 2012 3209 tes
2027 3153 2194 3208 fuisse
2217 3158 2641 3225 cognoscuntur
2661 3153 2907 3224 despecti
2925 3153 3290 3224 aliquatenus
3312 3154 3563 3209 crucien-

1928 3252 2039 3303 tur.
2072 3248 2304 3318 Sergius
2345 3247 2403 3301 in
2444 3246 2649 3303 Christi
2687 3246 2920 3301 nomine
2953 3246 3249 3318 episcopus
3278 3247 3380 3302 has
3422 3264 3557 3302 con-

1927 3342 2267 3409 stitutiones,
2290 3341 2604 3395 secundum
2631 3340 2787 3412 quod
2814 3340 2976 3394 nobis
2999 3357 3131 3394 cum
3157 3340 3426 3395 fratribus
3443 3343 3558 3396 Deo

1925 3436 2238 3506 inspirante
2258 3434 2620 3505 complacuit,
2645 3433 2819 3504 relegi
2842 3439 2897 3488 et
2921 3434 3226 3505 subscripsi
3249 3451 3265 3503 ;
3288 3436 3314 3489 Ι
3321 3439 3478 3489 ustus
3499 3435 3558 3489 in

1924 3529 2125 3584 Christi
2153 3528 2386 3582 nomine
2402 3527 2736 3598 subscripsi;
2757 3528 2997 3581 Joannes
3020 3527 3077 3581 in
3097 3526 3302 3584 Christi
3322 3527 3556 3583 nomine

1925 3622 2220 3694 episcopus
2250 3621 2589 3692 subscripsi;
2622 3622 2823 3675 Petrus
2849 3619 2909 3674 in
2939 3620 3144 3675 Christi
3176 3620 3409 3675 nomine
3434 3621 3556 3692 epi-

1924 3733 2127 3787 scopus
2170 3715 2504 3787 subscripsi;
2548 3714 2780 3770 Marulio
2823 3714 2882 3768 in
2916 3713 3125 3771 Christi
3161 3714 3396 3769 nomine
3434 3715 3554 3787 epi-

1926 3827 2131 3882 scopus
2157 3808 2497 3880 subscripsi;
2525 3810 2738 3863 Taurus
2764 3807 2822 3862 in
2851 3807 3057 3863 Christi
3084 3808 3320 3863 nomine
3352 3808 3562 3880 episco-

1925 3923 2033 3977 pus
2052 3904 2390 3976 subscripsi;
2426 3903 2728 3959 Febrorius
2757 3902 2815 3957 in
2844 3902 3054 3959 Christi
3082 3902 3317 3958 nomine
3348 3902 3559 3974 episco-

1927 4016 2033 4071 pus
2062 3997 2363 4070 subscripsi
2390 4016 2407 4068 ;
2440 3999 2638 4053 Gratus
2670 3997 2727 4051 in
2750 3997 2957 4053 Christi
2986 3998 3219 4053 nomine
3262 3996 3558 4069 episcopus

1929 4094 2176 4149 directus
2206 4110 2241 4148 a
2272 4092 2505 4148 domino
2528 4108 2660 4146 meo
2684 4092 2973 4164 Stephano
3001 4092 3268 4164 episcopo
3299 4091 3389 4147 his
3418 4108 3556 4147 con-

1927 4186 2319 4243 stitutionibus
2343 4185 2578 4242 interfui
2607 4189 2664 4241 et
2683 4185 3004 4258 subscripsi.
3022 4184 3099 4308 /

1017 4571 1416 4637 INCIPIUNT
1460 4570 1851 4635 CAPITULA
1896 4567 2231 4634 CONCILII
2274 4564 2727 4629 VALENTINI.

263 4735 314 4786 I.
344 4732 419 4786 Ut
442 4728 814 4801 Evangelium
843 4732 970 4800 post
1004 4727 1340 4799 Apostolum
1366 4727 1609 4797 legatur.

259 4828 313 4881 2.
339 4826 411 4880 Ut
438 4823 704 4879 defuncto
735 4822 1005 4894 episcopo
1032 4822 1100 4877 de
1132 4821 1304 4876 rebus
1331 4820 1526 4891 ipsius,
1546 4818 1635 4873 vel
1654 4820 1829 4874 eccle-

193 4919 309 4989 sias,
342 4918 533 4973 nullus
558 4916 871 4989 quidquam
898 4919 1208 4987 praesumat
1236 4913 1520 4969 invadere.

264 5017 317 5068 3.
346 5013 418 5068 Ut
446 5010 761 5084 propinqui
790 5009 1087 5065 morientis
1117 5007 1364 5080 episcOpi
1404 5008 1473 5062 de
1503 5006 1674 5061 rebus
1701 5006 1825 5077 ejus

192 5106 337 5162 nihil
369 5108 651 5177 usurpent
675 5103 796 5159 sine
824 5102 1248 5176 metropolitani
1280 5105 1338 5157 et
1365 5099 1821 5173 comprovincia-

190 5201 327 5256 lium
355 5198 726 5256 conscientia.

1845 4737 1905 4809 D
1998 4725 2051 4777 4.
2099 4723 2177 4778 De
2223 4720 2499 4792 exsequiis
2550 4719 2844 4775 morientis
2891 4718 3157 4791 episcOpi,
3209 4724 3268 4774 et
3311 4720 3557 4792 qualiter

1927 4818 2214 4873 humetur.

1998 4916 2050 4967 5.
2083 4911 2157 4966 De
2181 4909 2342 4982 vagis
2363 4912 2419 4965 et
2448 4908 2902 4964 inobedientibus
2919 4907 3157 4963 clericis.

1999 5010 2051 5059 6.
2095 5006 2167 5059 Ut
2209 5003 2478 5059 clericum
2518 5003 2772 5057 alienum
2819 5002 3009 5056 nullus
3056 5000 3302 5072 ordinet,
3344 5018 3450 5058 nec
3483 5002 3555 5057 sit

1927 5098 2159 5155 clericus
2202 5094 2303 5170 qui
2347 5114 2462 5153 non
2510 5096 2783 5169 spondeat
2829 5096 3015 5151 locum
3065 5095 3162 5151 ubi
3209 5095 3282 5151 sit
3322 5096 3552 5170 delega-

1923 5198 2033 5249 tus.

909 5465 1326 5559 INCIPIT
1403 5464 2015 5558 CONCILIUM
2080 5461 2840 5555 VALENTINUM.

781 5630 920 5695 Sea:
946 5631 1417 5714 episcoporum,
1453 5648 1701 5693 nxxxm
1733 5628 2030 5692 habitum
2061 5644 2233 5690 anno
2266 5632 2340 5690 15
2378 5626 2758 5690 Theodorz'cz'
2782 5627 2974 5708 regis.

265 5792 398 5849 CAP.
431 5793 475 5847 Ι.
500 5793 666 5847 Anno
695 5790 895 5863 quinto
928 5791 1147 5848 decimo
1175 5789 1512 5847 Theoderici
1547 5790 1700 5861 regis
1723 5790 1826 5845 sub

1927 5788 2111 5844 nostri
2124 5788 2151 5843 ,Ι
2154 5804 2252 5843 esu
2263 5787 2470 5844 Christi
2488 5787 2782 5843 Valentino
2794 5785 3028 5842 concilio
3042 5801 3145 5840 con
3152 5800 3253 5854 gre
3260 5785 3555 5855 gato,dum

194 5886 287 5945 die
334 5884 587 5943 secundo
620 5885 811 5943 Nonas
851 5885 1194 5955 Decembris,
1232 5885 1292 5941 in
1331 5884 1566 5941 nomine
1607 5882 1831 5941 Domini
1932 5881 2338 5940 ecclesiasticas
2368 5882 2597 5955 regulas
2616 5884 2994 5939 tractaremus
3016 5876 3279 5953 antiquas
3308 5893 3554 5939 canones
