4054 6300
502 294 597 349 431

1394 294 1673 347 ΑΡΡΕΝΙ).
1714 293 1802 346 ΑΙ)
1841 294 1999 348 δίΕΟ.
2043 291 2129 345 ΙΧ.
2160 320 2229 331 ςσ-
2268 291 2517 347 lSlDOBl
2556 290 2979 349 MERCATORIS

505 401 849 472 relegentes,
876 402 1027 457 inter
1062 403 1265 456 cartera
1294 401 1402 456 hoc
1432 418 1553 455 esse
1585 400 1909 457 censuimus
1939 401 2129 456 obser-
2155 410 2214 484 Α
2234 400 2406 456 sortio
2432 401 2690 472 privetur
2712 400 3001 469 Ecclesiae,
3024 403 3156 474 quia
3185 403 3397 459 durum
3419 407 3505 461 est
3528 409 3589 461 ut
3611 423 3634 445 ε·
3662 406 3676 429 ⁷
3703 409 3863 492 Ligm

503 498 774 564 validum,
802 500 868 551 ut
911 501 1257 551 sacrosancta
1306 494 1609 565 Evangelia
1652 498 1782 550 ante
1829 511 2133 550 munerum

503 590 821 647 illationem
875 591 935 647 in
984 591 1151 645 missa
1198 590 1745 645 catechumenorum
1821 588 1879 643 in
1931 588 2131 644 ordine

504 685 814 739 lectionum
831 690 958 757 post
977 687 1254 755 legantur,
1269 686 1551 755 quatenus
1565 682 1832 737 salutaria
1843 700 2028 754 prince
2034 688 2133 754 pta

502 778 729 834 Domini
755 778 931 834 nostri
960 781 1089 833 Jesu
1116 778 1341 846 Christi,
1380 779 1463 832 vel
1502 794 1797 832 sermones
1823 778 2131 832 sacerdotis

498 888 616 927 non
648 873 831 927 solum
864 872 1075 939 ﬁdeles,
1105 873 1200 927 sed
1227 871 1400 927 etiam
1426 871 1822 926 catechumeni
1852 889 1915 926 ac
1948 872 2127 942 poeni-

501 969 705 1033 tentes,
730 970 785 1021 et
821 983 1020 1023 omnes
1060 966 1157 1038 qui
1186 984 1216 1021 e
1244 966 1465 1021 diverso
1497 970 1647 1033 sunt,
1678 967 1874 1021 audire
1908 966 2128 1021 licitum

498 1060 768 1129 habeant,
817 1060 896 1115 sic
935 1061 1088 1115 enim
1127 1061 1465 1132 pontiﬁcum
1498 1060 1901 1130 praedicatione
1938 1060 2129 1115 audita

496 1154 798 1210 nonnullos
824 1159 1094 1210 attractos
1121 1155 1193 1209 ad
1216 1154 1387 1209 ﬁdem
1415 1154 1704 1209 evidenter
1730 1154 1959 1208 scimus.
2100 1218 2113 1226 ἰ

566 1250 629 1303 Η.
660 1251 769 1304 Hoc
797 1250 969 1304 etiam
995 1248 1226 1319 placuit,
1252 1254 1312 1304 ut
1328 1249 1591 1319 episcopo
1612 1265 1645 1301 a
1671 1249 1875 1301 saeculo
1889 1248 2124 1319 jubente

494 1344 739 1398 Domino
767 1342 1056 1410 accersito,
1088 1342 1275 1397 clerici
1320 1343 1391 1397 ab
1420 1342 1579 1397 omni
1607 1343 1839 1397 omnino
1880 1342 2121 1414 supelle-

497 1437 635 1508 ctili,
664 1439 752 1492 vel
777 1454 1133 1509 quaecunque
1171 1440 1300 1491 sunt
1327 1436 1385 1490 in
1416 1436 1583 1491 domo
1608 1437 1876 1505 ecclesiae,
1908 1436 1995 1490 vel
2014 1436 2125 1507 epi~

496 1532 651 1602 scopi
695 1532 756 1586 in
805 1532 994 1601 libris,
1037 1531 1361 1602 speciebus,
1405 1529 1820 1597 utensibilibus,
1867 1530 2121 1600 vasculis,

492 1626 774 1697 frugibus,
803 1626 1093 1697 gregibus,
1120 1624 1477 1692 animalibus,
1508 1626 1592 1678 vel
1624 1623 1777 1678 omni
1806 1624 2040 1679 omnino
2062 1642 2124 1679 re

494 1736 731 1791 rapaces
761 1736 968 1773 manus
993 1719 1335 1789 abstineant,
1367 1724 1423 1775 et
1466 1718 1606 1773 nihil
1632 1719 1921 1773 latronum
1962 1735 2122 1773 more

497 1786 789 1886 diripiant.
827 1813 932 1876 Qui
969 1813 1012 1867 si
1043 1786 1331 1868 canonum
1364 1812 1695 1867 auctoritate
1722 1812 1997 1883 prohibiti
2022 1812 2121 1866 ali-
2143 1786 2200 1859 B

494 1925 610 1980 qua
636 1906 1438 1980 pervaserintmetropolitani,
1459 1906 1546 1960 vel
1574 1907 1833 1961 omnium
1859 1924 2123 1977 compro-

493 2002 800 2057 vincialum
821 2001 1178 2057 sacerdotum
1191 2000 1537 2055 districtione
1554 2000 1733 2055 coacti
1749 2001 1806 2054 in
1824 2000 2125 2071 pristinum

492 2099 705 2152 statum
727 2094 922 2151 omnia
960 2095 1352 2166 redintegrare
1380 2099 1678 2164 cogantur,
1701 2099 1765 2149 ut
1804 2095 1945 2149 nihil
1974 2095 2121 2150 anti-

493 2191 610 2245 stiti
642 2191 730 2244 vel
766 2188 1145 2260 dispensatori
1175 2188 1370 2261 futuro
1410 2189 1853 2244 necessariorum
1880 2189 1982 2243 sub
2015 2190 2123 2244 hac

484 2282 642 2356 justa
660 2283 1062 2339 constitutione
1098 2283 1389 2354 depereat.
1425 2282 1589 2346 Quod
1635 2286 1701 2336 ut
1747 2282 2122 2337 conﬁdentius

481 2377 705 2451 justitia
716 2382 982 2432 manente
1000 2379 1276 2445 servetur,
1296 2376 1606 2431 secundum
1624 2377 1912 2447 Regiensis
1923 2377 2123 2448 synodi

489 2473 814 2542 constituta,
859 2471 1124 2542 episcopo
1163 2487 1193 2525 e
1240 2486 1475 2542 corpore
1519 2471 1840 2538 recedente,
1888 2470 2122 2526 vicinior

488 2567 567 2622 illi
617 2566 846 2621 accedat
890 2564 1204 2637 episcopus,
1238 2564 1336 2635 qui
1370 2581 1435 2617 ex
1468 2580 1626 2618 more
1659 2565 1940 2635 exsequiis
1965 2568 2118 2620 cele-

487 2661 681 2729 bratis,
725 2660 915 2714 statim
949 2658 1199 2715 ecclesiae
1240 2658 1417 2729 ipsius
1460 2675 1655 2712 curam
1706 2659 2119 2715 districtissime

490 2759 651 2828 gerat
693 2770 766 2810 ne
810 2753 949 2825 quid
998 2757 1131 2807 ante
1167 2752 1587 2807 ordinationem
1625 2752 1803 2807 futuri
1842 2753 2120 2823 pontiﬁcis

488 2848 913 2904 remanentium
940 2846 1276 2901 clericorum
1301 2846 1653 2901 subversioni
1681 2848 1768 2901 vel
1814 2847 2119 2919 direptioni

480 2944 606 3014 jam
632 2941 817 3009 liceat,
846 2941 923 2994 ita
947 2944 1029 3007 ut,
1046 2940 1359 3011 perspectis
1382 2940 1663 3009 omnibus,
1687 2940 1962 3011 inspectio
1994 2958 2115 2995 cer-

487 3038 618 3104 tior,
635 3033 936 3105 descriptio
959 3033 1288 3088 ﬁdelissima
1311 3033 1359 3105 1
1376 3032 1524 3106 04,
1540 3034 1585 3087 si
1604 3033 1727 3089 ﬁeri
1746 3039 1950 3106 potest,
1971 3034 2117 3089 intra

489 3134 712 3186 octavas
750 3128 1003 3195 defuncti
1048 3127 1151 3182 sub
1195 3127 1490 3198 diligentia
1529 3128 1825 3199 praesentis
1864 3129 2191 3237 episcopiC

708 3227 716 3237 .
824 3209 877 3237 1η
922 3223 934 3237 1
966 3222 976 3232 ο
1128 3222 1144 3237 1
1280 3224 1288 3237 Ι
1441 3222 1494 3237 ιι.
1585 3222 1595 3232 -
1710 3222 1790 3237 ,μμ
1920 3223 1933 3237 τ
1997 3223 2010 3237 ει
2040 3224 2070 3237 ι.

486 3209 1053 3307 peragatur.‘)ehinc
1079 3222 1147 3276 ad
1179 3222 1600 3293 metropolitani
1624 3222 1891 3277 notitiam
1918 3223 2116 3278 habita

487 3318 743 3374 ordinate
774 3315 1046 3371 districtio
1089 3315 1400 3386 deferatur,
1435 3320 1501 3370 ut
1536 3316 1657 3386 ejus
1687 3317 1962 3372 electione
1988 3317 2115 3372 talis

481 3429 721 3486 persona
748 3390 1083 3466 ordinanda:
1110 3410 1310 3464 domus
1338 3411 1731 3466 ecclesiasticae
1757 3416 2111 3483 procuretur,

481 3525 609 3580 quae
659 3508 747 3562 vel
787 3508 1053 3562 consueta
1094 3504 1313 3559 clericis
1358 3504 1640 3576 stipendia
1689 3505 2006 3577 dispenset,
2059 3511 2115 3562 et

481 3602 827 3657 creditarum
870 3600 977 3655 sibi
1015 3616 1231 3667 rerum,
1264 3600 1309 3653 si
1347 3600 1582 3653 forsitan
1620 3600 1852 3654 tarditas
1892 3599 1952 3654 in
1991 3600 2111 3671 epi-

479 3713 647 3767 scopo
664 3694 984 3750 ordinando
1012 3686 1361 3759 succeSserit,
1383 3693 1824 3763 metropolitano
1846 3694 2113 3764 congruis

478 3789 831 3862 temporibus
862 3787 1098 3841 reddere
1128 3786 1302 3858 possit
1331 3786 1636 3855 rationem,
1672 3783 1733 3841 ut
1760 3787 1863 3841 sub
1892 3788 1998 3841 hac
2019 3804 2110 3842 sa-

477 3884 627 3939 lubri
674 3880 1079 3937 constitutione
1128 3880 1311 3935 clerici
1360 3879 1659 3951 stipendiis
1717 3881 1832 3934 suis
1877 3882 2110 3936 omnin

480 3976 731 4033 contenti
772 3975 996 4031 labores
1033 3991 1149 4029 non
1179 3973 1450 4044 diripiant
1487 3974 1735 4045 episcopi
1766 3975 2108 4045 decedentis,

482 4076 537 4127 ct
564 4072 622 4126 in
649 4086 881 4125 vacuam
909 4069 1156 4123 ecclesia:
1190 4069 1429 4123 domum
1456 4068 1681 4122 futurus
1705 4069 1959 4140 pontifex
1993 4087 2110 4125 non

480 4172 601 4225 sine
630 4170 825 4224 dolore
858 4168 1137 4234 succedat,
1162 4167 1261 4221 sed
1285 4166 1469 4237 magis
1491 4167 1558 4221 de
1576 4167 2003 4238 przedecessoris
2025 4168 2111 4222 sui

480 4264 712 4319 dimisso
752 4262 934 4334 possit
972 4267 1027 4316 et
1056 4262 1173 4333 ipse
1203 4261 1470 4331 gaudere,
1510 4266 1565 4316 et
1601 4261 1723 4315 aliis
1764 4261 2107 4317 ministrare.

546 4360 635 4414 lll.
668 4356 852 4413 Simili
880 4372 1108 4428 quoque
1139 4355 1311 4410 modo
1338 4355 1671 4427 parentibus
1698 4361 1752 4411 et
1775 4356 2111 4427 propinquis

478 4450 800 4509 decedentis
841 4449 1107 4521 episcopi,
1141 4450 1183 4503 si
1222 4448 1521 4504 intestatus
1559 4448 1763 4504 obierit
1804 4450 2107 4505 denuntie-

2433 456 2451 472 ι
2988 456 3001 469 ι
3039 456 3151 474 ιίνίνν
3195 456 3397 459 νν---η-
3427 456 3504 461 --ν
3534 456 3588 461 -ν
3703 456 3735 481 υ
3784 456 3855 465 ...-

2236 494 2532 549 conveniat
2575 511 2749 566 quam
2798 495 3112 567 exspoliare
3155 513 3273 553 non
3304 499 3496 554 metui’
3688 456 3855 610 Col:

2237 588 2431 610 __1__'l__
2504 589 2732 610 __-'l:__._.
2797 592 3079 610 _-_“A_1__-
3145 590 3262 610 J,,,_,
3849 592 3855 610 ι

2234 588 2435 659 spiritu
2499 589 2738 705 meliore
2789 592 3084 705 correptus
3336 610 3463 705 at},
3672 578 3983 705 Ca'fllelitlb

2233 682 2558 753 cessaverit,
2588 689 2897 755 recuperet
2923 684 3359 757 indulgentiam.
3392 687 3447 742 Si
3475 709 3486 740 ἱ
3659 670 3734 775 Vo“
3723 670 3823 800 1:".
3834 670 4024 782 Νυιῃδέ]

2233 776 2495 800 “Lm.”
2522 777 2891 800 manu.--”
2923 780 3302 800 _________:____
3342 797 3429 800 μη
3452 786 3488 800 Α.
3825 778 3853 800 Δ

2229 776 2495 881 nabilit‘er
2522 777 2894 881 modesteque
2923 780 3309 881 unum-{lisque
3339 786 3519 881 ΓέΡθῘ-
3639 765 3853 881 Ba???

2221 871 2353 941 jure
2406 871 2663 938 debetur,
2716 871 2768 926 ei
2812 871 3023 943 absque
3064 849 3254 945 aliqua
3295 849 3525 930 animad
3629 849 3872 964 ίξξξοξῖε

2228 933 2668 1035 metropolitano
2695 966 2781 1020 vel
2813 965 2902 1021 cui
2941 933 3270 1037 injunxerit,
3304 972 3403 1024 aut
3442 985 3549 1038 res,
3578 933 3778 1071 ant?“
3791 953 3934 1044 Date

2229 1075 2343 1113 non
2389 1062 2652 1130 negetur.
2678 1060 2789 1114 Hos
2831 1036 3022 1115 autem
3062 1077 3264 1116 omnes
3309 1036 3710 1136 constringui:e
3737 1036 3874 1136 Pete

2226 1158 2347 1208 tam
2374 1153 2433 1207 in
2460 1153 2813 1225 praeteritum
2836 1170 3009 1226 quam
3027 1154 3087 1209 in
3111 1156 3369 1211 futurum
3389 1173 3479 1213 res
3504 1130 3861 1221 ecclesiaﬂour

2226 1246 2474 1317 episcopi
2502 1250 2843 1319 usurpantes
2867 1247 3234 1319 diripuerint.

2298 1341 2381 1394 1V.
2409 1341 2551 1395 lllud
2590 1340 2763 1395 etiam
2808 1342 3047 1412 provido
3091 1343 3326 1400 consilio
3373 1338 3951 1445 decernentes,‘logia

2228 1432 2362 1505 quia
2381 1450 2530 1505 saepe
2551 1437 2879 1489 sanctorum
2905 1436 3225 1493 antistitum
3251 1455 3355 1510 per
3371 1439 3685 1495 absentiam
3702 1412 3988 1551 conﬁgi

2228 1528 2578 1551 ...λ-ςληιληέ-
2632 1529 2871 1551 ---2---μέ
2931 1531 3201 1551 -..-----2--
3274 1532 3479 1551 ﬁniit”...
3517 1538 3527 1551 ι
3680 1534 3711 1551 ιι
3815 1539 3821 1550 Ι

2225 1528 2581 1583 mendatoris
2627 1529 2877 1600 episcopi
2926 1531 3209 1602 exsequia:
3263 1532 3634 1602 differuntur,
3676 1534 3751 1591 ita
3787 1517 4024 1609 ιπζεένίω

2225 1622 2549 1677 veneranda
2577 1623 2863 1693 pontiﬁcis
2894 1600 3155 1679 membra
3180 1625 3318 1680 dum
3346 1626 3562 1683 tardius
3586 1600 4024 1717 funeranuém?"

2578 1682 2597 1693 ⁵
3548 1682 3555 1683 ί
3588 1682 3601 1683 ί
3622 1682 3625 1683 ⁷
3650 1682 3685 1683 ﬂ
3702 1682 3713 1683 ί
3766 1682 3812 1684 ””⁷
3828 1682 3854 1706 ιι

2224 1717 2319 1769 tur
2343 1715 2569 1786 injuriae
2616 1717 2852 1772 omnino
2896 1718 3245 1790 subjaceant,
3280 1721 3574 1793 cpiscopus
3602 1723 3699 1793 qui
3727 1739 3824 1795 P05
3852 1682 3991 1820 ἓξὲξ

2224 1812 2473 1865 mortem
2508 1810 2699 1864 fratris
2731 1810 2801 1865 ad
2827 1788 3217 1882 sepeliendum
3257 1788 3391 1869 eum
3419 1788 3557 1870 solet
3581 1788 4008 1905 invitatusluiﬁ

2226 1919 2542 1970 occurrere,
2569 1903 2865 1959 inﬁrmum
2890 1906 3072 1977 magis
3105 1912 3162 1961 et
3191 1907 3372 1962 adhuc
3405 1908 3464 1963 in
3492 1926 3726 1981 corpore
3744 1928 3847 1982 po-
3917 1891 3981 1937 ’δ’

2225 1996 2397 2051 situm
2441 1997 2767 2052 admonitus
2813 1999 3041 2054 visitare
3081 2017 3199 2057 non
3239 2001 3484 2071 differat,
3526 2008 3591 2058 ut
3637 2008 3736 2060 aut
3780 2005 3850 2061 de

2222 2090 2569 2146 revelatione
2614 2093 2915 2147 sacerdotis
2961 2095 3207 2165 amplius
3252 2096 3518 2167 gaudeat,
3561 2102 3659 2153 aut
3698 2102 3849 2153 certe

2224 2185 2293 2239 de
2321 2185 2675 2241 ordinatione
2701 2187 2905 2242 domus
2929 2204 3043 2242 sua:
3084 2189 3316 2244 fratrem
3342 2190 3669 2259 admoneat,
3698 2192 3848 2263 ejus-

2223 2296 2334 2350 que
2359 2280 2714 2351 probabilem
2738 2283 3090 2337 voluntatem
3119 2283 3179 2336 in
3210 2282 3477 2339 effectum
3503 2285 3853 2342 transmittat

2221 2389 2284 2428 ac
2308 2374 2671 2429 recedentem
2690 2392 2723 2429 a
2746 2376 2975 2445 saeculo,
2995 2376 3249 2431 oblatum
3270 2376 3329 2432 in
3350 2378 3472 2451 ejus
3491 2381 3853 2437 commenda-

2222 2467 2377 2521 tione
2408 2466 2742 2521 sacriﬁcium
2764 2469 2880 2523 Deo
2902 2469 3163 2538 offerens,
3178 2488 3315 2526 mox
3335 2471 3645 2543 sepulturae
3665 2474 3853 2530 tradat

2222 2560 2656 2632 diligentissime
2688 2565 2743 2616 et
2783 2564 3043 2633 superius
3078 2565 3386 2621 constituta
3425 2567 3697 2624 canonice
3736 2585 3850 2624 non

2222 2654 2448 2709 differat
2476 2656 2810 2727 adimplere.
2841 2657 2897 2712 Si
2927 2661 3142 2727 autem,
3175 2664 3239 2714 ut
3263 2660 3387 2715 ﬁeri
3424 2661 3581 2730 solet,
3615 2662 3850 2719 antistes

2220 2750 2518 2819 repentino
2546 2749 2699 2805 obitu
2728 2751 3118 2822 decesserit,et
3137 2754 3507 2811 collimitanei
3524 2756 3849 2813 sacerdotes

2220 2842 2289 2897 de
2335 2842 2651 2915 longinquo
2693 2844 2931 2901 minime
2976 2846 3169 2903 adesse
3215 2849 3540 2919 potuerint,
3589 2866 3707 2905 uno
3756 2851 3847 2907 die

2217 2940 2441 2991 tantum
2482 2954 2613 2992 cum
2658 2954 2760 2993 sua
2800 2943 2964 2995 nocte
3015 2940 3404 2996 exanimatum
3451 2945 3847 3015 corpusculum

2219 3030 2529 3085 sacerdotis
2554 3036 2803 3101 maneat,
2826 3050 2931 3087 nec
2956 3033 3077 3089 sine
3099 3035 3340 3090 fratrum
3362 3053 3427 3091 ac
3447 3036 3847 3107 religiosorum

2216 3124 2558 3197 frequentia,
2586 3126 2671 3181 vel
2698 3099 3059 3198 psallentium
3089 3130 3457 3186 excubatione
3485 3099 3847 3282 servatumut

2216 3218 2562 3282 presbyteris
2600 3236 2731 3273 cum
2773 3220 2931 3275 omni
2961 3221 3258 3282 diligentia
3293 3224 3354 3279 in
3391 3225 3511 3280 loco
3549 3226 3746 3281 condit

2215 3218 2562 3290 presbyteris
2600 3236 2731 3273 cum
2773 3220 2931 3275 omni
2961 3221 3258 3294 diligentia
3293 3224 3354 3279 in
3391 3225 3511 3280 loco
3549 3226 3746 3281 condit

2216 3329 2471 3367 seorsum
2497 3329 2612 3368 non
2647 3314 2841 3369 statim
2878 3316 3165 3386 humetur,
3195 3318 3293 3373 sed
3327 3319 3639 3375 honoriﬁce
3681 3338 3843 3376 com-

2214 3407 2543 3475 mendetur,
2591 3409 2770 3463 donec
2812 3409 2932 3464 sine
2974 3428 3132 3466 mora
3190 3412 3425 3468 invitato
3463 3415 3843 3488 undecunque

2214 3501 2502 3573 pontiﬁce,
2521 3502 2589 3557 ab
2611 3503 2750 3573 ipso,
2766 3506 2832 3558 ut
2846 3504 3140 3574 condecet,
3161 3508 3492 3563 solemniter
3505 3510 3841 3581 tumuletur,

2214 3600 2277 3650 ut
2312 3599 2368 3650 et
2407 3595 2632 3667 injuriae
2672 3598 2903 3653 tollatur
2944 3599 3175 3669 occasio,
3207 3605 3264 3655 et
3304 3618 3427 3656 mos
3473 3603 3744 3676 antiquus
3784 3604 3843 3660 in

2213 3690 2556 3761 sepeliendis
2586 3692 2971 3747 sacerdotibus
3002 3694 3347 3750 observetur.

2283 3784 2346 3838 V.
2386 3784 2501 3838 Hoc
2539 3784 2711 3839 etiam
2755 3786 2983 3857 placuit,
3021 3792 3085 3843 ut
3127 3806 3302 3860 vagus
3346 3793 3517 3862 atque
3561 3791 3844 3848 instabilis

2213 3877 2468 3945 clericus,
2506 3878 2617 3934 sive
2659 3879 2831 3934 etiam
2872 3881 2931 3935 in
2962 3880 3185 3937 diaconi
3228 3884 3546 3940 ministerio
3580 3887 3670 3941 vel
3710 3904 3838 3959 pre-

2212 3971 2423 4042 sbyteri
2446 3971 2630 4027 ofﬁcio
2654 3974 3010 4043 constitutus,
3032 3977 3078 4031 si
3096 3977 3343 4050 episcopi
3357 3996 3390 4033 a
3411 3996 3522 4051 quo
3543 3981 3841 4038 ordinatus

2213 4073 2297 4120 est
2326 4067 2626 4137 praeceptis
2666 4084 2781 4122 non
2828 4069 3122 4139 obedierit,
3159 4077 3221 4126 ut
3247 4072 3307 4127 in
3335 4073 3595 4146 delegata
3621 4075 3729 4130 sibi
3759 4093 3843 4132 ec-

2210 4159 2382 4215 clesia
2411 4160 2660 4215 ofﬁcium
2682 4162 2968 4234 dependat
2995 4165 3286 4221 assiduum
3311 4184 3606 4240 quousque
3624 4169 3686 4224 in
3705 4170 3840 4226 vitio

2209 4254 2609 4325 permanserit,
2634 4261 2688 4310 et
2728 4258 3127 4314 communione
3155 4265 3212 4315 et
3239 4262 3460 4317 honore
3489 4264 3766 4335 privetur.

2280 4349 2362 4402 VI.
2391 4350 2461 4403 Ut
2486 4349 2672 4404 nullus
2699 4350 2948 4407 alienum
2974 4353 3241 4409 clericum
3267 4357 3579 4412 secundum
3614 4358 3840 4416 decreta

2209 4459 2495 4497 canonum
2518 4443 2638 4499 sine
2659 4461 2933 4501 consensu
2951 4448 3201 4520 episcopi
3217 4450 3301 4504 sui
3320 4451 3531 4506 audeat
3549 4453 3835 4525 ordinare,

471 4553 583 4615 tur,
643 4550 704 4602 ut
756 4546 875 4601 sine
920 4543 1348 4615 metropolitani
1390 4543 1477 4598 vel
1536 4538 2186 4615 comprovincialiumD
2208 4538 2306 4591 50d
2332 4553 2434 4593 nec
2474 4537 2654 4593 Ullum
2681 4544 3007 4597 sanctorum
3043 4543 3399 4599 sacerdotum
3423 4546 3706 4618 quispiam
3741 4565 3835 4603 or-

474 4643 830 4697 sacerdotum
883 4638 1262 4706 conscientia,
1315 4637 1459 4693 nihil
1511 4638 1580 4693 de
1629 4638 1797 4693 rebus
1853 4639 2108 4694 defuncti

475 4754 750 4808 occupare
772 4736 1121 4807 pertentent,
1135 4749 1209 4787 ne
1230 4732 1375 4787 forte
1395 4748 1524 4786 cum
1542 4732 1919 4787 haereditariis
1936 4734 2105 4789 rebus

472 4831 643 4885 etiam
683 4831 867 4902 aliqua
907 4829 980 4883 ad
1025 4826 1318 4881 ecclesiam
1348 4826 1691 4897 pertinentia
1718 4828 1805 4881 vel
1833 4828 2107 4898 permista

470 4927 768 4995 usurpent,
803 4922 901 4976 sed
930 4936 1108 4992 usque
1146 4919 1216 4974 ad
1246 4919 1664 4975 ordinationem
1704 4920 1881 4975 futuri
1905 4938 2101 4992 exspe-

471 5021 625 5072 ctent
655 5016 942 5086 antistitis,
980 5020 1077 5070 aut
1103 5018 1273 5083 certe,
1307 5013 1352 5068 si
1382 5014 1623 5085 longum
1649 5014 1839 5081 fuerit,
1868 5013 1942 5066 ad
1978 5030 2101 5067 me-

469 5111 819 5183 tropolitani,
851 5115 912 5165 ut
942 5109 1158 5164 dictum
1192 5113 1294 5177 est,
1328 5108 1757 5163 ordinationem
1786 5111 2099 5162 recurrant.

470 5205 525 5261 Si
557 5205 683 5276 quis
707 5209 897 5258 autem
928 5206 1288 5275 contemptor
1313 5202 1489 5258 divini
1515 5201 1736 5255 timoris
1763 5204 1960 5255 contra
1979 5201 2103 5255 haec

471 5303 660 5353 sancta
706 5298 977 5369 synodica
1020 5298 1255 5353 clericus
1286 5297 1528 5369 quisque
1560 5294 1646 5349 vel
1700 5293 1877 5348 laicus
1908 5294 2101 5351 venire

468 5391 737 5465 improba
760 5396 949 5447 mente
977 5392 1299 5461 tentaverit,
1332 5395 1388 5445 et
1427 5388 1851 5457 communione,
1880 5392 1936 5445 et
1960 5406 2097 5444 con-

2210 4631 2386 4700 dinet,
2403 4631 2500 4703 qui
2526 4632 2766 4688 localem
2782 4651 2841 4689 se
2870 4635 3127 4691 futurum
3156 4638 3421 4709 primitus
3439 4656 3557 4695 non
3582 4636 3833 4714 spopon-

2209 4725 2376 4793 derit,
2426 4730 2489 4781 ut
2528 4743 2630 4798 per
2676 4728 2799 4782 haec
2847 4729 3035 4784 nullus
3082 4748 3115 4785 a
3161 4733 3360 4803 regula
3404 4734 3493 4788 vel
3536 4735 3838 4807 disciplina

2206 4819 2578 4875 ecclesiastica
2626 4821 2853 4877 deviare
2897 4824 3264 4895 permittatur
3304 4826 3560 4898 impune.
3589 4829 3834 4886 Celsivus

2204 4915 2263 4968 in
2308 4914 2510 4970 Christi
2555 4916 2789 4971 nomine
2852 4917 3151 4990 episcopus
3200 4920 3520 4993 subscripsi.
3573 4923 3833 4981 Setabius

2206 5010 2501 5081 episcopus
2526 5011 2851 5082 subscripsi.
2878 5012 3159 5085 Benagius
3181 5015 3478 5087 episcopus
3506 5018 3832 5091 subscripsi,

2202 5105 2494 5175 Ampelius
2525 5106 2819 5177 episcopus
2870 5106 3192 5179 subscripsi.
3226 5109 3523 5164 Sallustius
3550 5112 3830 5168 archidia-

2203 5215 2376 5253 conus
2419 5198 2662 5256 vicarivs
2703 5200 2923 5256 domini
2961 5202 3074 5257 mei
3115 5203 3356 5260 Marcelli
3392 5205 3662 5277 episcopi,
3696 5207 3831 5262 sub-

2203 5293 2419 5366 scripsi.

1174 5633 1574 5699 INCIPIUNT
1618 5635 2009 5701 CAPITULA
2052 5635 2385 5701 CONCILII
2428 5634 2820 5700 TOLETANI
2867 5637 3109 5702 PRIMI.

538 5774 583 5825 l.
611 5771 689 5825 De
722 5771 1061 5843 presbyteris
1101 5775 1157 5825 et
1181 5770 1507 5825 diaconibus
1541 5770 1584 5825 si
1617 5775 1745 5843 post
1771 5771 2085 5828 ordinatio-

460 5878 589 5915 nem
625 5864 770 5918 ﬁlios
800 5863 1123 5934 genuerint.

2261 5776 2313 5827 2.
2368 5773 2437 5827 Ut
2479 5773 2783 5843 paenitens,
2830 5774 2875 5830 si
2924 5776 3227 5833 necessitas
3271 5754 3456 5851 cogat,
3506 5780 3684 5835 lector
3726 5787 3826 5837 aut

2190 5864 2450 5921 ostiarius
2475 5865 2589 5923 ﬁat.
