4054 6316
231 333 329 388 433

1472 335 1946 394 DECRETALIUM
1983 340 2373 398 CULLECTIO.

3491 352 3594 408 434

299 444 349 496 3.
387 441 465 495 De
494 438 582 497 his
616 438 714 512 qui
742 439 936 495 viduas
979 441 1319 513 acceperint,
1349 458 1420 498 ne
1467 443 1690 500 diaconi
1733 445 1855 502 efﬁ-
1877 459 1937 533 Α
2033 452 2117 504 12.
2146 451 2217 505 Ut
2245 450 2434 505 nullus
2462 450 2697 508 clericus
2747 453 2817 508 ab
2861 453 3123 526 episcopo
3175 456 3406 513 recedat
3445 460 3503 512 et
3524 460 3594 518 ad

228 536 474 590 ciantur.

296 630 350 683 4.
386 631 455 684 Ut
479 628 857 685 subdiaconus
888 628 933 684 si
961 629 1228 687 defuncta
1252 647 1427 686 uxore
1465 631 1635 688 aliam
1677 633 1853 689 duxe-

223 723 317 792 rit,
351 723 614 778 ostiarius
638 723 754 777 ﬁat.

295 821 345 874 5.
380 819 448 873 Ut
477 817 525 871 si
551 817 856 888 cujuslibet
883 817 1095 874 ordinis
1127 818 1366 875 clericus
1408 820 1626 876 tardius
1659 821 1731 876 ad
1762 837 1852 877 ec-

222 911 461 966 clesiam
485 911 726 979 venerit,
759 911 1098 983 deponatur.

292 1008 343 1060 6.
375 1007 443 1060 Ut
483 1005 754 1076 religiosa
783 1006 977 1077 puella
1006 1005 1257 1062 virorum
1304 1007 1756 1064 familiaritatem
1794 1009 1853 1066 in

222 1099 397 1156 domo
428 1115 545 1154 non
571 1099 793 1154 habeat.

292 1199 343 1250 7.
377 1195 447 1248 Ut
467 1192 700 1248 clericus
730 1192 889 1264 cujus
917 1210 1060 1248 uxor
1087 1195 1404 1265 peccaverit
1424 1199 1634 1266 praeter
1654 1213 1854 1253 necem

218 1290 555 1360 potestatem
609 1287 820 1342 habeat
875 1287 1253 1360 distringendi
1308 1305 1451 1358 eam,
1493 1295 1550 1346 et
1600 1307 1731 1346 cum
1784 1309 1852 1349 ea

221 1382 413 1436 cibum
445 1398 559 1435 non
589 1386 796 1436 sumat.

288 1479 339 1530 8.
373 1476 454 1530 De
499 1491 566 1530 eo
602 1476 700 1547 qui
749 1478 874 1547 post
913 1475 1259 1546 baptismum
1309 1476 1657 1550 militaverit,
1689 1483 1751 1534 ut
1780 1481 1853 1535 ad

221 1568 588 1624 diaconatum
615 1585 733 1624 non
760 1569 1148 1640 permittatur.
1595 1623 1610 1638 ,

288 1667 340 1718 9.
366 1665 434 1718 Ut
453 1664 610 1718 nulla
630 1663 886 1735 professa
901 1665 987 1718 vel
1009 1663 1196 1732 vidua,
1214 1665 1444 1720 absente
1465 1667 1776 1737 sacerdote,
1793 1668 1852 1724 in

216 1757 390 1812 domo
413 1774 515 1811 sua
535 1758 880 1812 sacerdotale
900 1758 1150 1813 ofﬁcium
1178 1759 1262 1813 vel
1287 1759 1569 1815 lucernale
1592 1761 1846 1833 impleat.

1955 542 2131 598 alium
2157 561 2215 598 se
2243 546 2566 602 transferat.

2030 639 2114 692 13.
2145 638 2222 691 De
2251 637 2337 692 his
2369 640 2468 710 qui
2512 639 2572 694 in
2598 640 2897 696 ecclesiam
2926 640 3167 714 intrant,
3197 647 3255 700 et
3275 660 3395 700 non
3431 661 3589 702 com-

1954 729 2274 799 municant,
2308 736 2368 787 ut
2395 734 2982 791 excommunicenter.

2032 826 2114 879 14.
2168 826 2245 881 De
2293 842 2360 881 eo
2408 827 2505 898 qui
2554 830 2834 900 acceperit
2889 830 3308 900 eucharistiam,
3361 836 3419 888 et
3474 851 3592 891 non

1954 919 2276 990 sumpserit,
2310 923 2372 974 ut
2396 920 2706 994 sacrilegus
2725 924 3068 994 repellatur.

2030 1016 2114 1067 15.
2146 1015 2221 1068 De
2252 1014 2338 1068 his
2365 1015 2464 1086 qui
2513 1017 3077 1073 excommunicantur
3104 1036 3138 1073 a
3176 1021 3584 1091 sacerdotibus,

1956 1109 2018 1161 ut
2044 1107 2230 1162 nullus
2253 1108 2323 1163 ad
2353 1125 2447 1163 eos
2475 1111 2730 1166 accedat.

2027 1204 2114 1256 16.
2154 1203 2225 1256 Ut
2267 1202 2470 1258 devota
2513 1203 2558 1258 si
2596 1204 2912 1261 adulterata
2952 1206 3123 1262 fuerit
3162 1208 3362 1264 decem
3408 1226 3588 1264 annos

1952 1295 2247 1365 poeniteat;
2275 1296 2322 1350 si
2348 1297 2618 1352 maritum
2648 1298 2888 1369 duxerit,
2917 1316 3032 1354 non
3051 1302 3493 1370 permittendam
3515 1304 3586 1359 ad

1952 1389 2366 1460 paenitentiam,
2399 1390 2506 1445 nisi
2535 1392 2776 1448 maritus
2805 1392 3128 1449 decesserit.

2030 1487 2112 1537 17.
2149 1484 2224 1538 De
2261 1500 2328 1538 eo
2357 1485 2456 1555 qui
2484 1501 2728 1540 uxorem
2759 1486 2951 1557 habet,
2983 1487 3031 1541 si
3070 1488 3445 1544 concubinam
3483 1491 3584 1546 ha-

1951 1575 2159 1644 buerit,
2191 1593 2310 1632 non
2356 1579 2756 1635 communicet.

2027 1673 2111 1725 18.
2163 1670 2220 1726 Si
2265 1671 2436 1726 vidua
2492 1672 2763 1744 episcopi,
2809 1674 3148 1747 presbyteri,
3189 1676 3277 1731 vel
3335 1676 3582 1747 diaconi,

1952 1763 2221 1819 maritum
2261 1765 2559 1837 acceperit.
3612 1764 3613 1767 “

292 1854 372 1905 10.
400 1853 470 1906 Ut
496 1851 682 1905 nullus
709 1850 1028 1922 obligatum
1048 1851 1318 1923 cuiquam
1336 1852 1547 1924 absque
1568 1871 1847 1912 consensu
1868 1833 1925 1904 B
2022 1861 2108 1912 19.
2142 1857 2201 1913 Si
2226 1833 2556 1928 sacerdotis,
2586 1861 2673 1915 vel
2699 1860 2942 1931 diaconi,
2975 1862 3090 1917 ﬁlia
3136 1863 3406 1936 religiosa
3444 1881 3579 1938 pec-

215 1945 429 2000 domini
447 1945 535 1999 vel
566 1946 794 2016 patroni
819 1945 1090 2000 clericum
1115 1946 1306 2001 faciat.
1946 1951 2175 2020 caverit,
2208 1952 2267 2006 in
2297 1953 2412 2007 ﬁne
2439 1956 2666 2009 tantum
2693 1956 3097 2013 communicet.

287 2043 372 2093 11.
401 2041 473 2094 Ut
502 2039 547 2094 si
575 2039 700 2111 quis
720 2042 1020 2111 potentum
1042 2040 1439 2112 exspoliaverit
1457 2043 1770 2112 quemlibet
1789 2049 1846 2099 et
2018 2049 2104 2100 20.
2128 2047 2198 2100 Ut
2217 2046 2405 2102 nullus
2425 2052 2636 2118 praeter
2656 2049 2988 2122 episcopum
3017 2051 3264 2108 chrisma
3290 2053 3575 2109 conﬁciat.

212 2134 552 2192 admonente
565 2133 1842 2208 episc0pononreddiderit,excommunicetur.
2019 2143 2106 2196 21.
2140 2140 2214 2196 De
2239 2141 2455 2212 regulis
2479 2141 2612 2198 ﬁdei
2638 2143 2932 2199 catholicae
2961 2148 3163 2203 contra
3180 2146 3577 2205 Priscillianos.

680 2461 1132 2555 INCIPIT-
1179 2462 1796 2558 CONCILIUM
1889 2464 2335 2560 PRIMUM
2423 2465 3116 2561 TOLETANUM

369 2632 605 2696 Decem
637 2638 698 2693 et
725 2639 863 2694 octo
892 2632 1364 2714 episcoporum,
1401 2640 1686 2715 tempore
1715 2634 1998 2698 Honorii
2024 2642 2086 2697 et
2113 2634 2405 2711 Arcadii,
2441 2634 2753 2699 Stz'lz'cone
2781 2634 3060 2711 consule,
3093 2633 3410 2697 habitum.

275 2802 759 2860 Convenientibus
809 2804 1083 2876 episcopis
1130 2805 1191 2859 in
1239 2805 1472 2860 ecclesia
1524 2807 1739 2874 Toleto,
1781 2807 1839 2862 id
1941 2807 2108 2878 gerit,
2141 2808 2291 2862 inter
2317 2807 2578 2862 ostiarios
2605 2808 2973 2879 deputentur,
3002 2807 3091 2861 vel
3117 2806 3266 2862 inter
3308 2806 3576 2876 lectores,

208 2901 308 2965 est,
356 2899 623 2967 Patrono,
670 2897 947 2965 Marcello,
996 2899 1258 2968 Alitiano,
1310 2899 1673 2970 Aphrodisio,
1742 2902 1836 2954 Jo-
1939 2900 2018 2954 ita
2046 2904 2111 2955 ut
2135 2901 2455 2973 Evangelia,
2487 2904 2585 2955 aut
2613 2902 2948 2973 Apostolum
2977 2917 3091 2955 non
3124 2900 3337 2972 legant.
3381 2899 3440 2955 Si
3475 2900 3574 2972 qui

209 2991 419 3061 cundo,
449 2991 712 3063 Olympo,
737 2992 957 3058 Severo,
980 2992 1221 3062 Astutio,
1251 2992 1480 3063 Hilario,
1503 2993 1835 3064 Lampadio,
1937 2998 2130 3048 autem
2150 2997 2283 3050 ante
2303 2994 2550 3050 ordinati
2567 2999 2701 3050 sunt
2722 2994 3013 3063 diacones,
3031 2995 3181 3050 inter
3203 2993 3578 3049 subdiacones

206 3085 530 3155 Eustochio,
595 3086 993 3156 Exuperantio,
1053 3087 1281 3154 Sereno,
1343 3087 1522 3154 Floro,
1572 3088 1834 3158 Leporio,
1938 3087 2272 3158 habeantur,
2301 3088 2380 3143 ita
2408 3092 2473 3143 ut
2499 3105 2739 3144 manum
2779 3105 2894 3143 non
2933 3089 3251 3160 imponant,
3280 3103 3386 3142 nec
3415 3103 3577 3142 sacra

208 3179 883 3251 Aureliano,Lampiode,
903 3181 1096 3248 Gallia,
1111 3180 1401 3235 Lucentio.
1423 3181 1838 3236 Hisconventus
1859 3221 1914 3295 Ο
1939 3181 2288 3252 contingant.
2324 3183 2402 3236 Ex
2431 3198 2498 3237 eo
2529 3198 2662 3236 vero
2691 3183 3005 3253 poenitente
3037 3181 3276 3236 dicimus
3320 3181 3417 3252 qui
3447 3185 3577 3252 post

208 3273 528 3295 ___-__’-1___‘1_
570 3273 782 3295 n-l_..2..
830 3277 980 3295 __l.___
1035 3278 1110 3295 __L
1167 3274 1253 3295 :_Ll
1293 3279 1420 3295 ___..L
1473 3275 1559 3295 ___'
1601 3275 1650 3295 :_-
1718 3275 1828 3295 _'I_‘,',
1938 3277 1952 3295 ‘I
2059 3277 2278 3295 n',4_a,,,,__
2349 3281 2434 3295 ---ι
2469 3292 2564 3295 ._-__
2602 3277 2628 3295 I,
2653 3276 2906 3295 -a,_'a!J!_
2976 3281 3062 3295 ___1
3089 3292 3181 3295 η---
3229 3274 3449 3295 J!_____3_
3480 3273 3548 3295 -.ΑΞ

208 3273 530 3346 municipiis
569 3273 785 3328 Celenis
826 3277 983 3328 actus
1029 3278 1130 3344 est,
1166 3274 1257 3329 isti
1289 3279 1422 3329 sunt
1466 3275 1564 3346 qui
1600 3275 1660 3329 in
1712 3275 1839 3330 aliis
1862 3273 1914 3295 υ
1936 3277 2311 3348 baptismum,
2341 3281 2440 3330 aut
2469 3292 2571 3346 pro
2602 3276 2935 3344 homicidio,
2969 3281 3069 3330 aut
3088 3292 3190 3347 pro
3220 3274 3452 3330 diversis
3473 3273 3577 3328 cri-

210 3369 379 3440 gestis
420 3368 686 3423 adversus
730 3367 1059 3422 Priscilliani
1102 3371 1426 3436 sectatores,
1471 3374 1528 3424 et
1569 3369 1837 3424 haeresim
1938 3370 2190 3425 minibus
2217 3368 2674 3440 gravissimisque
2701 3369 2944 3441 peccatis
2967 3369 3261 3440 publicam
3290 3368 3573 3439 pmniten-

206 3479 378 3534 quam
397 3465 712 3517 astruxerat
730 3461 1042 3517 libellarem
1070 3461 1280 3516 dedere
1303 3462 1659 3516 sententiam.
1685 3464 1834 3518 Con-
1934 3465 2076 3520 tiam
2102 3479 2308 3535 gerens
2334 3461 2437 3517 sub
2465 3462 2700 3518 consilio
2727 3462 2916 3518 divino
2958 3462 3131 3518 fuerit
3171 3460 3570 3518 reconciliatus

206 3557 522 3611 sidentibus
576 3555 937 3627 presbyteris,
997 3555 1310 3610 astantibus
1366 3555 1716 3624 diaconibus,
1781 3559 1838 3611 et
1937 3557 2159 3613 altario.

205 3651 420 3706 czeteris
441 3650 536 3721 qui
562 3649 879 3705 intererant
904 3649 1141 3703 concilio
1161 3649 1540 3721 congregatis,
1562 3652 1836 3704 Patronus
2009 3653 2096 3707 Ill.
2121 3654 2263 3707 Item
2291 3649 2583 3706 constituit
2603 3655 2793 3705 sancta
2821 3650 3090 3722 synodus,
3114 3654 3176 3706 ut
3193 3650 3372 3704 lector
3389 3649 3573 3704 ﬁdelis

205 3746 499 3816 episcopus
527 3743 705 3798 dixit:
729 3744 1009 3808 Quoniam
1039 3743 1248 3814 singuli
1279 3744 1548 3815 coepimus
1568 3743 1629 3798 in
1653 3743 1832 3799 eccle-
1937 3747 1983 3800 si
2010 3747 2238 3802 viduam
2263 3744 2494 3800 alterius
2530 3761 2770 3800 uxorem
2811 3743 3111 3816 acceperit,
3141 3743 3386 3816 amplius
3426 3744 3572 3798 nihil

203 3840 296 3894 siis
340 3839 546 3893 nostris
595 3839 779 3892 facere
819 3838 1056 3904 diversa,
1089 3841 1145 3892 et
1184 3837 1321 3892 inde
1364 3843 1525 3893 tanta
1574 3839 1837 3893 scandala
1937 3840 2025 3908 sit,
2055 3841 2155 3896 sed
2202 3856 2431 3911 semper
2472 3841 2646 3894 lector
2689 3839 2984 3908 habeatur,
3015 3841 3115 3894 aut
3154 3838 3299 3894 forte
3349 3837 3573 3893 subdia-

202 3938 349 4000 sunt,
382 3949 509 4004 quae
538 3948 716 4002 usque
753 3932 827 3986 ad
855 3931 1099 3986 schisma
1138 3931 1502 4002 perveniunt,
1534 3934 1581 3986 si
1622 3933 1828 4002 placet,
1936 3951 2132 3990 conus.

202 4027 497 4082 communi
551 4025 786 4080 concilio
840 4025 1208 4080 decernamus
1261 4025 1397 4097 quid
1447 4026 1518 4079 ab
1565 4026 1831 4081 omnibus
2006 4031 2089 4084 IV.
2119 4028 2506 4084 Subdiaconus
2531 4032 2722 4084 autem
2755 4028 3022 4084 defuncta
3049 4043 3226 4083 uxore
3253 4027 3301 4082 si
3333 4043 3571 4082 uxorem

203 4120 478 4192 episcopis
503 4120 564 4174 in
589 4119 917 4174 ordinandis
945 4119 1160 4174 clericis
1187 4119 1259 4174 sit
1297 4119 1670 4191 sequendum.
1700 4119 1832 4174 Milli
1934 4123 2104 4177 aliam
2137 4122 2389 4190 duxerit,
2422 4123 2492 4176 ab
2539 4122 2723 4178 ofﬁcio
2776 4122 2834 4176 in
2879 4139 2991 4194 quo
3035 4121 3331 4177 ordinatus
3383 4122 3574 4177 fuerat

203 4220 397 4270 autem
436 4214 620 4286 placet
666 4213 1036 4268 constitutum
1075 4212 1338 4283 primitus
1369 4213 1578 4267 Nicazni
1609 4212 1832 4267 concilii
1935 4220 2310 4284 removeatur,
2345 4220 2400 4271 et
2425 4216 2702 4271 habeatur
2729 4215 2883 4271 inter
2907 4216 3166 4271 ostiarios
3186 4215 3276 4270 vel
3307 4216 3568 4282 lectores,

201 4312 483 4381 perpetuo
512 4324 627 4363 esse
653 4306 1014 4375 servandum,
1047 4323 1153 4361 nec
1177 4306 1246 4361 ab
1272 4307 1379 4361 hoc
1406 4323 1527 4361 esse
1559 4307 1832 4362 receden-
1932 4309 2094 4365 itaut
2113 4309 2479 4381 Evangelium
2508 4313 2564 4363 et
2583 4310 2915 4380 Apostolum
2933 4327 3047 4363 non
3075 4310 3247 4379 legat,
3265 4314 3572 4381 propterea

201 4404 357 4458 dum.
387 4401 638 4457 Universi
667 4400 917 4472 episcopi
945 4400 1210 4456 dixerunt
1245 4417 1257 4455 :
1293 4401 1404 4455 Hoc
1438 4400 1597 4454 nobis
1628 4401 1831 4471 placet,
1933 4419 2004 4457 ne
2047 4402 2145 4473 qui
2174 4402 2425 4456 ecclesia:
2457 4401 2715 4456 servierit
2742 4402 2986 4474 publicis
3019 4402 3220 4457 ofﬁciis
3247 4401 3456 4456 servire
3485 4401 3567 4454 vi-

202 4497 280 4550 ita
304 4501 369 4551 ut
395 4495 439 4549 si
484 4495 608 4566 quis
645 4494 888 4565 cognitis
929 4494 1102 4565 gestis
1145 4493 1358 4549 Nicaeni
1409 4493 1632 4547 concilii
1679 4493 1835 4547 aliud
1937 4496 2173 4563 deatur;
2205 4495 2302 4567 qui
2330 4511 2465 4549 vero
2515 4495 2764 4562 tertiam,
2795 4496 2947 4566 quod
2990 4513 3092 4551 nec
3125 4495 3429 4550 dicendum
3461 4497 3566 4560 est,

204 4607 375 4662 quam
400 4591 676 4643 statutum
713 4591 796 4642 est
836 4588 1025 4642 facere
1067 4587 1516 4658 prmsumpserit,
1548 4590 1604 4640 et
1629 4604 1747 4641 non
1774 4587 2233 4671 inDacceperit,
2302 4589 2594 4644 abstentus
2648 4589 2879 4644 biennio
2930 4594 3132 4660 postea
3183 4589 3333 4642 inter
3392 4587 3569 4643 laicos

203 4701 267 4740 eo
300 4683 787 4755 perseverandum
821 4681 1121 4753 putaverit,
1150 4686 1286 4735 tunc
1316 4680 1837 4735 excommunicatus

204 4779 499 4844 habeatur,
532 4777 638 4831 nisi
663 4793 766 4847 per
791 4775 1205 4847 correptionem
1236 4774 1475 4828 fratrum
1507 4774 1839 4829 emendave-

202 4874 278 4927 rit
316 4887 592 4928 errorem.

273 4968 400 5022 CAP.
444 4967 487 5019 Ι.
535 4963 772 5031 Placuit,
822 4966 882 5017 ut
927 4963 1194 5018 diacones
1239 4962 1286 5016 si
1329 4962 1414 5017 vel
1473 4961 1701 5032 integri,
1748 4963 1835 5016 vel

207 5062 343 5116 casti
381 5059 515 5128 sint,
544 5063 599 5114 et
655 5055 1001 5112 continentis
1044 5056 1192 5120 vitaz,
1227 5056 1396 5111 etiam
1424 5056 1469 5109 si
1501 5072 1708 5110 uxores
1739 5056 1836 5110 ha-

199 5156 393 5224 beant,
416 5154 476 5208 in
519 5151 834 5208 ministerio
880 5150 1317 5220 constituantur,
1351 5151 1428 5205 ita
1457 5155 1653 5205 tamen
1698 5151 1836 5205 utsi

198 5250 296 5322 qui
328 5249 501 5305 etiam
526 5251 658 5302 ante
693 5245 1060 5301 interdictum
1091 5245 1245 5315 quod
1292 5261 1396 5315 per
1445 5244 1662 5314 priores
1703 5248 1836 5300 ante

197 5363 306 5400 nos
350 5343 639 5415 episcopos
683 5340 1056 5395 constitutum
1105 5343 1190 5393 est
1230 5339 1656 5394 incontinenter
1702 5356 1833 5393 cum

199 5438 474 5494 uxoribus
499 5435 761 5502 vixerint,
791 5432 1110 5505 presbyteri
1138 5432 1360 5488 honore
1393 5449 1509 5487 non
1535 5432 1831 5487 cumulen-

193 5540 322 5602 tur;
355 5531 402 5586 si
447 5529 573 5602 quis
613 5543 746 5584 vero
793 5544 859 5582 ex
899 5525 1246 5598 presbyteris
1287 5529 1422 5582 ante
1465 5524 1834 5582 interdictum

191 5627 340 5682 ﬁlios
368 5641 502 5680 suos
528 5621 863 5694 susceperit,
895 5620 964 5676 de
1004 5619 1335 5692 presbytero
1381 5619 1455 5675 ad
1499 5621 1833 5693 episcopum

193 5737 318 5777 non
349 5717 708 5774 admittatur.
749 5711 772 5801 ί

265 5817 330 5871 ll.
357 5815 500 5869 Item
519 5809 749 5883 placuit,
769 5811 832 5864 ut
849 5807 1190 5881 poenitentes
1213 5823 1331 5862 non
1359 5807 1740 5864 admittantur
1760 5810 1832 5864 ad

191 5911 432 5981 clerum,
465 5905 571 5962 nisi
623 5907 868 5973 tantum,
911 5902 957 5959 si
1001 5901 1325 5975 necessitas,
1370 5907 1466 5959 aut
1508 5919 1645 5958 usus
1695 5919 1824 5959 exe-

1936 4683 2329 4739 reconciliatus
2359 4699 2461 4754 per
2487 4683 2886 4754 paenitentiam
2914 4683 3311 4738 communicet.

2007 4779 2069 4832 V.
2103 4777 2422 4848 Presbyter,
2460 4778 2552 4832 vel
2601 4777 2871 4832 diaconus
2922 4777 3007 4831 vel
3058 4776 3450 4844 subdiaconus,
3480 4777 3568 4832 vel

1937 4870 2176 4943 quilibet
2205 4870 2452 4926 ecclesiae
2482 4871 2789 4942 deputatus
2816 4871 3074 4940 clericus,
3102 4870 3146 4924 si
3187 4869 3337 4924 intra
3374 4869 3566 4926 civita-

1937 4970 2056 5020 tem
2083 4983 2201 5021 non
2228 4965 2421 5034 fuerit,
2452 4966 2541 5020 vel
2571 4965 2629 5019 in
2659 4965 2781 5020 loco
2819 4965 2878 5018 in
2914 4981 3026 5036 quo
3077 4963 3313 5020 ecclesia
3340 4969 3441 5033 est,
3472 4970 3572 5021 aut

1939 5061 2189 5128 castella,
2218 5063 2317 5114 aut
2361 5059 2467 5114 vici
2514 5065 2667 5126 sunt,
2711 5062 2812 5114 aut
2847 5058 3014 5126 villae,
3047 5058 3092 5113 si
3131 5058 3204 5112 ad
3245 5059 3566 5128 ecclesiam,

1937 5158 2037 5208 aut
2055 5153 2126 5208 ad
2151 5154 2487 5208 sacriﬁcium
2509 5152 2912 5225 quotidianum
2933 5169 3046 5208 non
3070 5153 3308 5222 venerit,
3334 5154 3570 5209 clericus

1935 5263 2055 5302 non
2085 5247 2382 5318 habeatur,
2413 5247 2459 5301 si
2507 5246 2811 5318 castigatus
2852 5262 2957 5319 per
3001 5246 3437 5304 satisfactionem
3475 5265 3568 5304 ve-

1936 5341 2091 5396 niam
2117 5342 2186 5396 ab
2217 5340 2481 5412 episcopo
2507 5339 2683 5395 voluit
2710 5341 3052 5412 promereri.

2006 5437 2094 5490 Vl.
2127 5437 2380 5506 Itemque
2404 5435 2592 5506 puella
2626 5435 2726 5490 Dei
2752 5451 2855 5490 nec
2885 5435 3326 5494 familiaritatem
3357 5437 3564 5493 habeat

1933 5545 2065 5584 cum
2114 5529 2455 5599 confessore,
2484 5533 2582 5584 aut
2622 5545 2752 5584 cum
2799 5530 3055 5602 quolibet
3096 5531 3235 5587 laico
3277 5530 3570 5603 sanguinis

1933 5622 2124 5690 alieni,
2153 5625 2250 5677 aut
2275 5621 2592 5678 convivium
2618 5623 2741 5679 sola
2767 5624 2955 5693 adeat,
2988 5623 3096 5680 nisi
3122 5625 3221 5680 ubi
3248 5624 3564 5695 seniorum,

1933 5720 2030 5771 aut
2055 5716 2447 5786 honestorum,
2476 5721 2575 5773 aut
2599 5717 2903 5774 viduarum
2929 5718 3416 5788 honestarumque
3445 5701 3562 5772 fre-

1931 5810 2184 5882 quentia,
2223 5809 2316 5865 ubi
2363 5811 2603 5868 honeste
2630 5813 2922 5868 confessor
2951 5811 3187 5882 quilibet
3223 5827 3352 5864 cum
3381 5811 3560 5881 pluri-

1930 5921 2160 5963 morum
2183 5904 2508 5965 testimonio
2534 5906 2762 5964 testium
2789 5904 3042 5963 convivio
3061 5903 3333 5960 interesse
3360 5905 3558 5977 possit,
