4054 6308
455 330 555 389 433

1356 330 1637 391 AI’PENI).
1678 334 1765 388 Al)
1803 334 1965 388 S.-EC.
2007 333 2094 388 ιχ.
2125 362 2190 373 --
2234 332 2473 390 lSlDORl
2511 333 2934 390 MlillCA'l‘UltlS

3730 330 3827 387 me

454 457 587 497 cum
619 440 919 499 lectoribus
943 444 1136 498 autem
1170 441 1232 497 in
1261 443 1515 514 ipsorum
1546 442 1813 497 domibus
1841 459 1959 498 non
1985 442 2088 497 ad-
2112 454 2172 529 Α
2190 444 2448 513 nionem,
2474 445 2810 517 priusquam
2854 448 3045 499 autem
3070 443 3130 498 in
3160 443 3456 498 ecclesiam
3495 440 3833 497 admittatur

456 535 770 591 mittendas
795 537 1026 608 penitus
1068 553 1174 592 nec
1199 536 1488 606 videndas,
1516 535 1625 592 nisi
1657 537 1803 592 forte
1847 553 2089 593 consano

460 630 674 703 guinea
702 646 863 686 soror
887 630 959 685 sit
982 631 1067 685 vel
1108 629 1347 686 uterina.

530 725 640 779 VII.
671 723 890 778 Placuit
915 729 978 779 ut
1001 723 1047 779 si
1080 740 1554 797 quorumcunque
1585 724 1920 780 clericorum
1948 742 2089 781 uxo-

457 834 551 874 res
586 817 960 889 peccaverint,
1003 834 1075 873 ne
1118 819 1267 877 forte
1309 818 1598 875 licentiam
1644 818 1922 891 peccandi
1964 820 2093 890 plus

455 912 725 980 habeant,
754 911 1036 983 accipiant
1063 912 1258 967 mariti
1295 929 1500 968 earum
1547 913 1697 968 hanc
1751 915 2094 985 potestatem

455 1010 662 1076 printer
689 1021 886 1060 necem
916 1006 1295 1074 custodiendi,
1328 1006 1547 1078 ligandi
1585 1006 1645 1061 in
1674 1007 1842 1061 domo
1868 1023 1989 1075 sua,
2020 1007 2093 1062 ad

451 1098 672 1169 jejunia
697 1099 986 1168 salutaria,
1006 1116 1124 1156 non
1148 1100 1467 1171 mortifera,
1487 1116 1581 1155 eas
1615 1104 1903 1171 cogentes,
1925 1101 2003 1156 ita
2029 1105 2095 1156 ut

455 1192 699 1248 invicem
742 1192 849 1248 sibi
898 1193 1087 1249 clerici
1132 1210 1416 1267 pauperes
1457 1194 1731 1252 auxilium
1780 1194 1990 1265 ferant,
2045 1194 2092 1249 si

457 1285 682 1341 servitia
704 1303 821 1342 non
844 1287 1123 1355 habeant;
1147 1305 1277 1343 cum
1297 1288 1574 1343 uxoribus
1593 1291 1787 1343 autem
1808 1288 1945 1360 ipsis
1965 1305 2094 1360 quae

455 1379 836 1453 peccaverint,
857 1397 961 1436 nec
989 1381 1142 1436 cibos
1168 1386 1413 1450 sumant,
1429 1381 1541 1438 nisi
1559 1382 1706 1438 forte
1731 1382 1803 1438 ad
1827 1382 2095 1439 timorem

457 1474 558 1531 Dei
588 1479 714 1530 acta
743 1475 1076 1546 poenitentia
1103 1480 1484 1532 revertantur.

526 1569 659 1624 VIII.
715 1568 773 1624 Si
826 1569 955 1640 quis
1008 1574 1137 1641 post
1190 1570 1541 1642 baptismum
1613 1571 1976 1641 militaverit,
2037 1576 2096 1627 et

460 1661 817 1733 chlamydem
860 1663 1192 1734 sumpserit,
1219 1667 1320 1719 aut
1361 1664 1656 1737 cingulum
1698 1665 1770 1720 ad
1814 1666 2095 1721 necandos

461 1754 680 1824 ﬁdeles,
710 1757 887 1810 etiam
919 1757 966 1811 si
996 1757 1190 1827 gravia
1218 1774 1332 1812 non
1358 1757 1672 1826 admiserit,
1704 1759 1751 1813 si
1780 1759 1849 1814 ad
1875 1760 2092 1814 clerum

460 1848 743 1933 admissus
761 1849 933 1905 fuerit
963 1850 1190 1906 diaconi
1218 1868 1332 1905 non
1367 1852 1611 1923 accipiat
1636 1852 2001 1923 dignitatem.

536 1943 619 1998 IX.
649 1942 810 1997 Nulla
836 1944 1090 2014 professa
1118 1946 1206 1999 vel
1237 1945 1407 2001 vidua
1433 1946 1667 2000 absente
1712 1946 1974 2017 episcopo
2005 1948 2092 2002 vel

461 2036 795 2107 presbytero
816 2037 877 2091 in
898 2037 1069 2092 domo
1092 2055 1193 2093 sua
1216 2039 1555 2111 antiphonas
1579 2038 1628 2111 1
1649 2038 1779 2112 05
1808 2056 1938 2094 cum
1962 2057 2095 2095 con-

462 2129 671 2186 fessore
697 2130 789 2185 vel
814 2147 976 2185 servo
1004 2148 1105 2185 suo
1152 2131 1341 2199 faciat;
1374 2132 1765 2187 lucernarium
1803 2150 1940 2188 vero
1985 2133 2095 2189 nisi

461 2222 520 2277 in
549 2223 787 2278 ecclesia
814 2240 933 2279 non
962 2225 1208 2296 legatur,
1240 2229 1338 2279 aut
1366 2225 1413 2280 si
1438 2226 1662 2296 legatur
1685 2226 1746 2280 in
1778 2226 1911 2281 villa
1941 2244 2091 2297 prae-

461 2320 622 2372 sente
650 2317 915 2389 episcOpo
941 2319 1025 2373 vel
1054 2319 1382 2390 presbytero
1407 2319 1493 2374 vel
1515 2319 1748 2375 diacono
1777 2321 2020 2392 legatur.

533 2412 593 2465 Χ.
624 2411 884 2481 Clericos,
917 2411 1197 2483 siquidem
1244 2412 1474 2484 obligati
1502 2413 1617 2468 sint
1641 2415 1727 2468 vel
1763 2431 1865 2486 pro
1894 2431 2090 2486 sequa-

463 2503 742 2571 tione,vel
762 2505 831 2560 de
859 2520 1068 2576 genere
1096 2505 1331 2577 alicujus
1352 2505 1577 2575 domus,
1595 2523 1714 2562 non
1742 2507 2095 2563 ordinandos

461 2597 568 2652 nisi
596 2598 849 2669 probata
876 2599 1008 2654 vitae
1035 2599 1271 2669 fuerint,
1303 2602 1362 2655 et
1399 2600 1627 2673 patroni
1668 2617 1973 2657 consensus
1998 2619 2092 2657 ac-

464 2693 714 2747 cesserit.
1114 2698 1121 2703 ’

532 2786 618 2840 XI.
646 2785 702 2841 Si
730 2786 858 2856 quis
892 2786 962 2841 de
1000 2786 1322 2858 potentibus
1349 2787 1619 2843 clericum
1657 2791 1755 2843 aut
1782 2789 2098 2861 quemlibet

463 2878 883 2951 pauperiorem,
915 2885 1015 2936 aut
1049 2880 1379 2952 religiosum
1405 2882 1823 2954 exspoliaverit,
1852 2888 1909 2939 et
1935 2900 2094 2938 man-

465 2972 685 3027 daverit
711 2989 845 3027 eum
875 2973 947 3028 ad
974 2990 1033 3028 se
1064 2973 1257 3028 venire
1305 2974 1600 3046 episcopus
1643 2979 1707 3030 ut
1751 2976 2014 3033 audiatur
2041 2981 2098 3032 et

464 3067 894 3138 contempserit,
925 3066 1169 3121 invicem
1196 3084 1328 3123 mox
1374 3068 1582 3141 scripta
1620 3073 1955 3142 percurrent
1993 3087 2098 3142 per

463 3175 667 3214 omnes
708 3161 1009 3232 provinciae
1054 3162 1362 3234 episcopos,
1396 3166 1453 3217 et
1490 3180 1863 3236 quoscunque
1896 3165 2095 3219 audire

463 3253 774 3325 potuerint,
802 3258 868 3310 ut
894 3256 1416 3312 excommunicatus
1466 3257 1745 3313 habeatur
1769 3258 1889 3330 ipse
1917 3258 2098 3314 donec

465 3347 698 3403 obediat
731 3351 792 3403 ut
823 3349 1028 3405 reddat
1053 3350 1255 3405 aliena.
1280 3336 1311 3424 Ὶ

534 3443 647 3497 Xll.
676 3443 819 3497 Item
845 3446 907 3497 ut
933 3443 1177 3499 liberum
1203 3444 1346 3499 nulli
1373 3445 1577 3501 clerico
1608 3446 1682 3500 sit
1713 3446 2007 3502 discedere
2028 3447 2097 3501 ab

463 3536 724 3608 episcopo
741 3554 859 3604 suo,
876 3540 933 3592 et
951 3538 1114 3593 alteri
1133 3538 1397 3609 episcopo
1416 3540 1858 3609 communicare,
1873 3540 1930 3595 ni
1951 3541 2097 3596 forte

465 3627 518 3681 ei
545 3642 715 3698 quem
746 3626 1046 3699 episcopus
1070 3628 1216 3682 alius
1260 3627 1505 3683 libenter
1539 3629 1747 3685 habeat
1772 3630 1841 3685 de
1866 3630 2095 3685 haereti-

462 3736 662 3775 corum
701 3720 999 3777 schismate
1029 3721 1441 3793 discedentem,
1475 3728 1532 3778 et
1559 3723 1629 3778 ad
1655 3723 1832 3779 fidem
1856 3723 2095 3779 catholi-

463 3830 588 3869 cam
615 3818 1016 3869 revertentem.
1046 3815 1101 3870 Si
1128 3814 1226 3887 qui
1252 3819 1445 3871 autem
1478 3816 1545 3871 de
1573 3816 1863 3872 catholicis
1892 3817 2097 3873 disces-

464 3907 643 3961 serint
670 3911 727 3961 et
754 3908 1153 3963 communione
1180 3925 1397 3979 eorum,
1416 3910 1506 3966 vel
1531 3910 1749 3982 palam,
1772 3910 1858 3966 vel
1880 3911 2098 3966 occulte

464 4017 596 4055 cum
626 4000 706 4055 eis
733 4001 830 4072 qui
859 4000 944 4055 vel
970 4002 1444 4058 excommunicati
1468 4008 1618 4072 sunt,
1641 4004 1727 4059 vel
1753 4021 1857 4077 per
1875 4009 2099 4061 senten-

463 4094 604 4149 tiam
627 4094 754 4165 jam
786 4094 975 4149 notati
992 4094 1209 4151 fuerint
1237 4095 1477 4167 inventi,
1504 4097 1758 4154 habeant
1783 4097 2007 4154 illorum
2028 4100 2099 4155 ad

464 4204 607 4260 quos
627 4188 709 4244 ire
726 4188 1021 4257 voluerint,
1047 4189 1220 4245 etiam
1237 4190 1297 4246 in
1319 4191 1705 4261 damnatione,
1722 4193 2096 4251 consortium.

532 4283 667 4339 XIII.
693 4284 768 4337 De
796 4282 884 4337 his
908 4283 1005 4355 qui
1035 4284 1255 4340 intrant
1282 4285 1343 4340 in
1371 4287 1688 4355 ecclesiam,
1709 4290 1767 4343 et
1783 4289 2101 4360 apprehen-

464 4376 677 4431 duntur
704 4394 1001 4450 nunquam
1031 4380 1455 4435 communicare
1482 4381 1920 4437 admoneantur.
1937 4384 2100 4448 Quod

465 4470 513 4525 si
540 4487 659 4526 non
690 4473 1135 4542 communicant,
1166 4475 1241 4529 ad
1279 4475 1682 4547 pcenitentiam
1721 4477 2018 4544 accedant;
2052 4477 2099 4531 si

2117 3206 2172 3279 C

2190 538 2260 592 ad
2290 538 2609 593 orationem
2640 538 2714 592 ad
2744 537 2953 593 nullius
2986 536 3307 591 convivium
3331 535 3667 591 Christianas
3694 552 3829 590 mu-

2190 631 2343 686 lieris
2384 632 2631 700 accedat,
2662 632 2813 703 quod
2865 631 2910 686 si
2955 631 3201 687 admissa
3246 630 3439 698 fuerit,
3488 628 3659 683 etiam
3705 629 3831 683 haec

2192 742 2322 797 quae.
2352 742 2480 780 eam
2506 725 2787 797 receperit
2812 725 3091 780 habeatur
3114 725 3175 779 in
3218 724 3494 792 absentia,
3529 729 3829 799 corrupto-

2191 834 2314 874 rem
2341 819 2511 874 etiam
2536 836 2643 890 par
2678 835 2847 890 paena
2886 818 3266 889 constringat.
3296 819 3430 882 Quae
3461 823 3655 874 autem
3702 837 3831 875 ma-

2192 912 2366 967 ritum
2389 913 2670 984 acceperit
2688 929 2806 967 non
2829 912 3168 967 admittatur
3186 912 3254 967 ad
3278 912 3695 983 paenitentiam,
3718 913 3832 968 nisi

2192 1007 2378 1061 adhuc
2402 1007 2525 1078 ipso
2549 1006 2768 1061 vivente
2794 1006 2999 1060 marito
3044 1010 3195 1061 caste
3222 1005 3410 1061 vivere
3447 1007 3698 1080 ceperit,
3730 1013 3835 1065 aut

2194 1106 2497 1173 postquam
2527 1101 2649 1171 ipse
2669 1099 2989 1156 decesserit.

2262 1196 2418 1250 XVII.
2448 1194 2502 1249 Si
2532 1193 2659 1266 quis
2702 1193 2918 1248 habens
2966 1209 3196 1248 uxorem
3239 1192 3438 1264 ﬁdelis,
3468 1194 3515 1249 si
3561 1193 3831 1249 concubi-

2195 1305 2327 1343 nam
2352 1287 2557 1343 habeat
2585 1304 2705 1342 non
2733 1286 3135 1342 communicet.
3181 1287 3462 1342 Caeterum
3507 1287 3555 1342 is
3584 1288 3681 1360 qui
3710 1305 3832 1343 non

2194 1381 2367 1437 habet
2387 1397 2629 1436 uxorem
2648 1386 2705 1435 et
2725 1397 2828 1451 pro
2842 1396 3022 1435 uxore
3044 1379 3422 1435 concubinam
3444 1381 3618 1436 habet
3632 1397 3835 1435 acom-

2192 1475 2465 1531 munione
2492 1491 2610 1530 non
2640 1473 2976 1546 repellatur,
2999 1477 3196 1529 tamen
3230 1478 3295 1528 ut
3344 1474 3511 1530 unius
3552 1475 3829 1542 mulieris,

2195 1574 2295 1624 aut
2333 1569 2541 1638 uxoris,
2571 1572 2669 1623 aut
2711 1567 3063 1634 concubinae,
3095 1571 3160 1621 ut
3187 1566 3238 1622 ei
3280 1567 3556 1638 placuerit
3596 1567 3667 1621 sit
3692 1583 3832 1622 con-

2186 1664 2485 1734 junctione
2512 1664 2833 1729 contentus,
2858 1661 2993 1716 alias
3014 1677 3146 1716 vero
3173 1661 3367 1715 vivens
3392 1661 3712 1732 abjiciatur,
3732 1661 3833 1717 doc

2194 1774 2298 1812 nec
2325 1756 2549 1811 desinat
2576 1759 2634 1810 et
2658 1755 2727 1810 ad
2765 1755 3157 1827 paenitentiam
3183 1758 3520 1810 revertatur.

2113 1831 2170 1902 Β
2263 1851 2445 1907 XVIII.
2474 1848 2528 1905 Si
2572 1865 2684 1920 qua
2725 1848 2889 1903 vidua
2928 1848 3177 1920 episcopi
3221 1853 3319 1903 aut
3356 1847 3698 1920 presbyteri,
3734 1852 3836 1903 aut

2194 1944 2419 2000 diaconi
2474 1942 2749 1998 maritum
2792 1942 3090 2013 acceperit,
3131 1941 3319 1996 nullus
3372 1942 3628 2009 clericus,
3671 1941 3835 1996 nulla

2191 2037 2458 2109 religiosa
2481 2053 2614 2091 cum
2647 2052 2715 2091 ea
2742 2036 3062 2091 convivium
3088 2040 3297 2103 sumat,
3330 2051 3628 2107 nunquam
3660 2051 3821 2090 com-

2193 2131 2464 2200 municet,
2477 2129 2745 2185 morienti
2758 2129 3050 2203 tantum‘ei
3066 2132 3491 2184 sacramentum
3506 2128 3827 2183 subveniat.

2262 2226 2385 2280 XIX.
2415 2224 2677 2296 Episcopi
2717 2223 2804 2277 vel
2835 2223 3150 2294 presbyteri
3194 2223 3309 2278 sive
3351 2221 3569 2277 diaconi
3614 2222 3753 2288 filia,
3784 2222 3832 2277 si

2195 2320 2398 2374 devota
2423 2318 2593 2373 fuerit
2618 2321 2675 2372 et
2711 2316 3046 2388 peccaverit,
3082 2322 3138 2371 et
3180 2316 3454 2371 maritum
3503 2316 3752 2385 duxerit,
3786 2315 3834 2370 si

2195 2429 2324 2468 eam
2347 2416 2511 2484 pater
2534 2412 2622 2465 vel
2648 2414 2836 2465 mater
2868 2410 2925 2464 in
2954 2409 3218 2465 affectum
3246 2409 3588 2481 receperint,
3608 2426 3640 2464 a
3670 2426 3832 2464 com-

2194 2506 2468 2561 munione
2487 2505 2808 2559 habeantur
2835 2503 3026 2569 alieni,
3047 2505 3207 2574 pater
3235 2519 3368 2559 vero
3397 2519 3599 2558 causas
3620 2503 3680 2557 in
3701 2519 3838 2558 con-

2195 2600 2322 2655 cilio
2353 2598 2576 2654 noverit
2596 2615 2655 2653 se
2685 2601 3111 2670 praestaturum.
3140 2596 3340 2652 Mulier
3365 2599 3561 2652 autem
3589 2613 3709 2651 non
3737 2596 3836 2651 ad-

2196 2694 2457 2748 mittatur
2499 2692 2573 2747 ad
2615 2691 3105 2759 communionem,
3149 2690 3257 2745 nisi
3304 2690 3506 2745 marito
3550 2690 3825 2745 defuncto

2197 2786 2382 2859 egerit
2413 2786 2828 2858 pmnitentiam,
2858 2784 2903 2839 si
2934 2788 3128 2839 autem
3159 2784 3381 2839 vivente
3425 2800 3493 2838 eo
3536 2783 3837 2839 secesserit

2196 2886 2253 2937 et
2274 2880 2620 2953 paenituerit,
2648 2880 2804 2935 nullo
2835 2878 3007 2934 modo
3049 2877 3160 2933 nisi
3204 2877 3332 2933 vita:
3374 2877 3639 2933 deﬁciens
3682 2876 3832 2934 acci-

2194 2975 2313 3048 piat
2339 2973 2828 3030 communionem.

2267 3069 2369 3123 XX.
2401 3068 2669 3133 Quamvis
2694 3083 2840 3139 pene
2881 3067 3089 3139 ubique
3120 3066 3488 3133 custodiatur,
3517 3070 3580 3121 ut
3610 3066 3829 3138 absque

2197 3162 2459 3235 episcopo
2489 3162 2735 3216 chrisma
2766 3177 2935 3215 nemo
2964 3160 3242 3228 conﬁciat,
3271 3165 3465 3216 tamen
3492 3159 3631 3231 quia
3650 3159 3709 3214 in
3733 3160 3835 3214 ali-

2197 3256 2400 3329 quibus
2423 3255 2558 3311 locis
2585 3256 2673 3311 vel
2696 3254 2999 3326 provinciis
3032 3254 3345 3326 presbyteri
3370 3253 3641 3308 dicuntur
3666 3253 3824 3309 chri-

2198 3367 2321 3405 sma
2345 3348 2647 3417 conficere,
2679 3348 2893 3420 placuit
2916 3364 2980 3402 ex
3009 3348 3115 3403 hac
3145 3348 3237 3402 die
3262 3347 3485 3402 nullum
3511 3345 3690 3401 alium
3720 3346 3833 3402 nisi

2198 3443 2529 3516 episcopum
2555 3441 2805 3497 chrisma
2830 3442 3125 3509 coniicere,
3155 3445 3213 3496 et
3255 3457 3358 3512 per
3403 3439 3689 3494 dimcesim
3734 3440 3833 3495 de-

2198 3537 2425 3604 stinare,
2452 3536 2533 3592 ita
2552 3540 2614 3591 ut
2638 3535 2708 3591 de
2730 3535 2966 3606 singulis
2986 3534 3236 3590 ecclesiis
3254 3534 3325 3588 ad
3347 3534 3679 3605 episcopum
3703 3538 3834 3589 ante

2199 3632 2355 3686 diem
2398 3630 2628 3686 Paschae
2673 3620 2907 3685 diaconi,
2944 3628 3324 3697 destinentur,
3366 3632 3467 3683 aut
3502 3627 3835 3682 subdiaconi

2199 3724 2299 3797 qui
2329 3724 2653 3779 confectum
2696 3722 2946 3777 chrisma
2975 3722 3046 3778 ab
3076 3723 3343 3795 episcopo
3380 3720 3730 3776 destinatum
3761 3721 3834 3776 ad

2199 3818 2352 3873 diem
2377 3818 2605 3873 Paschte
2634 3816 2851 3889 possint
2877 3817 2949 3872 ad
2986 3821 3215 3888 tempus
3259 3815 3503 3871 deferre.
3555 3815 3833 3888 EpiscOpo

2199 3928 2333 3967 sane
2370 3916 2590 3967 certum
2619 3915 2702 3966 est
2743 3910 2897 3983 quod
2924 3910 3370 3982 omnitempore
3414 3909 3543 3963 licet
3583 3909 3836 3963 chrisma

2198 4005 2495 4073 conficere,
2526 4004 2647 4059 sine
2672 4003 3015 4060 conscientia
3045 4006 3236 4058 autem
3263 4001 3511 4074 episcopi
3537 4001 3683 4057 nihil
3730 4019 3832 4073 pe~

2199 4100 2350 4155 nitus
2377 4098 2696 4171 presbyteri
2733 4115 2902 4170 agerc
2948 4101 3321 4171 praesumant.
3368 4097 3655 4152 Statutum
3700 4112 3836 4151 vero

2200 4197 2286 4249 est
2325 4193 2633 4249 diaconum
2661 4209 2777 4247 non
2806 4191 3141 4259 chrismare,
3172 4191 3267 4247 sed
3308 4190 3709 4263 presbyterum
3736 4190 3834 4245 ab-

2198 4292 2357 4343 sente
2384 4285 2671 4358 episcopo,
2695 4291 2975 4357 prasente
3000 4301 3131 4342 vero
3156 4301 3291 4353 non,
3322 4282 3432 4339 nisi
3463 4283 3535 4338 ab
3565 4284 3687 4354 ipso
3708 4284 3835 4340 fue-

2198 4381 2274 4437 rit
2297 4383 2673 4453 praeceptum.
2699 4379 3038 4451 Hujusmodi
3066 4377 3531 4435 constitutionem
3560 4378 3838 4433 memine-

2197 4474 2275 4529 rit
2290 4490 2523 4545 semper
2538 4473 2966 4529 archidiaconus
2977 4473 3064 4529 vel
3081 4472 3461 4545 praesentibus
3477 4472 3567 4527 vel
3587 4471 3840 4526 absenti-

464 4567 908 4637 communicant,
942 4584 1060 4623 non
1091 4585 1318 4641 semper
1341 4569 1682 4640 abstineant,
1710 4570 1758 4625 si
1784 4586 1903 4626 non
1946 4568 2304 4654 fece-Dbus
2359 4567 2633 4640 episcopis
2693 4567 3136 4639 suggerendam,
3186 4569 3250 4621 ut
3291 4582 3417 4622 eam
3462 4571 3519 4621 et
3585 4566 3841 4637 episcopi

460 4658 596 4727 rint,
631 4660 1045 4718 abstineantur.

530 4754 657 4808 XIV.
691 4754 749 4810 Si
778 4754 905 4827 quis
932 4759 1124 4811 autem
1153 4758 1446 4828 acceptam
1479 4774 1513 4811 a
1556 4758 1842 4813 sacerdote
1888 4758 2097 4813 eucha-

462 4846 684 4903 ristiam
713 4865 828 4903 non
854 4850 1182 4921 sumpserit,
1205 4851 1362 4904 velut
1392 4850 1699 4922 sacrilegus
1726 4852 2096 4923 propellatur.

534 4944 645 4997 XV.
679 4942 737 4996 Si
782 4943 909 5015 quis
953 4943 1128 4999 laicus
1174 4943 1510 5014 abstinetur,
1552 4945 1622 5000 ad
1672 4945 1906 5001 domum
1955 4947 2097 5018 ejus,

459 5034 547 5089 vel
576 5035 940 5109 clericorum,
972 5038 1060 5092 vel
1086 5037 1511 5109 religiosorum,
1544 5038 1732 5092 nullus
1756 5039 2002 5106 accedat,
2034 5040 2102 5095 si-

462 5127 674 5182 militer
707 5134 764 5184 et
792 5130 1048 5198 clericus,
1077 5131 1125 5185 si
1169 5131 1504 5201 abstinetur,
1543 5148 1576 5186 a
1619 5131 1837 5187 clericis
1885 5132 2097 5189 devite-

462 5225 585 5287 tur;
617 5221 663 5275 si
692 5222 818 5294 quis
863 5238 995 5277 cum
1022 5222 1116 5278 illo
1159 5224 1431 5297 colloqui,
1461 5228 1562 5280 aut
1599 5226 1885 5281 convivari
1929 5226 2102 5283 fuerit

464 5314 877 5385 deprehensus,
905 5315 1076 5370 etiam
1101 5316 1221 5388 ipse
1255 5318 1632 5388 abstineatur,
1661 5320 1757 5375 sed
1784 5321 1893 5377 hoc
1919 5321 2097 5392 perti-

458 5411 592 5463 neat
633 5408 706 5462 ad
734 5424 831 5464 eos
860 5407 1093 5463 clericos
1135 5412 1234 5483 qui
1280 5413 1402 5485 ejus
1449 5417 1582 5469 sunt
1628 5413 1903 5486 episcopi,
1930 5418 1988 5470 et
2026 5415 2101 5470 ad

463 5518 664 5559 omnes
689 5502 790 5576 qui
815 5503 1150 5559 commoniti
1174 5505 1389 5562 fuerint
1414 5508 1484 5564 de
1525 5524 1593 5564 eo
1621 5508 1720 5582 qui
1758 5508 2094 5581 abstinetur,

458 5596 573 5653 sive
598 5596 740 5654 laico
769 5596 1025 5670 quolibet
1051 5597 1166 5654 sive
1194 5599 1413 5656 clerico.

531 5691 662 5748 XVI.
714 5693 991 5748 Devotam
1053 5699 1388 5765 peccantem
1436 5712 1556 5751 non
1608 5695 1995 5767 recipiendam
2040 5696 2100 5753 in

464 5785 758 5842 ecclesiam
785 5786 894 5841 nisi
921 5804 1158 5859 peccare
1199 5786 1449 5856 desierit,
1478 5791 1535 5841 et
1576 5788 1622 5841 si
1664 5789 1926 5845 desinens
1963 5806 2099 5862 ege-

468 5875 544 5933 rit
560 5883 753 5951 aptam
783 5881 1178 5953 paenitentiam
1204 5881 1402 5938 decem
1420 5879 1583 5936 annis
1597 5882 1834 5955 recipiat
1850 5899 2104 5941 commu-

2199 4661 2537 4731 custodiant,
2569 4666 2627 4718 et
2650 4661 2966 4735 presbyteri
3012 4678 3133 4717 non
3169 4660 3513 4732 relinquant.
3558 4660 3838 4715 Patronus

2202 4756 2497 4829 episcopus
2513 4756 2815 4827 subscripsi
2833 4774 2850 4825 ;
2870 4755 3165 4812 Marcellus
3186 4754 3479 4828 episcopus
3497 4753 3836 4825 subscripsi;

2199 4850 2516 4907 Afrodisius
2540 4851 2837 4923 episcopus
2863 4849 3197 4921 subscripsi;
3226 4848 3511 4904 Alicianus
3536 4847 3836 4919 episcopus

2200 4945 2536 5018 subscripsi;
2570 4944 2848 5016 Olimpius
2879 4943 3178 5015 episcopus
3216 4941 3548 5013 subscripsi;
3582 4942 3834 4998 Asterius

2200 5040 2503 5112 episcopus
2531 5038 2860 5110 subscripsi;
2895 5037 3240 5109 Lampadius
3269 5036 3567 5107 episcopus
3593 5035 3837 5091 subscri-

2200 5134 2324 5207 psi;
2376 5135 2617 5189 Serenus
2660 5132 2957 5204 episcopus
3000 5129 3339 5201 subscripsi;
3379 5129 3665 5184 Jocundus
3710 5129 3836 5200 epi-

2200 5244 2405 5300 scopus
2453 5226 2789 5299 subscripsi;
2847 5226 3087 5280 Severus
3144 5224 3442 5296 episcopus
3497 5222 3835 5294 subscripsi;

2199 5323 2417 5378 Leonas
2444 5321 2745 5394 episcopus
2771 5318 3106 5390 subscripsi;
3135 5317 3373 5373 Hilarius
3392 5316 3689 5388 episcopus
3708 5316 3842 5371 sub-

2200 5416 2430 5489 scripsi;
2460 5417 2656 5471 Florus
2688 5413 2989 5486 episcOpus
3035 5410 3370 5483 subscripsi;
3403 5410 3677 5482 Leporius
3714 5410 3838 5481 epi-

2202 5526 2401 5582 scopus
2428 5509 2759 5580 subscripsi;
2788 5507 3123 5563 Aurelianus
3166 5504 3463 5577 episcopus
3493 5503 3833 5575 subscripsi;

2200 5603 2535 5659 Eustochius
2566 5602 2863 5674 episcopus
2895 5600 3234 5673 subscripsi;
3264 5597 3608 5670 Lampadius
3629 5597 3840 5669 episco-

2200 5714 2307 5770 pus
2346 5696 2679 5768 subscripsi;
2711 5694 3128 5767 Exuperantius
3170 5693 3465 5766 episcopus
3506 5690 3834 5763 subscripsi.

2270 5792 2399 5846 XXI.
2438 5791 2657 5861 Regula
2698 5789 2837 5845 ﬁdei
2885 5791 3086 5844 contra
3127 5803 3325 5843 omnes
3364 5786 3610 5842 haereses
3657 5800 3836 5857 quam

2203 5884 2452 5943 maxime
2482 5889 2676 5942 contra
2702 5882 3150 5941 Priscillianistas
3171 5881 3415 5956 episcopi
3441 5882 3832 5936 Tarraconen-
