4054 6302
235 353 336 406 4237
1434 356 1906 412 DECRETALIL'M
1945 359 2328 416 CULLEC'l‘iO.

3495 369 3520 422 4
3530 370 3593 422 38

234 462 330 528 sis,
364 460 844 532 Carthaginensis,
891 462 1144 518 Lusitani
1194 468 1250 518 et
1291 464 1462 518 Betici
1503 465 1761 519 fecerunt
1802 482 1865 519 ex
1888 477 1947 550 Α
1968 467 2021 520 Si
2051 468 2177 537 quis
2200 472 2390 523 autem
2422 469 2642 538 dixerit,
2678 474 2776 525 aut
2803 471 3110 526 crediderit
3134 490 3166 526 a
3195 473 3310 527 Deo
3338 473 3596 544 omnipo-

233 561 523 627 praecepto
550 572 709 627 papae
735 556 959 626 Leonis,
989 561 1046 611 et
1076 559 1147 612 ad
1175 558 1501 613 Balconium
1534 558 1866 630 episcopum

234 649 464 704 Galiciae
512 650 966 706 transmiserunt.
998 652 1104 722 Ipsi
1157 652 1327 706 etiam
1368 658 1424 707 et
1490 653 1868 723 suprascripta

235 743 443 814 viginti
472 759 753 798 canonum
784 744 1026 816 capitula
1056 749 1374 801 statuerunt
1397 745 1456 801 in
1485 746 1720 801 concilio
1757 748 1864 802 To-

231 837 442 895 letano.

594 920 834 974 Assertio
858 920 988 990 ﬁdei
1012 921 1252 990 ejusdem
1271 923 1505 976 concilii.

305 1027 605 1082 Credimus
635 1027 694 1082 in
722 1045 903 1082 unum
929 1045 1128 1082 verum
1155 1029 1335 1082 Deum
1361 1030 1583 1083 Patrem
1609 1029 1868 1100 omnipo-

233 1125 477 1188 tentem,
514 1123 570 1175 et
598 1121 820 1188 Filium,
854 1127 910 1177 et
944 1121 1214 1193 Spiritum
1253 1127 1530 1191 sanctum,
1559 1122 1863 1177 visibilium

232 1214 531 1282 factorem,
561 1231 663 1287 per
692 1232 865 1287 quem
894 1215 1089 1271 omnia
1129 1216 1280 1271 facta
1311 1222 1442 1270 sunt
1469 1217 1527 1270 in
1554 1218 1692 1272 coelo
1721 1221 1780 1270 et
1810 1217 1868 1272 in

232 1313 410 1376 terra,
443 1325 624 1364 unum
655 1310 853 1377 Deum,
885 1313 944 1365 et
971 1327 1140 1364 unam
1163 1327 1284 1364 esse
1312 1309 1513 1365 divina:
1541 1310 1867 1366 substantia

233 1403 594 1458 Trinitatem.
625 1405 848 1458 Patrem
881 1407 1076 1458 autem
1101 1421 1219 1458 non
1253 1421 1371 1458 esse
1417 1404 1622 1458 Filium
1654 1405 1864 1475 ipsum,

233 1497 336 1551 sed
363 1496 580 1552 habere
621 1497 824 1552 Filium
867 1499 966 1570 qui
1009 1500 1174 1554 Pater
1217 1515 1334 1552 non
1374 1498 1484 1565 sit;
1520 1498 1723 1553 Filium
1750 1515 1868 1554 non

235 1607 360 1646 esse
387 1593 636 1661 Patrem,
674 1593 772 1647 sed
812 1593 1016 1647 Filium
1045 1592 1146 1646 Dei
1173 1592 1240 1647 de
1270 1593 1447 1647 Patris
1478 1609 1600 1647 esse
1632 1595 1864 1659 natura;

236 1684 511 1756 Spiritum
538 1702 765 1757 quoque
799 1702 920 1741 esse
949 1687 1328 1753 Paracletum,
1369 1686 1467 1757 qui
1488 1702 1592 1741 nec
1611 1688 1780 1741 Pater
1796 1686 1870 1740 sit

235 1778 395 1849 ipse,
453 1795 556 1833 nec
596 1779 785 1849 Filius,
827 1780 925 1834 sed
966 1797 999 1835 a
1030 1781 1190 1834 Patre
1231 1779 1486 1850 Filioque
1523 1779 1864 1850 procedens.

1967 563 2122 614 tente
2149 563 2430 617 mundum
2453 563 2603 618 hunc
2634 565 2846 620 factum
2873 582 2990 620 non
3013 565 3202 635 fuisse,
3219 571 3388 637 atque
3405 568 3596 622 omnia

1967 654 2087 724 ejus
2119 654 2516 724 instrumenta,
2550 658 2853 712 anathema
2880 659 2968 714 sit.
3015 660 3072 714 Si
3116 660 3242 732 quis
3273 660 3480 716 dixerit
3507 662 3594 715 vel

1967 747 2266 803 crediderit
2287 749 2486 804 Filium
2515 752 2780 806 eumdem
2803 769 2921 807 esse
2953 755 3198 820 Patrem,
3227 755 3314 808 vel
3343 755 3597 808 Paracle-

1966 846 2110 908 tum,
2143 843 2451 897 anathema
2479 844 2567 899 sit.
2594 844 2649 900 Si
2692 845 2817 916 quis
2846 845 3051 901 dixerit
3090 850 3260 918 atque
3291 847 3597 902 crediderit

1966 935 2143 988 Deum
2191 937 2414 990 Patrem
2453 937 2725 992 eumdem
2767 954 2886 993 esse
2925 939 3128 994 Filium
3157 982 3172 1007 ,
3214 941 3300 995 vel
3338 941 3593 995 Paracle-

1966 1031 2110 1094 tum,
2149 1029 2456 1084 anathema
2492 1031 2582 1085 sit.
2627 1031 2682 1086 Si
2737 1033 2862 1103 quis
2904 1033 3109 1088 dixerit
3155 1035 3241 1088 vel
3285 1033 3595 1088 crediderit

1965 1121 2320 1177 Paracletum
2349 1140 2492 1191 esse,
2522 1125 2607 1179 vel
2636 1127 2882 1194 Patrem,
2915 1127 3003 1180 vel
3033 1127 3254 1195 Filium,
3284 1128 3593 1182 anathema

1968 1215 2056 1270 sit.
2087 1215 2142 1270 Si
2172 1216 2298 1287 quis
2323 1217 2630 1272 crediderit
2648 1219 2736 1271 vel
2759 1219 2961 1273 dixerit
2978 1237 3210 1274 carnem
3229 1224 3452 1275 tantum
3473 1220 3593 1275 sine

1968 1309 2162 1363 anima
2191 1327 2222 1362 a
2251 1310 2390 1364 Filio
2435 1311 2530 1365 Dei
2580 1311 2752 1366 fuisse
2799 1316 3138 1383 susceptam,
3166 1315 3470 1368 anathema
3498 1314 3588 1369 sit.

1968 1403 2022 1458 Si
2068 1402 2194 1474 quis
2232 1403 2433 1459 dixerit
2473 1406 2561 1459 vel
2607 1406 2915 1460 crediderit
2958 1407 3242 1462 Christum
3285 1407 3591 1462 innascibi-

1967 1496 2083 1550 lem
2115 1513 2257 1566 esse,
2285 1498 2590 1553 anathema
2620 1499 2711 1554 sit.
2741 1499 2800 1554 Si
2825 1499 2951 1571 quis
2995 1500 3198 1555 dixerit
3221 1501 3308 1555 vel
3336 1501 3590 1555 credide-

1966 1589 2042 1645 rit
2071 1591 2340 1646 deitatem
2372 1591 2698 1648 nascibilem
2723 1610 2866 1661 esse,
2897 1595 3198 1650 anathema
3243 1595 3332 1648 sit.
3379 1594 3438 1650 Si
3467 1595 3594 1665 quis

1967 1683 2178 1738 dixerit
2203 1685 2624 1740 velcrediderit
2643 1687 2910 1741 deitatem
2935 1687 3142 1742 Christi
3167 1687 3595 1743 convertibilem

1968 1779 2156 1846 fuisse,
2179 1779 2267 1833 vel
2297 1779 2644 1850 passibilem,
2671 1781 2976 1836 anathema
3003 1782 3094 1837 sit.
3141 1781 3196 1837 Si
3231 1781 3358 1853 quis
3387 1780 3596 1835 dixerit

235 1873 332 1926 Est
357 1888 495 1943 ergo
511 1871 803 1944 ingenitus
819 1875 1007 1941 Pater,
1037 1873 1264 1944 genitus
1291 1873 1478 1940 Filius,
1501 1890 1618 1929 non
1644 1872 1867 1944 genitus
1887 1867 1943 1938 B
1968 1872 2050 1926 vel
2077 1871 2378 1927 crediderit
2403 1873 2647 1928 alterum
2680 1875 2856 1928 Deum
2887 1892 3009 1929 esse
3036 1875 3234 1946 priscae
3263 1874 3428 1945 legis,
3460 1874 3597 1929 alte-

235 1966 558 2021 Paracletus
583 1967 678 2021 sed
701 1984 734 2021 a
762 1969 918 2022 Patre
947 1966 1206 2038 Filioque
1238 1967 1572 2038 procedens.
1601 1969 1763 2022 Pater
1785 1971 1869 2021 est

235 2059 399 2130 cujus
427 2077 531 2114 vox
573 2061 694 2114 huic
741 2061 934 2115 audita
960 2065 1042 2115 est
1068 2060 1136 2114 de
1163 2061 1315 2114 coelis
1349 2078 1362 2114 :
1399 2079 1425 2111 «
1461 2060 1557 2114 Hic
1583 2063 1670 2114 est
1697 2059 1868 2114 Filius

235 2170 401 2208 meus
429 2153 684 2224 dilectus,
715 2154 772 2208 in
801 2171 912 2225 quo
943 2154 1086 2208 mihi
1115 2155 1262 2209 bene
1291 2153 1628 2224 complacui,
1681 2154 1869 2224 ipsum

237 2247 432 2302 audite
458 2248 676 2319 (Matth.
701 2265 831 2315 xvu,
862 2249 934 2319 5).
970 2269 996 2297 ››
1027 2247 1197 2302 Filius
1227 2251 1312 2302 est
1347 2247 1445 2319 qui
1473 2247 1552 2301 ait
1579 2264 1592 2300 :
1627 2267 1655 2297 ‹‹
1687 2249 1804 2318 Ego
1835 2264 1870 2302 a

234 2343 401 2396 Patre
431 2342 595 2410 exivi,
629 2345 686 2396 et
715 2360 748 2396 a
781 2345 892 2397 Deo
931 2341 1060 2397 veni
1103 2341 1160 2396 in
1201 2342 1353 2396 hunc
1382 2341 1664 2396 mundum
1689 2341 1866 2412 (Joun.

234 2452 348 2502 xvi,
375 2436 486 2505 28).
522 2455 548 2486 »
583 2436 902 2490 Paracletus
932 2439 1017 2490 est
1042 2435 1284 2507 Spiritus
1311 2435 1381 2489 de
1409 2452 1521 2506 quo
1542 2434 1712 2489 Filius
1740 2435 1821 2489 ait
1853 2453 1865 2490 :

239 2552 265 2577 ‹‹
298 2529 414 2584 Nisi
440 2546 548 2600 ego
581 2529 773 2600 abiero
803 2530 875 2583 ad
906 2531 1146 2597 Patrem,
1184 2529 1506 2583 Paracletus
1532 2545 1643 2582 non
1686 2529 1872 2584 veniet

237 2624 416 2692 (Joan.
446 2640 555 2693 xvx,
579 2627 649 2694 7).
686 2646 713 2672 ››
730 2588 897 2728 {Hanc
922 2623 1251 2678 Trinitatem
1271 2622 1530 2694 personis
1551 2622 1870 2678 distinctam

233 2716 548 2772 substantia
562 2715 750 2785 unica',
767 2717 973 2772 virtute
988 2721 1042 2771 et
1054 2719 1333 2788 potestate
1348 2719 1405 2770 et
1419 2715 1714 2786 majestate
1729 2716 1870 2770 indi-

235 2811 538 2876 visibilem,
570 2810 1013 2878 indifferentem,
1043 2814 1251 2881 praeter
1272 2810 1419 2864 hanc
1448 2810 1668 2864 nullam
1687 2810 1868 2864 credi-

235 2921 364 2959 mus
386 2904 636 2958 divinam
655 2921 772 2958 esse
792 2906 1079 2970 naturam,
1096 2904 1179 2957 vel
1198 2903 1406 2974 angeli,
1423 2904 1509 2956 vel
1523 2902 1772 2973 spiritus,
1786 2904 1872 2958 vel

233 2998 456 3052 virtutis
482 2998 716 3068 alicujus
760 3015 887 3069 qum
927 2999 1070 3052 Deus
1096 2997 1383 3051 credatur.
1417 2997 1574 3050 Hunc
1609 3013 1746 3066 ergo
1777 2997 1867 3051 Fi-

233 3092 375 3146 lium
402 3091 501 3146 Dei
532 3093 709 3146 Deum
739 3095 937 3146 natum
965 3107 998 3145 a
1027 3092 1212 3161 Patre,
1241 3095 1371 3144 ante
1424 3107 1594 3144 omne
1636 3091 1870 3145 omnino

234 3185 582 3258 principium
610 3186 981 3240 sanctiﬁcasse
1016 3187 1244 3238 uterum
1272 3183 1510 3254 virginis
1548 3184 1756 3254 Mariae,
1791 3189 1870 3239 at-

1968 1983 2097 2019 rum
2125 1966 2582 2038 Evangeliorum,
2610 1969 2910 2023 anathema
2936 1969 3026 2023 sit.
3055 1969 3111 2024 Si
3139 1969 3266 2040 quis
3288 1969 3490 2023 dixerit
3508 1969 3596 2023 vel

1969 2059 2270 2114 crediderit
2293 2060 2365 2114 ab
2391 2060 2567 2116 altero
2598 2063 2712 2116 Deo
2753 2062 3031 2117 mundum
3068 2063 3280 2117 factum
3309 2063 3506 2128 fuisse,
3537 2065 3596 2116 et

1969 2170 2082 2208 non
2112 2153 2183 2208 ab
2214 2170 2280 2208 eo
2312 2153 2382 2208 de
2420 2171 2532 2226 quo
2569 2155 2845 2226 scriptum
2886 2161 2972 2210 est
3005 2173 3016 2211 :
3051 2158 3110 2210 in
3151 2155 3430 2228 principio
3464 2157 3597 2211 fecit

1969 2248 2118 2301 Deus
2138 2248 2342 2302 coelum
2369 2252 2426 2303 et
2452 2253 2683 2315 terram,
2715 2250 3021 2304 anathema
3052 2250 3139 2304 sit.
3186 2249 3236 2305 Si
3279 2250 3404 2321 quis
3431 2249 3594 2304 dixe-

1971 2341 2045 2394 rit
2090 2342 2176 2395 vel
2215 2341 2526 2396 crediderit
2555 2359 2797 2414 corpora
2838 2344 3089 2398 humana
3133 2361 3251 2398 non
3293 2360 3596 2415 resurgere

1972 2438 2097 2505 post
2125 2440 2388 2501 mortem,
2421 2437 2731 2492 anathema
2757 2438 2844 2492 sit.
2869 2437 2925 2492 Si
2955 2438 3081 2508 quis
3110 2437 3318 2492 dixerit
3344 2438 3428 2492 vel
3471 2454 3594 2492 cre-

1970 2529 2174 2582 diderit
2199 2528 2450 2582 animam
2494 2530 2810 2584 humanam
2857 2531 2956 2586 Dei
2989 2531 3340 2602 portionem,
3370 2531 3457 2585 vel
3497 2531 3596 2585 Dei

1971 2638 2090 2676 esse
2119 2622 2510 2690 substantiam,
2545 2624 2852 2678 anathema
2893 2624 2982 2679 sit.
3026 2624 3086 2680 Si
3117 2625 3245 2696 quis
3271 2623 3482 2679 dixerit
3509 2625 3595 2678 vel

1970 2715 2275 2770 crediderit
2325 2716 2460 2770 alias
2509 2717 2814 2788 scripturas
2878 2722 3087 2789 printer
3150 2735 3288 2789 quas
3353 2717 3599 2773 Ecclesia

1970 2808 2246 2863 catholica
2275 2810 2474 2880 recipit
2501 2809 2560 2864 in
2590 2810 2925 2865 auctoritate
2951 2811 3242 2866 habendas
3262 2812 3350 2866 vel
3365 2829 3486 2866 esse
3507 2828 3598 2865 ve-

1972 2903 2274 2970 nerandas,
2306 2905 2614 2958 anathema
2650 2905 2740 2960 sit.
2781 2904 2836 2959 Si
2880 2905 3006 2976 quis
3054 2905 3258 2960 dixerit
3287 2906 3376 2959 vel
3417 2905 3595 2960 credi-

1971 2996 2120 3050 derit
2144 2995 2364 3052 deitatis
2385 3003 2442 3051 et
2462 2996 2643 3051 carnis
2660 3014 2836 3052 unam
2857 2998 2916 3052 in
2936 2998 3156 3054 Christo
3173 3015 3290 3053 esse
3309 3002 3595 3065 naturam,

1969 3091 2277 3145 anathema
2321 3090 2412 3146 sit.
2463 3091 2518 3146 Si
2561 3091 2684 3163 quis
2725 3091 2934 3146 dixerit
3001 3093 3085 3146 vel
3135 3091 3439 3148 crediderit
3477 3108 3597 3146 esse

1972 3183 2184 3254 aliquid
2246 3184 2402 3255 quod
2457 3202 2516 3238 se
2565 3189 2726 3240 extra
2764 3185 3018 3240 divinam
3055 3185 3601 3256 Trinitatempossit

236 3297 348 3352 que
375 3297 444 3335 ex
473 3297 539 3333 ea
561 3297 756 3335 verum
780 3279 1074 3334 hominem
1102 3278 1222 3332 sine
1250 3277 1392 3332 virili
1422 3283 1758 3348 generatum
1777 3295 1866 3333 se-
1890 3265 1944 3338 C
1973 3278 2293 3344 ostendere,
2349 3279 2660 3332 anathema
2708 3279 2797 3332 sit.
2855 3279 2910 3334 Si
2961 3279 3086 3351 quis
3131 3280 3457 3350 astrologia:
3511 3280 3598 3333 vel

234 3374 389 3429 mine
409 3373 740 3446 suscepisse,
777 3373 994 3428 duabus
1015 3373 1287 3427 duntaxat
1307 3371 1546 3441 naturis,
1569 3372 1628 3426 id
1647 3377 1732 3426 est
1748 3371 1868 3426 dei-

237 3468 365 3523 tatis
414 3473 471 3523 et
518 3467 722 3537 carnis,
781 3467 840 3522 in
896 3483 1073 3521 unam
1124 3465 1589 3520 convenientibus
1631 3465 1867 3520 omnino

237 3578 564 3633 personam,
582 3561 639 3615 id
654 3564 738 3615 est
751 3560 1055 3616 Dominum
1070 3563 1330 3614 nostrum
1348 3559 1539 3613 Jesum
1559 3559 1864 3614 Christum.

234 3657 345 3710 Nec
368 3655 775 3726 imaginarium
802 3671 1024 3726 corpus,
1055 3657 1154 3709 aut
1180 3652 1596 3725 phantasmatis
1629 3652 1868 3723 alicujus

234 3751 294 3804 in
327 3767 394 3804 eo
419 3749 610 3818 fuisse,
643 3749 740 3804 sed
769 3749 1012 3804 solidum
1044 3752 1216 3819 atque
1245 3764 1444 3802 verum
1471 3747 1622 3801 hunc
1652 3750 1709 3802 et
1739 3763 1866 3801 esu-

232 3845 395 3912 risse,
427 3849 485 3898 et
511 3843 714 3910 sitisse,
770 3847 828 3897 et
872 3842 1142 3910 doluisse,
1188 3846 1245 3896 et
1275 3841 1515 3909 ﬂevisse,
1565 3844 1621 3895 et
1667 3858 1869 3896 omnes

234 3937 492 4009 corporis
521 3937 754 4008 injurias
783 3937 1105 4008 pertulisse.
1139 3938 1432 3991 Postremo
1464 3953 1496 3989 a
1519 3935 1727 3990 Judaais
1747 3952 1868 3990 cru-

235 4031 488 4098 ciﬁxum,
519 4035 573 4086 et
597 4030 902 4102 sepultum,
933 4033 990 4085 et
1010 4029 1176 4085 tertia
1197 4029 1286 4084 die
1321 4029 1716 4097 resurrexisse,
1740 4046 1870 4084 con-

233 4128 527 4180 versatum
568 4125 927 4196 postmodum
958 4140 1087 4178 cum
1119 4123 1407 4194 discipulis
1447 4123 1581 4191 suis,
1626 4127 1684 4177 et
1722 4139 1866 4195 qua-

235 4219 558 4290 dragesima
586 4221 715 4290 post
739 4218 1215 4273 resurrectionem
1239 4217 1328 4271 die
1354 4217 1426 4271 ad
1453 4217 1658 4272 coelum
1681 4233 1870 4272 ascen-

237 4314 410 4368 disse.
460 4313 616 4366 Hunc
666 4312 847 4366 filium
889 4311 1137 4367 hominis
1189 4310 1360 4364 etiam
1406 4310 1608 4365 Filium
1657 4311 1776 4378 Dei,
1815 4315 1871 4365 et

236 4407 445 4461 Filium
480 4407 575 4459 Dei
602 4409 661 4460 et
688 4405 939 4460 hominis
970 4405 1151 4459 filium
1175 4404 1548 4476 appellamus.
1591 4405 1867 4458 Resurre-

236 4501 487 4555 ctionem
543 4517 673 4555 vero
727 4501 979 4554 futuram
1019 4499 1288 4552 humanae
1327 4497 1612 4552 credimus
1650 4497 1866 4567 carnis,

237 4594 499 4648 animam
519 4598 709 4648 autem
732 4592 983 4647 hominis
999 4609 1112 4646 non
1147 4592 1349 4646 divinae
1368 4608 1487 4644 esse
1517 4591 1867 4658 substantiae,

1969 3371 2212 3425 mathesi
2243 3371 2521 3426 existimat
2548 3389 2668 3425 esse
2701 3373 3070 3440 credendum,
3097 3374 3402 3428 anathema
3419 3373 3507 3428 sit.
3540 3373 3600 3428 Si

1968 3465 2093 3535 quis
2119 3464 2327 3519 dixerit
2371 3466 2457 3519 vel
2508 3465 2809 3520 crediderit
2839 3466 3105 3537 conjugia
3135 3465 3436 3520 hominum
3470 3483 3598 3536 quin

1969 3558 2281 3612 secundum
2313 3558 2501 3627 legem
2544 3558 2795 3612 divinam
2827 3558 2960 3613 licet
2988 3559 3194 3613 habere
3232 3559 3599 3614 exsecrabilia

1969 3669 2111 3718 esse,
2155 3651 2458 3705 anathema
2503 3652 2594 3706 sit.
2645 3653 2699 3706 Si
2743 3652 2866 3724 quis
2910 3652 3111 3707 dixerit
3168 3653 3256 3706 vel
3293 3651 3600 3708 crediderit

1968 3763 2171 3800 carnes
2190 3745 2377 3800 avium
2405 3763 2505 3800 seu
2531 3747 2818 3818 pecudum
2839 3763 2966 3818 qua;
2992 3747 3062 3800 ad
3089 3762 3277 3801 escam
3304 3746 3446 3801 datae
3466 3749 3600 3800 sunt

1968 3857 2081 3895 non
2100 3843 2326 3895 tantum
2353 3858 2454 3913 pro
2483 3841 2860 3912 castigatione
2888 3839 3191 3896 hominum
3215 3840 3595 3908 abstinendas,

1969 3951 2068 3989 seu
2098 3935 2464 3990 exsecrandas
2490 3952 2631 4005 esse,
2665 3935 2971 3991 anathema
3001 3935 3091 3990 sit.
3112 3934 3169 3991 Si
3189 3934 3314 4007 quis
3331 3935 3388 3989 in
3408 3951 3598 3989 errore

1968 4029 2299 4084 Priscilliani
2334 4032 2546 4084 sectam
2578 4029 2854 4100 sequitur,
2885 4029 2972 4084 vel
3012 4028 3330 4101 proﬁtetur,
3361 4032 3423 4083 ut
3447 4029 3601 4084 aliud

1968 4123 2026 4176 in
2055 4123 2264 4178 salubri
2290 4123 2575 4195 baptismo
2604 4128 2800 4178 contra
2827 4124 3020 4178 sedem
3041 4123 3218 4178 sancti
3243 4123 3387 4179 Petri
3409 4123 3598 4190 faciat,

1968 4218 2274 4271 anathema
2303 4217 2393 4271 sit.

2042 4310 2281 4381 Explicit
2328 4310 2522 4380 regula
2567 4310 2699 4366 ﬁdei
2743 4310 3031 4365 catholicm
3072 4311 3339 4366 adversus
3379 4311 3598 4366 Priscil-

1970 4403 2239 4458 lianistas.
2283 4404 2562 4457 Patronus
2603 4403 2902 4476 episcopus
2943 4404 3273 4474 subscripsi;
3304 4404 3602 4459 Marcellia-

1971 4514 2078 4550 nus
2125 4497 2420 4568 episcopus
2468 4497 2806 4568 subscripsi;
2847 4497 3096 4553 Afridius
3137 4497 3428 4568 episcopus
3465 4497 3599 4550 sub-

1972 4590 2207 4661 scripsi;
2267 4590 2448 4644 sancti
2499 4593 2556 4646 et
2612 4589 2709 4644 alii
2761 4591 3011 4663 episcopi
3068 4591 3182 4663 qui.
3220 4590 3602 4646 interfuerunt

238 4690 338 4742 aut
364 4687 460 4742 Dei
490 4687 685 4756 Patris,
701 4687 800 4741 sed
825 4691 1147 4741 creaturam
1172 4685 1269 4739 Dei
1287 4684 1576 4739 voluntate
1595 4687 1866 4740 creatam.
1889 4666 1948 4738 D
1973 4683 2229 4738 concilio.

896 4999 1292 5064 INCIPIUNT
1335 4997 1729 5063 CAPITULA
1774 4997 2108 5063 CONClLlI
2153 4998 2483 5063 SECUNDI
2527 4997 2942 5064 TOLETANI.

315 5167 364 5218 1.
398 5164 474 5218 De
506 5162 594 5217 his
637 5180 777 5235 quos
822 5167 1087 5235 parentes
1120 5163 1190 5217 ab
1219 5161 1460 5217 infantia
1491 5161 1548 5216 in
1580 5161 1874 5216 clericatus

2044 5166 2095 5217 3.
2136 5164 2204 5216 Ut
2229 5162 2421 5216 nullus
2451 5179 2484 5216 a
2523 5159 2929 5216 subdiaconatu
2970 5164 3027 5215 et
3063 5176 3236 5232 supra
3275 5161 3602 5215 extraneam

241 5257 430 5312 ofﬁcio
454 5256 941 5328 mancipaverunt,
967 5257 1008 5312 si
1036 5262 1231 5329 postea
1248 5257 1602 5312 voluntatem
1628 5255 1876 5310 habeant
1975 5256 2184 5311 habeat
2200 5255 2520 5310 mulierem.

245 5350 522 5406 nubendL

312 5547 367 5599 2.
398 5545 475 5600 De
501 5543 705 5598 clerico
726 5543 822 5616 qui
846 5543 914 5599 ad
933 5543 1105 5598 aliam
1133 5541 1336 5600 transit
1365 5542 1678 5609 ecclesiam,
1701 5544 1757 5597 et
1776 5541 1874 5613 qui

245 5653 376 5694 eum
408 5637 712 5712 receperit.

1627 5818 1802 5831 υ-ιι-ν--ο

2045 5352 2098 5404 4.
2128 5351 2199 5404 Ut
2226 5349 2502 5420 quidquid
2534 5347 2603 5404 de
2622 5348 2753 5419 jure
2780 5348 3028 5404 ecclesia:
3061 5347 3249 5403 clerici
3272 5349 3600 5414 tenuerunt,

1975 5446 2104 5514 post
2137 5442 2353 5498 obitum
2383 5459 2582 5497 eorum
2608 5442 2678 5496 ad
2705 5442 3002 5497 ecclesiam
3030 5446 3366 5498 revertatur.

2047 5541 2099 5592 5.
2133 5538 2209 5591 De
2235 5536 2324 5590 his
2349 5537 2446 5608 qui
2477 5553 2536 5590 se
2565 5536 2842 5608 proximis
2865 5536 2980 5592 suis
2999 5537 3282 5611 copulant,
3313 5537 3374 5589 ut
3397 5551 3430 5588 a
3455 5550 3603 5589 com-

1975 5629 2245 5686 munione
2274 5629 2480 5686 Christi
2507 5633 2864 5702 separentur.

1805 5816 2240 5832 σῇς-..η
