4054 6330
450 405 554 467 439

1336 407 1618 465 ΑΡΡΕΝΙ).
1658 407 1745 461 AD
1783 406 1942 461 SJEC.
1987 404 2071 460 ΙΧ.

2213 403 2462 463 lSlDORl
2499 404 2926 463 mancaroms
3331 362 3335 366 ’
3723 405 3829 462 4ίο

896 579 1312 674 INCIPIT
1383 576 2004 673 CONCILIUM
2071 569 2766 671 TOLETANUM
2835 575 3449 675 SECUNDUM

1256 737 1577 805 Habitum
1604 755 1742 803 ara
1770 755 1961 816 anv,
1993 753 2167 801 anno
2212 737 2438 822 quinto
2468 736 2796 804 Amalrz'cz‘
2821 737 3015 822 regis.

522 893 662 947 Cum
687 892 746 947 in
772 891 1063 947 voluntate
1091 890 1319 946 Domini
1346 891 1501 963 apud
1528 891 1858 945 Toletanam
1879 889 2084 945 urbem
2105 888 2391 974 Ahabeat
2416 888 2716 944 mulierem
2769 889 2857 945 vel
2894 888 3232 961 ingenuam,
3277 888 3366 943 vel
3408 888 3694 959 libertam,
3732 888 3827 946 vel

451 991 778 1041 sanctorum
833 985 1232 1058 episcoporum
1271 984 1578 1056 prasentia
1614 983 1990 1052 convenisset,
2031 987 2088 1040 et

448 1081 516 1135 de
549 1079 817 1134 institutis
847 1083 1173 1135 sanctorum
1195 1081 1430 1134 Patrum
1457 1094 1859 1150 canonumque
1889 1079 2085 1133 decre-

450 1173 524 1227 tis
551 1173 1017 1228 commemoratio
1056 1173 1382 1242 haberetur,
1425 1173 1587 1226 nobis
1625 1174 1684 1227 in
1724 1189 1903 1226 unum
1942 1172 2090 1244 posi-

444 1267 517 1321 tis
554 1267 789 1338 placuit,
819 1272 882 1322 ut
921 1268 967 1322 si
995 1269 1110 1339 qua
1136 1267 1196 1321 in
1228 1266 1477 1338 antiquis
1508 1267 1819 1321 canonibus
1848 1266 2085 1320 minime

449 1364 898 1416 commemorata
925 1364 1058 1416 sunt
1087 1360 1300 1415 salubri
1319 1363 1565 1415 tractatu
1591 1377 1653 1415 ac
1681 1361 1937 1432 diligenti
1958 1377 2087 1414 con-

447 1454 784 1511 sideratione
812 1455 1205 1510 instituantur.
1233 1454 1291 1510 Si
1313 1471 1425 1525 qua
1452 1471 1587 1509 vero
1619 1454 1678 1508 in
1708 1454 2083 1509 anterioribus

451 1548 501 1620 1
520 1547 784 1621 οδειιῐιῐ
793 1565 864 1603 ne
872 1547 1389 1620 glecta,redivivam
1402 1547 1773 1604 ordinationis
1785 1564 2084 1603 censuram

445 1643 761 1710 obtineant,
789 1645 1071 1714 quatenus
1103 1643 1240 1697 dum
1268 1643 1357 1697 his
1399 1659 1528 1714 qua
1574 1643 1633 1697 in
1673 1641 1922 1697 conciliis
1952 1646 2085 1697 sunt

447 1736 695 1805 decreta,
713 1736 816 1790 sed
829 1735 1104 1791 abusione
1123 1740 1450 1809 temporum
1467 1736 1741 1792 hactenus
1757 1734 2006 1806 dimissa,
2027 1740 2085 1792 et

444 1829 518 1883 ad
551 1830 768 1884 cultum
792 1829 928 1884 ﬁdei
950 1829 1258 1902 pertinent,
1277 1830 1529 1886 studium
1559 1830 1839 1900 religiosa
1865 1829 2084 1901 impen-

449 1923 638 1979 dimus
667 1923 1094 1992 observationis,
1124 1924 1222 1980 Dei
1247 1923 1699 1980 misericordiam
1727 1923 1943 1978 facilius
1969 1923 2080 1978 im-

447 2020 764 2090 petremus.

515 2115 644 2169 CAP.
676 2113 716 2166 Ι.
748 2113 827 2168 De
844 2111 933 2166 his
949 2129 1094 2184 quos
1122 2112 1384 2167 voluntas
1407 2115 1714 2184 parentum
1731 2128 1764 2166 a
1779 2111 1981 2184 primis
2000 2112 2084 2166 in-

441 2204 816 2261 fantiaannis
833 2205 893 2260 in
910 2206 1211 2261 clericatus
1232 2206 1421 2261 ofﬁcio
1443 2206 1528 2261 vel
1553 2205 1877 2260 monachali
1891 2205 2082 2277 posuit

2187 982 2470 1046 ancillam,
2504 983 2603 1037 sed
2633 981 2678 1037 si
2707 987 2840 1037 sunt
2869 983 2923 1038 ei
2949 981 3282 1054 hujusmodi
3334 983 3578 1050 servitia,
3627 984 3823 1054 matri,

2185 1077 2270 1131 vel
2299 1075 2499 1142 sorori,
2524 1076 2613 1131 vel
2639 1076 2732 1130 alii
2757 1076 3096 1148 propinqua
3117 1077 3432 1144 contradat,
3457 1079 3514 1132 et
3541 1076 3826 1149 quidquid

2186 1170 2301 1224 suis
2329 1170 2590 1224 manibus
2619 1170 2942 1242 perfecerit,
2975 1169 3210 1242 proprio
3237 1169 3471 1225 domino
3511 1170 3822 1228 deferatur.

2184 1265 2295 1319 Aut
2320 1263 2366 1318 si
2385 1263 2831 1336 propinquitatis
2860 1263 3140 1318 memoria
3165 1263 3339 1333 deest,
3363 1264 3594 1318 alterius
3615 1264 3824 1320 domus

2184 1357 2526 1413 adhaerentis
2579 1357 2966 1413 habitaculum
3017 1357 3342 1430 requiratur
3365 1399 3378 1426 ,
3429 1357 3567 1412 dum
3604 1358 3662 1412 in
3699 1363 3821 1413 toto

2183 1451 2357 1506 modo
2386 1451 2541 1506 nulla
2573 1450 2792 1506 occasio
2819 1450 3152 1507 introeundi
3179 1451 3414 1506 domum
3439 1451 3628 1506 clerici
3649 1452 3818 1508 femi-

2183 1561 2274 1599 na
2289 1545 2674 1616 permittatur,
2690 1545 2845 1600 unde
2868 1544 3057 1617 aliqua
3075 1545 3255 1617 possit
3272 1545 3566 1600 incurrere
3583 1546 3821 1601 noxialis

2182 1639 2350 1693 fama
2390 1638 2712 1694 innocentis
2736 1644 2932 1711 portas
2955 1639 3185 1712 injuria.
3217 1639 3363 1694 Sane
3393 1639 3656 1711 deinceps
3684 1645 3824 1712 post

2183 1733 2377 1788 datam
2396 1733 2542 1788 hanc
2567 1733 3019 1805 admonitionem
3047 1733 3291 1805 quisque
3313 1749 3512 1789 earum
3533 1734 3819 1788 consortio

2183 1827 2296 1881 frui
2351 1828 2592 1883 voluerit
2615 1795 2669 1975 ,1)
2687 1827 2914 1883 noverit
2965 1844 3024 1882 se
3073 1843 3192 1882 non
3229 1826 3413 1882 solum
3450 1845 3483 1882 a
3520 1826 3818 1882 clericatus

2185 1920 2370 1975 ofﬁcio
2395 1922 2612 1975 retrahi
2673 1922 2724 1975 el
2751 1921 3000 1975 ecclesia
3018 1921 3238 1975 foribus
3257 1920 3485 1975 exnelli.
3508 1921 3608 1975 sed
3639 1922 3818 1975 etiam

2185 1920 2370 1975 ofﬁcio
2395 1922 2612 1977 retrahi
2636 1920 2724 1977 vel
2751 1921 3000 1977 ecclesia
3018 1921 3238 1976 foribus
3257 1920 3485 1992 expelli,
3508 1921 3608 1975 sed
3639 1922 3818 1978 etiam

2183 2015 2439 2069 omnium
2503 2015 2913 2071 catholicorum
2986 2015 3321 2070 clericorum
3392 2015 3480 2070 vel
3541 2015 3818 2070 laicorum

2181 2109 2590 2164 communione
2647 2109 2878 2181 privari,
2936 2110 3093 2164 nulla
3129 2125 3359 2180 prorsus
3410 2109 3497 2164 vel
3547 2109 3818 2180 colloquii

2182 2203 2570 2258 consolatione
2606 2203 2802 2258 relicta
2841 2208 3119 2274 quatenus
3172 2203 3337 2257 mala
3389 2203 3816 2258 consuetudinis

440 2298 660 2370 pariter
686 2299 992 2354 statuimus
1015 2299 1454 2368 observandum,
1479 2302 1541 2354 ut
1559 2316 1692 2354 mox
1709 2316 1839 2353 cum
1859 2298 2082 2354 detonsi
2099 2279 2156 2351 B
2179 2297 2378 2352 abrasa
2413 2297 2618 2369 rubigo
2655 2297 2715 2352 in
2753 2296 2989 2368 posteris
3026 2296 3235 2352 radicis
3272 2313 3390 2352 sua
3433 2313 3652 2352 veneno
3690 2313 3812 2352 ser-

439 2393 530 2447 vel
563 2392 880 2447 ministerio
909 2393 1218 2449 electorum
1244 2393 1546 2448 contraditi
1574 2393 1806 2461 fuerint,
1824 2392 1884 2447 in
1906 2393 2078 2448 domo

440 2485 694 2541 ecclesia
724 2487 828 2541 sub
855 2485 1161 2558 episcopali
1192 2486 1496 2558 prasentia
1539 2504 1573 2540 a
1613 2485 1922 2558 praeposito
1972 2486 2080 2541 sibi

441 2580 686 2635 debeant
730 2554 1080 2644 erudiri.\At
1122 2554 1217 2636 ubi
1255 2583 1516 2636 octavum
1563 2554 1850 2636 decim—um
1898 2581 2078 2635 atatis

438 2691 556 2728 sua
583 2674 996 2745 compleverint
1026 2691 1264 2744 annum,
1291 2691 1487 2730 coram
1517 2675 1692 2729 totius
1718 2675 1855 2730 cleri
1876 2675 2080 2746 plebis-

437 2783 550 2838 que
579 2773 880 2840 conspectu
923 2768 1186 2824 voluntas
1227 2785 1429 2823 eorum
1473 2769 1546 2823 de
1596 2768 1913 2840 expetendo
1943 2786 2074 2824 con-

430 2861 597 2931 jugio
654 2863 724 2915 ab
782 2861 1044 2933 episcopo
1095 2865 1524 2933 perscrutetur;
1567 2861 1771 2933 quibus
1810 2862 1857 2916 si
1897 2863 2079 2934 gratia

438 2954 712 3010 castitatis
738 2956 856 3010 Deo
883 2955 1199 3026 inspirante
1227 2955 1526 3026 placuerit,
1556 2959 1612 3011 et
1639 2955 2078 3028 promissionem

437 3048 790 3102 castimonia
842 3065 960 3103 sua
1012 3048 1224 3120 absque
1275 3049 1565 3121 conjugali
1611 3049 1940 3105 necessitate
1983 3067 2073 3105 re-

440 3141 778 3212 sponderint
815 3144 1158 3211 servaturos,
1207 3143 1266 3197 hi
1309 3145 1582 3214 tanquam
1608 3144 1956 3214 appetitores
1993 3161 2076 3198 ar-

437 3235 702 3290 ctissima
733 3235 839 3290 via
876 3235 1170 3290 lenissimo
1198 3237 1423 3292 Domini
1456 3236 1599 3308 jugo
1640 3236 1978 3306 subdantur,
2010 3254 2075 3291 ac

435 3328 626 3400 primo
648 3328 1087 3385 subdiaconatus
1112 3329 1494 3385 ministerium
1516 3330 1849 3402 probatione
1877 3331 2076 3386 habita

435 3423 805 3493 professionis
835 3441 950 3479 sua
981 3441 1015 3478 a
1043 3423 1310 3480 vicesimo
1357 3441 1508 3479 anno
1554 3424 1881 3496 suscipiant.
1913 3424 2076 3489 Quod

434 3517 482 3571 si
508 3516 934 3588 inculpabiliter
956 3535 1020 3573 ac
1049 3518 1338 3574 inoffensa
1358 3518 1693 3573 vicesimum
1725 3522 1782 3573 et
1807 3519 2072 3590 quintum

433 3627 650 3666 annum
678 3611 861 3667 atatis
901 3629 1017 3667 sua
1061 3612 1419 3684 peregerint,
1463 3613 1538 3666 ad
1581 3613 1912 3667 diaconatus
1955 3612 2073 3666 ofﬁ-

433 3698 604 3772 cium,
651 3704 698 3758 si
743 3705 984 3761 scientes
1011 3705 1253 3777 implere
1303 3723 1468 3777 posse
1512 3705 1582 3759 ab
1633 3707 1897 3777 episcopo
1925 3722 2072 3760 com-

430 3798 767 3870 probentur,
830 3800 1158 3870 promoveri
1213 3800 1464 3866 debent,
1527 3799 1840 3854 cavendum
1876 3803 2071 3855 tamen

431 3895 518 3946 est
554 3890 644 3946 his
682 3908 755 3946 ne
794 3891 1027 3964 quando
1067 3908 1185 3946 sua
1224 3891 1543 3963 sponsionis
1598 3891 1966 3948 immemores
2001 3893 2072 3948 ad

430 3990 688 4039 terrenas
744 3984 970 4055 nuptias
1027 3989 1125 4040 aut
1181 3985 1467 4040 abortivos
1533 3985 1868 4040 concubitus
1923 3987 2072 4041 ultra

431 4081 750 4132 recurrant.
791 4078 954 4142 Quod
990 4077 1037 4132 si
1076 4079 1221 4132 forte
1258 4078 1519 4147 fecerint,
1561 4082 1624 4132 ut
1667 4078 1948 4150 sacrilegii
1983 4080 2070 4134 rei

434 4171 505 4226 ab
537 4171 782 4227 Ecclesia
819 4169 1141 4226 Habeantur
1179 4173 1452 4228 extranei.
1493 4172 1586 4226 His
1633 4177 1824 4228 autem
1865 4173 2069 4244 quibus

430 4266 687 4320 voluntas
697 4265 929 4337 propria
942 4266 1407 4338 interrogationis
1428 4269 1685 4338 tempore
1716 4266 2068 4322 desiderium

434 4359 690 4414 nubendi
726 4361 1092 4432 persuaserit,
1144 4377 1474 4416 concessam
1514 4360 1584 4416 ab
1623 4359 1898 4432 episc0pis
1935 4378 2063 4415 sen-

428 4453 668 4509 tentiam
725 4454 950 4510 auferre
989 4472 1106 4510 non
1144 4472 1446 4526 possumus
1475 4497 1488 4522 ,
1547 4455 1627 4509 ita
1676 4459 1736 4509 ut
1782 4460 2064 4527 provecta

427 4547 609 4603 atatis
634 4548 694 4602 in
718 4548 986 4620 conjugio
1029 4549 1199 4620 positi
1236 4549 1665 4604 renuntiaturos
1690 4566 1748 4603 se
1775 4549 1897 4620 pari
1924 4566 2062 4603 con-

425 4658 598 4697 sensu
654 4642 920 4714 operibus
970 4642 1154 4698 carnis
1208 4642 1642 4715 spoponderint,
1693 4642 1766 4696 ad
1814 4647 2063 4698 sacratos

429 4735 642 4805 gradus
668 4736 940 4808 aspirent.

498 4831 562 4884 ll.
596 4829 869 4885 Similiter
919 4830 1129 4901 placuit
1176 4830 1463 4886 custodire
1491 4847 1561 4885 ne
1607 4830 1732 4902 quis
1760 4847 1830 4886 ex
1859 4830 1937 4885 eis
1964 4830 2062 4902 qui

424 4922 522 4976 tali
580 4923 914 4978 educatione
954 4923 1296 4979 imbuuntur
1338 4923 1597 4994 qualibet
1635 4924 1929 4979 occasione
1967 4942 2057 4979 co-

2179 2406 2317 2462 pere
2342 2407 2460 2446 non
2486 2390 2681 2462 possit.

2253 2485 2337 2538 IV.
2369 2483 2428 2539 Si
2457 2484 2584 2556 quis
2604 2500 2738 2540 sane
2765 2484 3104 2540 clericorum
3149 2484 3384 2557 agellos,
3431 2485 3519 2539 vel
3562 2484 3816 2541 vineolas

2177 2577 2236 2632 in
2263 2578 2428 2633 terris
2457 2577 2705 2634 ecclesiae
2746 2578 2853 2634 sibi
2893 2578 3088 2634 fecisse
3119 2579 3393 2650 probatur
3420 2580 3810 2635 sustentandae

2176 2671 2307 2726 vita
2333 2688 2519 2742 causa,
2548 2687 2728 2745 usque
2758 2673 2827 2728 ad
2850 2673 3000 2727 diem
3027 2672 3214 2727 obitus
3239 2673 3329 2728 sui
3353 2672 3660 2744 possideat,
3684 2677 3818 2744 post

2179 2782 2346 2820 suum
2375 2781 2508 2822 vero
2541 2767 2610 2822 de
2641 2767 2750 2821 hac
2778 2767 2901 2821 luce
2929 2767 3218 2822 decessum
3243 2767 3405 2838 juxta
3429 2767 3689 2838 priorum
3719 2785 3812 2822 ca-

2176 2876 2394 2914 nonum
2445 2860 2878 2916 constitutiones
2925 2861 3020 2932 jus
3073 2876 3241 2915 suum
3297 2861 3545 2916 ecclesia
3601 2866 3814 2917 sancta

2176 2955 2454 3024 restituat,
2473 2971 2578 3009 nec
2591 2958 3002 3010 testamentum
3029 2954 3374 3010 successorio
3391 2955 3523 3026 jure
3544 2955 3812 3027 cuiquam

2175 3049 2472 3103 haredum
2513 3051 2611 3103 aut
2637 3048 3042 3120 proharedum
3081 3048 3386 3120 relinquat,
3429 3049 3539 3102 nisi
3574 3049 3810 3104 forsitan

2176 3142 2268 3197 cui
2294 3142 2592 3214 episcopus
2633 3159 2738 3214 pro
2791 3141 3028 3197 servitiis
3072 3159 3137 3198 ac
3166 3142 3526 3214 prastatione
3557 3143 3812 3198 ecclesia

2175 3236 2369 3307 largiri
2399 3235 2660 3292 voluerit.

2245 3333 2308 3385 V.
2341 3332 2482 3385 Nam
2503 3335 2560 3385 et
2589 3331 2712 3384 hac
2738 3331 3113 3402 pracavenda
3153 3330 3457 3385 salubriter
3498 3331 3806 3402 sancimus,

2174 3441 2246 3479 ne
2261 3424 2386 3495 quis
2406 3424 2658 3479 fidelium
2677 3425 3062 3498 propinquam
3083 3424 3376 3496 sanguinis
3394 3424 3480 3479 sui
3507 3443 3803 3498 usquequo

2173 3518 2463 3572 affinitatis
2490 3519 2835 3574 lineamenta
2864 3518 3091 3590 generis
3129 3519 3481 3574 successione
3519 3521 3810 3591 cognoscit

2175 3612 2233 3665 in
2261 3611 2628 3667 matrimonio
2658 3612 2765 3666 sibi
2789 3612 3071 3668 desideret
3095 3612 3364 3684 copulari,
3380 3612 3653 3684 quoniam
3677 3614 3809 3668 scri-

2172 3710 2334 3776 ptum
2362 3709 2448 3761 est
2476 3723 2489 3760 :
2527 3705 2721 3761 Omnis
2745 3707 2916 3760 homo
2943 3707 3014 3761 ad
3043 3689 3367 3778 proximam
3395 3707 3692 3777 sanguinis
3719 3708 3806 3762 sui

2171 3816 2287 3854 non
2317 3800 2564 3868 accedat,
2606 3803 2671 3854 ut
2703 3801 2916 3855 revelet
2936 3800 3348 3872 turpitudinem
3378 3800 3517 3870 ejus,
3545 3817 3652 3855 nec
3683 3801 3806 3856 sine

2172 3893 2604 3948 denuntiatione
2634 3894 2705 3949 sit
2719 3894 3036 3962 sententia,
3059 3911 3196 3948 nam
3220 3894 3389 3965 paulo
3412 3899 3537 3965 post
3557 3893 3730 3948 infert
3750 3898 3808 3949 ct

2171 3987 2307 4042 dicit
2339 4004 2352 4042 :
2384 3987 2590 4042 Anima
2621 4005 2748 4059 qua
2791 3988 2991 4043 fecerit
3019 3988 3087 4043 de
3115 3987 3637 4042 abominationibus
3687 3988 3804 4043 istis

2171 4081 2488 4152 quidpiam,
2514 4081 2724 4152 peribit
2753 4082 2822 4136 de
2853 4082 3038 4137 medio
3066 4081 3264 4153 populi
3289 4080 3397 4136 sui.
3427 4081 3480 4136 Si
3507 4081 3635 4152 quis
3663 4098 3802 4153 ergo

2169 4174 2338 4246 hujus
2367 4174 2581 4229 decreti
2612 4178 2922 4231 temerator
2955 4175 3251 4245 exstiterit,
3298 4192 3361 4230 ac
3399 4173 3638 4229 vetitum
3681 4176 3802 4230 vio-

2166 4269 2282 4323 lare
2307 4269 2762 4340 prasumpserit,
2793 4272 2950 4324 tanto
2974 4269 3224 4340 graviori
3256 4268 3539 4324 sententia
3562 4269 3806 4325 multan-

2168 4362 2307 4416 dum
2334 4379 2392 4417 se
2418 4368 2808 4434 recognoscat,
2839 4369 3051 4434 quanto
3068 4380 3194 4418 eam
3213 4363 3691 4435 prepinquiorem
3710 4364 3804 4419 cui

2166 4455 2417 4526 copulari
2447 4472 2502 4510 se
2529 4455 2736 4511 maluit
2781 4457 2928 4511 serie
2973 4457 3210 4527 originis
3236 4474 3357 4512 esse
3388 4475 3505 4512 non
3539 4457 3802 4528 ambigit,

2164 4554 2433 4620 tantoque
2483 4551 2795 4605 annosioris
2833 4551 3441 4606 excommunicationis
3477 4556 3738 4622 tempore
3771 4568 3806 4605 a

2163 4642 2367 4698 Christi
2406 4660 2642 4716 corpore
2672 4647 2728 4700 et
2761 4645 3131 4700 fraternitatis
3170 4646 3454 4700 consortio
3492 4649 3804 4717 sequestre-

2160 4743 2276 4808 tur,
2319 4743 2532 4809 quanto
2567 4739 2741 4795 fuerit
2798 4739 3218 4811 propinquioris
3267 4739 3563 4811 sanguinis
3602 4741 3800 4794 conta-

2164 4831 2330 4904 gione
2362 4833 2632 4903 pollutus.
2662 4833 2838 4904 Hujus
2864 4833 3234 4888 institutionis
3263 4833 3523 4905 regulam
3546 4833 3645 4905 qui
3673 4831 3808 4886 sub-

2162 4925 2488 4996 scripsimus
2524 4925 2901 4999 irrefregabili
2927 4927 3268 4983 auctoritate
3308 4944 3411 4982 nos
3449 4927 3801 4998 spondemus

423 5019 599 5086 gente
639 5016 927 5088 propriam
966 5018 1354 5090 relinquentes
1392 5018 1690 5072 ecclesiam
1714 5061 1727 5085 ,
1781 5019 1854 5072 ad
1892 5017 2138 5097 aliamD
2163 5023 2502 5074 servaturos.
2537 5020 2591 5075 Si
2619 5020 2745 5092 quis
2787 5025 2981 5076 autem
3025 5025 3143 5076 tam
3193 5026 3449 5076 nostram
3479 5021 3563 5076 vel
3598 5037 3800 5075 eorum

421 5110 666 5166 transire
695 5115 1062 5182 prasumant,
1095 5112 1389 5184 episcopus
1410 5128 1542 5167 vero
1583 5111 1681 5182 qui
1721 5127 1853 5166 eum
1879 5111 2056 5165 susci-

423 5218 560 5274 pere
587 5203 798 5275 absque
838 5205 1184 5261 conscientia
1210 5206 1427 5276 proprii
1469 5204 1778 5259 sacerdotis
1820 5205 2058 5260 fortasse

421 5299 870 5369 prasumpserit,
917 5299 1086 5355 totius
1133 5298 1506 5353 fraternitatis
1530 5315 1590 5352 se
1622 5315 1786 5353 reum
1814 5315 1936 5354 esse
1963 5316 2064 5354 no-

421 5390 598 5458 verit,
665 5391 795 5462 quia
849 5393 1058 5448 durum
1097 5395 1184 5446 est
1220 5396 1281 5445 ut
1321 5408 1456 5446 eum
1497 5408 1670 5463 quem
1709 5392 1850 5446 alius
1887 5393 2062 5448 rurali

423 5501 595 5539 sensu
640 5502 705 5540 ac
752 5487 969 5542 scelere
1000 5484 1255 5541 infantia
1283 5485 1462 5556 exuit,
1493 5485 1638 5540 alius
1684 5485 1965 5557 suscipere
1996 5503 2061 5542 ac

420 5578 710 5634 vindicare
736 5579 1127 5669 prasumat.\

492 5674 578 5727 IlI.
626 5673 770 5728 Illud
818 5689 950 5728 vero
994 5675 1270 5743 praterea
1319 5671 1548 5745 speciali
1577 5672 1931 5730 ordinatione
1968 5675 2063 5731 de-

421 5765 722 5832 crevimus,
766 5765 920 5836 quod
967 5781 1069 5820 nec
1113 5766 1350 5836 antiqua
1389 5766 1625 5821 concilia
1668 5769 1728 5822 in
1780 5768 2059 5823 universis

425 5857 739 5911 canonibus
791 5857 1089 5926 siluerunt,
1120 5862 1187 5913 ut
1214 5860 1402 5913 nullus
1446 5859 1782 5915 clericorum
1814 5879 1847 5914 a
1878 5861 2060 5933 gradu

427 5947 867 6003 subdiaconatus
905 5953 964 6005 et
1002 5967 1174 6022 supra
1229 5951 1286 6005 in
1338 5950 1625 6006 consortio
1663 5952 2060 6009 familiaritatis

2159 5109 2258 5180 qui
2285 5126 2436 5163 nunc
2467 5113 2673 5164 sancta
2702 5111 2920 5182 synodo
2936 5126 3004 5165 ex
3018 5110 3122 5165 hac
3152 5110 3447 5181 provincia
3467 5109 3795 5179 defuerunt,

2159 5202 2293 5257 huic
2325 5207 2440 5257 tam
2465 5203 2680 5258 salubri
2705 5203 3051 5259 ordinationi
3079 5204 3306 5259 obviare
3344 5203 3797 5275 prasumpserit,

2159 5297 2250 5351 vel
2299 5297 2532 5353 solerter
2569 5298 2884 5370 adimplere
2921 5299 3256 5370 neglexerit,
3300 5298 3589 5353 convictus
3628 5298 3800 5352 totius

2158 5390 2424 5446 fraterna
2466 5392 2758 5446 charitatis
2796 5391 3124 5463 aliquandiu
3162 5391 3435 5447 habeatur
3472 5394 3796 5446 extraneus.

2160 5485 2309 5540 Sane
2320 5485 2341 5555 j
2353 5487 2486 5540 uxta
2507 5485 2767 5556 priorum
2780 5502 3067 5541 canonum
3084 5486 3308 5542 decreta
3325 5484 3629 5540 concilium
3646 5485 3800 5557 apud

2158 5578 2390 5634 fratrem
2435 5582 2697 5634 nostrum
2727 5581 3060 5635 Montanum
3095 5580 3424 5651 episcopum
3453 5579 3500 5633 si
3526 5579 3801 5633 Dominus

2158 5673 2402 5728 voluerit
2441 5674 2702 5729 futurum
2750 5673 3210 5745 pronuntiamus.
3241 5676 3433 5746 Itaque
3475 5673 3798 5741 statuimus,

2157 5769 2224 5822 ut
2277 5766 2451 5821 frater
2501 5772 2557 5822 et
2607 5767 2978 5839 coepiscopus
3029 5772 3222 5823 noster
3258 5769 3551 5823 Montanus
3589 5767 3686 5839 qui
3738 5767 3800 5820 in

2158 5859 2460 5930 metropoli
2499 5863 2584 5914 est
2633 5861 2705 5915 ad
2753 5861 3258 5932 comprovinciales
3298 5864 3516 5917 nostros
3571 5859 3799 5914 Domini

2161 5953 2477 6008 sacerdotes
2525 5953 2740 6009 litteras
2790 5955 2860 6011 de
2909 5956 3316 6028 congreganda
3364 5955 3583 6028 synodo
3625 5954 3793 6009 adve-
