4054 6314
207 321 297 375 HI

1454 321 1924 378 DECRETALIUM
1963 323 2344 378 COLLECTIO.

3469 329 3572 384 442

209 429 402 482 nicnte
433 432 692 499 tempore
720 428 925 484 debeat
955 429 1263 484 destinare.
1300 431 1458 484 Nunc
1488 447 1624 502 ergo
1650 431 1709 485 in
1739 447 1844 485 no-
1867 430 2112 523 Anibus
2153 429 2433 503 acquievi,
2470 434 2528 485 et
2571 431 2769 502 relegi,
2817 436 2874 487 et
2923 431 3250 505 subscripsi.
3288 435 3579 491 Canonius

207 523 364 577 mine
395 521 619 576 Domini
640 522 812 577 ﬁnitis
839 523 928 577 his
949 541 1077 595 qua:
1099 524 1160 577 in
1183 523 1661 578 consultationem
1680 542 1844 579 vene-

204 619 358 685 runt,
432 617 645 688 gratias
710 616 934 687 agimus
985 616 1367 688 omnipotenti
1424 618 1570 687 Deo,
1638 618 1842 673 deinde

203 709 444 764 Domino
477 714 673 764 nostro
702 710 948 781 glorioso
972 712 1254 765 Amalrico
1297 710 1419 782 regi
1451 711 1704 766 divinam
1731 712 1839 767 cle-

204 803 484 858 mentiam
502 804 876 876 postulantes,
893 809 959 860 ut
974 805 1294 860 innumeris
1310 805 1474 875 regni
1491 805 1611 876 ejus
1631 823 1697 860 ea
1714 822 1843 876 quae

204 896 275 950 ad
295 897 515 950 cultum
536 897 667 952 ﬁdei
685 899 1026 969 perveninnt
1042 898 1353 970 peragendi
1369 899 1531 953 nobis
1550 898 1841 954 licentiam

202 992 456 1060 praestet.
481 991 777 1046 Montanus
808 991 866 1046 in
910 992 1119 1048 Christi
1160 991 1392 1047 nomine
1433 992 1728 1064 episcopus
1754 991 1842 1046 his

202 1083 708 1140 constitutionibus
740 1085 1015 1158 acquievi,
1047 1085 1227 1158 relegi
1255 1089 1314 1140 et
1342 1085 1650 1158 subscripsi
1672 1085 1762 1140 die
1785 1089 1843 1140 et

201 1194 353 1242 anno
377 1195 492 1250 quo
517 1196 706 1251 supra.
731 1180 1040 1236 Pancarius
1060 1180 1355 1253 episcopus
1381 1181 1472 1235 his
1493 1179 1842 1236 constitutio-

1946 525 2240 596 episcopus
2287 525 2611 597 subscripsi.
2655 526 2862 580 Paulus
2913 527 3210 598 episcopus
3253 529 3576 601 subscripsi.

1944 618 2302 673 Domitianus
2357 619 2653 691 episcopus
2693 617 3016 691 subscripsi.
3068 621 3411 676 Marracinus
3455 623 3577 694 epi-

1945 728 2149 782 scopus
2201 712 2522 784 subscripsi.
2575 712 2857 768 Nibridius
2907 713 3204 786 episcopus
3245 715 3576 787 subscripsi.

1942 806 2129 860 Justus
2161 804 2219 859 in
2251 805 2456 861 Christi
2477 805 2715 860 nomine
2742 806 3004 862 Ecclesiae
3025 808 3318 863 catholicas
3342 810 3580 880 Urgelli-

1942 901 2092 952 tante
2113 898 2428 970 episcopus,
2442 899 2592 953 hanc
2612 899 3081 955 constitutionem
3102 902 3575 958 consacerdotum

1941 1007 2208 1047 meorum
2240 992 2299 1046 in
2337 993 2603 1047 Toletana
2654 993 2796 1048 urbe
2829 992 3102 1063 habitam,
3126 1011 3255 1050 cum
3300 999 3431 1067 post
3470 997 3575 1050 ali-

1943 1090 2226 1156 quantum
2274 1085 2554 1156 temporis
2596 1075 2983 1157 advenissem,
3033 1088 3187 1143 salva
3233 1089 3574 1145 auctoritate

1940 1180 2260 1252 priscorum
2304 1195 2594 1234 canonum
2621 1178 2824 1250 relegi,
2854 1180 3094 1251 probavi
3139 1187 3196 1237 et
3240 1182 3568 1254 subscripsi.

667 1507 1080 1602 INCIPIT
1151 1508 1770 1604 CONCILIUM
1839 1507 2534 1604 TOLETANUM
2601 1507 3106 1604 TERTIUM

1031 1674 1114 1738 In
1142 1692 1270 1756 quo
1301 1676 1454 1738 Ανίί
1488 1675 1749 1739 haeresis
1779 1677 1850 1738 z’n
1887 1674 2214 1756 Hispania
2246 1675 2736 1739 condemnatur.

274 1832 336 1887 In
367 1830 601 1887 nomine
633 1831 866 1888 Domini
895 1833 1078 1888 nostri
1103 1835 1236 1890 Jesu
1261 1834 1468 1890 Christi
1494 1852 1646 1890 anno
1673 1837 1726 1906 4,
1746 1848 1835 1890 re-
1853 1822 1910 1894 Β
1933 1838 2066 1904 tres,
2100 1835 2174 1890 ad
2209 1835 2358 1891 hanc
2400 1853 2499 1892 vos
2526 1836 2921 1908 peragendam
2963 1837 3444 1909 congregavimus
3480 1854 3571 1910 sy-

201 1929 416 1998 gnante
446 1926 854 1998 gloriosissimo
886 1930 1057 2000 atque
1084 1927 1362 2000 piissimo,
1392 1931 1448 1984 et
1474 1930 1588 1983 Deo
1620 1929 1833 1984 ﬁdelis-

199 2019 345 2074 simo
365 2019 600 2075 domino
621 2020 904 2076 Richardo
927 2038 1080 2093 rege,
1099 2021 1189 2077 die
1205 2039 1304 2078 vui
1320 2023 1524 2078 Iduum
1542 2023 1833 2092 Maiarum,

200 2131 317 2169 tera
343 2130 625 2170 n.c.xxvn.
661 2116 790 2170 Haec
816 2119 1010 2170 sancta
1041 2117 1289 2188 synodus
1319 2118 1512 2172 habita
1549 2118 1608 2172 in
1645 2123 1837 2173 sancta

199 2207 424 2263 civitate
450 2209 614 2279 regia
642 2209 908 2264 Toletana
931 2210 1000 2264 ab
1031 2210 1308 2283 episcopis
1338 2211 1510 2266 totius
1531 2210 1832 2282 Hispaniae,

197 2301 286 2356 vel
314 2301 564 2356 Galliciaz
593 2301 691 2374 qui
718 2302 867 2357 infra
894 2302 1088 2374 scripti
1115 2307 1267 2360 sunt.

270 2396 407 2450 CAP.
438 2397 479 2449 Ι.
509 2396 650 2450 Cum
680 2412 784 2467 pro
815 2395 950 2452 ﬁdei
971 2414 1088 2452 suae
1109 2397 1428 2453 sinceritate
1450 2397 1606 2453 idem
1630 2398 1837 2470 glorio-

197 2487 451 2543 sissimus
481 2488 746 2560 princeps
777 2506 975 2545 omnes
1001 2491 1298 2562 regiminis
1332 2492 1417 2547 sui
1450 2493 1745 2564 pontiﬁces
1773 2492 1835 2546 in

196 2599 385 2637 unum
415 2582 720 2638 convenire
745 2585 1086 2652 mandasset,
1119 2588 1183 2639 ut
1211 2588 1328 2640 tam
1355 2587 1424 2641 de
1453 2586 1576 2657 ejus
1605 2603 1837 2641 conver-

196 2676 359 2731 sione
406 2692 581 2747 quam
627 2676 698 2730 de
753 2677 937 2749 gentis
980 2679 1297 2733 Gothorum
1356 2679 1724 2735 innovatione
1775 2679 1835 2734 in

198 2769 438 2824 Domino
463 2770 827 2838 exsultarent,
861 2774 916 2826 et
947 2771 1149 2827 divinae
1186 2772 1502 2844 dignationi
1539 2791 1640 2844 pro
1673 2776 1833 2828 tanto

195 2880 439 2919 munere
489 2863 699 2935 gratias
734 2867 1016 2936 agerent,
1061 2870 1410 2921 memoratus
1448 2867 1835 2922 sanctissimus

198 2957 466 3029 princeps
493 2957 569 3012 sic
599 2959 994 3014 venerandum
1039 2960 1345 3014 concilium
1384 2960 1714 3033 alloquitur,
1745 2961 1832 3016 di-

199 3067 333 3106 cens
359 3068 372 3106 :
403 3051 525 3106 Non
553 3050 911 3123 incognitum
936 3069 1068 3108 reor
1096 3069 1218 3108 esse
1266 3053 1444 3122 vobis,
1477 3053 1832 3109 reverendis-

198 3144 332 3200 simi
358 3144 701 3214 sacerdotes,
742 3146 898 3217 quod
926 3150 1163 3218 propter
1191 3147 1623 3203 instaurandam
1663 3148 1830 3203 disci-

199 3240 372 3311 plinae
402 3239 794 3294 ecclesiastica:
832 3240 1100 3310 formam,
1128 3241 1199 3296 ad
1243 3246 1454 3297 nostras
1489 3258 1587 3296 vos
1617 3241 1830 3297 sereni-

200 3333 335 3388 tatis
361 3331 728 3403 praasentiam
759 3334 1130 3404 evocaverim,
1159 3337 1216 3390 et
1247 3335 1383 3406 quia
1412 3335 1654 3390 recursis
1680 3338 1833 3391 retro

198 3426 558 3497 temporibus
583 3427 813 3483 heresis
850 3428 1164 3484 imminens
1211 3429 1272 3483 in
1306 3432 1423 3483 tota
1468 3429 1712 3483 Ecclesia
1738 3447 1831 3484 ca-

199 3520 416 3575 tholica
441 3537 612 3592 agere
638 3521 910 3593 synodica
935 3522 1172 3594 negotia
1197 3522 1537 3594 denegabat,
1562 3523 1728 3602 Deus,
1747 3523 1836 3577 cui

203 3565 416 3575 --ν-*ννν
441 3565 612 3592 *ον-ν
638 3565 688 3593 νει
706 3565 910 3576 ηννηνν·
935 3565 1172 3594 ιωῡνυ-υν
1198 3565 1537 3594 νινιινῠυιυνεη
1562 3565 1728 3591 "ww:
1747 3565 1836 3577 νυ·-

198 3614 414 3686 placuit
438 3631 543 3685 per
569 3632 672 3670 nos
700 3616 960 3687 ejusdem
989 3615 1226 3670 haeresis
1261 3616 1479 3671 obicem
1525 3616 1832 3687 depellere,
1861 3565 1870 3607 ί

201 3708 510 3763 admonuit
539 3708 610 3764 de
648 3726 810 3765 more
853 3710 1227 3766 ecclesiastico
1254 3727 1542 3782 reparare.
1575 3712 1723 3781 Ergo
1766 3710 1838 3764 sit

197 3802 355 3858 vobis
407 3803 779 3874 jucunditati,
828 3803 873 3857 si
911 3804 1120 3874 gaudio
1167 3805 1486 3876 quod-mos
1530 3803 1836 3859 canonicus

196 3901 510 3970 prospectu
557 3899 656 3954 Dei
699 3915 804 3970 per
845 3903 1100 3954 nostram
1149 3899 1392 3972 gloriam
1449 3900 1520 3955 ad
1569 3903 1836 3971 paternos

197 3992 506 4048 reducetur
552 3992 847 4048 terminos.
894 3993 1054 4048 Prius
1087 4000 1278 4050 tamen
1317 3994 1598 4050 admoneo
1624 3994 1838 4066 pariter

199 4092 256 4141 et
281 4086 553 4142 exhortor
572 4086 809 4158 jejuniis
834 4103 934 4143 vos
973 4091 1032 4143 et
1054 4088 1264 4160 vigiliis
1289 4091 1462 4159 atque
1487 4087 1837 4143 orationibus

200 4196 436 4252 operam
467 4180 604 4236 dare
633 4185 697 4236 ut
726 4181 867 4237 ordo
898 4181 1202 4237 canonicus
1239 4199 1413 4254 quem
1446 4199 1480 4237 a
1509 4182 1834 4237 sacerdota-

197 4273 350 4328 libus
379 4273 637 4329 sensibus
663 4275 986 4330 detraxerat
1011 4276 1183 4348 longa
1209 4292 1273 4330 ac
1305 4275 1574 4331 diuturna
1606 4274 1834 4345 oblivio,

198 4383 374 4438 quam
417 4373 550 4423 aetas
600 4372 797 4424 nostra
840 4386 898 4424 se
944 4370 1165 4425 nescire
1201 4370 1430 4439 fatetur,
1468 4369 1658 4424 divino
1688 4368 1837 4424 dono

198 4461 358 4517 vobis
397 4479 593 4517 rursus
634 4463 888 4534 pateﬁat.
936 4464 1021 4518 Ad
1068 4465 1189 4519 haec
1238 4467 1433 4519 autem
1463 4463 1675 4535 gratias
1722 4465 1836 4518 Deo

1854 3195 1909 3269 C

1936 1929 2254 2000 nodum,:ut
2278 1929 2349 1984 de
2377 1929 2640 1985 omnibus
2656 1947 2843 2002 nuper
2862 1929 3295 1986 advenientibus
3325 1932 3397 1986 ad
3421 1932 3576 1987 Chri-

1938 2027 2088 2078 stum
2121 2023 2226 2094 ipsi
2264 2028 2504 2079 acternas
2543 2025 2783 2078 Domino
2812 2023 3024 2095 gratias
3073 2024 3356 2080 deferatis.
3393 2025 3571 2088 Quid-

1936 2117 2073 2188 quid
2098 2133 2229 2172 vero
2271 2117 2457 2172 verbis
2489 2118 2640 2189 apud
2687 2117 3072 2172 sacerdotium
3110 2121 3360 2173 vestrum
3406 2119 3574 2173 nobis

1939 2211 2223 2281 agendum
2246 2213 2372 2266 erat
2391 2211 2459 2266 de
2484 2209 2595 2265 ﬁde
2611 2215 2783 2282 atque
2805 2227 2903 2281 spe
2923 2216 3105 2267 vestra
3123 2228 3300 2284 quam
3321 2211 3574 2282 gerimus

1935 2304 2005 2358 in.
2024 2305 2136 2359 hoc
2154 2308 2313 2359 tomo
2335 2305 2676 2376 conscripta,
2694 2307 2866 2377 atque
2884 2305 3130 2377 allegata
3153 2311 3292 2360 nota
3312 2305 3570 2371 facimus,

1934 2397 2222 2470 relegatur
2266 2399 2421 2454 enim
2469 2399 2532 2453 in
2561 2398 2750 2453 medio
2790 2398 2984 2467 vestri,
3027 2401 3084 2453 et
3126 2398 3186 2453 in
3222 2398 3440 2470 judicio
3478 2415 3568 2470 sy-

1934 2491 2125 2547 nodali
2153 2492 2474 2547 examinata
2490 2508 2596 2565 per
2614 2508 2784 2546 omne
2818 2492 3437 2563 successivumztempus
3455 2493 3572 2562 glo-

1933 2585 2084 2640 riosa
2115 2587 2310 2640 nostra
2339 2585 2595 2657 ejusdem
2620 2585 2757 2640 ﬁdei
2787 2585 3118 2641 testimonio
3147 2585 3432 2640 declarata
3461 2585 3572 2640 cla-

1934 2681 2134 2735 rescat.
2167 2679 2470 2751 Susceptus
2498 2684 2584 2734 est
2628 2683 2822 2734 autem
2867 2679 2938 2733 ab
2969 2678 3232 2734 omnibus
3252 2679 3355 2733 Dei
3380 2695 3569 2734 sacer-

1937 2773 2166 2829 dotibus
2197 2774 2476 2829 oﬁ‘erente
2527 2789 2664 2846 rege
2709 2777 3077 2828 sacrosanctae
3115 2772 3250 2829 ﬁdei
3280 2777 3489 2844 tomus,
3519 2779 3574 2828 et

1935 2867 2342 2938 pronuntiante
2370 2867 2595 2922 notario
2628 2868 2782 2922 clara
2810 2883 2946 2922 voce
2977 2866 3292 2922 recensitus
3321 2871 3426 2922 est.
3437 2847 3484 2954 /

2009 2963 2070 3015 ll.
2103 2961 2367 3026 Quamvis
2396 2963 2545 3017 Deus
2573 2961 2942 3032 omnipotens
2969 2977 3074 3032 pro
3107 2960 3442 3016 utilitatibus
3467 2979 3569 3033 po.

1933 3056 2203 3125 pulorum
2246 3055 2414 3126 regni
2464 3055 2626 3110 nobis
2670 3055 2886 3110 cultum
2935 3053 3123 3109 subire
3177 3054 3463 3125 tribuerit,
3518 3058 3576 3108 et

1933 3149 2309 3205 moderamen
2341 3149 2602 3220 gentium
2633 3165 2752 3204 non
2794 3165 3109 3220 paucarum
3158 3148 3333 3219 regite
3361 3152 3574 3204 nostrae

1935 3260 2086 3298 curae
2107 3243 2480 3311 commiserit,
2495 3243 2867 3297 meminimus
2891 3247 3088 3297 tamen
3114 3259 3221 3296 nos
3245 3241 3573 3297 mortalium

1938 3336 2266 3392 conditione
2292 3336 2625 3408 perstringi,
2667 3353 2770 3391 nec
2797 3353 2965 3407 posse
2993 3334 3324 3390 felicitatem
3366 3336 3575 3390 futurae

1935 3429 2300 3484 beatitudinis
2341 3429 2506 3484 aliter
2533 3428 2874 3500 promereri,
2922 3428 3029 3482 nisi
3078 3445 3185 3482 nos
3227 3428 3382 3483 cultu
3425 3445 3574 3484 verae

1935 3522 2070 3577 ﬁdei
2099 3525 2454 3594 reputemus,
2483 3527 2540 3577 et
2568 3521 2862 3577 Conditori
2888 3526 3080 3576 nostro
3111 3521 3306 3575 salutis
3346 3522 3571 3576 confes-

1935 3616 2097 3671 sione
2124 3633 2234 3687 qua
2281 3615 2489 3686 dignus
2533 3619 2620 3670 est
2661 3615 2783 3686 ipse
2828 3615 3176 3687 placeamus.
3209 3616 3314 3669 Pro
3353 3631 3468 3686 qua
3513 3633 3575 3670 re

1935 3714 2145 3781 quanto
2190 3708 2553 3765 subditorum
2595 3708 2777 3780 gloria
2824 3707 3002 3780 regali
3040 3707 3382 3777 extollimur,
3413 3712 3573 3764 tanto

1934 3791 2161 3876 providi
2210 3819 2330 3859 esse
2386 3802 2661 3858 debemus
2690 3802 2749 3858 in
2800 3802 2890 3858 his
2921 3819 3049 3874 qua:
3094 3819 3128 3857 a
3155 3804 3268 3858 Deo
3306 3808 3457 3872 sunt,
3489 3804 3578 3858 vel

1935 3901 2193 3953 nostram
2237 3914 2399 3970 spem
2439 3914 2650 3969 augere
2675 3939 2689 3966 ,
2738 3897 2824 3952 vel
2867 3896 3133 3968 gentibus
3175 3897 3341 3952 nobis
3382 3915 3416 3951 a
3459 3899 3573 3952 Deo

1937 3991 2168 4047 creditis
2211 3991 2527 4047 consulere.
2558 3993 2839 4047 Caeterum
2881 3990 3019 4063 quid
3071 4007 3174 4062 pro
3202 3991 3374 4046 tantis
3399 3991 3576 4048 bene-

1937 4085 2196 4141 ﬁciorum
2228 4086 2620 4142 collationibus
2643 4085 3076 4157 omnipotentiae
3103 4084 3309 4141 divinae
3324 4086 3577 4142 valemus

1938 4179 2211 4248 tribuere,
2264 4180 2494 4250 quando
2539 4179 2733 4234 omnia
2776 4178 2954 4250 ipsius
3003 4181 3154 4249 sunt,
3192 4184 3249 4234 et
3289 4179 3578 4235 bonorum
3602 4213 3626 4282 ί

1939 4278 2269 4328 nostrorum
2295 4273 2438 4326 nihil
2467 4278 2653 4344 egeat,
2676 4272 2787 4326 nisi
2812 4279 2878 4328 ut
2905 4272 2962 4326 in
2993 4289 3125 4328 eum
3155 4271 3234 4328 sic
3263 4276 3384 4329 tota
3405 4275 3578 4329 devo-

1937 4368 2092 4422 tione
2155 4366 2481 4434 credamus,
2537 4365 3031 4438 quemadmodum
3080 4383 3184 4438 per
3258 4366 3577 4440 Scripturas

1939 4477 2122 4516 sacras
2153 4478 2212 4514 se
2245 4460 2367 4531 ipse
2397 4458 2640 4531 intelligi
2688 4459 2882 4529 voluit,
2916 4462 2973 4515 et
3010 4460 3161 4515 credi
3188 4461 3476 4531 praecepit,
3519 4461 3580 4516 id

205 4558 464 4627 agentes,
495 4561 551 4612 et
581 4556 1003 4629 religiosissimo
1028 4557 1270 4630 principi
1302 4557 1563 4612 universo
1598 4556 1922 4642 concilioD
1946 4557 2050 4624 est,
2087 4557 2150 4608 ut
2194 4553 2570 4608 conﬁteamur
2617 4569 2738 4608 esse
2780 4555 3010 4608 Patrem
3056 4553 3156 4624 qui
3201 4545 3466 4624 genuerit
3509 4571 3581 4610 ex

204 4649 265 4704 in
294 4649 562 4705 laudibus
590 4651 963 4723 acclamante,
992 4652 1324 4707 triduanum
1360 4656 1442 4706 est
1474 4651 1676 4706 exinde
1705 4669 1845 4723 prae-

206 4737 460 4798 dicatum
479 4744 785 4816 jejunium.
815 4746 918 4801 Sed
947 4763 1078 4801 cum
1109 4745 1200 4800 die
1231 4750 1425 4800 octava
1451 4744 1657 4800 Iduum
1683 4745 1846 4800 Maia~

205 4853 340 4893 rum
386 4838 447 4893 in
486 4856 668 4894 unum
709 4845 917 4895 coetum
967 4838 1068 4896 Dei
1112 4840 1429 4896 sacerdotes
1473 4839 1755 4907 adessent,
1789 4843 1847 4894 et

207 4932 473 4988 oratione
496 4933 803 5004 prazmissa,
823 4935 1217 5007 unusquisque
1238 4934 1601 4989 sacerdotum
1617 4949 1848 5003 compe-

206 5026 352 5082 tenti
383 5027 511 5082 loco
549 5027 873 5099 resedisset,
907 5045 1036 5084 ecce
1073 5029 1133 5083 in
1177 5028 1369 5084 medio
1425 5044 1622 5082 eorum
1664 5026 1849 5081 adfuit

210 5121 609 5176 serenissimus
637 5119 904 5195 princeps
932 5140 1105 5196 seque
1148 5139 1279 5178 cum
1317 5121 1416 5177 Dei
1460 5119 1848 5176 sacerdotibus

211 5213 460 5270 orationi
486 5215 932 5287 communicans,
968 5217 1160 5272 divino
1185 5216 1423 5271 ﬂamine
1451 5216 1655 5287 plenus
1676 5215 1754 5270 sic
1776 5214 1848 5269 ad
1880 5227 1888 5287 ἶ

210 5308 567 5381 loquendum
620 5326 848 5366 exorsus
896 5313 998 5378 est,
1063 5309 1256 5366 dicens
1315 5326 1329 5362 :
1384 5311 1510 5364 Non
1567 5309 1848 5365 credimus

210 5407 456 5458 vestram
502 5403 682 5458 latere
723 5404 1084 5459 sanctitatem
1135 5408 1346 5476 quanto
1377 5406 1641 5475 tempore
1668 5401 1729 5456 in
1758 5418 1846 5457 er-

211 5512 337 5551 rore
363 5496 706 5552 Arianorum
754 5498 1068 5554 laborasset
1097 5498 1380 5570 Hispania,
1414 5499 1472 5552 et
1495 5514 1610 5553 non
1639 5495 1851 5550 multos

213 5595 340 5661 post
389 5589 688 5647 decessum
731 5592 1006 5665 genitoris
1052 5592 1233 5648 nostri
1287 5592 1444 5661 dies,
1492 5590 1698 5663 quibus
1748 5605 1852 5644 nos

214 5687 400 5740 vestra
445 5685 740 5741 beatitudo
795 5686 928 5742 ﬁdei
992 5690 1200 5742 sanctae
1249 5686 1537 5742 catholicae
1583 5683 1854 5756 cognovit

214 5793 333 5834 esse
385 5778 648 5834 sociatos.
703 5781 1002 5837 Credimus
1058 5781 1403 5852 generaliter
1447 5795 1751 5850 magnum,
1796 5780 1856 5833 et

217 5873 499 5929 aeternum
527 5873 800 5948 gaudium
831 5874 1116 5946 habuisse,
1146 5880 1203 5930 et
1223 5874 1370 5946 ideo,
1393 5873 1702 5931 venerandi
1753 5887 1851 5945 pa-

1945 4647 2256 4704 substantia
2288 4663 2388 4702 sua
2417 4646 2623 4700 Filium
2653 4646 2758 4700 sibi
2790 4651 2848 4701 et
2877 4649 3226 4718 cozequalem
3252 4652 3310 4702 et
3339 4653 3576 4704 coaeter-

1944 4760 2105 4798 num.
2134 4743 2256 4796 Non
2284 4743 2478 4796 tamen
2519 4743 2586 4795 ut
2614 4739 2767 4794 idem
2810 4739 2930 4811 ipse
2963 4741 3038 4794 sit
3063 4746 3227 4796 natus
3266 4741 3576 4814 ingenitus,

1946 4837 2046 4891 sed
2075 4852 2322 4908 persona
2351 4833 2495 4890 alius
2525 4834 2596 4889 sit
2620 4835 2787 4889 Pater
2826 4834 2922 4905 qui
2958 4835 3176 4906 genuit,
3211 4835 3355 4891 alius
3382 4837 3453 4892 sit
3491 4838 3579 4892 Fi-

1946 4930 2056 4985 lius
2082 4930 2182 5002 qui
2207 4929 2380 4985 fuerit
2410 4933 2734 5000 generatus,
2767 4928 2934 4983 unius
2959 4934 3151 4984 tamen
3177 4935 3419 5003 utraque
3449 4932 3578 4988 sub-

1946 5024 2166 5080 stantiae
2189 5024 2246 5078 in
2265 5022 2555 5078 divinitate
2582 5021 2865 5090 subsistat,
2883 5023 3050 5077 Pater
3070 5039 3142 5078 ex
3161 5040 3272 5096 quo
3295 5025 3366 5082 sit
3385 5026 3577 5095 Filius,

1945 5118 2065 5190 ipse
2090 5135 2223 5173 vero
2249 5134 2314 5172 ex
2347 5117 2502 5171 nullo
2533 5117 2603 5171 sit
2632 5116 2763 5170 alio.
2794 5115 2962 5170 Filius
2982 5116 3078 5188 qui
3105 5117 3313 5173 habeat
3338 5121 3578 5190 Patrem,

1949 5213 2048 5268 sed
2063 5212 2184 5268 sine
2197 5211 2360 5266 initio
2375 5214 2431 5266 et
2442 5209 2825 5264 diminutione
2841 5209 2901 5264 in
2915 5227 2982 5264 ea
2993 5227 3106 5282 qua
3117 5212 3271 5268 Patri
3285 5217 3584 5288 comqualis

1948 5309 2005 5361 et
2030 5309 2347 5360 coaeternus
2369 5307 2454 5358 est
2483 5302 2774 5358 divinitate
2795 5302 3083 5361 subsistat.
3099 5306 3341 5378 Spiritus
3360 5327 3584 5381 quoque

1950 5404 2176 5455 sanctus
2201 5397 2556 5453 conﬁtendus
2582 5413 2616 5451 a
2645 5397 2807 5450 nobis
2833 5401 2890 5452 et
2917 5399 3312 5470 praedicandus
3349 5421 3380 5458 a
3418 5406 3583 5459 Patre

1950 5510 2092 5560 esse,
2127 5495 2184 5548 et
2209 5491 2349 5547 Filio
2371 5491 2701 5562 procedere,
2731 5495 2789 5546 et
2817 5508 2947 5546 cum
2974 5493 3138 5548 Patre
3170 5501 3226 5551 et
3255 5497 3392 5551 Filio
3414 5498 3582 5552 unius

1951 5603 2070 5643 esse
2099 5585 2446 5640 substantias.
2498 5583 2747 5639 Tertiam
2787 5601 2922 5640 vero
2952 5584 3013 5640 in
3041 5587 3295 5644 trinitate
3343 5589 3584 5660 Spiritus

1952 5680 2134 5736 sancti
2179 5696 2298 5734 esse
2338 5694 2666 5751 personam,
2717 5678 2815 5750 qui
2876 5683 3069 5735 tamen
3119 5681 3583 5739 communionem

1951 5775 2123 5830 habet
2165 5790 2297 5829 cum
2344 5774 2518 5828 Patre
2542 5777 2600 5828 et
2650 5773 2791 5828 Filio
2830 5773 3136 5828 divinitatis
3161 5774 3424 5829 essentia.
3458 5778 3586 5832 Haec

1955 5869 2110 5926 enim
2184 5869 2381 5924 sancta
2464 5866 2705 5923 Trinitas
2756 5883 2904 5923 unus
2957 5869 3042 5923 est
3094 5867 3258 5936 Deus,
3311 5868 3480 5925 Pater
3529 5875 3588 5932 et
