4054 6320
451 332 553 389 443

1344 326 1627 387 ΑΡΡΕΝΙ).
1668 326 1755 386 Al)
1793 330 1952 385 SJ'IC.
1995 328 2083 385 IX.
2117 359 2186 368 ——-
2226 330 2471 386 lSlDORl
2510 328 2935 386 MERCATORIS

3715 320 3820 381 444

456 442 629 496 Filius
681 446 740 495 et
784 434 1022 511 Spiritus
1066 441 1309 508 sanctus,
1340 439 1502 509 cuius
1541 439 1793 494 bonitate
1836 438 2086 494 hominis
2107 440 2265 524 Alio
2311 443 2369 494 et
2417 440 2551 494 ideo
2601 444 2873 511 tanquam
2917 442 3050 492 ante
3098 439 3464 508 conspectum
3506 434 3608 489 Dei
3649 434 3727 488 ita
3762 434 3823 488 in

454 534 590 589 licet
635 534 788 588 bona
837 533 909 587 sit
961 532 1188 588 condita
1240 535 1533 599 creatura,
1583 548 1688 603 per
1733 535 2085 604 assumptam

2187 533 2379 588 medio
2404 533 2574 588 vestri
2603 534 2777 587 ﬁdem
2799 548 2987 587 meam
3009 547 3186 603 quam
3210 529 3423 602 protuli
3444 528 3705 584 conscius
3730 527 3829 581 ad-

457 632 657 682 tamen
683 644 718 681 a
750 627 888 682 Filio
913 626 1151 681 humani
1202 624 1429 679 habitus
1478 624 1728 679 formam
1760 643 1793 679 a
1819 626 2088 680 damnata
2186 626 2423 681 modum
2454 626 2754 682 sententia
2787 624 3031 681 dicentis
3066 643 3081 680 :
3114 625 3236 679 Non
3276 622 3453 678 celavi
3494 621 3825 677 misericor-

457 720 731 792 progenie
755 720 1142 774 reformamur
1181 717 1253 772 ad
1302 717 1711 773 beatitudinem
1741 718 2086 789 pristinam;

2189 720 2346 775 diam
2382 724 2543 775 tuam
2583 737 2617 773 a
2660 719 3101 791 congregatione
3131 718 3330 772 multa.
3357 716 3454 771 Vel
3501 713 3828 787 apostolum

459 815 559 869 sed
606 813 751 867 sicut
790 828 938 867 vera
981 812 1176 867 salutis
1220 811 1496 866 indicium
1543 814 1629 867 est
1675 812 1991 867 trinitatem
2028 812 2088 866 in
2186 815 2425 869 Paulum
2464 813 2761 869 Timotheo
2798 812 3075 885 discipulo
3114 810 3546 883 pracipientem
3585 808 3825 864 audivi:

460 906 509 979 1
525 905 646 979 07
667 905 885 961 unitate
900 910 958 960 et
976 905 1251 960 unitatem
1271 904 1329 960 in
1346 905 1619 960 Trinitate
1644 905 1873 974 sentire,
1888 906 1965 960 ita
1983 905 2091 960 erit

459 1004 856 1055 consummata
882 999 1187 1067 sententia,
1216 999 1264 1069 si
1295 998 1498 1053 eadem
1528 999 1680 1054 intra
1710 999 2089 1053 universalem

460 1093 765 1149 Ecclesiam
821 1098 1138 1162 teneamus,
1186 1096 1245 1147 et
1288 1092 1652 1164 apostolicam
1701 1093 1977 1164 unitatem
2030 1092 2090 1147 in

457 1186 762 1259 apostolico
790 1187 959 1258 positi
984 1187 1361 1242 fundamento
1401 1186 1950 1259 servemus.fl‘amen
1996 1202 2092 1240 vos

458 1281 557 1335 Dei
580 1282 900 1336 sacerdotes
918 1280 1245 1335 meminisse
1266 1284 1509 1352 oportet,
1527 1280 1755 1351 quantis
1773 1280 1885 1334 huc
1907 1296 2089 1350 usque

460 1375 702 1430 Ecclesia
732 1374 1002 1429 catholica
1027 1390 1130 1445 per
1173 1373 1469 1444 Hispanias
1507 1390 1714 1428 aversa
1742 1373 1923 1445 partis
1964 1389 2089 1427 mo-

458 1468 637 1523 lestiis
665 1468 1022 1535 laboraverit,
1052 1467 1189 1522 dum
1234 1472 1291 1522 et
1316 1466 1573 1521 catholici
1601 1470 1932 1521 constanter
1960 1465 2092 1520 ﬁdei

459 1579 577 1616 sua
606 1564 871 1617 tenerent
901 1577 965 1615 ac
992 1559 1371 1615 defenderent
1402 1560 1707 1630 unitatem,
1738 1564 1797 1614 et
1839 1559 2092 1615 haretici

459 1654 825 1727 pertinaciori
868 1654 1226 1709 animositate
1276 1653 1523 1725 propriae
1568 1651 1887 1709 niterentur
1923 1653 2092 1725 perﬁ-

463 1748 573 1802 diae
613 1764 843 1819 quoque
884 1750 949 1801 ut
989 1764 1082 1802 res
1120 1747 1242 1819 ipsa
1283 1747 1559 1818 conspicit
1600 1748 1781 1801 calore
1827 1746 1958 1801 ﬁdei
1999 1762 2091 1800 ac-

2191 929 2220 958 ‹‹
2250 908 2412 962 Certa
2453 907 2668 962 bonum
2713 909 3003 961 certamen
3047 903 3202 973 ﬁdei,
3237 901 3608 976 apprehende
3649 901 3829 956 vitam

2190 1005 2467 1055 aternam
2506 999 2567 1053 in
2600 1016 2711 1071 qua
2735 1002 2964 1054 vocatus
3009 1014 3089 1066 es,
3118 997 3407 1053 confessus
3443 996 3657 1050 bonam
3685 1010 3826 1048 con-

2190 1094 2496 1149 fessionem
2538 1110 2732 1149 coram
2772 1092 2968 1148 multis
2996 1091 3237 1147 testibus
3282 1091 3323 1161 (1
3356 1093 3522 1169 .Tim.
3543 1105 3619 1157 vI,
3656 1089 3762 1160 t2).
3798 1109 3826 1137 n

2192 1189 2329 1242 Vera
2356 1192 2441 1241 est
2459 1187 2613 1242 enim
2641 1186 3035 1258 Redemptoris
3053 1185 3235 1240 nostri
3267 1201 3333 1239 ex
3360 1182 3668 1255 Evangelio
3705 1198 3832 1236 sen-

2190 1281 2370 1335 tentia
2401 1297 2511 1351 qua
2540 1301 2566 1331 «
2590 1281 2962 1335 conﬁtentem
2997 1296 3057 1333 se
3084 1295 3282 1333 coram
3311 1276 3638 1332 hominibus
3657 1274 3830 1330 conﬁ-

2192 1374 2299 1428 teri
2332 1373 2469 1429 dicit
2512 1390 2701 1428 coram
2730 1375 2915 1441 Patre,
2950 1377 3005 1428 et
3044 1374 3356 1443 negantem
3387 1388 3447 1425 se
3477 1386 3599 1426 esse
3641 1385 3826 1440 nega-

2192 1471 2389 1523 turum
2423 1467 2635 1536 (Matth.
2660 1484 2715 1536 γ,
2752 1467 2860 1539 33).
2893 1489 2921 1515 »
2970 1466 3211 1537 Expedit
3251 1464 3405 1520 enim
3434 1463 3600 1519 nobis
3639 1462 3698 1517 id
3729 1478 3829 1517 ore

2193 1561 2448 1633 proﬁteri
2488 1560 2642 1632 quod
2683 1558 2967 1615 credimus
3012 1558 3203 1627 corde,
3251 1557 3563 1613 secundum
3607 1556 3830 1611 caleste

2190 1655 2549 1722 mandatum,
2582 1671 2694 1726 quo
2741 1653 2949 1709 dicitur
2975 1669 2990 1708 :
3027 1674 3055 1704 «
3086 1652 3264 1710 Corde
3296 1651 3451 1708 enim
3477 1648 3732 1705 creditur
3757 1649 3829 1702 ad

2189 1748 2488 1819 justitiam,
2517 1764 2615 1804 ore
2639 1752 2835 1803 autem
2861 1746 3142 1802 confessio
3170 1745 3237 1800 ﬁt
3277 1745 3349 1801 ad
3379 1745 3623 1800 salutem
3652 1745 3828 1815 (Rom.

462 1857 699 1897 censum
729 1841 786 1895 in
815 1842 925 1895 hoc
952 1840 1230 1895 Dominus
1250 1840 1529 1909 excitavit,
1559 1845 1626 1895 ut
1653 1840 1882 1912 depulsa
1916 1839 2091 1895 obsti-
2114 1825 2171 1896 B
2194 1859 2248 1909 x,
2288 1842 2395 1914 10).
2445 1863 2473 1891 ››
2523 1840 2767 1896 Proinde
2803 1841 2947 1896 sicut
2987 1839 3414 1895 anathematizo
3456 1837 3657 1893 Arium
3696 1852 3830 1891 cum

462 1935 693 1991 natione
736 1933 1106 2002 inﬁdelitatis,
1136 1937 1195 1988 et
1230 1934 1529 1989 discordia
1584 1934 1850 1989 submoto
1880 1933 2091 2001 furore,

461 2029 736 2101 populum
787 2028 887 2100 qui
933 2028 1035 2082 sub
1084 2027 1319 2083 nomine
1377 2027 1673 2099 religionis
1712 2027 2097 2082 famulahatur

464 2123 662 2192 errori,
675 2122 746 2177 ad
765 2122 1125 2193 agnitionem
1144 2120 1277 2176 ﬁdei
1295 2124 1352 2176 et
1367 2121 1626 2177 Ecclesia
1648 2121 1946 2177 catholica
1967 2137 2098 2176 con-

464 2217 705 2271 sortium
730 2232 1078 2271 revocarem.
1111 2215 1288 2270 Adest
1315 2214 1471 2270 enim
1504 2215 1692 2270 omnis
1720 2232 1864 2287 gens
1888 2215 2093 2271 Gotho-

464 2327 597 2366 rum
621 2310 834 2381 inclyta
860 2312 919 2364 et
958 2309 1077 2364 fere
1105 2308 1368 2363 omnium
1419 2309 1677 2380 gentium
1726 2308 1994 2363 virilitate
2023 2308 2095 2362 il-

2196 1936 2465 1991 omnibus
2489 1935 2857 2007 dogmatibus
2879 1939 2935 1990 et
2959 1934 3331 2007 complicibus
3356 1931 3491 2001 suis,
3508 1931 3605 2003 qui
3631 1930 3835 2003 unige-

2193 2030 2379 2085 nitum
2420 2029 2522 2084 Dei
2560 2029 2766 2084 Filium
2814 2046 2845 2083 a
2893 2034 3129 2101 paterna
3157 2028 3503 2100 degenerem
3542 2024 3835 2080 asserebat

2196 2140 2316 2179 esse
2344 2123 2677 2192 substantia,
2710 2140 2813 2178 nec
2840 2139 2874 2177 a
2901 2124 3063 2178 Patre
3091 2121 3371 2192 genitum,
3402 2119 3504 2175 sed
3535 2136 3606 2174 ex
3647 2118 3831 2173 nihilo

2197 2217 2424 2273 dicebat
2447 2234 2566 2273 esse
2593 2222 2870 2284 creatum,
2894 2216 2983 2272 vel
3009 2215 3207 2271 omnia
3238 2213 3471 2270 consilia
3508 2212 3830 2284 malignan-

2197 2312 2339 2367 tium
2368 2326 2496 2383 qua
2523 2312 2789 2366 adversus
2819 2315 3073 2365 sanctam
3113 2309 3398 2382 synodum
3432 2307 3716 2362 Nicanam
3744 2307 3831 2361 in-

464 2405 724 2471 lustrata,
743 2419 870 2474 qua
902 2403 1035 2457 licet
1060 2418 1294 2457 suorum
1321 2402 1600 2474 pravitate
1620 2402 1913 2457 doctorum
1938 2401 2099 2457 aﬁde
2198 2406 2525 2475 stituerunt,
2553 2405 2632 2460 ita
2674 2404 2735 2459 in
2763 2404 3040 2460 honorem
3086 2406 3145 2457 et
3172 2403 3231 2457 in
3266 2402 3493 2457 laudem
3533 2400 3628 2456 Dei
3660 2400 3835 2455 ﬁdem

466 2499 742 2553 hactenus
766 2496 853 2550 vel
880 2496 1097 2550 unitate
1121 2495 1292 2550 fuerit
1322 2495 1580 2551 Ecclesia
1606 2495 1894 2551 catholica
1915 2511 2101 2567 segre-
2198 2510 2449 2555 sanctam
2488 2498 2698 2553 Nicani
2725 2498 2959 2553 observo
2998 2496 3240 2564 concilii,
3271 2499 3329 2550 et
3361 2496 3583 2551 honoro
3609 2511 3677 2550 ea
3705 2510 3835 2566 qua

470 2594 623 2661 gata,
665 2593 789 2645 toto
837 2604 990 2643 nunc
1034 2592 1227 2644 tamen
1263 2589 1437 2646 modo
1482 2605 1712 2646 assensu
1752 2589 2103 2644 concordans
2201 2598 2401 2650 contra
2433 2597 2599 2648 recta
2630 2592 2760 2647 fidei
2790 2593 3059 2647 eumdem
3088 2594 3307 2663 pestem
3327 2589 3527 2645 Arium
3556 2590 3839 2644 trecentos

396 2694 416 2779 1
467 2686 588 2756 ejus
606 2683 868 2738 Ecclesia
893 2682 1284 2738 communioni
1304 2683 1695 2755 participatur,
1711 2700 1840 2754 qua
1861 2683 2103 2738 diversa-
2200 2704 2331 2743 rum
2362 2686 2564 2741 decem
2607 2690 2663 2741 et
2706 2690 2832 2741 octo
2861 2689 3058 2741 sancta
3087 2682 3420 2757 episcopalis
3449 2681 3672 2754 scripsit
3696 2697 3835 2753 syn-

468 2794 599 2832 rum
630 2777 892 2848 gentium
918 2776 1349 2831 multitudinem
1374 2780 1637 2832 materno
1662 2777 1721 2831 in
1750 2776 1877 2832 sinu
1925 2777 2098 2832 susci-
2204 2781 2365 2836 odus.
2420 2780 2744 2852 Amplector
2808 2779 3001 2851 itaque
3051 2784 3107 2833 et
3158 2784 3327 2834 teneo
3368 2776 3542 2832 ﬁdem
3603 2781 3837 2831 centum

469 2871 574 2943 pit,
606 2876 663 2925 et
688 2869 980 2924 charitatis
1011 2869 1281 2924 uberibus
1313 2870 1510 2937 nutrit,
1556 2871 1625 2925 de
1676 2887 1788 2941 qua
1828 2871 2104 2942 propheta
2203 2875 2614 2947 quinquaginta
2645 2874 3041 2945 episcoporum
3068 2869 3554 2942 Constantinopoli
3589 2886 3832 2940 congrc.

474 2963 985 3030 canente,dicitur:
1008 2985 1036 3013 ‹‹
1058 2964 1270 3018 Domus
1290 2980 1417 3018 mea
1431 2964 1635 3018 domus
1653 2964 1924 3019 orationis
1944 2980 2104 3019 voca-
2206 2973 2490 3040 gatorum,
2517 2966 2613 3039 qui
2644 2966 3034 3022 Macedonium
3082 2965 3323 3037 Spiritus
3350 2963 3529 3019 sancti
3572 2962 3838 3017 substan-

472 3058 628 3112 bitur
653 3057 870 3128 (Matth.
899 3072 1012 3124 xxx,
1046 3060 1126 3127 13)
1157 3076 1185 3109 ››
1215 3058 1483 3112 omnibus
1503 3057 1791 3128 gentibus.
1819 3059 1931 3112 Nec
1952 3057 2104 3112 enim
2207 3062 2345 3117 tiam
2372 3061 2754 3116 minorantem
2788 3064 2845 3115 et
2886 3078 2920 3115 a
2946 3059 3128 3115 Patris
3155 3064 3212 3114 et
3242 3058 3362 3113 Filii
3386 3057 3603 3112 unitate
3652 3059 3711 3111 et
3751 3072 3837 3110 es.

476 3152 597 3206 sola
622 3151 935 3206 Gothorum
967 3150 1261 3206 conversio
1290 3151 1362 3206 ad
1398 3152 1689 3205 cumulum
1713 3154 1922 3207 nostra
1949 3168 2103 3206 mer-
2127 3198 2181 3271 Ο
2208 3155 2389 3211 sentia
2422 3159 2822 3227 segregantem
2849 3155 3053 3226 jugulo
3084 3152 3336 3209 veritatis
3376 3150 3689 3207 interemit.
3718 3150 3841 3204 Pri-

480 3244 627 3271 ηυδε-
657 3244 867 3271 --ι-,λεδ
919 3243 1173 3271 κηεηενκη
1220 3248 1270 3271 ,ι
1310 3245 1619 3271 ρηιιπλωην.
1658 3244 1840 3271 κληιζ-
1886 3244 2101 3271 ἕκαηει..
2210 3268 2311 3271 ,μ-
2371 3266 2586 3271 .__-__-_-
2632 3249 2933 3271 n_1_--:_...
2964 3246 3160 3271 -___-.J:
3193 3244 3357 3271 32.1-...
3416 3262 3540 3271 κη...
3569 3244 3839 3271 ...παι-κη...

476 3244 630 3300 cedis
655 3244 888 3315 accedit,
916 3243 1174 3316 quinimo
1217 3248 1273 3299 et
1310 3245 1623 3300 Suevorum
1655 3244 1842 3317 gentis
1886 3244 2107 3300 inﬁnita
2128 3243 2181 3271 υ
2207 3268 2315 3305 ma
2364 3266 2591 3321 quoque
2632 3249 2936 3320 Ephesina
2962 3246 3165 3320 synodi
3193 3244 3382 3316 ﬁdem,
3413 3262 3542 3317 qua
3567 3244 3842 3299 adversus

477 3337 786 3395 multitudo
812 3380 826 3407 ,
877 3355 1051 3410 quam
1112 3337 1375 3410 prasidio
1423 3339 1636 3393 caelesti
1684 3342 1881 3394 nostro
1929 3356 2107 3410 regno
2207 3341 2527 3398 Nestorium
2556 3342 2797 3414 ejusque
2826 3340 3143 3397 doctrinam
3169 3340 3283 3395 lata
3308 3344 3410 3409 est,
3431 3338 3601 3393 credo
3628 3337 3843 3410 pariter

476 3431 819 3504 subjecimus
844 3432 1031 3487 alieno
1047 3432 1267 3505 judicio
1294 3432 1354 3487 in
1382 3432 1646 3487 haresim
1670 3432 1994 3503 deductam,
2013 3450 2109 3487 no-

478 3533 594 3582 stro
636 3532 827 3582 tamen
872 3527 944 3582 ad
973 3527 1225 3582 veritatis
1270 3526 1554 3598 originem
1593 3527 1779 3582 studio
1819 3527 2105 3582 revocavi-

477 3639 627 3676 mus.
675 3621 934 3691 Proinde,
960 3620 1298 3676 sanctissimi
1338 3625 1547 3693 patres,
1580 3621 1679 3675 has
1728 3621 2109 3676 nobilissimas

481 3718 684 3787 gentes
712 3731 839 3786 qua
866 3714 1037 3769 lucris
1079 3714 1277 3785 gratia
1325 3731 1430 3785 per
1455 3731 1560 3769 nos
1601 3714 1911 3769 Dominicis
1936 3714 2110 3787 appli-

480 3815 615 3864 cata
661 3813 813 3875 sunt,
840 3807 1001 3879 quasi
1032 3812 1308 3877 sanctum,
1352 3810 1411 3861 et
1454 3807 1727 3878 placabile
1774 3807 2111 3863 sacriﬁcium

479 3918 583 3973 per
628 3903 838 3955 vestras
881 3916 1085 3953 manus
1121 3902 1338 3954 aterno
1388 3900 1500 3954 Deo
1551 3899 1747 3954 oﬁ‘ero.
1794 3900 1913 3954 Erit
1955 3900 2111 3955 enim

481 3993 626 4049 mihi
660 3992 1141 4047 immarcessibilis
1175 4008 1382 4046 corona
1418 3993 1505 4047 vel
1550 3992 1827 4062 gaudium
1855 3993 1915 4047 in
1942 3995 2108 4049 retri-

479 4086 719 4142 butione
743 4086 1050 4157 justorum,
1081 4085 1127 4140 si
1157 4085 1218 4140 hi
1247 4085 1444 4157 populi
1474 4085 1571 4157 qui
1596 4088 1791 4141 nostra
1818 4087 1889 4142 ad
1916 4087 2108 4143 unita-

481 4182 601 4236 tem
630 4178 897 4234 Ecclesia
933 4179 1161 4235 solertia
1190 4178 1638 4235 transcurrerint
1663 4180 1883 4236 fundati
1919 4181 1979 4236 in
2010 4198 2109 4238 ea-

484 4275 618 4330 dem
660 4277 719 4328 et
777 4272 1007 4329 stabiliti
1065 4279 1462 4344 permaneant.
1511 4274 1665 4329 Sicut
1707 4274 1859 4328 enim
1917 4275 2109 4332 divino

482 4374 626 4425 nutu
674 4370 883 4423 nostrae
924 4383 1071 4422 cura
1123 4368 1231 4423 fuit
1273 4368 1376 4423 hos
1420 4368 1656 4441 populos
1702 4369 1776 4423 ad
1829 4371 2110 4427 unitatem

481 4462 687 4521 Christi
712 4466 771 4517 et
795 4462 1051 4518 Ecclesia
1086 4462 1440 4534 pertrahere,
1472 4463 1548 4517 ita
1596 4462 1667 4517 sit
1708 4467 1910 4518 vestra
1954 4465 2108 4520 doci-

2208 3441 2265 3493 et
2286 3437 2527 3492 honoro.
2555 3436 2829 3492 Similiter
2847 3441 2904 3490 et
2929 3433 3401 3490 Chalcedonensis
3421 3432 3646 3488 concilii
3664 3431 3841 3487 ﬁdem

2209 3548 2380 3603 quam
2408 3533 2578 3602 plena
2608 3530 2902 3585 sanctitate
2936 3532 2994 3583 et
3040 3527 3359 3583 eruditione
3389 3527 3655 3581 adversus
3681 3524 3841 3579 Euti-

2209 3642 2334 3680 cem
2363 3630 2420 3681 et
2455 3625 2780 3681 Dioscorum
2813 3622 3071 3695 protulit,
3105 3638 3236 3676 cum
3274 3620 3516 3675 Ecclesia
3566 3617 3846 3674 catholica

2209 3722 2539 3774 reverenter
2564 3718 2829 3790 suscipio.
2860 3717 3131 3773 Omnium
3154 3732 3382 3788 quoque
3403 3713 3843 3769 orthodoxorum

2209 3812 2615 3867 venerabilium
2648 3812 3000 3867 sacerdotum
3038 3810 3281 3865 concilia
3308 3825 3433 3881 qua
3458 3807 3527 3862 ab
3567 3807 3704 3879 ipsis
3747 3824 3841 3861 su-

2209 3925 2313 3980 pra
2342 3906 2565 3977 scriptis
2592 3910 2840 3977 quatuor
2855 3904 3087 3977 synodis
3116 3903 3249 3959 ﬁdei
3271 3901 3515 3974 puritate
3537 3918 3651 3956 non
3674 3900 3847 3956 disso.

2210 4006 2368 4071 nant,
2397 4000 2523 4073 pari
2554 4000 2919 4055 veneratione
2951 3999 3204 4053 observo.
3238 3998 3509 4068 Properet
3533 4012 3671 4068 ergo
3691 4012 3850 4057 reve-

2210 4095 2393 4151 rentia
2419 4097 2605 4149 vestra
2639 4093 2810 4149 ﬁdem
2840 4093 2985 4148 hanc
3028 4095 3282 4148 nostram
3328 4089 3612 4145 canonicis
3660 4088 3844 4160 appli-

2211 4206 2341 4245 care
2386 4188 2758 4245 monimentis
2800 4193 2863 4242 ut
2898 4187 2968 4242 ab
3009 4185 3284 4258 episcopis
3322 4182 3409 4239 vel
3459 4183 3742 4254 religiosis
3790 4185 3847 4238 et

2213 4282 2397 4355 gentis
2427 4287 2632 4337 nostra
2656 4281 3000 4353 primoribus
3026 4280 3264 4335 solerter
3288 4278 3429 4334 ﬁdes
3453 4294 3622 4351 quam
3667 4276 3722 4331 in
3752 4278 3846 4332 Ec.

2213 4378 2382 4433 clesia
2406 4376 2681 4431 catholica
2708 4375 3074 4430 crediderunt
3102 4375 3356 4445 legatur;
3390 4388 3563 4444 quam
3602 4387 3840 4427 renova-

2211 4480 2329 4530 tam
2359 4480 2416 4529 et
2444 4474 2698 4546 apicibus
2723 4474 2810 4529 vel
2835 4490 3037 4529 eorum
3069 4469 3575 4543 subscriptionibus
3601 4469 3840 4524 robora-

480 4557 713 4615 bilitatis
763 4573 862 4611 eos
911 4555 1205 4612 catholicis
1247 4556 1610 4628 dogmatibus
1650 4556 1953 4627 instruere,
1996 4576 2110 4631 quo

2214 4571 2349 4639 tam,
2382 4568 2587 4623 futuris
2613 4567 2748 4623 olim
2774 4566 3202 4639 temporibusin
3228 4564 3619 4621 testimonium
3640 4562 3740 4619 Dei
3760 4566 3840 4617 at-

480 4655 539 4710 in
558 4657 681 4709 tota
706 4650 1033 4724 cognitione
1057 4650 1305 4705 veritatis
1323 4650 1880 4717 instructi,noverint
1905 4669 1970 4707 ex
1990 4659 2111 4709 toto

481 4765 701 4805 errores
724 4745 1072 4819 perniciosos
1096 4761 1387 4816 respuere,
1405 4751 1462 4799 et
1489 4762 1633 4800 vera
1661 4746 1793 4800 ﬁdei
1818 4748 2110 4803 tramitem

485 4862 552 4898 ex
593 4842 863 4898 charitate
902 4840 1169 4907 retinere,
1200 4839 1285 4893 vel
1310 4839 1603 4894 catholica
1650 4841 1908 4895 Ecclesia
1952 4858 2110 4897 com-

485 4937 825 4992 munionem
864 4933 1141 4989 desiderio
1188 4932 1425 4988 avidiori
1461 4934 1780 5006 complecti.
1828 4937 2111 4991 Caterum

483 5036 627 5091 sicut
646 5034 806 5089 facile
827 5033 901 5088 ad
916 5033 1145 5088 veniam
1159 5032 1480 5104 pervenisse
1497 5032 1738 5102 conﬁdo,
1755 5035 1906 5105 quod
1922 5035 2111 5090 nescia

421 5179 431 5200 ε
483 5129 596 5185 huc
636 5145 815 5200 usque
858 5130 975 5181 tam
1009 5126 1319 5182 clarissima
1349 5127 1619 5181 erraverit
1662 5143 1821 5195 gens,
1867 5126 1941 5183 ita
1977 5145 2109 5199 gra-

482 5223 605 5279 vius
644 5238 766 5278 esse
814 5238 931 5277 non
988 5221 1185 5275 dubito
1227 5220 1275 5274 si
1315 5220 1565 5292 agnitam
1605 5220 1901 5276 veritatem
1940 5222 2110 5278 dubio

484 5316 658 5373 corde
698 5318 913 5383 teneat,
944 5319 1115 5386 atque
1155 5331 1189 5367 a
1222 5314 1436 5385 patenti
1478 5314 1713 5381 lumine,
1746 5315 1902 5386 quod
1943 5316 2105 5386 absit,

483 5412 671 5468 oculos
715 5427 844 5466 suos
890 5410 1126 5463 avertat.
1158 5407 1315 5462 Unde
1346 5412 1403 5462 et
1426 5407 1589 5462 valde
1621 5402 2108 5480 pernecessarium

482 5524 605 5561 esse
631 5502 900 5577 perspexi
926 5500 1337 5556 beatitudinem
1355 5504 1598 5556 vestram
1625 5501 1687 5556 in
1711 5518 1888 5557 unum
1910 5520 2111 5559 conve-

482 5604 628 5672 nire,
660 5599 881 5654 habens
908 5593 1205 5651 sententia
1231 5595 1539 5651 Dominica
1572 5596 1745 5652 ﬁdem
1780 5613 1892 5669 qua
1923 5597 2059 5654 dicit
2089 5617 2103 5655 :

480 5695 587 5751 Ubi
630 5691 845 5749 fuerint
886 5689 999 5744 duo
1037 5688 1125 5744 vel
1162 5693 1280 5744 tres
1315 5688 1531 5744 collecti
1577 5690 1638 5745 in
1683 5690 1915 5747 nomine
1956 5709 2104 5762 meo,

478 5788 556 5844 ibi
584 5803 714 5842 sum
731 5786 792 5839 in
819 5782 1005 5839 medio
1025 5798 1245 5837 eorum.
1275 5783 1453 5837 Credo
1475 5782 1631 5838 enim
1650 5784 1874 5841 beatam
1895 5790 2107 5841 sancta

476 5879 767 5959 Trinitatis
805 5876 1159 5934 divinitatem
1193 5874 1325 5931 huic
1370 5879 1561 5930 sancto
1609 5875 1879 5933 interesse
1918 5880 2105 5936 conci-

2213 4678 2324 4734 que
2352 4662 2615 4717 omnium
2658 4662 2913 4716 ﬁdelium
2954 4673 3266 4729 reservare,
3294 4663 3359 4714 ut
3391 4663 3591 4731 gentes
3615 4674 3754 4729 quas
3784 4657 3843 4711 in

2212 4757 2313 4812 Dei
2338 4756 2568 4811 nomine
2599 4756 2757 4827 regia
2781 4758 3055 4827 potestate
3081 4752 3466 4827 percellimus,
3495 4756 3552 4807 et
3576 4768 3703 4824 qua
3752 4767 3841 4806 reo

2211 4851 2344 4906 licto
2374 4850 2609 4922 antiquo
2636 4867 2827 4906 errore
2854 4866 2957 4921 per
2980 4848 3307 4904 unctionem
3334 4845 3673 4902 sacrosancti
3702 4842 3847 4900 chri-

2214 4945 2429 5015 smatis,
2461 4944 2549 4999 vel
2598 4959 2801 5000 manus
2835 4943 3261 5016 impositionem
3306 4941 3659 4998 Paracletum
3699 4939 3847 4994 intra

2213 5039 2310 5094 Dei
2342 5038 2649 5093 Ecclesiam
2675 5038 3038 5110 perceperint
3067 5036 3364 5109 Spiritum,
3391 5052 3560 5108 quem
3588 5050 3766 5089 unum
3790 5037 3846 5089 et

2213 5132 2490 5205 aqualem
2518 5149 2649 5187 cum
2680 5128 2840 5187 Patre
2872 5135 2928 5187 et
2957 5131 3096 5186 Filio
3144 5131 3499 5199 conﬁtentes,
3532 5144 3661 5201 qua
3694 5127 3843 5183 dono

2211 5227 2310 5281 Dei
2341 5227 2401 5281 in
2431 5226 2560 5281 sinu
2586 5226 2848 5281 Ecclesia
2874 5230 3083 5280 sancta
3124 5224 3416 5279 catholica
3443 5223 3662 5278 collata
3693 5227 3843 5275 sunt.

2208 5321 2368 5386 Quod
2398 5322 2444 5375 si
2470 5338 2670 5376 eorum
2695 5320 2871 5393 aliqui
2913 5320 3062 5375 hanc
3087 5318 3478 5375 credulitatem
3509 5323 3565 5371 et
3593 5320 3847 5370 sanctam

2209 5415 2622 5471 confessionem
2672 5418 2930 5469 nostram
2993 5413 3230 5468 minime
3262 5410 3497 5467 credere
3541 5409 3844 5478 voluerint,

2208 5505 2349 5564 iram
2364 5510 2465 5564 Dei
2485 5526 2613 5564 cum
2629 5510 2995 5563 anathemate
3019 5512 3236 5563 aterno
3255 5505 3654 5577 suscipiant,ut
3673 5502 3745 5559 de
3766 5503 3847 5558 in-

2208 5603 2383 5657 teritu
2401 5619 2501 5657 suo
2517 5602 2779 5658 ﬁdelibus
2801 5601 3095 5673 gaudium,
3110 5600 3437 5656 inﬁdelibus
3456 5599 3567 5654 sint
3581 5598 3643 5654 in
3658 5614 3851 5653 exenia

2206 5696 2386 5768 plum.
2405 5697 2541 5752 Huic
2566 5714 2698 5752 vero
2731 5696 3069 5752 confessioni
3095 5712 3240 5750 mea
3261 5698 3581 5750 sanctarum
3598 5692 3848 5763 Scriptu-

2206 5806 2402 5845 rarum
2434 5794 2491 5845 et
2529 5790 2903 5846 conciliorum
2943 5782 3435 5845 constitutionibus
3480 5785 3849 5843 consentiens

2206 5883 2538 5942 testimonio
2558 5884 2749 5941 divino
2778 5887 2898 5940 tota
2924 5883 3105 5940 cordis
3136 5882 3493 5959 simplicitate
3516 5876 3843 5953 subscripsi.
