4054 6298
210 396 215 399 _
235 322 343 382 4.2:;

719 468 877 522 Fides
912 470 1121 526 Nicaeni
1155 474 1384 529 concilii.

307 584 603 641 Credimus
649 585 709 641 in
762 604 943 645 unum
1001 592 1185 647 Deum
1235 596 1461 651 Patrem
1513 599 1873 672 omnipoten-

235 680 379 746 tem,
407 679 668 734 omnium
696 680 1004 739 visibilium
1027 689 1084 739 et
1103 685 1467 746 invisibilium
1485 693 1836 749 conditorem
1860 713 1874 762 ;

234 777 296 825 et
328 771 387 826 in
410 789 593 828 unum
637 775 947 831 Dominum
973 780 1168 834 Jesum
1214 782 1502 840 Christum
1547 787 1751 842 Filium
1776 789 1876 843 Dei

234 864 307 919 de
334 866 501 920 Patre
533 873 734 923 natum
766 870 1145 942 unigenitum,
1176 874 1284 930 hoc
1325 881 1409 931 est
1449 879 1519 933 de
1563 881 1878 937 substantia

234 958 440 1026 Patris,
472 960 650 1015 Deum
690 979 759 1017 ex
803 964 938 1033 Deo,
972 966 1169 1021 lumen
1195 985 1261 1023 ex
1288 970 1525 1041 lumine,
1558 974 1736 1029 Deum
1776 992 1872 1030 ve-

233 1067 366 1105 rum
413 1069 478 1108 ex
527 1054 643 1110 Deo
685 1073 838 1125 vero,
886 1063 1108 1127 natum,
1141 1078 1255 1117 non
1295 1063 1532 1133 factum,
1575 1068 1873 1124 omousion

232 1145 411 1215 Patri,
444 1147 554 1202 hoc
581 1154 665 1204 est
703 1150 961 1221 ejusdem
1010 1170 1140 1208 cum
1185 1157 1351 1211 Patre
1396 1158 1744 1231 substantiae,
1774 1178 1876 1233 per

233 1256 409 1311 quem
442 1242 641 1296 omnia
669 1243 818 1298 facta
847 1251 998 1313 sunt,
1033 1251 1091 1301 et
1119 1265 1248 1320 quae
1277 1249 1336 1304 in
1363 1253 1502 1307 caelo
1551 1257 1608 1307 et
1658 1271 1786 1325 qua:
1813 1256 1872 1309 in

231 1337 405 1402 terra,
428 1334 529 1405 qui
558 1341 793 1408 propter
818 1354 920 1392 nos
969 1345 1026 1393 et
1070 1345 1308 1413 propter
1345 1350 1606 1400 nostram
1634 1347 1872 1403 salutem

234 1424 530 1482 descendit
556 1434 612 1484 et
636 1428 962 1487 incarnatus
989 1439 1093 1503 est,
1127 1435 1302 1491 homo
1335 1437 1535 1506 factus,
1566 1457 1766 1512 passus
1790 1446 1876 1496 est

233 1519 337 1573 sub
364 1523 569 1577 Pontio
603 1524 800 1592 Pilato,
829 1528 887 1579 et
932 1529 1188 1598 sepultus
1236 1532 1340 1599 est,
1374 1535 1431 1586 et
1455 1533 1545 1588 die
1588 1535 1755 1589 tertia
1780 1552 1869 1589 re-

233 1614 498 1685 surrexit,
534 1618 591 1671 et
618 1618 875 1673 ascendit
900 1619 958 1673 in
985 1622 1176 1692 caelos,
1208 1623 1342 1679 inde
1368 1629 1643 1682 venturus
1680 1632 1767 1682 est
1783 1629 1874 1700 ju-

235 1707 425 1763 dicare
446 1709 602 1765 vivos
623 1716 679 1766 et
699 1717 974 1768 mortuos.
994 1715 1062 1769 Et
1082 1715 1140 1770 in
1161 1716 1433 1788 Spiritum
1457 1725 1738 1777 sanctum.
1763 1723 1872 1776 Eos

232 1807 425 1857 autem
463 1803 562 1875 qui
592 1805 788 1860 dicunt
817 1823 830 1861 :
864 1809 1016 1875 Erat,
1049 1810 1280 1881 quando
1307 1829 1425 1867 non
1453 1820 1595 1882 erat,
1629 1818 1687 1869 et
1709 1820 1865 1871 ante-
1889 1837 1946 1909 Β

233 1911 410 1967 quam
455 1901 785 1953 nasceretur
827 1917 943 1955 non
976 1904 1117 1970 erat,
1145 1906 1202 1958 et
1233 1905 1371 1975 quia
1415 1924 1482 1961 ex
1526 1908 1697 1962 nullis
1743 1910 1863 1964 exi-

233 1989 512 2044 stentibus
540 1991 723 2046 factus
746 1997 848 2062 est,
882 1998 980 2049 aut
1006 2011 1075 2049 ex
1112 1996 1225 2052 alia
1264 2000 1577 2055 substantia
1606 2004 1692 2057 vel
1734 2004 1866 2058 sub-

233 2082 493 2138 sistantia
549 2084 747 2140 dicunt
802 2087 1138 2144 mutabilem
1181 2107 1302 2146 esse
1341 2096 1399 2147 et
1441 2097 1869 2152 convertibilem

234 2175 439 2230 Filium
486 2177 604 2247 Dei,
653 2180 1091 2236 anathematizat
1141 2185 1422 2242 catholica
1463 2191 1520 2242 et
1562 2190 1869 2260 apostolica

234 2267 508 2325 Ecclesia.

232 2418 544 2486 Symbolum
567 2426 775 2476 centum
799 2425 1198 2495 quinquaginta
1219 2427 1449 2484 Patrum
1480 2433 1864 2488 Constantino-

796 2496 1042 2564 politani
1077 2500 1308 2553 concilii.

307 2605 605 2662 Credimus
625 2607 683 2662 in
706 2625 887 2665 unum
910 2612 1111 2682 Deum,
1133 2615 1359 2671 Patrem
1387 2618 1864 2692 omnipotentem,

232 2699 513 2755 factorem
539 2701 664 2756 coeli
689 2706 748 2757 et
772 2709 959 2773 terrae,
982 2706 1290 2764 visibilium
1316 2711 1577 2767 omnium
1600 2720 1656 2769 et
1684 2715 1869 2770 invisi-

233 2792 438 2848 bilium
457 2795 829 2852 conditorem.
845 2800 911 2854 Et
923 2799 983 2854 in
999 2818 1180 2856 unum
1198 2804 1501 2861 Dominum
1512 2808 1538 2862 J
1543 2825 1705 2863 esum
1716 2809 1871 2864 Chri-

233 2890 386 2943 stum
418 2888 625 2943 Filium
652 2890 748 2945 Dei
778 2891 1165 2964 unigenitum,
1197 2914 1260 2951 ex
1302 2901 1467 2955 Patre
1507 2907 1708 2958 natum
1737 2909 1867 2960 ante

235 2982 434 3057 omnia
446 2984 671 3051 saecula,
694 2987 872 3040 Deum
897 3004 962 3042 ex
983 2988 1115 3057 Deo,
1130 2991 1325 3046 lumen
1343 3010 1408 3048 ex
1428 2994 1666 3065 lumine,
1686 2998 1868 3053 Deum

234 3092 435 3130 verum
476 3093 547 3131 ex
575 3078 684 3133 Deo
716 3095 866 3148 vero,
894 3085 1114 3152 natum,
1146 3101 1260 3140 non
1307 3087 1540 3160 factum,
1573 3092 1870 3147 omousion

232 3170 405 3237 Patri,
434 3170 544 3225 hoc
587 3175 673 3226 est
699 3172 954 3244 ejusdem
1002 3193 1133 3232 cum
1176 3181 1339 3235 Patre
1383 3182 1731 3253 substantiae,
1766 3202 1944 3286 perc

233 3278 408 3339 quem
438 3264 631 3319 omnia
671 3266 819 3322 facta
846 3272 999 3337 sunt,
1028 3275 1085 3325 et
1114 3288 1242 3343 quae
1280 3273 1339 3329 in
1383 3276 1520 3330 coelo
1549 3282 1605 3332 et
1651 3294 1778 3349 quae
1808 3279 1869 3334 in

233 3362 404 3411 terra.
441 3357 547 3423 Qui
586 3364 819 3433 propter
847 3378 953 3417 nos
979 3367 1036 3419 et
1062 3371 1299 3438 propter
1325 3374 1584 3425 uestram
1627 3373 1867 3428 salutem

235 3450 553 3521 descendit,
584 3457 642 3508 et
683 3454 1010 3511 incarnatus
1053 3465 1137 3514 est
1180 3460 1247 3516 de
1284 3461 1508 3533 Spiritu
1556 3471 1749 3521 sancto
1798 3485 1866 3522 ex

233 3544 408 3599 Maria
436 3545 674 3617 virgine,
707 3549 875 3603 homo
920 3551 1119 3621 factus,
1146 3571 1347 3625 passus
1390 3561 1475 3612 est
1517 3559 1620 3612 sub
1666 3561 1866 3616 Pontio

209 3638 434 3706 .Pilato,
466 3642 521 3694 ct
548 3643 800 3713 sepultus
834 3647 937 3711 est,
975 3648 1033 3700 et
1076 3646 1169 3701 die
1211 3649 1379 3703 tertia
1424 3653 1758 3724 resurrexit,
1786 3673 1868 3710 as-

234 3732 430 3788 cendit
471 3733 530 3788 in
562 3737 747 3805 ccelos,
769 3738 929 3793 sedet
968 3741 1039 3795 ad
1087 3741 1385 3798 dexteram
1428 3746 1626 3812 Patris,
1658 3747 1867 3804 iterum

234 3831 511 3882 venturus
536 3845 665 3883 cum
703 3831 882 3902 gloria
917 3833 1171 3904 judicare
1200 3836 1353 3892 vivos
1380 3840 1436 3892 et
1463 3844 1733 3910 mortuos,
1766 3860 1865 3897 cu-

228 3919 326 3991 jus
364 3921 530 3993 regni
570 3940 684 3977 non
731 3924 841 3980 erit
886 3924 1035 3982 ﬁnis.
1078 3931 1145 3984 Et
1188 3929 1246 3984 in
1294 3930 1568 4002 Spiritum
1608 3940 1869 3993 sanctum

237 4014 545 4070 Dominum
579 4021 636 4070 et
669 4017 1069 4075 viviﬁcatorem
1118 4038 1182 4077 ex
1228 4024 1392 4080 Patre
1438 4028 1866 4100 procedentem,

237 4123 369 4162 cum
396 4108 565 4164 Patre
590 4113 647 4165 et
673 4111 812 4166 Filio
833 4113 1184 4170 adorandum
1214 4122 1270 4171 et
1297 4121 1866 4191 congloriﬁcandum,

236 4201 336 4273 qui
383 4202 601 4257 locutus
640 4209 727 4259 est
764 4223 872 4278 per
914 4209 1241 4280 prOphetas.
1294 4215 1477 4268 Unam
1528 4217 1869 4272 catholicam

234 4298 406 4366 atque
464 4297 829 4367 apostolicam
892 4299 1215 4357 Ecclesiam.
1277 4307 1629 4363 Confitemur
1686 4327 1868 4365 unum

235 4386 522 4459 baptisma
546 4389 604 4445 in
632 4392 1027 4449 remissionem
1052 4402 1440 4467 peccatorum,
1474 4406 1869 4473 exspectamus

236 4483 711 4540 resurrectionem
765 4491 1145 4558 mortuorum,
1194 4492 1370 4547 vitam
1424 4494 1601 4550 futuri
1657 4499 1866 4554 saeculi.

241 4577 447 4633 Amen.

479 4716 629 4784 Item,
659 4724 925 4777 tractatus
957 4721 1396 4782 Chalcedonensis
1424 4730 1657 4785 concilii.

314 4843 623 4905 Sufi‘ecerat
635 4851 870 4922 quidem
883 4851 956 4907 ad
976 4854 1367 4925 plenissimam
1387 4856 1613 4929 pietatis
1636 4860 1877 4931 agnitio‘

244 4957 379 4998 nem
406 4945 466 4997 et
490 4944 981 5002 conﬁrmationem
1008 4950 1398 5006 cautissimum
1419 4952 1527 5008 hoc
1556 4957 1612 5009 et
1631 4955 1879 5011 salutare

243 5036 455 5091 divinae
481 5038 679 5109 gratiae:
718 5041 1060 5111 symbolum.
1092 5045 1166 5099 De
1193 5045 1354 5100 Patre
1380 5047 1534 5101 enim
1565 5051 1623 5102 et
1654 5049 1792 5104 Filio
1824 5054 1880 5104 et

243 5129 461 5201 Spiritu
486 5135 682 5205 sancto
707 5133 1026 5190 doctrinam
1046 5137 1362 5208 perfectam
1383 5139 1601 5209 edocet,
1623 5147 1681 5197 et
1698 5142 1881 5198 incar-

243 5223 543 5280 nationem
568 5226 923 5283 Dominicam
938 5230 1183 5286 ﬁdeliter
1198 5234 1632 5305 suscipientibus
1648 5237 1882 5291 manife-

246 5320 379 5373 stat.
395 5318 507 5375 Sed
522 5320 794 5391 quoniam
809 5323 907 5395 qui
919 5324 1384 5395 praedicationem
1401 5329 1654 5385 veritatis
1667 5330 1884 5386 destru-

247 5427 343 5467 ere
353 5412 921 5487 nituntur,quasdam
939 5434 1042 5489 pro
1046 5419 1187 5491 prim
1200 5421 1479 5477 haereseos
1496 5424 1774 5480 novitates
1788 5442 1885 5496 pa-

244 5505 406 5561 riunt
429 5523 442 5560 :
461 5507 696 5578 quidam
719 5511 872 5565 enim
890 5512 1271 5569 ministerium
1290 5533 1393 5587 pro
1411 5518 1577 5573 nobis
1593 5521 1785 5572 actum
1803 5519 1885 5573 di-

246 5600 399 5656 vinae
413 5600 854 5673 dispensationis
875 5605 1092 5661 audent
1113 5625 1504 5683 corrumpere,
1533 5616 1589 5666 et
1606 5628 1803 5667 vocem
1822 5612 1885 5667 il-

247 5694 364 5749 lam
392 5695 638 5766 virginei
662 5703 858 5768 partus
880 5700 952 5755 ad
978 5701 1261 5773 virginem
1290 5704 1607 5777 denegant;
1631 5707 1727 5762 alii
1746 5711 1886 5762 tem-

170 5772 183 5778 -
248 5795 655 5860 peramentum
685 5794 1089 5849 confusionum
1119 5795 1471 5867 inducentes,
1495 5804 1551 5854 et
1571 5817 1743 5855 unam
1763 5818 1886 5856 esse

252 5885 517 5938 naturam
552 5884 739 5939 carnis
770 5886 1111 5961 deitatisque
1142 5889 1426 5947 inseusate
1457 5898 1885 5964 componentes,

251 5976 581 6054 passibilem
603 5978 883 6051 unigeniti
898 5981 1147 6038 divinam
1172 5990 1434 6039 naturam
1452 5985 1545 6041 tali
1561 5987 1887 6044 confusione

1473 334 1943 401 DECRETALIUM
1982 342 2373 405 COLLECTIO.

1893 469 1951 542 Α
1971 456 2300 529 prodigiose
2330 443 2873 531 divulgant,idcirco
2900 480 3133 523 omnem
3161 468 3433 527 adversus
3452 476 3604 531 veri-

3504 361 3605 423 iit:

1975 554 2149 605 tatem
2179 554 2577 623 opponendam
2608 550 2841 627 ablipsis
2880 561 3368 621 machinationem
3409 569 3607 626 volens

1977 645 2274 700 excludere
2296 651 2491 702 sancta
2520 652 2579 702 et
2604 665 2813 721 magna
2838 654 3173 711 universalis
3200 661 3466 731 synodus,
3500 681 3602 719 an-

1976 737 2196 808 tiquam
2224 740 2684 809 praedicationem
2731 744 3086 804 immobilem
3129 751 3341 808 docens
3385 759 3602 828 statuit,

1974 830 2258 903 praecipue
2289 836 2671 890 trecentorum
2701 837 2897 894 decem
2921 847 2978 897 et
2999 847 3126 898 octo
3147 851 3473 905 sanctorum
3496 853 3603 907 Pa-
3659 899 3668 906 .

1973 929 2127 979 trum
2155 924 2328 980 ﬁdem
2356 927 2863 987 incontaminatam
2888 951 3140 992 manere.
3170 941 3240 994 Et
3257 948 3496 1015 propter
3510 963 3606 1002 eos

1974 1018 2071 1089 qui
2102 1019 2339 1091 Spiritui
2383 1025 2577 1077 sancto
2620 1024 3006 1098 adversantur,
3037 1036 3270 1089 centum
3317 1038 3600 1111 quinqua-

1976 1111 2133 1182 ginta
2155 1114 2384 1169 Patrum
2404 1116 2574 1186 paulo
2598 1119 2899 1187 posteriori
2924 1127 3186 1196 tempore
3208 1128 3268 1183 in
3293 1130 3437 1186 urbe
3456 1133 3601 1189 Con-

1973 1205 2481 1276 stantinopolitana
2506 1210 2960 1268 convenientium
2985 1217 3055 1271 de
3081 1219 3396 1279 substantia
3426 1226 3602 1297 Spiri-

1972 1302 2064 1351 tus
2107 1299 2285 1354 sancti
2329 1301 2595 1356 traditam
2652 1303 2976 1362 doctrinam
3033 1313 3378 1384 corroborat,
3428 1336 3603 1390 quam

1975 1391 2151 1446 etiam
2171 1393 2436 1448 omnibus
2461 1394 2543 1449 illi
2568 1396 3028 1473 insinuaverunt,
3057 1421 3171 1460 non
3193 1409 3351 1479 quod
3370 1411 3429 1465 in
3451 1430 3599 1485 prse-

1973 1486 2303 1541 cedentibus
2344 1488 2560 1559 aliquid
2622 1490 2857 1560 deesset,
2898 1494 3229 1565 adjicientes
3272 1502 3342 1556 de
3393 1505 3601 1577 Spiritu

1972 1585 2168 1634 sancto
2199 1582 2539 1636 eorumdem
2565 1582 2919 1642 intellectum
2944 1590 3214 1647 adversus
3239 1611 3338 1650 eos
3358 1599 3457 1669 qui
3484 1600 3598 1655 dei-

1972 1673 2103 1727 tatis
2130 1673 2254 1744 ejus
2284 1675 2735 1732 dominationem
2763 1680 3028 1737 nituntur
3050 1685 3301 1742 adimere
3348 1691 3599 1765 Scriptu-

1969 1782 2163 1821 rarum
2190 1768 2527 1824 testimoniis
2553 1770 2775 1841 plenius
2811 1776 3198 1836 manifestant.
3229 1782 3468 1856 Propter
3503 1805 3600 1843 eos

1971 1876 2109 1914 sane
2141 1861 2239 1931 qui
2264 1861 2701 1933 dispensationis
2727 1868 3063 1938 mysterium
3087 1876 3317 1930 tentant
3345 1895 3599 1937 corrum-

1968 1969 2127 2024 pere,
2161 1958 2219 2009 et
2240 1972 2451 2026 purum
2481 1957 2778 2013 hominem
2804 1976 2921 2017 esse
2953 1964 3051 2034 qui
3071 1981 3141 2021 ex
3163 1974 3352 2025 sancta
3373 1974 3602 2047 Virgine

1967 2049 2137 2100 natus
2154 2051 2257 2115 est,
2272 2046 2637 2120 impudenter
2648 2051 2963 2126 divulgant,
2977 2056 3290 2121 beatissimi
3307 2046 3598 2137 quondam

1967 2140 2160 2211 Cyrilli
2203 2142 2601 2198 Alexandrina:
2648 2146 2917 2203 Ecclesim
2948 2153 3260 2209 sacerdotis
3308 2161 3601 2231 synodicas

1970 2233 2257 2305 epistolas,
2284 2237 2401 2290 tam
2438 2237 2511 2321 ad
2551 2237 2872 2295 Nestorium
2911 2259 3087 2313 quam
3128 2248 3203 2302 ad
3232 2256 3467 2308 cateros
3496 2273 3615 2326 per

1966 2325 2257 2383 Orientem
2282 2316 2566 2401 congruas
2593 2334 2651 2387 et
2675 2332 2780 2388 sibi
2815 2338 3234 2396 consentientes
3257 2316 3513 2417 scripsit;
3527 2350 3600 2406 ad

1967 2420 2422 2478 confutationem
2453 2425 2685 2496 quidam
2725 2428 3071 2487 Nestorianae
3102 2438 3387 2506 amentia,
3421 2440 3595 2497 inter-

1966 2514 2350 2586 pretationem
2372 2533 2507 2572 vero
2537 2534 2738 2574 eorum
2763 2521 2862 2592 qui
2890 2524 3155 2596 religioso
3185 2530 3302 2584 zelo
3331 2534 3595 2591 salutaris

1968 2608 2227 2680 symboli‘
2278 2610 2508 2682 capiunt
2578 2613 2947 2671 intellectum.
3006 2620 3219 2684 Quibus
3275 2630 3332 2680 et
3372 2629 3593 2698 episto-

1965 2701 2080 2756 lam
2106 2703 2282 2758 sancti
2307 2709 2364 2759 et
2399 2704 2713 2761 beatissimi
2756 2708 2961 2780 primae
3005 2713 3151 2768 sedis
3188 2719 3596 2797 archiepiscOpi

1966 2796 2170 2850 Leonis
2198 2798 2267 2852 ad
2295 2798 2627 2854 Flavianum
2666 2802 2934 2874 scriptam
2983 2822 3103 2862 esse
3135 2813 3502 2870 recordamur
3528 2796 3597 2874 ad

1965 2890 2191 2961 penitus
2236 2891 2636 2963 perimendam
2680 2896 2948 2952 Euticetis
2988 2901 3429 2978 malignitatem,
3473 2928 3598 2983 qua:

1967 2984 2167 3056 magni
2205 2985 2357 3041 Petri
2390 2987 2729 3043 confessioni
2775 2994 3106 3065 concordat,
3143 3001 3201 3051 et
3241 3016 3599 3060 communem

1969 3077 2278 3149 quamdam
2308 3079 2578 3152 paginam
2610 3082 2947 3140 existentem
2976 3094 3174 3145 contra
3201 3108 3296 3146 eos
3324 3096 3423 3166 qui
3448 3102 3599 3153 recte

1966 3188 2083 3227 non
2110 3172 2434 3244 glorificent
2452 3174 2524 3229 ad
2543 3177 3035 3236 confirmationem
3055 3184 3346 3242 catholicae
3379 3191 3603 3263 religio-

1969 3265 2056 3319 nis
2095 3265 2384 3321 evidenter
2425 3268 2738 3339 subjunxit,
2773 3277 2829 3326 et
2866 3289 2961 3328 eos
3004 3276 3103 3348 qui
3156 3278 3214 3333 in
3264 3281 3404 3338 duos
3453 3286 3599 3343 filios
3640 3296 3649 3303 ‘

1969 3358 2406 3430 dispensationis
2457 3361 2765 3419 Dominicis
2803 3368 3141 3438 mysterium
3179 3374 3436 3433 scindere
3474 3396 3599 3436 mo-

1967 3452 2205 3521 liuntur,
2233 3460 2574 3523 exsecratur,
2604 3462 2661 3512 et
2682 3474 2776 3513 eos
2797 3460 2894 3529 qui
2922 3461 2983 3516 in
3013 3463 3156 3519 duas
3184 3473 3414 3525 naturas
3445 3474 3604 3529 Chri-

1969 3546 2037 3601 sti
2056 3549 2572 3618 temperamentum
2581 3550 2667 3604 vel
2688 3552 3076 3610 confusionem
3096 3568 3596 3638 argumentantur,

1967 3646 2275 3708 aversatur,
2303 3646 2360 3697 et
2387 3642 2487 3714 qui
2516 3644 2794 3699 caelestem
2819 3651 2917 3700 aut
2944 3649 3180 3706 alterius
3215 3657 3599 3733 cujuscunque

1969 3734 2297 3790 substantia:
2325 3735 2566 3791 existere
2593 3738 2841 3794 formam
2872 3758 3042 3813 quam
3065 3761 3168 3816 pro
3195 3749 3355 3804 nobis
3380 3769 3601 3810 assum-

1968 3828 2080 3899 psit
2112 3828 2444 3885 insaniendo
2492 3839 2768 3901 asserunt,
2798 3837 2997 3905 procul
3041 3838 3253 3910 abjicit,
3288 3850 3344 3899 et
3383 3864 3477 3902 eos
3505 3850 3601 3922 qui

1971 3921 2114 3977 duas
2161 3923 2400 3994 quidem
2445 3930 2576 3980 ante
2622 3927 2945 3984 unitionem
2988 3937 3242 4002 naturas,
3270 3954 3445 3995 unam
3476 3958 3605 3999 vero

1970 4019 2100 4086 post
2122 4016 2438 4072 unitionem
2464 4019 2821 4092 confingunt,
2847 4025 3155 4082 anathema
3179 4030 3333 4086 facit.
3357 4034 3602 4093 Consen-

1968 4108 2178 4164 tientes
2205 4127 2343 4182 ergo
2371 4108 2576 4167 sanctis
2603 4110 2864 4170 Patribus
2897 4135 3074 4175 unum
3100 4125 3481 4200 eumdemque
3514 4133 3602 4187 Fi-

1970 4202 2109 4257 lium
2143 4204 2398 4259 confiteri
2440 4207 2747 4263 Dominum
2792 4217 3051 4267 nostrum
3090 4217 3280 4274 Iesum
3319 4223 3604 4283 Christum

1970 4313 2221 4352 consona
2265 4315 2395 4353 voce
2449 4303 2663 4370 pariter
2701 4303 3026 4377 edocemur,
3057 4311 3372 4379 perfectum
3404 4336 3604 4376 verum

1969 4392 2148 4444 Deum
2173 4393 2439 4446 eumdem
2465 4393 2524 4447 in
2549 4394 2786 4465 unitate,
2812 4398 2995 4454 Deum
3015 4418 3212 4460 verum
3241 4410 3297 4462 et
3312 4408 3602 4471 hominem

1971 4500 2038 4538 ex
2064 4484 2257 4539 anima
2283 4485 2545 4541 rationali
2573 4491 2628 4542 et
2647 4505 2905 4562 corpore,
2923 4498 3230 4553 secundum
3252 4501 3603 4564 divinitatem

1896 4581 1957 4653 D
1980 4577 2146 4632 unius
2182 4594 2313 4632 cum
2351 4579 2518 4634 Patre
2554 4585 2796 4653 naturae,
2839 4588 3149 4644 secundum
3189 4592 3605 4660 humanitatem

1978 4671 2244 4726 eumdem
2271 4671 2437 4727 unius
2453 4676 2673 4729 naturae
2692 4676 3012 4748 nobiscum,
3026 4699 3134 4752 per
3153 4688 3346 4743 omnia
3360 4691 3604 4754 similem

1976 4765 2140 4820 nobis
2167 4766 2378 4837 absque
2408 4773 2660 4838 peccato,
2692 4773 2821 4827 ante
2852 4775 3056 4829 saecula
3082 4778 3315 4849 quidem
3343 4801 3410 4841 ex
3439 4790 3602 4848 Patre

1979 4864 2177 4915 natum
2197 4860 2511 4916 secundum
2530 4861 2905 4935 divinitatem,
2920 4871 3243 4929 novissimis
3260 4891 3390 4934 vero
3409 4881 3605 4941 diebus

1980 4954 2246 5009 eumdem
2275 4959 2514 5027 propter
2550 4974 2651 5012 nos
2694 4962 2752 5013 et
2800 4967 3031 5033 propter
3068 4970 3319 5026 nostram
3365 4976 3606 5037 salutem

1981 5065 2046 5102 ex
2072 5048 2243 5103 Maria
2262 5049 2476 5120 virgine
2504 5051 2602 5106 Dei
2631 5051 2901 5122 genitrice
2938 5061 3247 5117 secundum
3278 5065 3606 5133 humanita-

1978 5148 2118 5212 tem,
2148 5160 2328 5198 unum
2354 5144 2733 5217 eumdemque
2762 5147 3048 5206 Christum
3068 5154 3273 5214 Filium
3298 5160 3607 5227 Dominum

1982 5237 2341 5307 unigenitum
2360 5238 2419 5292 in
2449 5238 2668 5293 duabus
2696 5239 2911 5297 naturis
2937 5242 3250 5323 inconfuse,
3277 5254 3608 5321 immutabi-

1982 5329 2130 5399 liter,
2154 5329 2411 5400 indivise,
2434 5331 2902 5405 inseparabiliter,
2936 5349 3353 5422 cognoscendo,
3372 5354 3430 5409 in
3452 5359 3609 5416 nullo

1981 5426 2315 5478 naturarum
2348 5423 2735 5482 differentiam
2760 5436 2999 5503 propter
3024 5438 3296 5498 unitatem
3327 5451 3612 5519 perimen-

1984 5516 2136 5584 dam,
2166 5517 2350 5589 magis
2379 5524 2571 5575 autem
2596 5521 2748 5576 salva
2775 5525 3071 5600 utriusque
3101 5516 3607 5616 naturze‘pmppie-

1982 5613 2117 5680 tate,
2147 5615 2203 5665 et
2228 5610 2285 5665 in
2317 5628 2431 5666 una
2461 5620 2700 5671 coeunte
2740 5633 3003 5691 persona,
3037 5641 3150 5681 uno
3188 5610 3413 5702 quoque
3452 5610 3611 5697 statu

1984 5708 2379 5774 concurrente,
2423 5723 2539 5762 non
2586 5708 2644 5763 in
2690 5710 2910 5769 duabus
2947 5720 3205 5788 personis
3247 5727 3611 5793 partiendum

1985 5799 2073 5855 vel
2107 5799 2493 5873 dividendum,
2521 5803 2618 5858 sed
2661 5821 2848 5862 unum
2896 5810 3277 5884 eumdemque
3320 5818 3610 5884 Christum

1988 5894 2193 5950 Filium
2229 5895 2541 5953 Dominum
2568 5898 2930 5970 unigenitum
2956 5917 3154 5959 verum
3203 5906 3379 5967 Deum
3398 5904 3611 5977 'Jesum

1989 5988 2303 6061 Christum,
2331 5991 2474 6046 sicut
2501 5990 2573 6046 ab
2602 5992 2831 6047 exordio
2860 5995 3149 6065 propheta:
3192 5999 3261 6054 de
3304 6018 3371 6058 eo
3403 6012 3458 6064 et
3494 6009 3613 6084 ipse

3660 920 3679 1049 l

3653 5600 3675 5720 ἱ
