4054 6336
466 342 561 398 431

1357 341 1636 395 ΑΙῬΕΝΙ).
1678 341 1765 394 ΑΙ)
1804 341 1962 395 δίΕΟ.
2006 339 2092 393 1X.
2124 367 2192 379 η·-
2231 338 2480 394 lSlDORI
2519 336 2942 395 MERCATORIS

3723 344 3833 403 432

469 450 813 521 relegentes,
840 450 991 505 inter
1026 451 1229 505 caetera
1257 450 1366 504 hoc
1396 466 1516 503 esse
1549 448 1872 505 censuimus
1902 448 2092 503 obser—
2119 457 2177 532 Α
2197 448 2369 503 sortio
2396 447 2653 519 privetur
2675 446 2965 515 Ecclesiae,
2987 449 3119 520 quia
3148 449 3360 505 durum
3382 453 3469 507 est
3493 455 3554 507 ut
3573 451 3648 507 ad
3670 452 3836 510 illam

467 546 738 613 vandum,
766 548 831 599 ut
875 549 1221 601 sacrosancta
1270 542 1573 614 Evangelia
1616 544 1745 598 ante
1793 559 2096 598 munerum

468 639 786 697 illationem
839 640 900 695 in
948 639 1115 694 missa
1162 638 1709 693 catcchumenorum
1784 636 1842 690 in
1894 636 2095 692 ordine

468 733 779 789 lectionum
794 739 923 806 post
940 734 1218 804 legantur,
1233 733 1515 803 quatenus
1529 730 1795 785 salutaria
1806 736 2096 802 praecepta

467 827 693 884 Domini
718 827 895 883 nostri
924 829 1053 882 Jesu
1080 826 1305 893 Christi,
1342 827 1427 880 vel
1466 841 1760 880 sermones
1787 825 2094 880 sacerdotis

463 936 580 977 non
613 921 796 976 solum
829 921 1040 988 ﬁdeles,
1069 921 1164 975 sed
1191 919 1365 975 etiam
1390 919 1786 974 catechumeni
1816 936 1879 974 ac
1910 919 2091 990 poeni-

466 1018 670 1082 tentes,
695 1019 750 1070 et
786 1032 984 1073 omnes
1024 1014 1121 1087 qui
1151 1032 1180 1069 e
1209 1014 1429 1069 diverso
1462 1018 1611 1081 sunt,
1642 1015 1838 1068 audire
1871 1013 2092 1069 licitum

462 1109 733 1178 habeant,
782 1109 861 1164 sic
900 1109 1053 1164 enim
1091 1109 1430 1181 pontiﬁcum
1462 1107 1865 1179 praedicatione
1902 1107 2093 1163 audita

461 1203 762 1259 nonnullos
789 1207 1058 1259 attractos
1085 1204 1159 1257 ad
1181 1202 1352 1258 ﬁdem
1379 1202 1668 1257 evidenter
1695 1202 1923 1256 scimus.

530 1298 593 1352 ll.
624 1299 734 1353 Hoc
762 1298 934 1352 etiam
960 1297 1191 1369 placuit,
1215 1302 1277 1352 ut
1292 1297 1555 1368 episcopo
1577 1313 1609 1349 a
1636 1296 1839 1350 saeculo
1853 1296 2088 1366 jubente

459 1392 704 1447 Domino
732 1391 1021 1459 accersito,
1054 1391 1240 1445 clerici
1285 1391 1356 1445 ab
1385 1391 1543 1445 omni
1572 1390 1805 1444 omnino
1844 1390 2086 1461 supelle~

461 1486 599 1556 ctili,
629 1488 719 1541 vel
742 1502 1098 1557 quaecunque
1136 1487 1266 1539 sunt
1291 1484 1350 1538 in
1381 1484 1548 1539 domo
1573 1484 1841 1552 ecclesias,
1872 1484 1958 1537 vel
1978 1484 2090 1555 epi-

462 1581 617 1651 scopi
660 1580 720 1634 in
769 1580 960 1649 libris,
1002 1579 1326 1651 speciebus,
1370 1577 1784 1644 utensibilibus,
1832 1578 2086 1647 vasculis,

458 1675 739 1746 frugibus,
768 1673 1059 1746 gregibus,
1085 1673 1442 1740 animalibus,
1472 1673 1559 1726 vel
1590 1671 1743 1726 omni
1770 1671 2004 1727 omnino
2026 1689 2088 1726 re

460 1785 696 1840 rapaces
726 1785 934 1822 manus
959 1768 1300 1837 abstineant,
1332 1772 1389 1823 et
1429 1766 1571 1820 nihil
1597 1767 1885 1820 latronum
1927 1783 2087 1821 more

462 1834 754 1935 diripiant.
793 1861 897 1925 Qui
934 1861 980 1916 si
1009 1834 1297 1916 canonum
1329 1860 1661 1915 auctoritate
1687 1859 1961 1931 prohibiti
1987 1860 2086 1914 ali-
2108 1834 2165 1906 B

459 1974 576 2029 qua
601 1954 1404 2028 pervaserintmetropolitani,
1424 1954 1512 2008 vel
1540 1954 1798 2009 omnium
1825 1971 2088 2025 compro-

458 2050 765 2106 vincialum
787 2049 1143 2105 sacerdotum
1156 2048 1503 2104 districtione
1520 2048 1699 2103 coacti
1715 2048 1772 2102 in
1788 2048 2091 2119 pristinum

457 2148 670 2201 statum
693 2143 887 2199 omnia
925 2143 1317 2215 redintegrare
1346 2146 1643 2213 cogantur,
1667 2147 1731 2197 ut
1769 2142 1911 2196 nihil
1939 2143 2086 2197 anti-

458 2240 576 2294 stiti
609 2239 696 2293 vel
732 2236 1110 2309 dispensatori
1140 2237 1335 2309 futuro
1375 2236 1820 2292 necessariorum
1845 2236 1947 2290 sub
1982 2236 2088 2291 hac

449 2330 607 2405 justa
625 2331 1027 2388 constitutione
1064 2330 1355 2402 depereat.
1391 2330 1555 2394 Quod
1600 2333 1667 2384 ut
1713 2330 2087 2385 conﬁdentius

447 2426 671 2499 justitia
682 2430 948 2481 manente
966 2428 1242 2493 servetur,
1261 2424 1572 2479 secundum
1588 2423 2089 2496 Regiensissynodi

454 2521 780 2590 constituta,
825 2519 1090 2591 episcopo
1128 2536 1159 2574 e
1205 2534 1440 2590 corpore
1484 2518 1807 2586 recedente,
1852 2518 2087 2573 vicinior

453 2616 535 2671 illi
582 2615 811 2670 accedat
855 2613 1171 2685 episcopus,
1204 2612 1302 2683 qui
1336 2629 1400 2665 ex
1434 2628 1592 2666 more
1625 2612 1906 2683 exsequiis
1931 2614 2084 2668 cele-

452 2709 647 2777 bratis,
690 2708 879 2762 statim
915 2706 1165 2763 ecclesiae
1205 2705 1383 2777 ipsius
1426 2722 1621 2760 curam
1672 2706 2085 2763 districtissime

457 2808 617 2876 gerat
660 2819 732 2858 ne
777 2801 914 2873 quid
964 2804 1097 2855 ante
1133 2800 1553 2855 ordinationem
1590 2800 1769 2855 futuri
1808 2800 2086 2871 pontiﬁcis

456 2896 880 2953 remanentium
906 2894 1242 2950 clericorum
1267 2893 1619 2948 subversioni
1646 2895 1734 2948 vel
1780 2894 2086 2966 direptioni

447 2993 571 3063 jam
598 2990 783 3057 liceat,
812 2988 890 3043 ita
913 2988 1326 3059 ut,perspcctis
1348 2987 1630 3057 omnibus,
1654 2987 1928 3058 inspectio
1961 3005 2081 3043 cer-

452 3086 584 3154 tior,
602 3081 902 3153 descriptio
926 3081 1255 3137 ﬁdelissima
1278 3081 1326 3153 1
1343 3079 1491 3153 04,
1506 3081 1552 3135 si
1571 3082 1694 3137 ﬁeri
1713 3086 1917 3153 potest,
1938 3082 2085 3136 intra

455 3182 678 3235 octavas
717 3176 971 3284 def-uncti
1015 3175 1118 3230 sub
1162 3175 1458 3246 diligentia
1498 3175 1793 3246 praesentis
1831 3176 2158 3284 episcopiC

452 3256 1019 3355 peragatur.‘)ehinc
1045 3269 1115 3324 ad
1145 3269 1567 3340 metropolitani
1591 3268 1859 3324 notitiam
1886 3270 2082 3325 habita

453 3366 709 3423 ordinate
741 3363 1013 3419 districtio
1056 3363 1367 3433 deferatur,
1402 3367 1468 3418 ut
1504 3363 1624 3434 ejus
1654 3364 1930 3419 electione
1957 3364 2082 3419 talis

447 3477 687 3535 persona
715 3438 1050 3515 ordinanda:
1076 3458 1277 3512 domus
1304 3458 1699 3513 ecclesiasticae
1724 3463 2077 3530 procuretur,

448 3575 575 3629 quae
626 3556 713 3610 vel
753 3556 1021 3610 consueta
1061 3552 1279 3607 clericis
1325 3552 1606 3623 stipendia
1656 3552 1973 3623 dispenset,
2025 3558 2081 3609 et

447 3651 794 3707 creditarum
836 3648 943 3703 sibi
983 3664 1198 3717 rerum,
1231 3647 1277 3701 si
1313 3647 1549 3701 forsitan
1586 3647 1819 3702 tarditas
1859 3647 1918 3701 in
1958 3647 2077 3719 epi-

445 3761 613 3815 scopo
631 3742 951 3799 ordinando
978 3734 1328 3808 successerit,
1350 3740 1790 3811 metropolitano
1813 3741 2080 3812 congruis

446 3837 798 3911 temporibus
828 3836 1065 3890 reddere
1095 3834 1269 3906 possit
1297 3833 1603 3903 rationem,
1639 3832 1700 3889 ut
1727 3834 1830 3888 sub
1858 3835 1965 3888 hac
1986 3852 2077 3889 sa-

443 3932 595 3987 lubri
641 3929 1045 3985 constitutione
1095 3927 1278 3983 clerici
1327 3927 1626 4000 stipendiis
1684 3928 1799 3982 suis
1845 3929 2078 3983 omnino

448 4024 699 4081 contenti
740 4024 963 4079 labores
1000 4039 1117 4077 non
1146 4021 1418 4092 diripiant
1455 4021 1702 4092 episcopi
1734 4023 2075 4092 decedentis,

449 4124 505 4175 ct
533 4121 590 4175 in
616 4134 849 4174 vacuam
876 4116 1123 4172 ecclesiae
1157 4117 1396 4171 domum
1424 4116 1647 4170 futurus
1672 4116 1927 4188 pontifex
1960 4133 2078 4171 non

447 4220 569 4273 sine
597 4218 792 4273 dolore
825 4216 1104 4282 succedat,
1130 4215 1229 4269 sed
1253 4213 1437 4284 magis
1458 4214 1526 4269 de
1543 4213 1971 4285 prazdecessoris
1993 4215 2078 4269 sui

447 4312 680 4367 dimisso
720 4311 901 4383 possit
939 4315 995 4365 et
1024 4309 1141 4381 ipse
1171 4309 1438 4380 gaudere,
1478 4313 1533 4363 et
1568 4308 1691 4362 aliis
1733 4308 2074 4364 ministrare.

514 4409 603 4462 lll.
635 4405 821 4461 Simili
847 4420 1076 4476 quoque
1106 4402 1278 4458 modo
1306 4401 1639 4474 parentibus
1665 4407 1719 4458 et
1742 4402 2079 4474 propinquis

444 4499 767 4558 decedentis
808 4497 1075 4570 episcopi,
1109 4497 1153 4551 si
1191 4496 1488 4551 intestatus
1527 4496 1731 4551 obierit
1772 4497 2075 4552 denuntie-

2199 542 2495 596 conveniat
2538 558 2712 612 quam
2762 542 3076 613 exspoliare
3118 560 3238 599 non
3267 544 3488 616 metuit,
3536 546 3642 601 nisi
3681 547 3833 603 forte

2196 635 2399 707 spiritu
2466 635 2702 703 meliore
2753 639 3046 709 correptus
3100 637 3238 692 dum
3299 656 3333 693 a
3378 641 3834 713 praesumptione

2196 729 2522 800 cessaverit,
2551 734 2860 802 recuperet
2887 730 3323 803 indulgentiam.
3355 732 3411 788 Si
3438 738 3632 789 autem
3651 735 3829 791 ratio-

2193 823 2459 879 nabiliter
2485 823 2859 896 modesteque
2887 825 3273 899 unusquisque
3302 828 3508 898 repetit
3533 828 3689 900 quod
3718 829 3831 885 sibi

2185 918 2317 989 jure
2370 917 2627 984 debetur,
2679 917 2732 973 ei
2776 918 2987 990 absque
3028 919 3218 991 aliqua
3259 920 3748 978 animadversione
3794 941 3831 981 a

2193 1011 2632 1083 metropolitano
2659 1013 2745 1066 vel
2776 1012 2866 1068 cui
2905 1012 3234 1083 injunxerit,
3267 1017 3367 1069 aut
3406 1031 3515 1083 res,
3544 1019 3642 1070 aut
3674 1017 3826 1072 ratio

2193 1123 2307 1161 non
2352 1108 2617 1177 negetur.
2641 1107 2753 1160 Hos
2795 1110 2987 1161 autem
3026 1123 3228 1162 omnes
3273 1109 3692 1181 constringunt,
3725 1110 3828 1183 qui

2190 1205 2310 1255 tam
2337 1199 2396 1253 in
2424 1200 2779 1271 praeteritum
2800 1217 2973 1272 quam
2991 1200 3052 1255 in
3075 1202 3333 1257 futurum
3353 1218 3444 1259 res
3469 1204 3715 1260 ecclesia
3734 1205 3826 1261 vel

2190 1293 2438 1365 episcopi
2466 1296 2807 1365 usurpantes
2832 1294 3199 1365 diripuerint.

2261 1388 2345 1441 IV.
2372 1388 2515 1443 Illud
2555 1387 2729 1442 etiam
2773 1387 3011 1458 provido
3055 1389 3291 1445 consilio
3338 1391 3731 1461 decernentes,
3758 1395 3825 1448 ut

2192 1479 2326 1552 quia
2346 1497 2495 1552 saepe
2515 1483 2843 1536 sanctorum
2869 1482 3189 1538 antistitum
3216 1501 3320 1555 per
3335 1485 3654 1541 absentiam
3671 1503 3825 1540 com-

2190 1575 2546 1630 mendatoris
2592 1575 2842 1647 episcopi
2890 1577 3174 1648 exsequiae
3228 1578 3600 1647 differuntur,
3645 1580 3723 1636 ita
3761 1585 3826 1636 ut

2191 1669 2514 1724 veneranda
2541 1669 2827 1740 pontiﬁcis
2858 1671 3120 1725 membra
3145 1672 3283 1727 dum
3311 1672 3528 1729 tardius
3552 1673 3825 1729 funeran-

2190 1765 2284 1817 tur
2307 1762 2533 1833 injuriae
2581 1763 2816 1819 omnino
2861 1764 3210 1836 subjaceant,
3245 1767 3540 1838 episcopus
3569 1768 3667 1839 qui
3695 1772 3825 1840 post

2189 1860 2438 1911 mortem
2472 1857 2664 1911 fratris
2696 1857 2767 1911 ad
2792 1857 3182 1928 sepeliendum
3222 1876 3356 1915 eum
3384 1849 3523 1917 sole't
3546 1861 3821 1917 invitatus

2191 1966 2507 2017 occurrere,
2533 1950 2829 2006 inﬁrmum
2855 1952 3037 2023 magis
3070 1958 3127 2008 et
3155 1953 3337 2008 adhuc
3370 1954 3429 2008 in
3457 1971 3691 2027 corpore
3711 1973 3819 2027 po-

2190 2043 2363 2098 situm
2406 2044 2731 2099 admonitus
2777 2045 3006 2101 visitare
3045 2063 3163 2103 non
3204 2046 3449 2117 differat,
3491 2054 3557 2105 ut
3602 2053 3703 2105 aut
3748 2050 3821 2106 de

2187 2137 2534 2193 revelatione
2579 2140 2881 2194 sacerdotis
2926 2140 3172 2212 amplius
3218 2142 3483 2213 gaudeat,
3528 2148 3625 2199 aut
3663 2147 3820 2199 certe

2189 2232 2258 2286 de
2287 2232 2640 2288 ordinatione
2665 2234 2870 2288 domus
2895 2251 3008 2289 suae
3049 2235 3282 2290 fratrem
3308 2236 3634 2305 admoneat,
3663 2237 3816 2308 ejus-

2188 2343 2300 2397 que
2325 2326 2679 2397 probabilem
2703 2329 3056 2383 voluntatem
3085 2328 3145 2383 in
3176 2328 3443 2385 effectum
3468 2331 3822 2387 transmittat

2187 2436 2249 2475 ac
2273 2421 2637 2476 recedentem
2655 2439 2687 2475 a
2711 2423 2940 2492 saeculo,
2961 2422 3215 2478 oblatum
3235 2423 3295 2479 in
3316 2424 3439 2497 ejus
3456 2426 3821 2481 commenda-

2188 2514 2343 2568 tione
2374 2513 2708 2569 sacriﬁcium
2729 2516 2846 2570 Deo
2868 2516 3129 2585 offerens,
3143 2533 3281 2572 mox
3301 2518 3610 2590 sepulturae
3630 2520 3821 2576 tradat

2187 2606 2622 2679 diligentissime
2653 2611 2709 2663 et
2748 2610 3009 2680 superius
3044 2611 3352 2667 constituta
3392 2613 3661 2669 canonice
3701 2631 3818 2670 non

2187 2700 2414 2756 differat
2442 2703 2776 2774 adimplere.
2807 2702 2862 2758 Si
2893 2707 3109 2772 autem,
3140 2709 3206 2761 ut
3228 2706 3353 2761 ﬁeri
3391 2708 3548 2775 solet,
3581 2708 3817 2764 antistes

2185 2796 2484 2867 repentino
2512 2796 2665 2852 obitu
2694 2797 3085 2869 decesserit,et
3103 2800 3473 2856 collimitanei
3491 2801 3815 2858 sacerdotes

2187 2889 2256 2944 de
2301 2889 2617 2962 longinquo
2658 2891 2897 2947 minime
2942 2893 3136 2948 adesse
3181 2895 3507 2966 potuerint,
3556 2912 3673 2951 uno
3721 2896 3813 2952 die

2182 2986 2407 3038 tantum
2449 3001 2579 3039 cum
2625 3001 2726 3039 sua
2767 2989 2931 3041 nocte
2981 2987 3371 3042 exanimatum
3417 2990 3812 3060 corpusculum

2185 3077 2495 3132 sacerdotis
2521 3083 2769 3147 maneat,
2792 3096 2898 3135 nec
2923 3080 3044 3136 sine
3065 3082 3307 3136 fratrum
3328 3099 3393 3136 ac
3414 3082 3812 3152 religiosorum

2182 3172 2524 3244 frequentia,
2552 3173 2638 3227 vel
2664 3173 3025 3245 psallentium
3056 3176 3424 3232 excubatione
3452 3142 3813 3327 servatumui:

2182 3264 2528 3327 presbyteris
2566 3282 2697 3320 cum
2738 3267 2897 3321 omni
2928 3268 3225 3327 diligentia
3259 3270 3321 3325 in
3357 3271 3478 3325 loco
3516 3271 3711 3326 condit

2182 3264 2528 3336 presbyteris
2566 3282 2697 3320 cum
2738 3267 2897 3321 omni
2928 3268 3225 3341 diligentia
3259 3270 3321 3325 in
3357 3271 3478 3325 loco
3516 3271 3711 3326 condit

2183 3376 2438 3415 seorsum
2463 3376 2578 3415 non
2613 3360 2808 3415 statim
2844 3362 3132 3433 humetur,
3162 3364 3260 3420 sed
3294 3364 3605 3421 honoriﬁce
3648 3383 3809 3421 com-

2181 3454 2510 3523 mandetur,
2557 3455 2736 3510 donec
2779 3455 2899 3511 sine
2940 3474 3099 3512 mora
3156 3458 3392 3514 invitato
3430 3461 3809 3533 undecunque

2179 3548 2469 3620 pontiﬁce,
2487 3549 2555 3604 ab
2577 3549 2717 3621 ipso,
2732 3552 2799 3605 ut
2813 3550 3108 3621 condecet,
3128 3553 3458 3609 solemniter
3472 3556 3808 3627 tumuletur,

2181 3647 2243 3697 ut
2279 3646 2335 3698 et
2374 3643 2599 3714 injurias
2639 3645 2870 3700 tollatur
2911 3645 3143 3715 occasio,
3174 3651 3231 3702 et
3272 3664 3394 3703 mos
3439 3649 3711 3723 antiquus
3750 3650 3810 3705 in

2180 3737 2523 3808 sepeliendis
2553 3738 2938 3793 sacerdotibus
2969 3740 3314 3797 observetur.

2251 3832 2313 3884 V.
2354 3831 2468 3885 Hoc
2506 3831 2678 3885 etiam
2722 3832 2951 3903 placuit,
2988 3839 3053 3889 ut
3094 3852 3269 3907 vagus
3313 3839 3483 3908 atque
3528 3836 3810 3894 instabilis

2180 3924 2435 3992 clericus,
2473 3924 2585 3980 sive
2626 3926 2798 3980 etiam
2839 3927 2898 3981 in
2929 3927 3152 3984 diaconi
3195 3930 3512 3986 ministerio
3547 3933 3638 3987 vel
3677 3950 3805 4005 pre-

2179 4017 2391 4089 sbyteri
2413 4017 2597 4073 ofﬁcio
2621 4020 2977 4090 constitutus,
2999 4023 3045 4076 si
3064 4023 3358 4096 episcopia
3379 4042 3489 4096 quo
3510 4026 3809 4084 ordinatus

2181 4120 2265 4166 est
2293 4112 2593 4183 praeceptis
2634 4130 2749 4168 non
2796 4115 3090 4185 obedierit,
3126 4123 3188 4173 ut
3214 4118 3274 4173 in
3302 4119 3562 4192 delegata
3589 4120 3696 4177 sibi
3726 4138 3811 4178 ec-

2178 4205 2349 4260 clesia
2379 4206 2628 4261 ofﬁcium
2650 4208 2935 4280 dependat
2963 4211 3253 4268 assiduum
3278 4230 3573 4286 quousque
3592 4214 3653 4269 in
3673 4215 3810 4272 vitio

2177 4300 2577 4371 permanserit,
2603 4306 2656 4356 et
2695 4305 3095 4361 communione
3123 4311 3179 4361 et
3207 4308 3427 4363 honore
3456 4309 3733 4380 privetur.

2247 4395 2330 4448 VI.
2359 4396 2429 4449 Ut
2453 4395 2640 4450 nullus
2666 4396 2915 4453 alienum
2942 4399 3208 4455 clericum
3235 4403 3546 4458 secundum
3581 4404 3809 4461 decreta

2177 4505 2463 4544 canonum
2486 4489 2605 4546 sine
2627 4507 2901 4548 consensu
2919 4494 3169 4567 episcopi
3185 4496 3269 4550 sui
3288 4497 3499 4552 audeat
3517 4498 3804 4570 ordinare,

438 4602 551 4665 tur,
610 4598 672 4650 ut
723 4594 843 4650 sine
888 4590 1316 4663 metropolitani
1357 4590 1445 4646 vel
1503 4584 2153 4662 comprovincialiumD
2176 4584 2274 4638 sed
2299 4600 2402 4639 nec
2442 4583 2622 4639 ullum
2649 4590 2975 4643 sanctorum
3011 4590 3366 4645 sacerdotum
3391 4591 3675 4664 quispiam
3709 4610 3804 4648 or-

442 4691 797 4746 sacerdotum
851 4685 1230 4753 conscientia,
1282 4684 1426 4740 nihil
1478 4685 1548 4740 de
1597 4685 1765 4740 rebus
1821 4686 2076 4741 defuncti

443 4802 718 4856 occupare
740 4784 1088 4855 pertentent,
1103 4798 1177 4835 ne
1198 4779 1343 4835 forte
1362 4796 1491 4834 cum
1510 4779 1887 4835 hiereditariis
1904 4781 2074 4835 rebus

440 4879 611 4934 etiam
651 4879 834 4951 aliqua
875 4877 946 4932 ad
992 4874 1285 4930 ecclesiam
1316 4873 1660 4945 pertinentia
1686 4875 1774 4928 vel
1801 4874 2075 4945 permista

439 4976 735 5044 usurpent,
770 4971 868 5026 sed
897 4985 1075 5041 usque
1113 4967 1183 5022 ad
1213 4966 1633 5021 ordinationem
1672 4967 1850 5020 futuri
1873 4984 2070 5038 exspe-

440 5069 594 5121 ctent
623 5065 910 5134 antistitis,
947 5068 1044 5118 aut
1070 5066 1241 5131 certe,
1275 5060 1320 5115 si
1350 5060 1593 5131 longum
1618 5060 1808 5128 fuerit,
1837 5060 1910 5114 ad
1946 5078 2069 5115 me-

437 5159 789 5229 tropolitani,
820 5163 880 5213 ut
912 5158 1126 5212 dictum
1160 5160 1262 5223 est,
1296 5154 1726 5211 ordinationem
1754 5158 2068 5210 recurrant.

439 5253 493 5309 Si
526 5252 652 5323 quis
675 5257 866 5305 autem
897 5255 1256 5322 contemptor
1281 5248 1458 5305 divini
1484 5248 1705 5303 timoris
1732 5253 1928 5304 contra
1947 5249 2070 5303 haec

440 5349 629 5401 sancta
676 5344 947 5416 synodica
988 5345 1223 5400 clericus
1254 5345 1497 5416 quisque
1528 5343 1613 5399 vel
1668 5342 1845 5398 laicus
1877 5343 2070 5398 venire

437 5439 706 5512 improba
729 5441 918 5493 mente
946 5439 1268 5507 tentaverit,
1300 5443 1357 5493 et
1395 5437 1820 5507 communione,
1849 5440 1905 5493 et
1928 5454 2065 5492 con-

2177 4678 2354 4747 dinet,
2371 4678 2468 4751 qui
2494 4678 2733 4734 localem
2750 4698 2809 4735 se
2838 4682 3095 4737 futurum
3124 4684 3388 4755 primitus
3407 4703 3525 4741 non
3549 4681 3801 4759 s'popon-

2177 4771 2344 4841 derit,
2393 4777 2458 4828 ut
2495 4790 2598 4845 per
2643 4775 2766 4829 haec
2815 4776 3003 4831 nullus
3050 4794 3083 4831 a
3129 4779 3327 4849 regula
3372 4780 3461 4834 vel
3505 4781 3807 4853 disciplina

2174 4866 2547 4922 ecclesiastica
2594 4868 2821 4924 deviare
2865 4870 3232 4941 permittatur
3272 4872 3527 4944 impune.
3557 4874 3804 4930 Celsivus

2172 4962 2231 5016 in
2276 4960 2479 5017 Christi
2523 4962 2757 5018 nomine
2821 4963 3119 5036 episcopus
3168 4966 3488 5039 subscripsi.
3540 4969 3803 5027 Setabius

2174 5058 2469 5129 episcopus
2494 5057 2819 5129 subscripsi.
2846 5058 3127 5131 Benagius
3149 5061 3446 5133 episcopus
3475 5063 3801 5136 subscripsi,

2171 5152 2462 5223 Ampelius
2492 5152 2786 5224 episcopus
2838 5153 3160 5225 subscripsi.
3194 5155 3491 5211 Sallustius
3519 5159 3799 5214 archidia-

2172 5263 2344 5300 conus
2389 5246 2630 5303 vicarius
2672 5246 2891 5303 domini
2928 5247 3042 5303 mei
3082 5249 3325 5306 Marcelli
3360 5251 3631 5323 episcopi,
3665 5253 3799 5308 sub-

2171 5340 2388 5412 scripsi.

1144 5681 1544 5747 INCIPIUNT
1588 5682 1978 5748 CAPITULA
2021 5682 2354 5748 CONCILII
2397 5680 2789 5747 TOLETANI
2835 5683 3078 5749 PRlMl.

505 5823 553 5873 l.
581 5820 658 5874 De
691 5818 1030 5893 presbyteris
1070 5822 1126 5873 et
1150 5818 1477 5874 diaconibus
1510 5818 1555 5873 si
1588 5822 1715 5889 post
1740 5818 2053 5874 ordinatio-

430 5927 558 5964 nem
594 5913 739 5968 ﬁlios
768 5914 1091 5985 genuerint.
1160 5940 1169 5943 -

2229 5823 2281 5874 2.
2336 5820 2406 5874 Ut
2449 5821 2752 5891 paenitens,
2799 5821 2844 5877 si
2893 5823 3196 5879 necessitas
3240 5800 3425 5897 cogat,
3473 5825 3652 5880 lector
3694 5831 3793 5882 aut

2159 5912 2419 5970 ostiarius
2444 5913 2558 5970 fiat.
