4054 6326
237 341 341 396 433

1484 341 1957 400 DECltETALlUM
1995 345 2385 403 CULLECTIO.

3502 355 3604 411 434

311 453 363 504 3.
399 449 479 504 De
507 447 595 506 his
629 447 727 519 qui
752 446 948 502 viduas
991 448 1331 520 acceperint,
1363 465 1432 506 ne
1479 449 1702 506 diaconi
1744 451 1867 508 efﬁ-
1889 464 1949 539 Α
2045 458 2128 510 12.
2158 457 2228 510 Ut
2256 455 2446 511 nullus
2473 455 2709 512 clericus
2759 457 2829 512 ab
2873 457 3135 530 episcopo
3186 459 3417 516 recedat
3456 464 3514 515 et
3536 463 3606 520 ad

238 545 487 599 cientur.

308 638 363 692 4.
399 638 468 692 Ut
492 635 870 692 subdiaconus
901 636 946 692 si
973 637 1241 693 defuncta
1265 653 1440 693 uxore
1477 637 1648 695 aliam
1689 638 1865 695 duxe-

233 731 328 802 rit,
364 731 627 786 ostiarius
651 730 766 785 ﬁat.

307 830 358 881 ὅ.
393 827 462 881 Ut
490 825 539 879 si
564 825 868 896 cujuslibet
895 824 1108 880 ordinis
1139 825 1379 882 clericus
1421 826 1639 882 tardius
1671 827 1744 882 ad
1775 843 1864 883 ec-

232 919 474 974 clesiam
499 918 739 986 venerit,
773 919 1111 990 deponatur.

303 1017 355 1068 6.
389 1015 457 1068 Ut
495 1012 767 1083 religiosa
796 1014 991 1084 puella
1020 1012 1270 1068 virorum
1317 1013 1769 1070 familiaritatem
1807 1015 1866 1071 in

233 1107 409 1164 domo
441 1123 558 1162 non
585 1106 807 1161 habeat.

304 1207 356 1258 7.
391 1203 461 1256 Ut
480 1200 714 1255 clericus
743 1200 903 1271 cujus
930 1217 1073 1254 uxor
1099 1201 1416 1271 peccaverit
1437 1204 1647 1272 printer
1667 1218 1867 1258 necem

228 1298 569 1368 potestatem
623 1295 834 1349 habeat
888 1294 1266 1366 distringendi
1321 1311 1465 1363 eam,
1507 1301 1564 1352 et
1613 1313 1744 1352 cum
1797 1314 1866 1354 ea

233 1391 426 1445 cibum
459 1405 573 1442 non
603 1392 810 1443 sumat.

300 1486 352 1538 8.
387 1484 468 1538 De
513 1499 580 1537 eo
617 1483 715 1554 qui
762 1485 888 1553 post
926 1481 1274 1553 baptismum
1323 1482 1670 1554 militaverit,
1703 1488 1765 1539 ut
1794 1486 1866 1540 ad

232 1577 602 1632 diaconatum
630 1592 747 1631 non
774 1575 1163 1646 permittatur.
1609 1628 1624 1643 ,

302 1675 353 1726 9.
379 1672 448 1726 Ut
468 1671 625 1725 nulla
644 1671 900 1742 professa
914 1671 1001 1724 vel
1023 1669 1210 1739 vidua,
1228 1671 1458 1726 absente
1479 1671 1790 1742 sacerdote,
1808 1673 1866 1729 in

227 1765 404 1820 domo
427 1782 529 1819 sua
549 1765 893 1820 sacerdotale
914 1765 1164 1819 ofﬁcium
1192 1765 1277 1819 vel
1300 1764 1583 1820 lucernale
1607 1766 1860 1838 impleat.

1967 547 2143 604 alium
2169 566 2228 603 se
2256 551 2577 606 transferat.

2043 645 2126 697 l3.
2157 644 2234 696 De
2264 643 2350 698 his
2381 644 2480 715 qui
2524 645 2584 699 in
2611 645 2909 701 ecclesiam
2938 645 3179 718 intrant,
3209 650 3266 704 et
3288 663 3407 703 non
3442 664 3601 705 com—

1967 735 2286 804 municant,
2319 742 2380 792 ut
2407 739 2994 796 excommunicenter.

2045 831 2126 884 14.
2180 831 2258 886 De
2306 847 2372 886 eo
2420 832 2518 903 qui
2566 834 2846 905 acceperit
2900 833 3320 904 eucharistiam,
3372 839 3431 892 et
3486 854 3604 894 non

1967 924 2288 994 sumpserit,
2322 927 2384 979 ut
2408 925 2719 998 sacrilegus
2747 928 3080 998 repellatur.

2043 1020 2126 1072 15.
2158 1020 2234 1073 De
2264 1018 2350 1072 his
2378 1020 2476 1091 qui
2526 1022 3089 1077 excommunicantur
3117 1039 3151 1078 a
3190 1025 3597 1094 sacerdotibus,

1969 1114 2030 1165 ut
2057 1111 2242 1166 nullus
2265 1112 2334 1167 ad
2365 1129 2460 1168 eos
2488 1115 2742 1170 accedat.

2040 1209 2126 1260 16.
2167 1207 2238 1261 Ut
2280 1207 2482 1262 devota
2525 1207 2570 1262 si
2608 1209 2924 1265 adulterata
2964 1209 3136 1265 fuerit
3175 1212 3375 1267 decem
3421 1229 3600 1267 annos

1965 1299 2261 1370 poeniteat;
2288 1301 2334 1354 si
2361 1301 2631 1356 maritum
2661 1303 2901 1372 duxerit,
2930 1320 3045 1358 non
3064 1305 3506 1374 permittendam
3528 1307 3600 1362 ad

1966 1393 2379 1464 paenitentiam,
2413 1395 2518 1450 nisi
2549 1395 2790 1452 maritus
2819 1396 3141 1452 decesserit.

2045 1491 2124 1542 17.
2161 1488 2238 1542 De
2274 1504 2342 1543 eo
2370 1489 2468 1560 qui
2498 1506 2742 1544 uxorem
2773 1489 2964 1561 habet,
2996 1490 3044 1545 si
3083 1491 3459 1548 concubinam
3497 1495 3597 1548 ha-

1965 1579 2172 1649 buerit,
2205 1598 2324 1636 non
2369 1583 2769 1639 communicet.

2041 1677 2124 1730 l8.
2177 1675 2235 1730 Si
2280 1675 2449 1730 vidua
2505 1676 2777 1748 episcopi,
2823 1677 3161 1750 presbyteri,
3202 1679 3290 1734 vel
3349 1679 3595 1750 diaconi,

1966 1767 2236 1823 maritum
2275 1769 2572 1841 acceperit.

305 1862 386 1912 10.
414 1860 484 1913 Ut
509 1858 697 1912 nullus
724 1857 1042 1928 obligatum
1063 1857 1332 1929 cuiquam
1350 1858 1562 1930 absque
1583 1837 1861 1916 consensu
1882 1837 1940 1910 Β
2036 1866 2122 1917 19.
2156 1862 2215 1918 Si
2240 1837 2570 1932 sacerdotis,
2601 1865 2686 1919 vel
2713 1864 2955 1935 diaconi,
2989 1866 3104 1921 ﬁlia
3149 1865 3421 1939 religiosa
3457 1884 3594 1941 pec-

227 1953 443 2008 domini
462 1952 550 2007 vel
580 1953 809 2024 patroni
833 1951 1105 2007 clericum
1129 1952 1320 2007 faciat.

302 2051 386 2102 11.
415 2048 488 2102 Ut
515 2047 562 2101 si
590 2046 715 2118 quis
735 2049 1036 2118 potentum
1057 2046 1453 2118 exspoliaverit
1472 2049 1784 2118 quemlibet
1803 2053 1860 2104 et

223 2142 566 2200 admonente
581 2141 842 2215 episcopo
853 2156 968 2196 non
979 2139 1508 2212 rcddiderit,excom
1517 2142 1857 2200 municetur.

1960 1956 2189 2024 caverit,
2223 1956 2282 2011 in
2311 1958 2426 2011 ﬁne
2453 1960 2680 2012 tantum
2707 1960 3112 2016 communicet.

2032 2053 2119 2104 20.
2143 2052 2212 2104 Ut
2233 2051 2419 2106 nullus
2439 2057 2650 2123 praeter
2671 2052 3002 2125 episcOpum
3031 2054 3279 2111 chrisma
3305 2056 3590 2112 conﬁciat.

2033 2148 2122 2200 21.
2155 2145 2228 2200 De
2254 2145 2470 2216 regulis
2494 2145 2627 2202 ﬁdei
2653 2146 2947 2202 catholicae
2976 2151 3176 2206 contra
3196 2150 3592 2208 Priscillianos.

695 2468 1148 2562 INCIPIT“
1194 2468 1812 2564 CONCILIUM
1905 2469 2351 2564 PRIMUM
2438 2469 3131 2564 TOLETANUM

385 2639 621 2703 Decem
653 2645 713 2700 et
742 2646 878 2701 octo
907 2639 1379 2720 episcoporum,
1418 2645 1701 2721 tempore
1730 2639 2013 2703 Honorii
2039 2647 2102 2702 et
2129 2639 2421 2716 Arcadii,
2457 2638 2768 2703 Stilicone
2797 2637 3076 2715 consule,
3109 2637 3426 2700 habitum.

290 2809 775 2867 Convenientibus
825 2811 1098 2882 episcopis
1146 2811 1207 2865 in
1255 2811 1489 2866 ecclesia
1540 2813 1755 2879 Toleto,
1796 2813 1854 2867 id

221 2909 324 2972 est,
372 2907 639 2974 Patrono,
686 2905 962 2971 Marcello,
1012 2905 1274 2974 Alitiano,
1325 2905 1689 2976 Aphrodisio,
1758 2907 1852 2960 Jo-

222 2999 435 3068 cnndo,
465 2998 728 3070 Olympo,
753 2999 973 3064 Severo,
996 2998 1237 3068 Astutio,
1267 2999 1496 3068 Hilario,
1520 2998 1851 3070 Lampadio,

219 3093 546 3162 Eustochio,
611 3093 1009 3163 Exuperantio,
1069 3093 1298 3160 Sereno,
1359 3093 1539 3160 Floro,
1589 3093 1850 3164 Leporio,

1958 2813 2124 2883 gerit,
2157 2813 2307 2867 inter
2334 2811 2594 2867 ostiarios
2620 2812 2988 2884 deputentur,
3019 2810 3106 2865 vel
3133 2809 3282 2865 inter
3324 2809 3592 2878 lectores,

1954 2905 2034 2959 ita
2062 2909 2128 2960 ut
2152 2906 2471 2977 Evangelia,
2503 2908 2601 2960 aut
2629 2906 2964 2977 Apostolum
2993 2921 3106 2959 non
3140 2903 3353 2975 legant.
3396 2902 3454 2958 Si
3491 2902 3589 2974 qui

1953 3003 2146 3054 autem
2165 3003 2299 3054 ante
2319 2998 2565 3054 ordinati
2583 3003 2717 3054 sunt
2738 2998 3029 3066 diacones,
3047 2997 3197 3053 inter
3219 2996 3594 3052 subdiacones

1955 3092 2289 3162 habeantur,
2319 3093 2396 3148 ita
2425 3097 2490 3148 ut
2516 3109 2756 3148 manum
2795 3109 2910 3147 non
2950 3092 3267 3163 imponant,
3296 3106 3401 3146 nec
3431 3106 3593 3145 sacra

222 3186 900 3258 .Aureliano,LaInpiode,
919 3187 1112 3255 Gallia,
1129 3186 1418 3241 Lucentio.
1439 3187 1854 3242 Hisconventus
1875 3226 1930 3301 Ω
1955 3187 2304 3258 contingant.
2340 3188 2418 3240 Ex
2447 3203 2514 3241 eo
2545 3202 2679 3240 vero
2708 3187 3021 3257 poenitente
3053 3185 3292 3240 dicimus
3336 3183 3434 3254 qui
3463 3188 3593 3255 post

225 3281 544 3301 ,,,,,_3_3“32_
588 3281 798 3301 n_-|___:_
847 3283 997 3301 _-l___
1052 3285 1127 3301 --Δ
1183 3281 1269 3301 1-12
1309 3285 1437 3301 ____.L
1490 3280 1575 3301 .___S
1618 3281 1668 3301 2-1
1733 3281 1851 3301 -13_‘_
1955 3282 1978 3301 ι.
2003 3281 2296 3301 ,n-1:_..______
2362 3285 2453 3301 A__L
2487 3296 2582 3301 μ---
2619 3280 2925 3301 ι--..-ξ-ι.ιι-
2989 3285 3201 3301 ---Δ-μ-
3241 3277 3465 3301 ΔΞ--Α-,2-
3494 3277 3565 3301 -..Ζ

222 3281 548 3353 municipiis
587 3281 802 3336 Celenis
843 3283 1000 3335 actus
1045 3285 1147 3350 est,
1183 3281 1274 3336 isti
1305 3285 1438 3335 sunt
1483 3280 1580 3352 qui
1617 3281 1676 3335 in
1729 3281 1855 3336 aliis

223 3377 396 3448 gestis
437 3376 703 3430 adversus
748 3373 1077 3429 Priscilliani
1119 3377 1443 3442 sectatores,
1487 3380 1544 3430 et
1586 3375 1853 3430 haeresim

220 3487 395 3542 quam
413 3471 730 3524 astruxerat
747 3468 1060 3523 libellarem
1087 3467 1298 3522 dedere
1320 3468 1677 3522 sententiam.
1701 3469 1852 3524 Con-

220 3564 540 3618 sidentibus
593 3561 955 3634 presbyteris,
1014 3561 1326 3616 astantibus
1383 3562 1734 3630 diaconibus,
1799 3565 1856 3617 et

219 3657 438 3714 caeteris
459 3656 554 3729 qui
581 3657 897 3712 intererant
921 3655 1158 3710 concilio
1177 3655 1558 3727 congregatis,
1581 3658 1854 3710 Patronus

218 3753 518 3824 episcopus
546 3751 723 3806 dixit:
747 3751 1027 3814 Quoniam
1057 3749 1265 3820 singuli
1297 3750 1567 3821 ccepimus
1587 3749 1646 3804 in
1671 3749 1850 3805 eccle-

217 3847 312 3902 siis
357 3845 564 3900 nostris
612 3845 796 3899 faccre
837 3845 1073 3911 diversa,
1107 3847 1162 3899 et
1201 3844 1338 3898 inde
1383 3849 1543 3899 tanta
1592 3845 1855 3899 scandala

215 3945 367 4007 sunt,
399 3956 528 4011 quae
557 3955 735 4010 usque
771 3939 845 3993 ad
873 3938 1117 3993 schisma
1156 3937 1520 4009 perveniunt,
1552 3940 1599 3992 si
1641 3939 1847 4008 placet,

217 4033 517 4091 communi
570 4032 804 4087 concilio
859 4032 1226 4087 decernamus
1279 4031 1414 4103 quid
1466 4032 1536 4085 ab
1583 4031 1849 4086 omnibus

1953 3281 2327 3353 baptismum,
2358 3285 2457 3335 aut
2487 3296 2588 3351 pro
2618 3280 2951 3347 homicidio,
2986 3285 3085 3334 aut
3104 3296 3206 3350 pro
3236 3277 3468 3333 diversis
3490 3277 3593 3332 cri-

1955 3375 2206 3430 minibus
2233 3373 2690 3445 gravissimisque
2717 3373 2960 3445 peccatis
2984 3373 3278 3444 publicam
3306 3371 3590 3443 pmniten-

1951 3470 2093 3525 tiam
2119 3485 2324 3539 gerens
2351 3466 2453 3521 sub
2482 3467 2716 3522 consilio
2744 3466 2932 3522 divino
2974 3466 3148 3521 fuerit
3187 3464 3588 3521 reconciliatus

1955 3562 2176 3618 altario.

2025 3659 2114 3712 Ill.
2139 3658 2280 3712 Item
2309 3654 2600 3710 constituit
2621 3659 2810 3710 sancta
2838 3654 3107 3726 synodus,
3132 3657 3193 3709 ut
3210 3654 3388 3708 lector
3406 3653 3590 3708 fidelis

1955 3752 1999 3806 si
2027 3751 2256 3806 viduam
2281 3749 2511 3805 alterius
2547 3766 2788 3805 uxorem
2828 3747 3129 3821 acceperit,
3159 3747 3404 3820 amplius
3444 3747 3591 3802 nihil

1954 3846 2043 3914 sit,
2074 3846 2172 3901 sed
2220 3861 2448 3916 semper
2492 3845 2665 3899 lector
2706 3844 3002 3912 habeatur,
3033 3845 3133 3898 aut
3171 3842 3317 3898 forte
3366 3841 3591 3897 subdia-

1953 3957 2150 3996 CODLIS.

2023 4037 2107 4089 IV.
2137 4034 2524 4090 Subdiaconus
2549 4037 2740 4089 autem
2773 4033 3039 4088 defuncta
3067 4048 3244 4087 uxore
3272 4031 3319 4086 si
3351 4047 3589 4086 uxorem

218 4128 498 4200 episcopis
522 4128 582 4182 in
608 4126 934 4181 ordinandis
963 4124 1178 4180 clericis
1205 4125 1277 4180 sit
1315 4125 1688 4197 sequendum.
1718 4125 1850 4179 Milli
1952 4128 2122 4182 aliam
2155 4127 2407 4195 duxerit,
2439 4128 2510 4181 ab
2557 4126 2741 4182 ofﬁcio
2794 4127 2852 4181 in
2897 4143 3009 4198 quo
3053 4126 3349 4181 ordinatus
3401 4125 3592 4181 fuerat

218 4228 415 4278 autem
454 4221 639 4293 placet
684 4219 1053 4274 constitutum
1094 4218 1357 4290 primitus
1387 4219 1596 4273 Niczeni
1627 4217 1851 4273 concilii
1953 4225 2328 4288 removeatur,
2363 4225 2418 4276 et
2443 4221 2720 4276 habeatur
2747 4221 2901 4276 inter
2925 4220 3184 4275 ostiarios
3204 4220 3296 4275 vel
3325 4219 3586 4285 lectores,

217 4320 502 4389 perpetuo
531 4331 645 4370 esse
671 4313 1032 4381 servandum,
1066 4329 1171 4367 nec
1195 4312 1265 4367 ab
1291 4313 1397 4367 hoc
1425 4329 1546 4366 esse
1576 4312 1850 4367 receden-
1950 4315 2032 4369 ita
2047 4318 2112 4369 ut
2131 4314 2496 4386 Evangelium
2526 4317 2582 4368 et
2602 4315 2933 4384 Apostolum
2950 4331 3065 4368 non
3092 4315 3265 4384 legat,
3283 4317 3591 4385 propterea

217 4412 377 4466 dum.
404 4408 657 4465 Universi
687 4407 935 4479 epiSCOpi
963 4406 1228 4462 dixerunt
1264 4423 1276 4461 :
1312 4407 1423 4460 Hoc
1456 4405 1616 4460 nobis
1647 4407 1849 4477 placet,
1951 4424 2022 4463 ne
2065 4407 2162 4478 qui
2191 4407 2444 4461 ecclesiae
2475 4407 2733 4461 servierit
2761 4407 3005 4478 publicis
3038 4406 3238 4460 ofﬁciis
3265 4405 3475 4461 servire
3503 4405 3586 4459 vi-

220 4505 387 4560 itaut
413 4503 457 4557 si
502 4502 627 4574 quis
664 4500 907 4572 cognitis
948 4501 1121 4571 gestis
1164 4499 1376 4556 Niczeni
1428 4499 1652 4553 concilii
1698 4498 1853 4553 aliud
1955 4501 2191 4568 deatur;
2224 4500 2321 4572 qui
2349 4517 2484 4554 vero
2532 4499 2783 4567 tertiam,
2814 4500 2966 4570 quod
3009 4516 3111 4555 nec
3144 4500 3448 4555 dicendum
3480 4502 3584 4564 est,

222 4615 394 4670 quam
419 4599 696 4651 statutum
732 4598 814 4649 est
856 4594 1044 4648 facere
1087 4593 1535 4665 praesumpserit,
1567 4596 1623 4646 et
1649 4610 1766 4647 non
1794 4593 2252 4676 inDacceperit,
2321 4594 2612 4648 abstentus
2666 4593 2898 4648 biennio
2950 4598 3150 4664 postea
3203 4593 3352 4647 inter
3412 4592 3588 4647 laicos

221 4710 284 4748 eo
318 4689 806 4764 perseverandum
841 4688 1141 4760 putaverit,
1170 4693 1305 4742 tunc
1335 4686 1856 4741 excommunicatus

221 4787 518 4851 habeatur,
551 4783 657 4838 nisi
682 4800 784 4854 per
809 4781 1224 4854 correptionem
1254 4780 1494 4835 fratrum
1527 4779 1858 4834 emendave-

220 4882 296 4936 rit.
336 4895 612 4935 errorem.

293 4976 419 5030 CAP.
464 4975 506 5026 I.
555 4970 792 5039 Placuit,
840 4973 903 5024 ut
947 4969 1214 5024 diacones
1259 4967 1306 5023 si
1349 4969 1434 5023 vel
1493 4967 1720 5038 integri,
1768 4969 1854 5021 vel

227 5069 364 5124 casti
401 5067 535 5135 sint,
564 5070 619 5121 et
675 5062 1021 5120 continentis
1063 5063 1212 5128 vitm,
1246 5062 1416 5117 etiam
1444 5061 1488 5115 si
1521 5078 1728 5116 uxores
1759 5061 1856 5116 ha-

220 5164 412 5232 beant,
436 5162 495 5216 in
539 5158 854 5214 ministerio
899 5157 1338 5227 constituantur,
1371 5157 1448 5210 ita
1476 5160 1673 5211 tamen
1717 5159 1780 5211 ut
1810 5156 1856 5210 si

221 5258 317 5330 qui
349 5256 521 5313 etiam
546 5259 677 5309 ante
713 5252 1080 5308 interdictum
1111 5251 1266 5322 quod
1312 5268 1417 5321 per
1465 5250 1683 5320 priores
1723 5253 1856 5306 ante

219 5370 326 5408 nos
370 5351 660 5422 episcopos
703 5347 1077 5402 constitutum
1125 5349 1210 5399 est
1251 5345 1676 5399 incontinenter
1723 5361 1852 5399 cum

225 5446 494 5501 uxoribus
519 5442 781 5509 vixerint,
811 5439 1131 5512 presbyteri
1158 5439 1380 5494 honore
1413 5455 1529 5493 non
1556 5437 1851 5493 cumulen-

221 5547 342 5609 tur;
376 5539 424 5594 si
467 5537 594 5609 quis
635 5551 766 5591 vero
813 5551 880 5590 ex
920 5532 1267 5605 presbyteris
1308 5535 1442 5588 ante
1487 5530 1855 5588 interdictum

218 5635 361 5689 ﬁlios
389 5648 523 5688 suos
549 5628 883 5701 susceperit,
916 5627 985 5683 de
1025 5625 1356 5698 presbytero
1403 5626 1476 5682 ad
1520 5627 1854 5698 episcopum

220 5745 339 5784 non
369 5724 728 5781 admittatur.
770 5718 793 5808 ί

289 5824 351 5878 ll.
379 5823 521 5876 Item
541 5816 770 5890 placuit,
789 5819 852 5871 ut
870 5814 1210 5888 pmnitentes
1234 5830 1353 5869 non
1380 5813 1762 5869 admittantur
1781 5815 1853 5870 ad

218 5917 454 5987 clerum,
486 5912 592 5968 nisi
647 5913 889 5980 tantum,
933 5909 978 5965 si
1021 5908 1346 5981 necessitas,
1392 5912 1488 5964 aut
1529 5924 1666 5963 usus
1716 5924 1846 5965 exc-

1955 4688 2348 4744 rcconciliatus
2378 4704 2480 4759 per
2505 4687 2905 4759 paenitentiam
2933 4687 3330 4742 communicet.

2026 4785 2088 4838 V.
2122 4782 2440 4853 Presbyter,
2479 4783 2570 4836 vel
2620 4781 2890 4836 diaconus
2941 4780 3027 4836 vel
3077 4781 3470 4848 subdiaconus,
3499 4781 3587 4835 vel

1957 4876 2195 4949 quilibet
2225 4875 2470 4931 ecclesia:
2501 4876 2808 4947 deputatus
2835 4875 3093 4946 clericus,
3122 4875 3166 4928 si
3207 4874 3356 4929 intra
3394 4873 3586 4929 civita-

1957 4975 2077 5026 tem
2104 4988 2221 5026 non
2247 4970 2441 5038 fuerit,
2471 4970 2560 5024 vel
2590 4969 2648 5024 in
2678 4969 2800 5024 loco
2838 4970 2898 5024 in
2933 4986 3046 5041 quo
3097 4968 3333 5024 ecclesia
3360 4973 3461 5037 est,
3491 4973 3592 5024 aut

1959 5066 2209 5133 castella,
2238 5068 2337 5118 aut
2381 5064 2487 5119 vici
2534 5069 2687 5131 sunt,
2731 5067 2832 5118 aut
2868 5063 3034 5132 villae,
3066 5063 3113 5118 si
3151 5063 3225 5118 ad
3264 5063 3586 5132 ecclesiam,

1957 5164 2057 5213 aut
2075 5159 2145 5214 ad
2171 5158 2509 5214 sacriﬁcium
2530 5158 2933 5230 quotidianum
2952 5174 3068 5213 non
3089 5158 3328 5226 venerit,
3353 5158 3590 5214 clericus

1956 5269 2075 5307 non
2106 5253 2402 5322 habeatur,
2434 5253 2480 5307 si
2528 5252 2832 5324 castigatus
2873 5268 2977 5324 per
3022 5252 3457 5308 satisfactionem
3495 5269 3590 5309 ve-

1957 5345 2111 5400 niam
2137 5347 2208 5402 ab
2237 5346 2502 5418 episcopo
2528 5346 2704 5402 voluit
2733 5347 3072 5418 promereri.

2027 5441 2116 5496 VI.
2148 5442 2402 5511 Itemque
2426 5442 2614 5511 puella
2647 5440 2747 5496 Dei
2773 5457 2878 5496 nec
2905 5441 3348 5498 familiaritatem
3376 5441 3585 5497 habeat

1954 5550 2086 5590 cum
2136 5534 2476 5603 confessore,
2506 5539 2604 5590 aut
2643 5551 2774 5590 cum
2821 5535 3076 5608 quolibet
3117 5536 3255 5591 laico
3297 5535 3590 5606 sanguinis

1955 5626 2145 5694 alieni,
2175 5629 2272 5681 aut
2297 5626 2613 5682 convivium
2639 5628 2762 5682 sola
2787 5629 2977 5698 adeat,
3010 5628 3117 5684 nisi
3143 5629 3242 5683 ubi
3269 5627 3585 5698 seniorum,

1953 5725 2052 5776 aut
2075 5721 2468 5790 honestorum,
2497 5725 2596 5776 aut
2621 5720 2923 5777 viduarum
2949 5722 3436 5791 honestarumque
3466 5719 3584 5776 fre-

1953 5815 2206 5888 quentia,
2245 5815 2339 5870 ubi
2384 5815 2625 5871 honeste
2651 5817 2943 5871 confessor
2972 5815 3207 5886 quilibet
3244 5830 3372 5867 cum
3400 5814 3582 5884 pluri-

1951 5926 2181 5968 morum
2204 5909 2528 5969 testimonio
2555 5909 2784 5968 testium
2810 5907 3064 5965 convivio
3083 5906 3353 5964 interesse
3381 5907 3579 5978 possit,
