4054 6298
238 349 339 403 ait}?
1435 352 1908 408 DECRETALIL'M
1947 355 2330 412 CULLECTIO.

3497 365 3595 419 438

236 459 332 525 sis,
366 457 846 528 Carthaginensis,
892 458 1145 514 Lusitani
1195 464 1252 514 et
1291 461 1463 515 Betici
1505 462 1763 516 fecerunt
1804 478 1867 515 ex
1890 473 1949 546 Α
1970 463 2022 516 Si
2053 464 2179 534 quis
2202 468 2392 519 autem
2423 465 2643 535 dixerit,
2679 470 2778 520 aut
2805 467 3111 523 crediderit
3135 486 3168 522 a
3197 470 3312 524 Deo
3339 470 3598 540 omnipo-

236 557 525 623 praecepto
552 569 711 623 papae
737 553 960 622 Leonis,
991 556 1048 607 et
1077 555 1148 608 ad
1177 555 1503 610 Balconium
1536 555 1867 626 episcopum

236 645 466 700 Galiciee
514 647 968 702 transmiserunt.
999 648 1106 718 Ipsi
1159 649 1328 702 etiam
1369 655 1426 704 et
1492 645 1869 720 suprascripta

238 739 444 810 viginti
473 756 754 795 canonum
786 740 1028 812 capitula
1057 745 1376 797 statuerunt
1399 741 1457 797 in
1487 743 1721 798 concilio
1760 744 1866 798 To-

233 833 443 892 letano.

594 916 836 970 Assertio
859 917 990 986 ﬁdei
1013 917 1254 986 ejusdem
1273 919 1506 972 concilii.

306 1023 606 1078 Credimus
636 1024 696 1078 in
723 1041 905 1078 unum
931 1041 1129 1078 verum
1156 1025 1337 1079 Deum
1362 1026 1585 1080 Patrem
1611 1025 1870 1096 omnipo-

234 1120 478 1185 tentem,
516 1119 571 1172 et
599 1117 820 1185 Filium,
855 1123 912 1173 et
946 1118 1216 1189 Spiritum
1255 1123 1531 1188 sanctum,
1560 1119 1865 1174 visibilium

232 1211 533 1279 factorem,
561 1227 664 1283 per
694 1228 867 1282 quem
895 1212 1090 1267 omnia
1131 1212 1282 1267 facta
1312 1218 1443 1267 sunt
1470 1213 1529 1266 in
1556 1215 1694 1268 ccelo
1722 1217 1781 1267 et
1812 1214 1870 1268 in

234 1309 412 1372 terra,
444 1322 626 1360 unum
656 1307 855 1374 Deum,
887 1309 944 1360 et
972 1323 1142 1361 unam
1164 1323 1286 1360 esse
1313 1307 1514 1361 divinae
1542 1307 1869 1362 substantia-'3

236 1398 596 1454 Trinitatem.
627 1401 850 1455 Patrem
883 1403 1078 1455 autem
1103 1417 1221 1455 non
1254 1417 1373 1454 esse
1419 1400 1624 1455 Filium
1654 1401 1866 1472 ipsum,

234 1493 338 1548 sed
365 1492 581 1548 habere
622 1493 825 1548 Filium
869 1494 966 1566 qui
1010 1496 1176 1550 Pater
1219 1511 1335 1548 non
1376 1494 1486 1562 sit;
1521 1495 1725 1549 Filium
1751 1511 1870 1550 non

237 1603 362 1642 esse
388 1589 636 1657 Patrem,
675 1589 773 1644 sed
814 1590 851 1642 F
857 1589 1018 1643 ilium
1046 1588 1147 1643 Dei
1174 1589 1242 1642 de
1271 1589 1449 1643 Patris
1479 1606 1601 1643 esse
1633 1591 1865 1656 natura;

237 1680 513 1752 Spiritum
539 1698 767 1753 quoque
801 1699 921 1738 esse
951 1683 1330 1750 Paracletum,
1370 1682 1468 1754 qui
1489 1699 1592 1737 nec
1612 1684 1781 1738 Pater
1797 1682 1872 1737 sit

237 1774 396 1845 ipse,
453 1791 558 1829 nec
597 1776 786 1846 Filius,
829 1775 926 1831 sed
967 1793 1000 1831 a
1032 1778 1192 1830 Patre
1232 1776 1488 1846 Filioque
1525 1776 1866 1847 procedens.

1969 558 2124 610 tente
2151 559 2431 614 mundum
2455 560 2605 615 hunc
2637 561 2847 616 factum
2876 579 2991 616 non
3015 562 3203 631 fuisse,
3221 567 3390 634 atque
3407 565 3599 618 omnia

1970 651 2090 720 ejus
2120 650 2518 721 instrumenta,
2551 655 2855 709 anathema
2882 655 2970 710 sit.
3017 656 3074 711 Si
3118 656 3244 729 quis
3276 656 3482 712 dixerit
3508 659 3597 712 vel

1968 744 2268 799 crediderit
2289 746 2487 801 Filium
2517 748 2782 802 eumdem
2805 765 2923 803 esse
2955 751 3200 817 Patrem,
3229 751 3317 804 vel
3344 752 3598 806 Paracle-

1967 841 2112 904 tum,
2144 839 2452 894 anathema
2480 840 2568 895 sit.
2595 841 2651 896 Si
2694 842 2818 912 quis
2848 842 3052 898 dixerit
3091 847 3262 915 atque
3292 844 3599 899 crediderit

1968 932 2145 985 Deum
2192 933 2416 987 Patrem
2455 934 2727 988 eumdem
2768 952 2888 989 esse
2927 936 3129 991 Filium
3158 979 3173 1004 ,
3215 937 3303 992 vel
3339 938 3595 992 Paracle-

1968 1028 2112 1091 tum,
2151 1026 2458 1081 anathema
2493 1027 2584 1082 sit.
2628 1028 2685 1083 Si
2739 1029 2864 1099 quis
2906 1029 3110 1084 dixerit
3157 1032 3243 1085 vel
3287 1030 3597 1085 crediderit

1967 1118 2323 1173 Paracletum
2351 1136 2494 1187 esse,
2524 1122 2608 1175 vel
2638 1124 2884 1191 Patrem,
2916 1123 3004 1176 vel
3035 1124 3256 1192 Filium,
3286 1125 3595 1179 anathema

1969 1211 2058 1266 sit.
2089 1211 2144 1266 Si
2173 1212 2300 1283 quis
2325 1212 2631 1268 crediderit
2650 1216 2738 1268 vel
2760 1215 2963 1269 dixerit
2980 1233 3213 1272 carnem
3230 1220 3454 1271 tantum
3475 1217 3595 1272 sine

1970 1305 2165 1359 anima
2192 1323 2224 1359 a
2252 1306 2391 1360 Filio
2436 1308 2532 1361 Dei
2581 1308 2753 1362 fuisse
2801 1312 3139 1380 susceptam,
3167 1311 3472 1366 anathema
3499 1311 3590 1365 sit.

1969 1399 2023 1454 Si
2070 1399 2196 1470 quis
2234 1399 2435 1455 dixerit
2475 1402 2563 1455 vel
2608 1402 2916 1458 crediderit
2960 1403 3244 1458 Christum
3287 1403 3593 1459 innascibi-

1969 1493 2085 1547 lem
2116 1510 2258 1562 esse,
2287 1494 2592 1550 anathema
2622 1495 2713 1550 sit.
2743 1495 2802 1550 Si
2826 1495 2952 1567 quis
2996 1497 3200 1552 dixerit
3223 1498 3310 1552 vel
3337 1497 3591 1552 credide-

1967 1585 2043 1641 rit
2072 1587 2342 1642 deitatem
2374 1588 2700 1644 nascibilem
2725 1607 2868 1658 esse,
2899 1591 3201 1646 anathema
3245 1591 3333 1645 sit.
3381 1591 3438 1646 Si
3469 1591 3595 1662 quis

1969 1679 2179 1735 dixerit
2204 1682 2625 1736 vel-crediderit
2644 1683 2913 1738 deitatem
2937 1684 3143 1738 Christi
3169 1683 3597 1739 convertibilem

1968 1775 2156 1842 fuisse,
2181 1776 2268 1829 vel
2299 1775 2645 1847 passibilem,
2673 1778 2977 1832 anathema
3005 1779 3096 1833 sit.
3142 1778 3196 1833 Si
3233 1777 3360 1850 quis
3389 1777 3598 1832 dixerit

237 1869 335 1923 Est
360 1883 496 1939 ergo
513 1868 804 1940 ingenitus
821 1872 1008 1938 Pater,
1038 1870 1265 1941 genitus
1291 1869 1479 1936 Filius,
1503 1886 1619 1924 non
1645 1869 1869 1941 genitus
1888 1863 1944 1934 B
1969 1868 2053 1923 vel
2078 1868 2380 1924 crediderit
2405 1871 2648 1924 alterum
2681 1872 2857 1925 Deum
2889 1889 3010 1925 esse
3037 1871 3236 1942 prisca:
3265 1871 3429 1942 legis,
3462 1871 3598 1926 alte.

236 1962 560 2017 Paracletus
585 1964 680 2017 sed
704 1981 735 2017 a
763 1965 919 2019 Patre
947 1963 1208 2034 Filioque
1238 1963 1574 2034 procedens.
1603 1965 1764 2018 Pater
1785 1967 1870 2017 est

236 2056 400 2125 cujus
429 2073 533 2110 vox
573 2057 696 2111 haec
742 2057 935 2111 audita
961 2061 1043 2111 est
1069 2057 1137 2110 de
1165 2057 1316 2110 caelis
1351 2075 1363 2110 :
1401 2077 1427 2108 «
1461 2057 1558 2111 Hic
1585 2060 1671 2111 est
1699 2056 1870 2110 Filius

237 2166 402 2204 meus
430 2150 685 2220 dilectus,
715 2150 774 2205 in
802 2167 914 2221 quo
944 2150 1087 2205 mihi
1117 2151 1264 2205 bene
1292 2150 1630 2220 complacui,
1683 2150 1870 2220 ipsum

238 2243 433 2298 audite
459 2243 678 2315 (Matth.
702 2261 833 2311 xvu,
863 2247 936 2314 5).
971 2266 997 2293 »
1027 2244 1198 2298 Filius
1228 2247 1313 2298 est
1348 2244 1447 2315 qui
1474 2243 1554 2298 ait
1581 2260 1594 2298 :
1629 2265 1656 2294 ‹‹
1689 2245 1806 2315 Ego
1837 2261 1871 2298 a

235 2339 402 2392 Patre
432 2338 597 2406 exivi,
631 2341 687 2392 et.
717 2356 750 2393 a
783 2340 893 2393 Deo
933 2338 1062 2393 veni
1104 2338 1162 2392 in
1203 2339 1354 2392 hunc
1384 2339 1665 2392 mundum
1690 2337 1868 2409 (Joan.

235 2448 349 2497 va,
377 2432 488 2501 28).
523 2451 550 2483 »
585 2432 904 2487 Paracletus
934 2435 1018 2486 est
1043 2431 1285 2503 Spiritus
1313 2432 1382 2486 de
1410 2449 1522 2503 quo
1543 2431 1713 2486 Filius
1741 2432 1823 2485 ait
1854 2449 1866 2486 :

241 2547 266 2573 ‹‹
299 2525 416 2580 Nisi
442 2542 549 2596 ego
583 2525 774 2596 abiero
805 2526 878 2580 ad
908 2528 1148 2593 Patrem,
1185 2526 1507 2580 Paracletus
1533 2543 1645 2579 non
1686 2525 1873 2581 veniet

239 2621 418 2690 (Joan.
448 2637 557 2689 xvr,
581 2623 650 2690 7).
689 2641 714 2669 ››
731 2583 899 2725 ‘Hanc
923 2619 1252 2674 Trinitatem
1271 2619 1531 2691 personis
1552 2619 1871 2674 distinctam

233 2713 550 2768 substantia
563 2713 752 2782 unica',
769 2713 974 2768 virtute
989 2717 1044 2768 et
1055 2715 1335 2784 potestate
1349 2716 1406 2766 et
1419 2713 1716 2783 majestate
1729 2713 1872 2767 indi-

235 2807 539 2872 visibilem,
571 2806 1014 2876 indifferentem,
1044 2810 1253 2878 praeter
1273 2807 1420 2860 hanc
1449 2807 1669 2860 nullam
1689 2806 1870 2861 credi-

235 2917 366 2955 mus
388 2899 637 2954 divinam
657 2917 774 2954 esse
794 2902 1080 2967 naturam,
1096 2901 1180 2954 vel
1200 2899 1407 2971 angeli,
1425 2899 1773 2970 velspiritus,
1787 2900 1873 2954 vel

234 2994 458 3048 virtutis
484 2994 718 3064 alicujus
761 3011 889 3065 quae
928 2995 1070 3049 Deus
1097 2994 1384 3048 credatur.
1418 2994 1576 3047 Hunc
1611 3009 1748 3064 ergo
1778 2993 1869 3047 Fi-

234 3088 377 3142 lium
403 3088 502 3142 Dei
533 3090 711 3142 Deum
739 3091 940 3142 natum
967 3104 999 3141 a
1028 3089 1214 3157 Patre,
1242 3092 1373 3141 ante
1425 3104 1595 3141 omne
1637 3087 1872 3141 omnino

235 3181 583 3254 principium
612 3182 983 3236 sanctiﬁcasse
1018 3183 1246 3235 uterum
1273 3179 1512 3251 virginis
1549 3180 1758 3251 Mariae,
1793 3185 1872 3236 at-

1969 1979 2098 2016 rum
2126 1963 2583 2035 Evangeliorum,
2611 1966 2911 2020 anathema
2938 1965 3027 2020 sit.
3056 1966 3113 2020 Si
3140 1965 3268 2037 quis
3289 1965 3492 2020 dixerit
3509 1965 3596 2020 vel

1970 2056 2272 2111 crediderit
2295 2056 2366 2110 ab
2392 2057 2568 2112 altero
2599 2059 2714 2113 Deo
2753 2059 3034 2114 mundum
3069 2059 3281 2113 factum
3310 2059 3507 2126 fuisse,
3539 2061 3598 2113 et

1970 2167 2084 2204 non
2114 2150 2184 2204 ab
2215 2167 2282 2205 eo
2314 2150 2384 2204 de
2421 2167 2534 2223 quo
2570 2151 2846 2223 scriptum
2888 2158 2973 2207 est
3005 2169 3018 2207 :
3053 2155 3112 2207 In
3153 2152 3432 2225 principio
3465 2153 3598 2208 fecit

1971 2245 2118 2298 Deus
2140 2245 2344 2298 coelum
2370 2248 2428 2300 et
2455 2249 2684 2314 terram,
2716 2247 3022 2301 anathema
3053 2247 3141 2301 sit.
3188 2247 3238 2302 Si
3281 2247 3406 2318 quis
3432 2247 3596 2301 dixe-

1972 2337 2047 2391 rit
2093 2338 2178 2391 vel
2217 2338 2528 2393 crediderit
2556 2355 2798 2410 corpora
2839 2341 3091 2394 humana
3135 2357 3253 2395 non
3295 2356 3598 2412 resurgere

1973 2435 2100 2502 post
2125 2436 2389 2498 mortem,
2423 2434 2732 2488 anathema
2758 2434 2846 2489 sit.
2871 2434 2928 2489 Si
2956 2435 3083 2505 quis
3112 2433 3320 2489 dixerit
3345 2435 3431 2489 vel
3473 2450 3596 2488 cre-

1971 2525 2177 2578 diderit
2199 2525 2451 2579 animam
2494 2527 2812 2581 humanam
2858 2528 2957 2582 Dei
2991 2528 3341 2598 portionem,
3371 2529 3458 2582 vel
3499 2527 3599 2581 Dei

1972 2635 2091 2672 esse
2120 2619 2512 2686 substantiam,
2546 2621 2854 2674 anathema
2895 2621 2984 2676 sit.
3028 2621 3087 2677 Si
3119 2621 3247 2692 quis
3273 2620 3484 2676 dixerit
3511 2622 3597 2675 vel

1971 2711 2276 2766 crediderit
2326 2713 2461 2766 alias
2509 2713 2816 2784 scripturas
2879 2719 3088 2786 praeter
3152 2733 3290 2786 quas
3354 2714 3601 2769 Ecclesia

1971 2805 2247 2860 catholica
2275 2806 2475 2876 recipit
2503 2806 2562 2860 in
2591 2807 2928 2862 auctoritate
2952 2809 3244 2863 habendas
3262 2809 3352 2863 vel
3367 2825 3488 2862 esse
3507 2825 3599 2862 ve-

1974 2899 2274 2967 nerandas,
2307 2901 2616 2955 anathema
2651 2901 2742 2956 sit.
2783 2901 2838 2956 Si
2882 2902 3008 2972 quis
3056 2902 3260 2957 dixerit
3289 2902 3378 2956 vel
3418 2901 3596 2956 credi-

1972 2992 2122 3047 derit
2145 2992 2365 3048 deitatis
2386 3000 2444 3048 et
2463 2993 2645 3048 carnis
2661 3011 2836 3050 unam
2859 2995 2918 3049 in
2938 2995 3156 3050 Christo
3175 3012 3292 3050 esse
3310 2998 3597 3062 naturam,

1970 3088 2278 3141 anathema
2322 3087 2414 3143 sit.
2463 3088 2519 3143 Si
2562 3088 2686 3159 quis
2727 3088 2936 3143 dixerit
3003 3089 3087 3143 vel
3136 3089 3441 3144 crediderit
3478 3104 3599 3143 esse

1973 3180 2185 3251 aliquid
2247 3181 2403 3252 quod
2458 3199 2517 3235 se
2566 3185 2728 3236 extra
2766 3182 3019 3237 divinam
3057 3183 3389 3238 Trinitatem
3411 3182 3602 3254 possit

237 3293 348 3348 que
376 3293 446 3331 ex
474 3293 540 3329 ea
562 3293 757 3331 verum
782 3275 1075 3330 hominem
1103 3275 1224 3328 sine
1251 3274 1394 3328 virili
1423 3279 1759 3345 generatum
1778 3291 1868 3328 se-
1892 3261 1946 3334 C
1974 3274 2294 3340 ostendere,
2350 3275 2661 3329 anathema
2710 3275 2798 3329 sit.
2857 3276 2911 3331 Si
2962 3276 3088 3347 quis
3133 3277 3459 3347 astrologiae
3511 3277 3601 3330 vel

235 3370 390 3425 mine
410 3369 742 3442 suscepisse,
780 3369 996 3424 duabus
1017 3369 1288 3424 duntaxat
1307 3368 1547 3438 naturis,
1571 3368 1630 3422 id
1648 3373 1732 3450 est
1749 3368 1869 3423 dei-

238 3464 366 3518 tatis
415 3468 473 3518 et
520 3463 724 3533 carnis,
783 3463 842 3518 in
897 3479 1074 3517 unam
1125 3461 1590 3517 convenientibus
1632 3462 1868 3517 omnino

236 3574 565 3629 personam,
583 3557 640 3611 id
655 3559 740 3611 est
753 3556 1056 3611 Dominum
1071 3559 1331 3610 nostrum
1349 3556 1540 3610 Jesum
1560 3555 1865 3610 Christum.

235 3653 346 3706 Nec
369 3651 777 3722 imaginarium
803 3667 1026 3722 corpus,
1056 3653 1155 3705 aut
1181 3649 1598 3720 phantasmatis
1630 3649 1869 3720 alicujus

233 3747 293 3800 in
327 3762 394 3800 eo
421 3745 611 3814 fuisse,
645 3745 742 3800 sed
770 3745 1014 3799 solidum
1045 3748 1217 3815 atque
1246 3760 1445 3799 verum
1472 3743 1623 3798 hunc
1653 3746 1710 3798 et
1739 3759 1866 3798 esu-

233 3840 396 3908 risse,
429 3845 486 3893 et
512 3838 716 3906 sitisse,
771 3842 829 3893 et
873 3838 1143 3906 doluisse,
1189 3842 1247 3892 et
1276 3837 1516 3906 ﬂevisse,
1566 3840 1622 3892 et
1669 3854 1870 3892 omnes

234 3932 492 4004 corporis
523 3933 756 4004 injurias
785 3933 1106 4004 pertulisse.
1140 3934 1434 3987 Postremo
1466 3949 1498 3986 a
1521 3931 1728 3987 Judaais
1749 3948 1870 3986 cru-

234 4027 489 4094 ciﬁxum,
520 4031 574 4081 et
599 4027 903 4098 sepultum,
935 4029 992 4081 et
1009 4025 1176 4081 tertia
1198 4025 1288 4080 die
1321 4025 1717 4093 resurrexisse,
1741 4043 1871 4081 con-

234 4124 529 4176 versatum
569 4121 929 4192 postmodum
959 4137 1088 4174 cum
1121 4119 1408 4190 discipulis
1449 4119 1582 4187 suis,
1627 4122 1684 4173 et
1724 4136 1868 4191 qua-

235 4215 559 4286 dragesima
587 4217 716 4286 post
740 4213 1217 4269 resurrectionem
1241 4212 1330 4267 die
1355 4213 1428 4266 ad
1455 4213 1659 4268 coelum
1682 4230 1872 4268 ascen-

237 4309 410 4364 disse.
461 4309 617 4362 Hunc
667 4308 849 4362 ﬁlium
890 4307 1138 4363 hominis
1190 4306 1361 4360 etiam
1407 4306 1610 4360 Filium
1659 4307 1778 4375 Dei,
1817 4311 1872 4362 et

236 4403 446 4457 Filium
481 4402 577 4455 Dei
604 4405 661 4456 et
690 4401 940 4456 hominis
971 4401 1152 4454 tilium
1177 4400 1549 4471 appellamus.
1592 4401 1868 4454 Resurre-

235 4497 487 4551 ctionem
545 4512 674 4550 vero
729 4496 980 4550 futuram
1020 4495 1290 4548 humanae
1329 4494 1613 4548 credimus
1651 4493 1867 4563 carnis,

237 4589 500 4644 animam
519 4594 710 4644 autem
734 4588 984 4643 hominis
1000 4605 1114 4642 non
1147 4587 1351 4642 divinae
1369 4604 1488 4641 esse
1519 4587 1868 4654 substantiae,

1969 3368 2213 3422 mathesi
2244 3367 2523 3422 existimat
2549 3385 2669 3423 esse
2703 3370 3072 3437 credendum,
3098 3371 3404 3425 anathema
3420 3370 3508 3424 sit.
3542 3369 3602 3425 Si

1969 3461 2094 3532 quis
2120 3460 2328 3516 dixerit
2373 3463 2458 3516 vel
2509 3463 2810 3517 crediderit
2840 3463 3108 3534 conjugia
3137 3463 3438 3517 hominum
3471 3480 3600 3533 quae

1970 3555 2282 3608 secundum
2313 3555 2502 3624 legem
2545 3555 2797 3610 divinam
2829 3555 2961 3610 licet
2989 3556 3196 3610 habere
3233 3557 3600 3610 exsecrabilia

1971 3665 2112 3715 esse,
2155 3648 2460 3702 anathema
2505 3649 2595 3704 sit.
2647 3649 2700 3704 Si
2745 3649 2868 3720 quis
2912 3649 3113 3704 dixerit
3169 3650 3258 3703 vel
3295 3649 3601 3705 crediderit

1969 3760 2172 3797 carnes
2191 3742 2379 3797 avium
2407 3759 2507 3798 seu
2532 3743 2818 3815 pecudum
2840 3759 2968 3814 quae
2993 3743 3064 3798 ad
3090 3759 3278 3798 escam
3305 3743 3448 3798 datae
3467 3746 3601 3798 sunt

1969 3854 2084 3891 non
2101 3840 2326 3892 tantum
2354 3855 2456 3910 pro
2485 3837 2861 3909 castigatione
2889 3837 3193 3893 hominum
3216 3837 3596 3905 abstinendas,

1971 3947 2069 3985 seu
2099 3932 2465 3986 exsecrandas
2491 3949 2633 4001 esse,
2667 3933 2972 3987 anathema
3001 3931 3093 3987 sit.
3113 3931 3171 3988 Si
3190 3931 3315 4004 quis
3331 3931 3389 3986 in
3409 3948 3599 3986 errore

1969 4025 2300 4081 Priscilliani
2335 4029 2548 4080 sectam
2580 4026 2856 4097 sequitur,
2886 4026 2973 4081 vel
3013 4025 3332 4098 proﬁtetur,
3362 4029 3425 4080 ut
3448 4026 3602 4081 aliud

1970 4119 2028 4172 in
2057 4119 2265 4174 salubri
2290 4119 2576 4191 baptismo
2605 4125 2801 4175 contra
2829 4121 3022 4175 sedem
3042 4120 3220 4175 sancti
3242 4119 3388 4176 Petri
3410 4119 3599 4187 faciat,

1969 4214 2276 4268 anathema
2305 4213 2394 4267 sit.

2043 4306 2282 4377 Explicit
2329 4306 2524 4376 regula
2569 4306 2701 4362 fidei
2744 4307 3032 4361 catholicm
3073 4308 3340 4363 adversus
3380 4307 3599 4362 Priscil-

1971 4399 2240 4454 lianistas.
2284 4401 2563 4454 Patronus
2603 4400 2904 4472 episcopus
2944 4400 3274 4472 subscripsi;
3305 4401 3603 4456 Marcellia-

1973 4510 2079 4546 nus
2127 4493 2421 4564 episcopus
2470 4493 2807 4564 subscripsi;
2847 4494 3097 4548 Afridius
3138 4494 3429 4565 episcOpus
3467 4494 3600 4548 sub-

1973 4586 2209 4656 scripsi;
2268 4586 2449 4640 sancti
2501 4589 2557 4642 et
2613 4586 2710 4641 alii
2763 4587 3012 4659 episcopi
3069 4587 3183 4660 qui.
3222 4587 3604 4643 interfuerunt

239 4687 339 4738 aut
363 4683 462 4737 Dei
491 4683 800 4754 Patris,sed
827 4687 1148 4738 creaturam
1173 4680 1270 4736 Dei
1287 4680 1577 4735 voluntate
1597 4683 1868 4736 creatam.
1890 4662 1950 4734 D
1974 4679 2230 4734 concilio.

897 4995 1292 5059 INCIPIUNT
1337 4993 1730 5059 CAPITULA
1775 4993 2109 5059 CONCILII
2154 4994 2485 5060 SECUNDI
2529 4993 2942 5060 TOLETANI.

316 5163 365 5214 1.
398 5160 475 5214 De
507 5159 594 5213 his
639 5176 778 5231 quos
825 5163 1088 5231 parentes
1121 5158 1191 5213 ab
1221 5157 1462 5213 infantia
1491 5157 1549 5212 in
1581 5157 1874 5213 clericatus

2045 5162 2096 5213 3.
2137 5160 2206 5212 Ut
2229 5157 2421 5212 nullus
2452 5175 2486 5212 a
2523 5157 2931 5212 subdiaconatu
2971 5160 3027 5211 et
3064 5172 3238 5228 supra
3276 5158 3603 5212 extraneam

241 5253 430 5308 officio
455 5253 942 5325 mancipaverunt,
968 5253 1010 5307 si
1036 5257 1232 5324 postea
1249 5253 1604 5308 voluntatem
1629 5251 1877 5306 habeant
1975 5252 2185 5307 habeat
2201 5251 2522 5306 mulierem.

246 5345 523 5401 nubendi.

313 5542 368 5595 2.
400 5541 477 5595 De
503 5539 705 5595 clerico
727 5539 823 5612 qui
847 5539 916 5595 ad
934 5539 1106 5595 aliam
1132 5538 1337 5596 transit
1367 5538 1679 5605 ecclesiam,
1703 5541 1759 5593 et
1777 5537 1875 5610 qui

246 5649 378 5689 eum
409 5633 712 5708 receperit.

2047 5347 2099 5400 4.
2128 5347 2200 5400 Ut
2227 5343 2503 5416 quidquid
2535 5343 2604 5398 de
2623 5345 2754 5415 jure
2781 5345 3029 5400 ecclesiae
3063 5343 3251 5400 clerici
3273 5346 3602 5411 tenuerunt,

1975 5442 2105 5510 post
2139 5438 2355 5494 obitum
2384 5454 2584 5493 eorum
2609 5438 2680 5492 ad
2707 5438 3003 5493 ecclesiam
3031 5442 3368 5494 revertatur.

2048 5537 2100 5588 5.
2134 5534 2210 5586 De
2235 5531 2326 5586 his
2350 5532 2448 5603 qui
2479 5549 2537 5586 se
2566 5531 2843 5603 proximis
2867 5533 2980 5587 suis
2999 5533 3284 5607 copulant,
3314 5534 3376 5585 ut
3399 5547 3431 5584 ε.
3456 5546 3604 5586 com-

1977 5626 2247 5682 munione
2275 5625 2481 5682 Christi
2508 5628 2864 5698 separentur.
