4054 6330
450 372 554 434 439

1337 372 1618 431 ΑΡΡΕΝΙ).
1659 372 1746 425 AD
1784 370 1944 424 S/EC.
1989 367 2072 424 IX.
2105 395 2173 410 η-
2213 366 2463 426 lSlDORl
2501 366 2926 426 MERCATORIS

3723 365 3831 422 4ἓο

897 545 1313 640 INCIPIT
1384 540 2004 638 CONCILIUM
2073 539 2768 634 TOLETANUM
2837 536 3450 636 SECUNDUM

1258 702 1580 770 Habitum
1606 720 1743 768 ara
1771 719 1963 780 anv,
1995 717 2169 764 anno
2213 700 2440 785 quinto
2470 699 2798 766 Amalrz'cz'
2823 699 3016 784 regis.

524 860 664 914 Cum
688 859 748 913 in
772 858 1065 913 voluntate
1093 856 1321 912 Domini
1348 856 1503 928 apud
1529 855 1861 910 Toletanam
1882 853 2086 909 urbem
2108 863 2168 938 Α
2186 851 2392 907 habeat
2418 851 2719 906 mulierem
2771 850 2858 907 vel
2896 850 3233 922 ingenuam,
3279 849 3368 904 vel
3408 848 3696 919 libertam,
3733 848 3829 906 vel

453 958 780 1008 sanctorum
834 952 1234 1024 episcoporum
1273 949 1580 1022 praesentia
1616 948 1992 1016 convenisset,
2033 951 2091 1003 et

451 1048 518 1101 de
551 1046 819 1102 institutis
849 1049 1174 1100 sanctorum
1197 1047 1433 1099 Patrum
1459 1058 1862 1114 canonumque
1891 1042 2088 1097 decre-

452 1141 526 1194 tis
553 1139 1018 1195 commemoratio
1059 1138 1385 1208 haberetur,
1428 1137 1590 1192 nobis
1627 1137 1688 1191 in
1727 1153 1905 1191 unum
1944 1136 2092 1208 posi-

446 1235 519 1288 tis
556 1234 791 1305 placuit,
822 1238 885 1288 ut
923 1234 971 1288 si
997 1251 1112 1305 qua
1138 1233 1199 1286 in
1231 1231 1480 1303 antiquis
1511 1231 1822 1286 canonibus
1851 1230 2088 1285 minime

451 1330 900 1382 commemorata
929 1330 1061 1382 sunt
1089 1325 1302 1380 salubri
1321 1327 1568 1380 tractatu
1593 1342 1656 1380 ac
1683 1324 1940 1396 diligenti
1961 1341 2090 1378 con-

450 1422 786 1478 sideratione
815 1421 1207 1476 instituantur.
1235 1420 1294 1475 Si
1316 1436 1428 1490 qua
1455 1436 1590 1474 vero
1622 1418 1681 1473 in
1711 1418 2086 1473 anterioribus

454 1515 505 1587 1
523 1513 1393 1588 OBsuntneglecta,redivivam
1405 1511 1777 1568 ordinationis
1789 1528 2088 1567 censuram

449 1609 765 1677 obtineant,
793 1611 1075 1681 quatenus
1106 1609 1243 1663 dum
1271 1608 1360 1662 his
1403 1624 1532 1679 quae
1578 1607 1637 1662 in
1677 1606 1926 1661 conciliis
1957 1610 2089 1661 sunt

451 1703 699 1772 decreta,
717 1703 819 1757 sed
833 1701 1108 1757 abusione
1126 1705 1454 1774 temporum
1471 1701 1744 1756 hactenus
1761 1698 2010 1770 dimissa,
2031 1704 2088 1755 et

448 1797 521 1851 ad
554 1797 772 1851 cultum
798 1796 932 1851 fidei
953 1795 1262 1868 pertinent,
1282 1795 1533 1851 studium
1563 1794 1843 1865 religiosa
1869 1793 2088 1864 impen-

453 1891 642 1946 dimus
671 1889 1098 1958 observationis,
1129 1890 1226 1946 Dei
1251 1888 1704 1945 misericordiam
1730 1887 1947 1942 facilius
1975 1887 2084 1942 im-

452 1988 769 2058 petremus.

520 2081 650 2136 CAP.
680 2080 721 2134 l.
752 2080 832 2135 De
849 2078 938 2133 his
954 2095 1098 2150 quos
1127 2078 1390 2133 voluntas
1412 2079 1719 2149 parentum
1736 2092 1769 2130 a
1784 2074 1986 2148 primis
2005 2075 2088 2130 in-

446 2172 644 2228 fantia
656 2171 822 2227 annis
838 2172 897 2227 in
915 2172 1216 2227 clericatus
1237 2171 1426 2226 ofﬁcio
1447 2171 1532 2226 vel
1558 2170 1882 2225 monacbali
1896 2169 2088 2240 posuit

2189 945 2472 1008 ancillam,
2506 945 2605 1000 sed
2635 945 2680 999 si
2709 949 2842 999 sunt
2871 944 2926 999 ei
2951 943 3284 1014 hujusmodi
3336 943 3580 1010 servitia,
3628 944 3826 1014 matri,

2187 1041 2274 1095 vel
2301 1038 2500 1106 sorori,
2527 1038 2614 1093 vel
2641 1038 2734 1093 alii
2759 1038 3098 1110 propinquae
3119 1037 3434 1105 contradat,
3459 1039 3516 1092 et
3542 1037 3829 1108 quidquid

2189 1133 2304 1188 suis
2330 1132 2592 1187 manibus
2621 1131 2945 1204 perfecerit,
2977 1131 3212 1203 proprio
3239 1131 3472 1186 domino
3513 1130 3824 1186 deferatur.

2187 1228 2299 1282 Aut
2322 1227 2369 1280 si
2388 1225 2834 1298 prOpinquitatis
2862 1224 3143 1280 memoria
3168 1224 3342 1294 deest,
3365 1223 3597 1278 alterius
3617 1224 3827 1279 domus

2187 1320 2529 1376 adhaerentis
2582 1319 2970 1374 habitaculum
3020 1318 3344 1391 requiratur
3369 1360 3382 1386 ,
3432 1318 3568 1372 dum
3606 1318 3666 1372 in
3702 1323 3825 1373 toto

2187 1413 2360 1469 modo
2388 1414 2544 1468 nulla
2576 1413 2795 1468 occasio
2822 1412 3154 1468 introeundi
3183 1412 3417 1467 domum
3442 1411 3632 1466 clerici
3652 1412 3822 1467 femi-

2186 1525 2277 1562 nae
2293 1507 2677 1580 permittatur,
2694 1507 2849 1562 unde
2871 1506 3060 1579 aliqua
3079 1506 3259 1578 possit
3276 1506 3569 1560 incurrere
3586 1506 3825 1560 noxialis

2186 1603 2354 1657 famae
2394 1601 2714 1657 innocentis
2740 1605 2935 1673 portas
2959 1599 3189 1673 injuria.
3220 1600 3367 1655 Sane
3396 1599 3661 1671 deinceps
3688 1605 3829 1672 post

2187 1696 2381 1751 datam
2399 1696 2545 1750 hanc
2572 1695 3023 1766 admonitionem
3051 1694 3295 1766 quisque
3317 1709 3516 1749 earum
3536 1693 3823 1748 consortio

2187 1789 2299 1844 frui
2355 1791 2596 1845 voluerit
2619 1757 2673 1937 ,ὶ
2692 1789 2918 1845 noverit
2969 1806 3028 1843 se
3077 1804 3196 1844 non
3234 1787 3417 1842 solum
3454 1805 3487 1842 a
3524 1786 3823 1842 clericatus

2189 1883 2374 1937 ofﬁcio
2399 1884 2617 1937 retrahi
2678 1884 2728 1937 el
2755 1883 3005 1937 ecclesia
3023 1882 3242 1937 foribus
3262 1881 3489 1937 exnelli.
3512 1881 3613 1935 sed
3643 1882 3823 1937 etiam

2189 1883 2374 1938 officio
2399 1884 2617 1939 retrahi
2640 1881 2728 1939 vel
2755 1883 3005 1939 ecclesia
3023 1882 3242 1938 foribus
3262 1881 3489 1953 expelli,
3512 1881 3613 1935 sed
3643 1882 3823 1937 etiam

2187 1978 2443 2032 omnium
2507 1977 2917 2032 catholicorum
2991 1976 3325 2032 clericorum
3397 1975 3484 2030 vel
3545 1974 3822 2029 laicorum

2186 2071 2595 2126 communione
2652 2071 2883 2143 privari,
2940 2071 3098 2126 nulla
3133 2086 3364 2142 prorsus
3415 2070 3502 2124 vel
3553 2069 3824 2141 colloquii

2187 2165 2575 2220 consolatione
2611 2166 2807 2220 relicta
2847 2169 3124 2236 quatenus
3176 2164 3342 2218 mala
3394 2163 3822 2218 consuetudinis

445 2265 665 2337 pariter
691 2266 998 2320 statuimus
1020 2265 1459 2333 observandum,
1483 2268 1546 2318 ut
1564 2281 1696 2318 mox
1714 2279 1844 2317 cum
1864 2242 2162 2318 detonsiB
2185 2259 2384 2315 abrasa
2418 2259 2623 2331 rubigo
2660 2259 2720 2314 in
2758 2258 2994 2330 posteris
3032 2257 3241 2313 radicis
3277 2274 3395 2313 sua
3438 2274 3658 2313 veneno
3697 2273 3818 2312 ser-

444 2361 534 2414 vel
568 2359 885 2414 ministerio
915 2359 1223 2414 electorum
1249 2358 1552 2413 contraditi
1579 2357 1811 2425 fuerint,
1831 2356 1890 2411 in
1911 2357 2083 2412 domo

445 2452 699 2508 ecclesia
729 2453 834 2507 sub
861 2452 1167 2524 episcopali
1197 2451 1502 2523 praesentia
1544 2469 1577 2505 a
1619 2450 1928 2524 praposito
1978 2450 2085 2505 sibi

447 2547 692 2602 debeant
735 2521 1084 2611 erudiri.\At
1129 2521 1223 2601 ubi
1261 2548 1522 2601 octavum
1567 2521 1856 2600 decimum
1904 2544 2084 2599 atatis

444 2657 561 2695 sua
589 2640 1002 2711 compleverint
1031 2657 1270 2710 annum,
1296 2656 1492 2695 coram
1522 2639 1698 2694 totius
1724 2639 1861 2694 cleri
1881 2638 2086 2710 plebis-

444 2750 556 2806 que
585 2739 886 2806 conspectu
928 2735 1191 2790 voluntas
1232 2750 1434 2789 eorum
1479 2733 1552 2788 de
1602 2732 1919 2804 expetendo
1949 2749 2080 2788 con-

436 2828 603 2899 jugio
659 2829 730 2882 ab
788 2828 1051 2899 episcopo
1101 2830 1530 2898 perscrutatur;
1573 2826 1778 2898 quibus
1816 2826 1863 2879 si
1903 2826 2085 2897 gratia

444 2921 719 2977 castitatis
745 2922 863 2976 Deo
889 2921 1205 2992 inspirante
1232 2920 1532 2992 placuerit,
1563 2924 1618 2976 et
1647 2919 2084 2992 promissionem

444 3015 797 3070 castimonia
849 3031 966 3069 sua
1019 3014 1230 3086 absque
1281 3013 1572 3086 conjugali
1618 3013 1946 3069 necessitate
1990 3031 2080 3068 re-

447 3108 785 3180 sponderint
823 3110 1164 3175 servaturos,
1213 3108 1273 3162 hi
1314 3111 1589 3180 tanquam
1615 3107 1964 3179 appetitores
2001 3124 2084 3161 ar-

443 3201 710 3257 ctissima
740 3201 846 3256 via
884 3201 1177 3256 lenissimo
1205 3201 1430 3257 Domini
1463 3201 1607 3272 jugo
1647 3200 1986 3268 subdantur,
2017 3217 2083 3255 ac

442 3295 633 3367 primo
655 3295 1094 3351 subdiaconatus
1120 3295 1502 3350 ministerium
1523 3295 1857 3366 probatione
1885 3294 2084 3349 habita

441 3389 813 3460 professionis
843 3406 958 3445 sua
989 3407 1022 3444 a
1051 3389 1318 3445 vicesimo
1365 3405 1516 3444 anno
1562 3389 1889 3460 suscipiant.
1921 3388 2083 3453 Quod

442 3483 489 3538 si
516 3483 942 3554 inculpabiliter
964 3501 1028 3539 ac
1056 3483 1346 3540 inoffensa
1366 3483 1701 3538 vicesimum
1733 3485 1790 3537 et
1815 3483 2081 3554 quintum

441 3593 658 3633 annum
687 3577 869 3633 atatis
909 3595 1025 3633 suae
1068 3577 1428 3650 peregerint,
1471 3577 1545 3631 ad
1589 3577 1920 3632 diaconatus
1962 3575 2081 3630 ofﬁ-

441 3665 613 3738 cium,
660 3670 707 3725 si
751 3671 992 3727 scientes
1019 3671 1262 3742 implere
1312 3687 1476 3742 posse
1521 3670 1590 3724 ab
1641 3670 1905 3741 episcopo
1934 3686 2080 3723 com-

438 3765 775 3836 probentur,
838 3765 1166 3836 promoveri
1222 3765 1472 3831 debent,
1535 3763 1848 3818 cavendum
1885 3766 2080 3818 tamen

440 3861 525 3912 est
562 3857 652 3912 his
690 3875 763 3912 ne
803 3857 1035 3929 quando
1075 3874 1194 3912 sua
1232 3855 1552 3928 sponsionis
1607 3855 1974 3911 immemores
2010 3857 2081 3911 ad

439 3956 696 4005 terrenas
754 3950 979 4022 nuptias
1035 3954 1133 4005 aut
1189 3950 1476 4005 abortivos
1542 3949 1877 4004 concubitus
1933 3950 2082 4004 ultra

440 4046 759 4098 recurrant.
800 4043 962 4108 Quod
999 4043 1046 4098 si
1085 4044 1230 4098 forte
1267 4043 1528 4112 fecerint,
1571 4045 1634 4097 ut
1677 4042 1958 4113 sacrilegii
1993 4042 2080 4097 rei

444 4138 514 4192 ab
547 4136 792 4193 Ecclesia
829 4134 1150 4192 Habeantur
1188 4137 1460 4192 extranei.
1503 4136 1596 4190 His
1642 4141 1834 4192 autem
1874 4136 2078 4208 quibus

439 4232 696 4286 voluntas
707 4230 938 4303 propria
951 4231 1416 4302 interrogationis
1439 4234 1694 4302 tempore
1726 4229 2077 4285 desiderium

443 4325 700 4380 nubendi
737 4325 1101 4397 persuaserit,
1153 4342 1484 4380 concessam
1524 4324 1594 4380 ab
1633 4323 1908 4396 epiSCOpis
1944 4341 2073 4379 sen-

438 4419 678 4474 tentiam
735 4420 960 4475 auferre
999 4437 1116 4475 non
1155 4437 1456 4491 possumus
1485 4461 1498 4486 ,
1557 4419 1636 4473 ita
1685 4423 1746 4473 ut
1791 4423 2074 4491 provecta

438 4513 619 4569 atatis
644 4513 704 4568 in
728 4513 996 4585 conjugio
1039 4513 1210 4585 positi
1245 4513 1675 4568 renuntiaturos
1700 4529 1759 4567 se
1785 4512 1907 4583 pari
1934 4529 2073 4567 con-

436 4624 609 4663 sensu
664 4608 932 4680 operibus
981 4607 1165 4663 carnis
1219 4606 1653 4680 spoponderint,
1703 4605 1777 4660 ad
1825 4609 2073 4661 sacratos

440 4702 653 4772 gradus
679 4702 952 4774 aspirent.

508 4797 573 4851 Il.
607 4795 880 4851 Similiter
930 4796 1141 4867 placuit
1187 4794 1473 4850 custodire
1501 4811 1572 4849 ne
1617 4793 1743 4866 quis
1771 4810 1840 4849 ex
1870 4794 1948 4849 eis
1975 4793 2073 4866 qui

434 4888 534 4943 tali
591 4889 924 4944 educatione
964 4889 1307 4944 imbuuntur
1349 4888 1608 4959 qualibet
1647 4887 1940 4942 occasione
1977 4905 2068 4942 co-

2184 2369 2322 2425 pere
2347 2370 2465 2408 non
2491 2353 2686 2424 possit.

2259 2449 2343 2502 IV.
2374 2446 2433 2502 Si
2462 2446 2589 2518 quis
2610 2463 2743 2501 sane
2770 2446 3108 2502 clericorum
3155 2445 3389 2518 agellos,
3436 2445 3525 2500 vel
3568 2445 3821 2500 vineolas

2184 2540 2242 2595 in
2269 2541 2434 2596 terris
2463 2540 2711 2596 ecclesiae
2752 2540 2858 2596 sibi
2899 2540 3094 2596 fecisse
3124 2540 3399 2611 probatur
3426 2540 3815 2595 sustentanda

2182 2634 2313 2690 vita
2339 2651 2525 2704 causa,
2555 2650 2735 2706 usque
2764 2635 2834 2690 ad
2856 2634 3007 2688 diem
3034 2633 3220 2688 obitus
3245 2633 3335 2689 sui
3359 2633 3667 2706 possideat,
3690 2637 3823 2705 post

2185 2745 2354 2783 suum
2382 2744 2514 2784 vero
2547 2728 2616 2784 de
2648 2729 2757 2783 hac
2783 2729 2907 2783 luce
2937 2728 3224 2783 decessum
3250 2728 3410 2798 juxta
3436 2727 3694 2798 priorum
3725 2744 3817 2782 ca-

2184 2839 2401 2877 nonum
2452 2822 2885 2878 constitutiones
2932 2822 3027 2893 jus
3079 2837 3247 2876 suum
3304 2821 3550 2876 ecclesia
3607 2826 3819 2876 sancta

2183 2917 2462 2986 restituat,
2479 2933 2586 2971 nec
2598 2920 3009 2972 testamentum
3035 2915 3381 2971 successorio
3398 2915 3529 2986 jure
3551 2914 3818 2986 cuiquam

2183 3011 2479 3066 haredum
2520 3013 2618 3065 aut
2644 3010 3049 3082 proharedum
3088 3009 3393 3081 relinquat,
3436 3008 3546 3062 nisi
3581 3009 3817 3064 forsitan

2183 3105 2275 3161 cui
2302 3105 2599 3176 episcopus
2640 3121 2745 3176 pro
2798 3103 3035 3158 servitiis
3079 3120 3144 3158 ac
3173 3102 3533 3175 prastatione
3563 3103 3818 3157 ecclesiae

2182 3199 2377 3270 largiri
2407 3198 2668 3254 voluerit.

2252 3295 2316 3348 V.
2349 3295 2490 3348 Nam
2510 3297 2568 3348 et
2597 3293 2719 3346 hac
2746 3292 3120 3364 praecavenda
3160 3290 3464 3345 salubriter
3505 3290 3813 3361 sancimus,

2182 3403 2254 3441 ne
2269 3387 2393 3458 quis
2413 3386 2665 3442 ﬁdelium
2685 3387 3069 3459 propinquam
3091 3385 3384 3457 sanguinis
3402 3384 3488 3438 sui
3514 3402 3810 3458 usquequo

2182 3480 2470 3535 affinitatis
2499 3481 2843 3536 lineamenta
2873 3480 3098 3552 generis
3137 3479 3488 3534 successione
3527 3479 3818 3550 cognoscit

2183 3575 2241 3628 in
2269 3574 2636 3629 matrimonio
2666 3573 2773 3628 sibi
2797 3574 3079 3628 desideret
3104 3572 3372 3645 copulari,
3389 3573 3662 3644 quoniam
3685 3573 3817 3631 scri-

2180 3673 2344 3740 ptum
2371 3671 2456 3723 est
2484 3686 2497 3723 :
2535 3668 2729 3723 Omnis
2752 3668 2923 3722 homo
2952 3668 3022 3722 ad
3052 3650 3376 3739 proximam
3403 3666 3699 3738 sanguinis
3726 3667 3814 3721 sui

2179 3779 2295 3816 non
2326 3762 2572 3830 accedat,
2615 3764 2679 3816 ut
2711 3762 2924 3817 revelet
2944 3761 3355 3833 turpitudinem
3386 3761 3526 3832 ejus,
3554 3777 3660 3814 nec
3692 3761 3814 3816 sine

2181 3855 2613 3911 denuntiatione
2643 3855 2714 3911 sit
2728 3854 3045 3923 sententia,
3067 3872 3206 3910 nam
3229 3854 3398 3926 paulo
3419 3859 3545 3925 post
3564 3853 3738 3909 infert
3759 3857 3818 3908 et

2181 3949 2317 4004 dicit
2349 3967 2361 4004 :
2393 3949 2598 4004 Anima
2631 3967 2757 4021 qua
2801 3950 2999 4005 fecerit
3027 3949 3096 4004 de
3124 3947 3646 4003 abominationibus
3695 3948 3817 4003 istis

2179 4043 2496 4115 quidpiam,
2523 4043 2734 4114 peribit
2762 4043 2832 4098 de
2861 4043 3047 4098 medio
3075 4042 3272 4114 pOpuli
3299 4041 3407 4096 sui.
3436 4041 3489 4097 Si
3516 4040 3644 4112 quis
3671 4058 3814 4113 ergo

2178 4137 2349 4208 hujus
2377 4136 2591 4192 decreti
2621 4140 2932 4192 temerator
2965 4136 3260 4206 exstiterit,
3307 4152 3371 4190 ac
3409 4134 3647 4190 vetitum
3688 4135 3815 4190 vio-

2175 4231 2291 4286 lare
2317 4230 2771 4302 prasumpserit,
2800 4233 2959 4285 tanto
2983 4230 3234 4301 graviori
3266 4228 3547 4284 sententia
3571 4229 3818 4284 multan-

2178 4324 2315 4379 dum
2344 4341 2402 4379 se
2429 4329 2818 4395 recognoscat,
2848 4330 3061 4396 quanto
3078 4341 3203 4379 cam
3223 4323 3700 4396 propinquiorem
3719 4323 3813 4378 cui

2176 4417 2428 4489 copulari
2457 4434 2512 4472 se
2539 4417 2746 4472 maluit
2791 4419 2937 4472 serie
2983 4417 3220 4489 originis
3246 4435 3367 4472 esse
3398 4435 3515 4473 non
3549 4417 3811 4488 ambigit,

2174 4517 2443 4583 tantoque
2494 4512 2805 4567 annosioris
2843 4511 3450 4567 excommunicationis
3487 4517 3748 4583 tempore
3779 4528 3814 4564 a

2173 4605 2379 4660 Christi
2416 4622 2652 4677 corpore
2683 4609 2738 4662 et
2772 4606 3141 4662 fraternitatis
3181 4607 3464 4661 consortio
3503 4608 3813 4677 sequestre-

2171 4705 2286 4771 tur,
2329 4705 2543 4771 quanto
2578 4701 2751 4756 fuerit
2808 4700 3229 4772 propinquioris
3277 4699 3574 4772 sanguinis
3613 4701 3809 4754 conta-

2175 4794 2341 4867 gione
2372 4795 2643 4866 pollutus.
2674 4794 2848 4866 Hujus
2875 4794 3245 4850 institutionis
3274 4793 3534 4865 regulam
3557 4793 3656 4865 qui
3683 4792 3817 4847 sub-

2174 4888 2499 4959 scripsimus
2536 4888 2913 4961 irrefregabili
2938 4888 3279 4943 auctoritate
3320 4905 3422 4942 nos
3461 4887 3810 4959 spondemus

435 4985 610 5053 gente
649 4982 939 5054 propriam
977 4983 1365 5054 relinquentes
1403 4982 1701 5036 ecclesiam
1725 5024 1738 5050 ,
1793 4982 1865 5036 ad
1903 4981 2150 5060 aliamD
2174 4986 2514 5037 servaturos.
2548 4982 2603 5037 Si
2631 4981 2756 5053 quis
2798 4987 2994 5037 autem
3036 4985 3155 5036 tam
3205 4987 3459 5036 nostram
3490 4981 3576 5036 vel
3609 4997 3810 5035 eorum

432 5076 677 5132 transire
706 5080 1074 5148 prasumant,
1107 5077 1400 5148 episcopus
1422 5092 1554 5131 vero
1595 5075 1693 5146 qui
1733 5091 1864 5130 eum
1891 5075 2068 5129 susci-

435 5185 572 5241 pere
599 5170 810 5242 absque
850 5159 1196 5226 conscientia
1223 5170 1440 5240 proprii
1481 5168 1790 5224 sacerdotis
1831 5169 2070 5223 fortasse

433 5264 882 5335 prasumpserit,
929 5264 1098 5320 totius
1145 5262 1518 5318 fraternitatis
1543 5280 1602 5317 se
1632 5279 1799 5317 reum
1827 5278 1948 5317 esse
1975 5279 2076 5317 n0-

433 5356 610 5424 verit,
677 5358 808 5428 quia
861 5358 1071 5413 durum
1109 5359 1196 5412 est
1232 5360 1294 5410 ut
1333 5372 1468 5410 eum
1510 5372 1682 5427 quem
1721 5356 1862 5410 alius
1900 5356 2074 5411 rurali

434 5468 606 5507 sensu
651 5468 717 5506 ac
764 5453 982 5507 scelere
1012 5449 1268 5506 infantia
1296 5449 1475 5520 exuit,
1506 5449 1651 5505 alius
1696 5448 1978 5521 suscipere
2009 5466 2073 5504 ac

432 5546 722 5601 vindicare
747 5543 1140 5635 prasumat.\

503 5641 590 5695 IlI.
638 5639 783 5695 Illud
830 5655 963 5694 vero
1007 5641 1283 5709 praterea
1333 5635 1561 5708 speciali
1589 5636 1943 5694 ordinatione
1981 5638 2076 5694 de-

433 5732 734 5799 crevimus,
779 5731 933 5802 quod
980 5747 1082 5785 nec
1127 5730 1362 5801 antiqua
1403 5730 1638 5785 concilia
1681 5732 1741 5786 in
1792 5731 2073 5786 universis

437 5825 752 5878 canonibus
804 5823 1102 5892 siluerunt,
1133 5826 1200 5877 ut
1228 5825 1416 5877 nullus
1460 5822 1795 5878 clericorum
1827 5842 1861 5878 a
1891 5824 2073 5896 gradu

439 5914 880 5970 subdiaconatus
919 5919 977 5971 et
1016 5932 1187 5986 supra
1241 5915 1300 5970 in
1352 5913 1638 5970 consortio
1676 5915 2074 5972 familiaritatis

2171 5072 2270 5142 qui
2296 5088 2447 5125 nunc
2478 5075 2685 5126 sancta
2713 5072 2931 5143 synodo
2947 5087 3015 5126 ex
3030 5071 3134 5126 hac
3163 5071 3458 5142 provincia
3479 5069 3805 5139 defuerunt,

2171 5165 2304 5220 huic
2334 5170 2450 5220 tam
2477 5166 2692 5220 salubri
2717 5165 3062 5220 ordinationi
3091 5165 3319 5220 obviare
3356 5163 3806 5236 praesumpserit,

2171 5261 2261 5314 vel
2311 5261 2544 5316 solerter
2581 5260 2896 5331 adimplere
2933 5259 3268 5330 neglexerit,
3311 5258 3601 5313 convictus
3640 5257 3810 5312 totius

2170 5353 2436 5408 fraterna
2479 5353 2771 5408 charitatis
2808 5352 3137 5424 aliquandiu
3174 5352 3447 5408 habeatur
3484 5355 3806 5406 extraneus.

2172 5447 2322 5502 Sane
2333 5449 2499 5517 juxta
2519 5447 2779 5518 priorum
2792 5463 3078 5502 canonum
3096 5447 3320 5502 decreta
3337 5445 3641 5500 concilium
3659 5444 3809 5517 apud

2171 5541 2404 5596 fratrem
2448 5543 2709 5596 nostrum
2739 5542 3074 5596 Montanum
3108 5541 3437 5612 episcopum
3465 5539 3513 5594 si
3539 5539 3810 5593 Dominus

2171 5635 2416 5690 voluerit
2455 5635 2714 5689 futurum
2763 5634 3222 5706 pronuntiamus.
3253 5636 3446 5706 Itaque
3487 5633 3807 5700 statuimus,

2170 5731 2237 5784 ut
2289 5728 2464 5783 frater
2514 5732 2571 5782 et
2621 5728 2991 5801 coepiscopus
3042 5732 3235 5784 noster
3271 5729 3565 5784 Montanus
3602 5726 3698 5798 qui
3750 5726 3808 5779 in

2171 5821 2474 5894 metropoli
2512 5824 2598 5876 est
2647 5822 2717 5877 ad
2766 5822 3271 5894 comprovinciales
3311 5824 3529 5876 nostros
3583 5818 3807 5874 Domini

2174 5917 2491 5972 sacerdotes
2538 5915 2754 5971 litteras
2803 5917 2875 5972 de
2923 5916 3329 5989 congreganda
3378 5915 3596 5988 synodo
3637 5913 3802 5968 adve-
