4054 6310
203 319 294 373 441

1452 317 1922 375 DECRETALIUM
1961 319 2342 376 COLLECTIO.

3467 324 3571 382 442

206 427 399 480 niente
431 429 690 496 tempore
718 426 923 481 debeat
953 426 1261 482 destinare.
1298 428 1456 481 Nunc
1486 444 1621 499 ergo
1648 429 1707 482 in
1737 445 1841 482 no~
1864 427 2110 520 Anibus
2151 427 2431 501 acquievi,
2468 432 2526 482 et
2569 428 2768 500 relegi,
2816 433 2872 484 et
2922 429 3248 502 subscripsi.
3287 432 3578 488 Canonius

204 521 361 573 mine
392 519 617 574 Domini
637 520 810 574 ﬁnitis
836 520 926 574 his
947 538 1075 592 quae
1097 521 1159 575 in
1181 521 1660 576 consultationem
1678 539 1842 577 vene-

201 617 355 683 runt,
428 615 642 685 gratias
707 613 932 685 agimus
983 615 1365 686 omnipotenti
1421 616 1567 685 Deo,
1636 615 1840 671 deinde

200 707 440 761 Domino
474 712 671 762 nostro
700 708 945 778 glorioso
969 709 1252 763 Amalrico
1294 708 1416 780 regi
1449 709 1702 764 divinam
1729 710 1836 765 cle-

200 801 480 855 mentiam
498 801 874 873 postulantes,
891 806 957 858 ut
972 802 1291 858 innumeris
1309 802 1472 874 regni
1488 803 1608 874 ejus
1629 820 1694 858 ea
1711 820 1841 874 quae

200 893 270 947 ad
289 895 512 948 cultum
532 895 665 950 ﬁdei
683 896 1024 966 perveninnt
1039 895 1351 967 peragendi
1365 895 1529 950 nobis
1547 896 1839 952 licentiam

199 989 452 1058 praestet.
478 989 775 1044 Montanus
806 989 864 1044 in
908 990 1116 1045 Christi
1158 989 1390 1045 nomine
1431 989 1726 1061 episcopus
1751 989 1840 1044 his

198 1081 705 1137 constitutionibus
737 1083 1013 1155 acquievi,
1044 1083 1226 1156 relegi
1253 1087 1311 1138 et
1340 1083 1648 1156 subscripsi
1669 1083 1760 1137 die
1783 1087 1841 1138 et

197 1192 347 1239 anno
371 1192 488 1247 quo
514 1194 703 1248 supra.
728 1178 1038 1234 Pancarius
1058 1177 1353 1251 episcopus
1379 1177 1470 1233 his
1491 1177 1840 1234 constitutio-

1945 521 2238 593 episcopus
2285 522 2609 594 subscripsi.
2653 523 2860 578 Paulus
2912 524 3208 596 episcopus
3252 526 3574 598 subscripsi.

1943 615 2300 670 Domitianus
2354 616 2651 688 episcopus
2691 613 3014 689 subscripsi.
3067 619 3410 674 Marracinus
3453 621 3576 692 epi-

1942 726 2148 780 scopus
2199 709 2520 781 subscripsi.
2573 709 2855 765 Nibridius
2905 711 3203 784 episcopus
3244 713 3574 785 subscripsi.

1939 804 2128 858 Justus
2159 802 2218 857 in
2249 803 2455 858 Christi
2475 803 2713 858 nomine
2740 803 3002 859 Ecclesize
3023 805 3317 860 catholicae
3340 808 3579 878 Urgelli-

1940 898 2089 950 tanae
2111 896 2426 968 episcopus,
2441 897 2590 951 hanc
2610 896 3079 953 constitutionem
3100 899 3573 955 consacerdotum

1938 1005 2206 1045 meorum
2237 989 2297 1044 in
2335 990 2600 1045 Toletana
2652 991 2794 1045 urbe
2827 990 3100 1060 habitam,
3124 1009 3253 1047 cum
3297 996 3429 1064 post
3468 995 3573 1048 ali-

1941 1088 2224 1154 quantum
2272 1083 2552 1154 temporis
2594 1073 2980 1155 advenissem,
3030 1085 3185 1140 salva
3231 1087 3572 1143 auctoritate

1937 1177 2258 1250 priscorum
2301 1193 2592 1232 canonum
2619 1176 2822 1248 relegi,
2851 1178 3092 1249 probavi
3137 1184 3194 1234 et
3238 1180 3566 1252 subscripsi.

664 1505 1078 1600 INCIPIT
1148 1505 1767 1601 CONCILIUM
1837 1505 2532 1602 TOLETANUM
2599 1505 3103 1602 TERTIUM

1029 1671 1111 1735 In
1139 1689 1268 1753 quo
1298 1673 1452 1736 Ανίὶ
1485 1673 1746 1736 ἠωνθειέ
1777 1674 1847 1736 z'n
1885 1671 2213 1754 Hispania
2243 1673 2734 1737 condemnatur.

271 1831 333 1885 ln
364 1828 599 1885 nomine
631 1829 863 1885 Domini
893 1830 1075 1885 nostri
1100 1833 1233 1887 Jesu
1259 1831 1465 1887 Christi
1492 1849 1643 1887 anno
1670 1834 1722 1903 4,
1744 1819 1908 1891 re-B
1931 1835 2064 1901 tres,
2097 1833 2172 1888 ad
2206 1833 2356 1888 hanc
2398 1850 2496 1889 vos
2523 1833 2918 1906 peragendam
2961 1835 3441 1907 congregavimus
3477 1851 3569 1908 sy-

198 1927 412 1995 gnante
443 1923 851 1996 gloriosissimo
884 1928 1054 1996 atque
1082 1925 1359 1997 piissimo,
1389 1928 1445 1980 et
1471 1928 1585 1981 Deo
1617 1925 1830 1982 ﬁdelis-

197 2017 343 2072 simo
362 2017 597 2072 domino
620 2017 901 2074 Richardo
924 2035 1078 2090 rege,
1096 2019 1187 2074 die
1203 2037 1302 2075 v111
1318 2021 1521 2075 Iduum
1539 2021 1830 2090 Maiarum,

197 2128 314 2166 aera
341 2128 623 2167 n.c.xxvn.
658 2113 787 2167 Haec
813 2116 1007 2168 sancta
1038 2115 1286 2184 synodus
1317 2115 1509 2170 habita
1546 2115 1606 2168 in
1642 2120 1834 2170 sancta

196 2205 422 2260 civitate
447 2205 612 2277 regia
640 2207 905 2261 Toletana
929 2207 998 2261 ab
1028 2207 1306 2280 episcOpis
1337 2209 1507 2263 totius
1527 2208 1829 2279 Hispaniae,

195 2299 284 2353 vel
312 2298 562 2353 Galliciaa
591 2299 688 2371 qui
715 2299 865 2354 infra
891 2299 1085 2372 scripti
1112 2304 1264 2357 sunt.

268 2393 404 2448 CAP.
435 2394 476 2446 Ι.
505 2394 648 2448 Cum
678 2409 782 2464 pro
813 2393 948 2449 ﬁdei
969 2411 1086 2448 suae
1107 2394 1425 2450 sinceritate
1448 2395 1603 2450 idem
1627 2395 1834 2467 glorio-

194 2485 448 2540 sissimus
477 2485 744 2558 princeps
774 2503 973 2542 omnes
999 2488 1296 2559 regiminis
1329 2489 1414 2544 sui
1448 2490 1742 2561 pontiﬁces
1770 2489 1832 2543 in

191 2596 382 2635 unum
413 2579 718 2636 convenire
743 2582 1084 2650 mandasset,
1116 2586 1181 2636 ut
1208 2585 1325 2637 tam
1353 2584 1422 2638 de
1450 2583 1573 2654 ejus
1601 2600 1834 2638 conver-

193 2674 357 2728 sione
403 2689 577 2744 quam
624 2673 694 2728 de
750 2674 934 2746 gentis
978 2675 1294 2730 Gothorum
1354 2676 1721 2732 innovatione
1772 2677 1833 2731 in

193 2767 435 2821 Domino
461 2767 824 2836 exsultarent,
858 2771 914 2823 et
944 2767 1146 2824 divinae
1183 2769 1498 2841 dignationi
1535 2788 1638 2841 pro
1668 2773 1830 2825 tanto

191 2877 437 2916 munere
486 2860 696 2932 gratias
731 2865 1013 2933 agerent,
1059 2867 1408 2918 memoratus
1445 2864 1833 2919 sanctissimus

194 2955 464 3027 princeps
490 2955 566 3009 sic
596 2955 991 3011 venerandum
1036 2957 1342 3012 concilium
1382 2957 1711 3030 alloquitur,
1742 2959 1830 3013 di-

195 3064 330 3104 cens
356 3065 369 3102 :
401 3049 523 3102 Non
551 3047 909 3120 incognitum
934 3066 1066 3105 reor
1093 3065 1216 3106 esse
1264 3051 1441 3119 vobis,
1473 3051 1829 3106 reverendis-

194 3142 330 3196 simi
355 3141 698 3211 sacerdotes,
739 3143 895 3214 quod
924 3147 1161 3215 propter
1188 3144 1621 3200 instaurandam
1661 3145 1828 3200 disci-

196 3236 370 3308 plina:
400 3235 791 3292 ecclesiastica:
830 3237 1096 3306 formam,
1126 3239 1196 3293 ad
1241 3243 1451 3294 nostra}
1486 3256 1584 3294 vos
1614 3239 1828 3294 sereni-

197 3330 333 3384 tatis
361 3329 726 3400 praesentiam
757 3332 1126 3402 evocaverim,
1157 3334 1213 3386 et
1245 3333 1380 3403 quia
1410 3332 1651 3387 recursis
1677 3335 1830 3388 retro

195 3424 556 3494 temporibus
580 3424 809 3480 haeresis
847 3425 1161 3481 imminens
1208 3426 1270 3480 in
1304 3429 1421 3481 tota
1465 3427 1709 3480 Ecclesia
1735 3444 1829 3481 ca-

195 3517 414 3572 tholica
439 3534 610 3590 agere
635 3518 908 3590 synodica
933 3519 1169 3591 negotia
1194 3519 1534 3592 denegabat,
1559 3521 1725 3599 Deus,
1743 3521 1833 3574 cui

201 3565 414 3572 '—'—"'
439 3565 609 3590 *ον-ν
635 3565 684 3590 -ν
703 3565 908 3573 ἠν-’ν’-
933 3565 1169 3591 -·νον““·
1197 3565 1534 3592 “ν“νο“σ“”›
1559 3565 1725 3588 νυνι-’⁷
1746 3565 1833 3574 ν*-

194 3612 412 3684 placuit
435 3628 540 3683 per
567 3629 669 3667 nos
697 3613 957 3684 ejusdem
986 3613 1222 3668 haeresis
1259 3613 1476 3669 obicem
1521 3597 1829 3685 depellere,
1858 3565 1867 3604 ἰ

199 3705 507 3760 admonuit
537 3705 606 3761 de
645 3723 806 3762 more
850 3707 1224 3763 ecclesiastico
1251 3724 1540 3779 reparare.
1572 3709 1720 3778 Ergo
1763 3707 1835 3761 sit

193 3799 352 3854 vobis
404 3799 776 3871 jucunditati,
825 3801 870 3854 si
908 3801 1118 3872 gaudio
1165 3802 1483 3872 quod-mos
1527 3800 1833 3856 canonicus

193 3897 508 3966 prospectu
553 3895 652 3950 Dei
695 3912 802 3967 per
841 3900 1096 3952 nostram
1145 3897 1388 3968 gloriam
1446 3897 1517 3952 ad
1565 3899 1833 3968 paternos

193 3989 504 4044 reducetur
549 3989 844 4045 terminos.
892 3990 1051 4045 Prius
1083 3999 1276 4046 tamen
1313 3991 1595 4046 admoneo
1622 3991 1835 4062 pariter

196 4089 252 4138 et
276 4083 550 4138 exhortor
569 4083 806 4156 jejuniis
831 4101 930 4140 vos
970 4089 1028 4140 et
1051 4085 1260 4157 vigiliis
1287 4089 1459 4156 atque
1485 4085 1834 4140 orationibus

197 4193 432 4248 operam
464 4177 601 4232 dare
629 4181 694 4233 ut
723 4178 864 4233 ordo
894 4178 1199 4234 canonicus
1236 4195 1411 4250 quem
1443 4197 1476 4234 a
1506 4179 1831 4233 sacerdota-

193 4270 347 4325 libus
375 4270 634 4326 sensibus
660 4271 982 4328 detraxerat
1009 4273 1180 4345 longa
1207 4289 1270 4327 ac
1301 4273 1571 4328 diuturna
1603 4271 1831 4342 oblivio,

196 4380 369 4436 quam
413 4370 547 4421 aetas
597 4369 793 4421 nostra
837 4383 895 4422 se
940 4367 1161 4422 nescire
1197 4367 1428 4436 fatetur,
1465 4366 1655 4422 divino
1685 4365 1834 4421 dono

195 4458 354 4513 vobis
392 4475 589 4514 rursus
631 4461 885 4531 patefiat.
933 4461 1017 4516 Ad
1064 4461 1186 4516 hazc
1235 4465 1431 4516 autem
1460 4460 1672 4532 gratias
1720 4461 1833 4514 Deo

1851 3193 1906 3266 C

1934 1927 2251 1997 nodum,fut
2275 1927 2346 1981 de
2374 1927 2638 1982 omnibus
2654 1945 2841 1999 nuper
2859 1927 3293 1984 advenientibus
3322 1930 3394 1984 ad
3418 1929 3574 1985 Chri-

1935 2024 2086 2075 stum
2118 2020 2222 2092 ipsi
2261 2025 2501 2077 aeternas
2541 2022 2780 2076 Domino
2810 2021 3021 2093 gratias
3071 2021 3354 2078 deferetis.
3391 2023 3568 2086 Quid-

1933 2114 2071 2186 quid
2094 2131 2227 2169 vero
2268 2115 2454 2169 verbis
2486 2115 2636 2186 apud
2685 2115 3069 2170 sacerdotium
3107 2119 3357 2170 vestrum
3403 2117 3572 2171 nobis

1936 2208 2220 2279 agendum
2243 2211 2369 2263 erat
2389 2209 2456 2263 de
2482 2207 2593 2264 ﬁde
2609 2213 2780 2280 atque
2802 2225 2900 2279 spe
2920 2214 3102 2265 vestra
3120 2225 3296 2281 quam
3319 2209 3572 2280 gerimus

1932 2301 2002 2355 in.
2021 2302 2132 2356 hoc
2152 2305 2310 2356 tomo
2331 2302 2672 2373 conscripta,
2691 2305 2863 2374 atque
2881 2303 3127 2374 allegata
3150 2309 3289 2358 nota
3310 2303 3568 2369 facimus,

1932 2395 2219 2467 relegatur
2263 2396 2418 2450 enim
2467 2396 2528 2450 in
2558 2395 2747 2450 medio
2787 2395 2980 2464 vestri,
3024 2399 3081 2451 et
3124 2396 3183 2450 in
3219 2396 3437 2467 judicio
3475 2413 3566 2468 sy-

1932 2489 2122 2544 nodali
2150 2489 2472 2544 examinata
2487 2505 2592 2561 per
2611 2505 2781 2544 omne
2815 2489 3435 2561 successivumjtempus
3452 2491 3571 2560 glo-

1931 2583 2081 2637 riosa
2111 2585 2306 2637 nostra
2336 2582 2592 2654 ejusdem
2617 2582 2754 2637 ﬁdei
2783 2582 3115 2638 testimonio
3144 2582 3429 2638 declarata
3459 2583 3570 2637 cla-

1931 2679 2130 2732 rescat.
2164 2677 2468 2748 Susceptus
2495 2681 2581 2732 est
2625 2680 2819 2732 autem
2863 2676 2934 2731 ab
2966 2676 3228 2732 omnibus
3249 2677 3352 2731 Dei
3377 2693 3567 2731 sacer-

1934 2771 2163 2826 dotibus
2194 2771 2473 2826 oﬁ‘erente
2524 2787 2661 2843 rege
2706 2775 3074 2826 sacrosancta:
3113 2770 3248 2826 fidei
3278 2775 3486 2843 tomus,
3516 2777 3572 2826 et

1932 2865 2339 2936 pronuntiante
2367 2865 2592 2919 notario
2625 2865 2779 2919 clara
2808 2880 2944 2919 voce
2974 2864 3290 2919 recensitus
3318 2869 3423 2920 est.

2005 2961 2067 3012 ll.
2100 2958 2364 3023 Quamvis
2392 2961 2542 3014 Deus
2570 2958 2938 3030 omnipotens
2967 2975 3071 3029 pro
3105 2958 3440 3014 utilitatibus
3465 2976 3566 3031 po-

1931 3053 2410 3123 pulorumvregni
2460 3053 2623 3107 nobis
2667 3053 2884 3108 cultum
2931 3051 3120 3106 subire
3173 3051 3460 3123 tribuerit,
3515 3055 3574 3106 et

1931 3146 2306 3202 moderamen
2338 3147 2599 3218 gentium
2630 3163 2748 3201 non
2790 3163 3106 3218 paucarum
3155 3146 3331 3217 regiae
3359 3150 3572 3202 nostra:

1933 3257 2083 3295 curae
2103 3240 2476 3308 commiserit,
2491 3241 2864 3295 meminimus
2888 3245 3085 3295 tamen
3111 3256 3218 3294 nos
3241 3239 3570 3295 mortalium

1935 3333 2262 3388 conditione
2289 3333 2622 3405 perstringi,
2663 3350 2767 3388 nec
2793 3350 2962 3405 posse
2990 3332 3322 3388 felicitatem
3363 3334 3572 3388 futurae

1931 3426 2296 3481 beatitudinis
2339 3426 2502 3482 aliter
2529 3426 2871 3497 promereri,
2919 3426 3026 3480 nisi
3075 3443 3181 3480 nos
3224 3426 3380 3480 cultu
3422 3443 3571 3482 verm

1932 3519 2068 3574 ﬁdei
2095 3523 2451 3591 reputemus,
2480 3524 2536 3574 et
2565 3519 2859 3574 Conditori
2885 3525 3077 3574 nostro
3108 3519 3303 3573 salutis
3344 3519 3568 3574 confes-

1933 3614 2094 3668 sione
2121 3630 2231 3685 qua
2277 3613 2486 3684 dignus
2530 3616 2616 3667 est
2658 3612 2780 3684 ipse
2825 3613 3173 3685 placeamus.
3206 3614 3310 3667 Pro
3350 3629 3465 3684 qua
3510 3631 3572 3668 re

1932 3711 2142 3778 quanto
2187 3705 2549 3761 subditorum
2592 3705 2774 3778 gloria
2821 3705 3000 3778 regali
3038 3705 3379 3775 extollimur,
3411 3710 3569 3762 tanto

1931 3788 2157 3872 providi
2207 3817 2327 3856 esse
2383 3799 2658 3856 debemus
2687 3799 2747 3855 in
2797 3799 2887 3856 his
2918 3816 3047 3872 quae
3091 3817 3125 3855 a
3152 3801 3266 3856 Deo
3303 3806 3454 3870 sunt,
3486 3802 3574 3856 vel

1932 3898 2190 3950 nostram
2235 3911 2396 3966 spem
2435 3911 2648 3966 augere
2671 3937 2686 3963 ,
2735 3895 2821 3949 vel
2863 3894 3130 3966 gentibus
3172 3895 3339 3950 nobis
3379 3913 3413 3950 a
3457 3897 3570 3951 Deo

1934 3988 2165 4044 creditis
2208 3989 2524 4044 consulere.
2555 3990 2836 4044 Caeterum
2878 3987 3016 4060 quid
3068 4005 3171 4060 pro
3199 3989 3372 4044 tantis
3397 3989 3572 4046 bene-

1935 4083 2192 4138 ficiorum
2225 4083 2617 4139 collationibus
2640 4083 3074 4154 omnipotentiae
3100 4083 3306 4139 divinae
3321 4083 3574 4139 valemus

1935 4177 2208 4246 tribuere,
2261 4177 2490 4248 quando
2535 4177 2730 4231 omnia
2773 4175 2951 4248 ipsius
3001 4179 3152 4247 sunt,
3190 4182 3246 4232 et
3287 4177 3574 4233 bonorum
3599 4205 3622 4280 ί

1937 4275 2266 4326 nostrorum
2292 4270 2435 4324 nihil
2463 4275 2650 4341 egeat,
2673 4270 2785 4324 nisi
2809 4277 2874 4325 ut
2900 4269 2959 4324 in
2990 4287 3121 4325 eum
3153 4269 3231 4326 sic
3259 4274 3382 4327 tota
3402 4273 3575 4327 devo-

1933 4364 2088 4419 tione
2151 4363 2478 4432 credamus,
2534 4363 3028 4435 quemadmodum
3077 4381 3181 4435 per
3255 4364 3574 4437 Scripturas

1936 4474 2119 4513 sacras
2149 4474 2208 4511 se
2242 4457 2363 4528 ipse
2394 4456 2636 4528 intelligi
2685 4456 2879 4527 voluit,
2913 4460 2970 4512 et
3007 4457 3158 4512 credi
3185 4459 3474 4529 praecepit,
3516 4459 3577 4514 id

204 4555 460 4623 agentes,
491 4557 546 4608 et
577 4553 1000 4625 religiosissimo
1024 4554 1267 4626 principi
1299 4555 1560 4609 universo
1595 4553 1918 4639 concilioD
1943 4554 2047 4622 est,
2084 4554 2147 4604 ut
2191 4550 2567 4605 conﬁteamur
2614 4567 2735 4605 esse
2776 4552 3006 4606 Patrem
3053 4550 3152 4622 qui
3196 4552 3463 4621 genuerit
3506 4569 3578 4608 ex

201 4645 262 4700 in
293 4646 558 4702 laudibus
587 4647 960 4719 acclamante,
988 4649 1322 4704 triduanum
1357 4653 1439 4704 est
1471 4648 1673 4703 exinde
1702 4665 1842 4720 prm-

203 4735 456 4795 dicatum
475 4741 782 4813 jejunium.
811 4743 914 4798 Sed
943 4760 1074 4798 cum
1106 4742 1197 4797 die
1227 4747 1422 4798 octava
1448 4741 1654 4796 Iduum
1679 4742 1843 4797 Maia-

203 4850 336 4890 rum
381 4835 443 4889 in
482 4853 665 4890 unum
707 4841 913 4892 ccetum
962 4834 1064 4892 Dei
1108 4837 1426 4893 sacerdotes
1470 4836 1752 4903 adessent,
1786 4839 1844 4890 et

204 4929 468 4985 oratione
491 4930 799 5006 prmmissa,
820 4931 1213 5004 unusquisque
1235 4931 1598 4986 sacerdotum
1614 4945 1844 5000 compe-

204 5023 347 5080 tenti
378 5024 507 5079 loco
545 5024 869 5096 resedisset,
904 5042 1032 5081 ecce
1069 5025 1130 5079 in
1174 5025 1366 5081 medio
1422 5041 1618 5080 eorum
1661 5023 1846 5078 adfuit

207 5117 606 5172 serenissimus
633 5116 900 5191 princeps
929 5136 1102 5194 seque
1145 5136 1276 5175 cum
1314 5119 1412 5174 Dei
1457 5116 1844 5173 sacerdotibus

207 5209 455 5267 orationi
481 5212 929 5284 communicans,
965 5213 1156 5269 divino
1182 5213 1420 5268 ﬂamine
1448 5213 1652 5284 plenus
1672 5212 1751 5267 sic
1773 5211 1844 5266 ad
1877 5224 1885 5284 ς

205 5305 562 5377 loquendum
617 5322 845 5362 exorsus
892 5311 995 5375 est,
1060 5307 1253 5363 dicens
1311 5323 1326 5359 :
1381 5307 1506 5362 Non
1563 5305 1845 5361 credimus

206 5403 451 5455 vestram
498 5400 679 5455 latere
719 5401 1080 5456 sanctitatem
1131 5405 1343 5473 quanto
1374 5403 1638 5472 tempore
1665 5398 1725 5454 in
1755 5415 1843 5454 er-

207 5509 333 5548 rore
359 5493 703 5549 Arianorum
751 5495 1064 5552 laborasset
1093 5495 1376 5567 Hispania,
1411 5496 1468 5549 et
1493 5511 1607 5550 non
1636 5492 1848 5548 multos

208 5591 334 5658 post
384 5587 684 5644 decessum
727 5589 1002 5662 genitoris
1048 5589 1230 5645 nostri
1284 5589 1440 5658 dies,
1489 5587 1695 5661 quibus
1745 5603 1849 5642 nos

209 5684 395 5736 vestra
441 5683 736 5738 beatitudo
791 5684 924 5740 ﬁdei
989 5687 1197 5739 sanctae
1245 5683 1533 5738 catholicae
1580 5681 1850 5754 cognovit

210 5791 329 5830 esse
380 5775 644 5831 sociatos.
699 5778 998 5834 Credimus
1055 5778 1400 5850 generaliter
1444 5793 1748 5848 magnum,
1793 5778 1852 5830 et

213 5871 494 5926 teternum
523 5871 795 5946 gaudium
827 5871 1112 5942 habuisse,
1143 5877 1200 5927 et
1220 5871 1366 5944 ideo,
1390 5869 1699 5928 venerandi
1749 5886 1848 5942 pa-

1942 4644 2252 4700 substantia
2285 4661 2385 4698 sua
2414 4643 2620 4698 Filium
2650 4643 2755 4697 sibi
2787 4648 2844 4698 et
2873 4646 3224 4716 coaequalem
3249 4650 3307 4700 et
3335 4651 3572 4702 coaeter-

1940 4757 2101 4794 num.
2131 4740 2254 4793 Non
2282 4741 2475 4793 tamen
2517 4740 2583 4792 ut
2611 4737 2763 4792 idem
2807 4737 2926 4808 ipse
2960 4738 3034 4792 sit
3059 4743 3223 4794 natus
3261 4739 3572 4811 ingenitus,

1943 4834 2043 4887 sed
2072 4849 2319 4905 persona
2349 4830 2492 4886 alius
2521 4831 2593 4886 sit
2617 4832 2784 4886 Pater
2823 4831 2920 4902 qui
2955 4833 3173 4903 genuit,
3207 4832 3352 4888 alius
3378 4833 3450 4890 sit
3489 4836 3576 4890 Fi-

1942 4927 2053 4982 lius
2079 4926 2180 4999 qui
2204 4926 2376 4982 fuerit
2407 4929 2731 4998 generatus,
2765 4925 2932 4980 unius
2955 4930 3147 4981 tamen
3174 4932 3416 5000 utraque
3446 4930 3575 4986 sub-

1943 5021 2163 5076 stantiae
2185 5020 2243 5075 in
2262 5019 2552 5075 divinitate
2579 5019 2862 5086 subsistat,
2879 5021 3047 5074 Pater
3067 5037 3138 5075 ex
3157 5037 3269 5092 quo
3291 5022 3363 5079 sit
3383 5024 3575 5094 Filius,

1941 5115 2062 5186 ipse
2088 5132 2220 5170 vero
2245 5132 2312 5169 ex
2344 5115 2498 5168 nullo
2529 5113 2600 5168 sit
2629 5113 2760 5168 alio.
2791 5112 2959 5167 Filius
2979 5113 3075 5185 qui
3103 5115 3311 5172 habeat
3335 5119 3576 5188 Patrem,

1945 5210 2044 5264 sed
2060 5209 2181 5264 sine
2194 5208 2357 5263 initio
2372 5212 2427 5263 et
2439 5206 2822 5262 diminutione
2838 5206 2898 5261 in
2911 5224 2979 5262 ea
2990 5225 3103 5280 qua
3115 5210 3268 5265 Patri
3282 5216 3582 5286 coaequalis

1945 5307 2002 5358 et
2026 5307 2344 5358 coaeternus
2366 5304 2451 5355 est
2479 5299 2771 5356 divinitate
2791 5300 3080 5358 subsistat.
3097 5304 3338 5376 Spiritus
3357 5324 3582 5380 quoque

1946 5401 2173 5452 sanctus
2198 5394 2553 5450 conﬁtendus
2579 5411 2612 5448 a
2642 5394 2804 5448 nobis
2831 5398 2888 5450 et
2915 5397 3310 5467 praedicandus
3346 5419 3377 5456 a
3416 5404 3581 5457 Patre

1947 5506 2090 5557 esse,
2123 5493 2180 5545 et
2206 5488 2346 5544 Filio
2368 5488 2698 5560 procedere,
2728 5493 2786 5544 et
2814 5506 2945 5544 cum
2971 5492 3136 5546 Patre
3167 5499 3223 5548 et
3253 5495 3389 5549 Filio
3411 5496 3580 5550 unius

1948 5600 2067 5640 esse
2096 5582 2443 5638 substantia
2495 5581 2744 5637 Tertiam
2784 5599 2919 5638 vero
2948 5583 3010 5638 in
3038 5585 3293 5642 trinitate
3341 5587 3582 5658 Spiritus

1949 5677 2132 5732 sancti
2176 5693 2295 5732 esse
2335 5692 2663 5748 personam,
2713 5676 2812 5748 qui
2875 5681 3068 5733 tamen
3116 5679 3581 5737 communionem

1949 5772 2120 5828 habet
2163 5787 2294 5826 cum
2340 5771 2514 5825 Patre
2539 5775 2597 5825 et
2647 5771 2788 5826 Filio
2827 5771 3133 5826 divinitatis
3158 5773 3421 5827 essentia.
3455 5776 3583 5830 Haec

1951 5867 2106 5923 enim
2182 5867 2377 5922 sancta
2461 5863 2701 5920 Trinitas
2753 5881 2901 5920 unus
2954 5867 3039 5920 est
3091 5865 3256 5934 Deus,
3309 5867 3478 5924 Pater
3527 5873 3586 5930 et
