4054 6306
464 332 565 389 liii}
1357 328 1640 387 APPEND.
1681 324 1767 387 AD
1806 331 1964 386 δερ.
2008 331 2095 386 IX.

2236 331 2484 387 lSlDORI
2522 330 2948 387 MERCATORIS
3727 320 3832 382 444

469 442 641 495 Filius
693 445 753 495 et
796 433 1034 512 Spiritus
1079 441 1321 509 sanctus,
1352 440 1515 510 cujus
1554 439 1804 494 bonitate
1849 438 2098 495 hominis
2119 441 2278 525 Alio
2323 444 2381 495 et
2429 441 2563 495 ideo
2613 446 2886 512 tanquam
2929 443 3061 494 ante
3110 440 3474 510 conspectum
3517 436 3619 491 Dei
3663 435 3739 490 ita
3773 436 3835 489 in

467 534 602 589 licet
648 533 800 589 bona
849 534 922 587 sit
973 532 1200 588 condita
1253 536 1546 600 creatura,
1596 549 1701 603 per
1745 536 2097 604 assumptam
2199 534 2392 590 medio
2416 534 2586 589 vestri
2616 534 2789 588 ﬁdem
2811 549 2999 588 meam
3021 548 3197 604 quam
3222 531 3434 603 protuli
3455 530 3717 585 conscius
3742 529 3841 583 ad-

469 631 669 683 tamen
696 644 731 682 a
763 627 900 682 Filio
925 626 1164 681 humani
1213 624 1441 680 habitus
1490 625 1741 680 formam
1772 644 1804 681 a
1831 627 2100 681 damnata
2198 627 2435 682 modum
2466 627 2766 683 sententia
2798 626 3043 681 dicentis
3078 645 3092 680 :
3126 627 3247 681 Non
3288 623 3465 680 celavi
3506 623 3835 679 misericor-

469 721 743 793 progenie
768 721 1154 775 reformamur
1193 718 1265 772 ad
1314 718 1724 774 beatitudinem
1754 719 2056 790 pristinam
2080 736 2097 789 ;

2201 721 2358 776 diam
2394 725 2555 776 tuam
2594 738 2628 774 a
2672 720 3113 792 congregatione
3142 718 3341 773 multa.
3370 718 3466 772 Vel
3511 715 3838 788 apostolum

472 815 571 869 sed
619 814 763 868 sicut
803 828 950 868 vera
993 812 1188 867 salutis
1232 811 1508 867 indicium
1556 815 1642 867 est
1688 812 2003 868 trinitatem
2040 812 2099 866 in
2198 816 2436 870 Paulum
2476 814 2772 870 Timotheo
2810 813 3087 886 discipulo
3126 811 3557 884 pracipientem
3596 809 3835 866 audivi:

472 905 521 979 1
537 905 659 979 07
680 905 898 961 unitate
912 911 971 961 et
988 905 1263 961 unitatem
1282 905 1342 960 in
1358 905 1631 961 Trinitate
1656 906 1885 975 sentire,
1900 907 1976 961 ita
1995 905 2103 961 erit

471 1004 869 1055 consummata
895 999 1199 1067 sententia,
1229 999 1275 1069 si
1307 998 1511 1054 eadem
1541 999 1692 1054 intra
1722 999 2101 1054 universalem

472 1094 777 1149 Ecclesiam
833 1099 1151 1161 teneamus,
1199 1096 1257 1147 et
1300 1092 1665 1164 apostolicam
1713 1093 1989 1164 unitatem
2042 1093 2101 1147 in

469 1187 774 1260 apostolico
802 1187 972 1259 positi
995 1187 1373 1242 fundamento
1412 1187 1962 1260 servemus.[’l‘amen
2008 1203 2104 1240 vos

470 1282 569 1336 Dei
592 1282 910 1336 sacerdotes
930 1280 1257 1335 meminisse
1278 1284 1521 1352 oportet,
1539 1280 1767 1352 quantis
1785 1280 1898 1335 huc
1919 1296 2101 1351 usque

470 1376 714 1430 Ecclesia
743 1374 1014 1429 catholica
1038 1390 1141 1445 per
1185 1373 1481 1444 Hispanias
1518 1390 1726 1428 aversa
1754 1373 1934 1445 partis
1976 1390 2101 1428 mo-

469 1468 649 1523 lestiis
678 1467 1033 1535 laboraverit,
1064 1467 1201 1522 dum
1246 1472 1303 1523 et
1327 1466 1585 1522 catholici
1613 1470 1944 1522 constanter
1972 1466 2104 1520 ﬁdei

470 1579 589 1617 sua
618 1564 883 1617 tenerent
913 1578 977 1615 ac
1003 1560 1383 1616 defenderent
1414 1561 1718 1630 unitatem,
1750 1565 1809 1615 et
1850 1559 2104 1615 haeretici

471 1654 837 1727 pertinaciori
880 1654 1238 1710 animositate
1287 1654 1535 1725 propria
1580 1652 1899 1709 niterentur
1934 1654 2104 1725 perﬁ-

475 1748 585 1803 dia
625 1764 854 1819 quoque
895 1751 961 1801 ut
1001 1764 1093 1802 res
1131 1747 1253 1819 ipsa
1295 1748 1571 1819 conspicit
1612 1748 1792 1802 calore
1839 1747 1970 1802 ﬁdei
2010 1763 2102 1801 ac-

2203 930 2232 959 «
2262 909 2424 963 Certa
2464 907 2679 963 bonum
2725 910 3015 963 certamen
3058 905 3213 975 ﬁdei,
3248 903 3619 977 apprehende
3661 902 3839 958 vitam

2202 1005 2479 1056 aeternam
2519 1000 2578 1054 in
2612 1017 2722 1072 qua
2746 1003 2976 1055 vocatus
3021 1016 3101 1067 es,
3130 998 3418 1054 confessus
3455 998 3668 1051 bonam
3697 1012 3836 1050 con-

2202 1094 2507 1150 fessionem
2550 1111 2744 1149 coram
2784 1093 2980 1149 multis
3009 1092 3249 1149 testibus
3293 1093 3334 1163 (1
3368 1094 3533 1171 .Tim.
3556 1106 3631 1159 vI,
3668 1090 3773 1162 t2).
3807 1111 3837 1140 ››

2204 1189 2341 1242 Vera
2367 1193 2453 1242 est
2470 1188 2624 1243 enim
2652 1187 3047 1259 Redemptoris
3065 1185 3246 1241 nostri
3278 1202 3345 1240 ex
3372 1183 3680 1256 Evangelio
3716 1200 3842 1237 sen-

2203 1281 2382 1336 tentia
2412 1298 2523 1352 qua
2551 1302 2577 1331 ‹‹
2601 1282 2973 1336 conﬁtentem
3009 1297 3069 1335 se
3096 1296 3293 1334 coram
3323 1277 3649 1333 hominibus
3668 1276 3841 1331 conﬁ-

2203 1374 2310 1429 teri
2343 1374 2481 1429 dicit
2524 1391 2713 1429 coram
2742 1376 2927 1442 Patre,
2962 1378 3017 1428 et
3056 1376 3367 1445 negantem
3398 1389 3458 1427 se
3489 1387 3611 1427 esse
3652 1386 3837 1441 nega-

2204 1472 2400 1523 turum
2435 1468 2647 1536 (Matth.
2672 1485 2726 1537 v,
2764 1468 2872 1540 33).
2905 1490 2933 1516 ››
2982 1467 3223 1539 Expedit
3262 1466 3417 1522 enim
3446 1464 3611 1520 nobis
3650 1464 3709 1518 id
3740 1479 3839 1519 ore

2204 1561 2459 1633 proﬁteri
2500 1561 2653 1633 quod
2695 1560 2979 1616 credimus
3024 1559 3215 1627 corde,
3262 1558 3574 1614 secundum
3618 1558 3840 1612 caleste

2204 1656 2561 1723 mandatum,
2594 1672 2706 1727 quo
2753 1654 2961 1710 dicitur
2987 1671 3002 1710 :
3040 1676 3067 1705 ‹‹
3098 1653 3276 1711 Corde
3307 1652 3462 1709 enim
3488 1650 3743 1706 creditur
3768 1650 3840 1704 ad

2201 1749 2499 1820 justitiam,
2528 1764 2626 1805 ore
2650 1753 2847 1804 autem
2872 1747 3154 1803 confessio
3183 1746 3248 1801 ﬁt
3289 1746 3361 1802 ad
3390 1746 3634 1801 salutem
3664 1747 3838 1817 (Rom.

473 1858 711 1897 censum
740 1841 798 1895 in
826 1841 936 1895 hoc
962 1840 1242 1896 Dominus
1261 1841 1540 1909 excitavit,
1571 1845 1638 1896 ut
1664 1841 1893 1912 depulsa
1927 1840 2103 1896 obsti-
2126 1826 2183 1897 B
2205 1859 2259 1910 x,
2299 1843 2406 1915 10).
2456 1864 2485 1892 »
2535 1841 2779 1897 Proinde
2814 1842 2959 1897 sicut
2998 1840 3426 1897 anathematizo
3468 1838 3668 1895 Arium
3708 1854 3841 1893 cum

474 1935 705 1991 natione
749 1934 1117 2003 inﬁdelitatis,
1147 1937 1206 1989 et
1241 1934 1541 1990 discordia
1595 1934 1862 1990 submoto
1891 1934 2102 2002 furore,

473 2030 748 2101 populum
799 2028 898 2100 qui
944 2028 1047 2082 sub
1096 2027 1331 2083 nomine
1389 2027 1684 2099 religionis
1724 2028 2109 2083 famulabatur

476 2123 674 2193 errori,
687 2123 757 2177 ad
776 2122 1136 2194 agnitionem
1156 2121 1289 2177 ﬁdei
1307 2125 1364 2176 et
1380 2122 1638 2178 Ecclesia
1660 2122 1957 2178 catholica
1978 2138 2109 2177 con—

476 2217 716 2272 sortium
742 2232 1090 2271 revocarem.
1122 2215 1299 2271 Adest
1326 2215 1482 2270 enim
1516 2216 1703 2271 omnis
1731 2232 1875 2287 gens
1899 2215 2104 2271 Gotho-

477 2327 608 2365 rum
633 2310 846 2381 inclyta
871 2313 930 2364 et
969 2310 1088 2364 fere
1117 2309 1379 2364 omnium
1430 2310 1688 2380 gentium
1738 2309 2005 2364 virilitate
2035 2309 2106 2363 il-

2208 1936 2477 1992 omnibus
2500 1936 2869 2008 dogmatibus
2890 1940 2947 1991 et
2970 1935 3343 2008 complicibus
3368 1933 3503 2002 suis,
3519 1933 3617 2005 qui
3643 1932 3845 2004 unige-

2205 2031 2390 2086 nitum
2432 2030 2534 2085 Dei
2572 2030 2777 2085 Filium
2826 2047 2856 2084 a
2904 2035 3140 2101 paterna
3169 2029 3515 2100 degenerem
3554 2026 3847 2081 asserebat

2208 2141 2328 2180 esse
2356 2124 2689 2192 substantia,
2721 2140 2824 2179 nec
2851 2140 2886 2178 a
2912 2125 3074 2179 Patre
3102 2122 3382 2194 genitum,
3414 2120 3515 2176 sed
3546 2137 3618 2175 ex
3658 2119 3842 2175 nihilo

2209 2218 2435 2274 dicebat
2458 2235 2577 2273 esse
2604 2223 2881 2286 creatum,
2906 2217 2994 2273 vel
3021 2217 3218 2272 omnia
3249 2215 3482 2271 consilia
3520 2213 3841 2285 malignan-

2208 2313 2351 2368 tium
2379 2327 2507 2384 qua
2535 2313 2801 2367 adversus
2830 2316 3085 2367 sanctam
3124 2310 3410 2383 synodum
3444 2309 3729 2364 Nicanam
3755 2308 3842 2362 in-

476 2405 736 2471 lustrata,
754 2420 881 2475 qua
913 2403 1047 2458 licet
1070 2419 1306 2458 suorum
1332 2403 1611 2475 pravitate
1631 2402 1925 2458 doctorum
1949 2420 1982 2457 a
2000 2402 2110 2457 ﬁde
2209 2407 2536 2477 stituerunt,
2564 2406 2643 2461 ita
2685 2405 2746 2460 in
2775 2405 3052 2461 honorem
3098 2407 3157 2459 et
3184 2404 3242 2459 in
3277 2403 3505 2459 laudem
3544 2401 3639 2458 Dei
3671 2402 3847 2457 ﬁdem

477 2498 753 2553 hactenus
778 2497 864 2551 vel
891 2496 1108 2550 unitate
1132 2496 1304 2551 fuerit
1334 2496 1591 2551 Ecclesia
1617 2496 1905 2551 catholica
1927 2512 2113 2569 segre-
2210 2510 2460 2556 sanctam
2500 2499 2711 2554 Nicani
2736 2500 2971 2555 observo
3009 2497 3251 2565 concilii,
3282 2499 3341 2551 et
3372 2497 3594 2552 honoro
3621 2512 3689 2551 ea
3717 2512 3847 2567 qua

481 2594 635 2661 gata,
678 2594 800 2645 toto
848 2605 1001 2644 nunc
1045 2592 1238 2645 tamen
1274 2590 1448 2647 modo
1493 2606 1724 2646 assensu
1763 2591 2114 2645 concordans
2212 2599 2412 2651 contra
2444 2598 2611 2649 recta
2641 2594 2772 2648 ﬁdei
2801 2594 3072 2649 eumdem
3100 2595 3318 2664 pestem
3338 2590 3538 2646 Arium
3568 2592 3849 2645 trecento-

408 2694 427 2781 t
479 2686 599 2756 ejus
617 2684 880 2739 Ecclesia
904 2683 1295 2738 communioni
1315 2684 1706 2756 participatur,
1722 2701 1851 2755 qua
1872 2684 2114 2739 diversa-
2211 2705 2343 2744 rum
2373 2688 2575 2743 decem
2618 2691 2675 2742 et
2717 2692 2844 2742 octo
2872 2690 3069 2742 sancta
3098 2683 3431 2759 episcopalis
3460 2682 3684 2755 scripsit
3707 2700 3845 2755 syn-

480 2794 609 2833 rum
642 2778 903 2849 gentium
929 2777 1361 2832 multitudinem
1385 2781 1649 2833 materno
1673 2778 1732 2832 in
1761 2778 1888 2833 sinu
1936 2778 2109 2833 susci-
2215 2782 2375 2837 odus.
2431 2782 2755 2853 Amplector
2819 2780 3011 2852 itaque
3062 2785 3119 2834 et
3169 2785 3338 2835 teneo
3379 2778 3553 2833 ﬁdem
3615 2782 3847 2832 centum

480 2872 586 2943 pit,
617 2876 674 2925 et
700 2870 991 2924 charitatis
1022 2870 1292 2925 uberibus
1323 2871 1521 2938 nutrit,
1568 2871 1637 2926 de
1688 2888 1799 2942 qua
1839 2872 2114 2943 propheta
2214 2876 2625 2948 quinquaginta
2656 2875 3052 2947 episcoporum
3079 2870 3565 2943 Constantinopoli
3600 2888 3843 2942 congre-

485 2963 996 3031 canente,dicitur:
1018 2985 1048 3013 «
1069 2965 1281 3019 Domus
1302 2981 1427 3019 mea
1443 2965 1646 3019 domus
1664 2965 1935 3019 orationis
1955 2982 2115 3020 voca-
2217 2973 2501 3041 gatorum,
2528 2967 2624 3040 qui
2654 2967 3046 3023 Macedonium
3093 2966 3335 3038 Spiritus
3361 2965 3540 3020 sancti
3584 2964 3849 3019 substan-

484 3059 641 3113 bitur
665 3057 881 3129 (Matth.
910 3071 1024 3125 xxx,
1056 3060 1137 3126 13)
1168 3076 1196 3109 ››
1227 3058 1494 3112 omnibus
1515 3058 1802 3129 gentibus.
1829 3060 1942 3113 Nec
1963 3059 2115 3113 enim
2218 3063 2356 3118 tiam
2384 3061 2766 3117 minorantem
2799 3065 2855 3116 et
2897 3079 2930 3116 a
2957 3061 3140 3116 Patris
3166 3065 3223 3115 et
3252 3059 3373 3114 Filii
3396 3058 3615 3114 unitate
3664 3060 3722 3113 et
3762 3074 3848 3112 es-

488 3152 608 3207 sola
633 3151 946 3207 Gothorum
978 3151 1272 3207 conversio
1301 3152 1373 3206 ad
1409 3152 1700 3206 cumulum
1724 3155 1933 3207 nostra
1960 3169 2114 3207 mer-
2139 3199 2189 3229 η
2219 3156 2400 3212 scntia
2432 3160 2833 3229 segregantem
2860 3155 3064 3227 jugulo
3095 3153 3347 3210 veritatis
3386 3151 3700 3208 interemit.
3729 3153 3852 3206 Pri-

488 3199 608 3207 ---_
639 3199 946 3207 ---_--__-
982 3199 1268 3207 --π----η
1302 3199 1373 3206 --
1413 3199 1700 3206 ν----ω-υ-
1724 3199 1933 3207 ..νυ--.ν
1960 3199 2077 3207 ---η
2219 3199 2400 3212 se...“
2432 3199 2833 3229 υνοηομμννμ.
2860 3199 3061 3227 δυσ-,ν
3107 3199 3346 3210 Mus.--
3386 3199 3700 3208 .--πη-.-η
3731 3199 3750 3206 -
3776 3199 3820 3206 --

488 3245 641 3301 cedis
666 3243 899 3315 accedit,
927 3244 1186 3316 quinimo
1228 3248 1285 3299 et
1321 3245 1633 3300 Suevorum
1666 3245 1853 3317 gentis
1897 3245 2117 3301 inﬁnita
2138 3199 2192 3273 Ο
2218 3268 2327 3305 ma
2375 3266 2601 3322 quoque
2643 3249 2947 3321 Ephesina
2973 3247 3175 3321 synodi
3204 3246 3393 3317 ﬁdem,
3424 3263 3553 3317 qua
3578 3245 3853 3300 adversus

488 3338 797 3395 multitudo
823 3381 837 3407 ,
888 3355 1062 3410 quam
1124 3337 1387 3411 prasidio
1434 3340 1647 3394 caelesti
1695 3343 1892 3395 nostro
1939 3356 2118 3410 regno
2218 3343 2539 3399 Nestorium
2567 3343 2807 3415 ejusque
2837 3342 3155 3397 doctrinam
3180 3340 3294 3396 lata
3319 3345 3421 3410 est,
3442 3339 3612 3394 credo
3639 3339 3854 3411 pariter

487 3431 831 3504 subjecimus
855 3433 1042 3487 alieno
1058 3432 1279 3504 judicio
1306 3432 1365 3487 in
1393 3432 1657 3488 haeresim
1681 3433 2005 3503 deductam,
2023 3451 2119 3488 no-

488 3533 605 3583 stro
646 3532 838 3583 tamen
884 3528 956 3582 ad
985 3527 1236 3582 veritatis
1281 3526 1566 3599 originem
1605 3528 1790 3583 studio
1830 3527 2115 3583 revocavi-

489 3639 637 3677 mus.
686 3621 944 3692 Proinde,
971 3621 1310 3676 sanctissimi
1348 3626 1558 3693 patres,
1592 3621 1691 3676 has
1738 3621 2120 3676 nobilissimas

492 3719 695 3787 gentes
722 3732 850 3786 qua
877 3715 1048 3769 lucris
1090 3715 1287 3786 gratia
1336 3731 1441 3785 per
1467 3731 1571 3769 nos
1612 3715 1922 3769 Dominicis
1947 3716 2121 3787 appli-

490 3815 626 3863 cata
671 3813 824 3875 sunt,
850 3808 1013 3879 quasi
1042 3813 1319 3877 sanctum,
1363 3811 1421 3862 et
1464 3808 1737 3879 placabile
1784 3808 2122 3863 sacriﬁcium

489 3918 593 3973 per
639 3903 849 3955 vestras
891 3916 1096 3954 manus
1131 3902 1349 3954 aterno
1398 3901 1511 3955 Deo
1562 3900 1758 3955 offero.
1805 3901 1923 3955 Erit
1966 3901 2120 3956 enim

492 3993 637 4049 mihi
670 3992 1151 4047 immarcessibilis
1186 4009 1392 4047 corona
1429 3993 1515 4047 vel
1561 3992 1838 4063 gaudium
1865 3993 1925 4047 in
1952 3995 2119 4049 retri-

490 4086 729 4142 butione
753 4087 1061 4157 justorum,
1092 4086 1137 4140 si
1168 4086 1230 4140 hi
1257 4086 1455 4158 populi
1485 4086 1582 4157 qui
1607 4090 1801 4142 nostra
1828 4088 1899 4142 ad
1927 4088 2119 4144 unita-

492 4182 612 4236 tem
640 4177 908 4235 Ecclesia
943 4179 1172 4235 solertia
1200 4179 1648 4236 transcurreriut
1674 4180 1892 4236 fundati
1929 4181 1989 4236 in
2021 4198 2118 4238 ea-

494 4276 629 4330 dem
670 4277 730 4329 et
788 4273 1019 4329 stabiliti
1075 4279 1473 4345 permaneant.
1522 4275 1676 4330 Sicut
1718 4274 1870 4329 enim
1928 4275 2119 4332 divino

492 4375 637 4425 nutu
684 4371 894 4424 nostra
934 4383 1082 4422 cura
1134 4368 1242 4423 fuit
1283 4368 1386 4423 hos
1430 4368 1667 4441 populos
1713 4369 1786 4423 ad
1839 4371 2121 4427 unitatem

492 4462 697 4520 Christi
723 4467 781 4518 et
805 4462 1061 4518 Ecclesia
1097 4462 1450 4534 pertrahere,
1484 4462 1559 4517 ita
1606 4463 1678 4518 sit
1718 4467 1920 4519 vestra
1964 4465 2118 4521 doci-

2218 3442 2276 3493 et
2297 3438 2537 3493 honoro.
2566 3437 2840 3493 Similiter
2858 3442 2915 3491 et
2940 3434 3412 3492 Chalcedonensis
3433 3433 3657 3489 concilii
3676 3432 3850 3488 ﬁdem

2220 3549 2392 3603 quam
2420 3533 2589 3603 plena
2618 3531 2913 3586 sanctitate
2947 3533 3005 3584 et
3051 3528 3370 3584 eruditione
3400 3528 3666 3583 adversus
3692 3526 3852 3581 Eutio

2219 3643 2344 3681 cem
2374 3631 2430 3681 et
2466 3626 2791 3682 Dioscorum
2824 3623 3082 3697 protulit,
3116 3639 3246 3678 cum
3285 3620 3529 3677 Ecclesia
3576 3619 3856 3675 catholica

2219 3723 2549 3775 reverenter
2574 3719 2840 3791 suscipio.
2871 3718 3142 3774 Omnium
3164 3733 3393 3789 quoque
3413 3715 3855 3770 orthodoxorum

2219 3813 2626 3869 venerabilium
2658 3813 3011 3868 sacerdotum
3048 3811 3291 3866 concilia
3319 3826 3443 3882 qua
3469 3808 3539 3863 ab
3577 3808 3715 3881 ipsis
3758 3826 3851 3862 su-

2220 3925 2324 3981 pra
2353 3907 2575 3979 scriptis
2603 3911 2850 3979 quatuor
2866 3906 3098 3978 synodis
3128 3905 3259 3960 ﬁdei
3282 3903 3525 3976 puritate
3548 3920 3661 3957 non
3684 3901 3858 3957 disso-

2220 4006 2379 4071 nant,
2408 4001 2534 4073 pari
2565 4001 2929 4056 veneratione
2962 4001 3215 4055 observo.
3248 3999 3519 4069 Properat
3544 4013 3682 4069 ergo
3702 4013 3861 4059 reve-

2220 4096 2403 4151 rentia
2429 4098 2615 4150 vestra
2650 4095 2821 4150 ﬁdem
2851 4095 2995 4149 hanc
3038 4096 3293 4149 nostram
3338 4091 3622 4146 canonicis
3671 4090 3855 4162 appli-

2222 4207 2352 4245 care
2396 4189 2768 4245 monimentis
2809 4194 2874 4244 ut
2908 4189 2978 4243 ab
3019 4186 3294 4260 episcopis
3333 4184 3420 4241 vel
3469 4184 3753 4256 religiosis
3801 4186 3858 4239 et

2223 4282 2408 4356 gentis
2437 4288 2642 4338 nostra
2666 4282 3010 4353 primoribus
3037 4282 3275 4336 solerter
3299 4280 3439 4335 ﬁdes
3464 4295 3633 4352 quam
3677 4277 3734 4333 in
3763 4280 3861 4334 Ec-

2223 4378 2393 4433 clesia
2416 4376 2693 4432 catholica
2718 4376 3085 4431 crediderunt
3112 4377 3366 4447 legatur;
3401 4389 3574 4445 quam
3612 4389 3856 4428 renova-

2221 4480 2339 4530 tam
2369 4480 2427 4530 et
2455 4474 2708 4546 apicibus
2733 4475 2820 4529 vel
2846 4491 3048 4530 eorum
3079 4471 3585 4544 subscriptionibus
3612 4471 3856 4527 robora—

490 4557 723 4614 bilitatis
773 4574 872 4612 eos
921 4556 1215 4612 catholicis
1258 4556 1621 4628 dogmatibus
1662 4556 1963 4626 instruere,
2007 4577 2120 4632 quo
2140 4571 2201 4644 D
2225 4571 2360 4639 tam,
2392 4569 2597 4624 futuris
2623 4568 2758 4624 olim
2785 4568 3137 4640 temporibus
3151 4568 3212 4622 in
3238 4566 3629 4622 testimonium
3650 4565 3750 4620 Dei
3771 4569 3856 4620 at-

491 4655 550 4709 in
570 4657 691 4709 tota
716 4651 1042 4725 cognitione
1066 4650 1315 4707 veritatis
1333 4650 1891 4719 instructi,noverint
1915 4670 1980 4707 ex
2000 4660 2121 4710 toto

492 4765 711 4805 errores
734 4745 1082 4820 perniciosos
1107 4761 1397 4817 respuere,
1415 4751 1472 4799 et
1500 4762 1643 4800 vera
1671 4746 1803 4801 ﬁdei
1828 4748 2121 4803 tramitem

496 4861 561 4899 ex
604 4842 873 4898 charitate
912 4840 1178 4907 retinere,
1211 4839 1295 4893 vel
1320 4839 1613 4894 catholica
1660 4841 1918 4897 Ecclesia
1963 4858 2121 4897 com-

495 4937 835 4992 munionem
875 4934 1151 4990 desiderio
1198 4933 1435 4988 avidiori
1472 4935 1791 5007 complecti.
1838 4938 2121 4992 Caterum

495 5036 638 5091 sicut
657 5035 817 5089 facile
838 5032 911 5088 ad
924 5034 1154 5088 veniam
1168 5032 1490 5105 pervenisse
1506 5033 1748 5103 conﬁdo,
1765 5035 1917 5105 quod
1933 5036 2121 5091 nescia

433 5178 442 5200 ,
495 5129 606 5185 huc
647 5145 825 5200 usque
868 5130 985 5181 tam
1018 5128 1329 5183 clarissima
1359 5127 1629 5182 erraverit
1672 5144 1831 5195 gens,
1876 5127 1952 5183 ita
1987 5145 2119 5200 gra-

494 5222 616 5278 vius
655 5238 776 5278 esse
824 5238 941 5277 non
999 5221 1194 5275 dubito
1238 5221 1284 5275 si
1324 5221 1575 5293 agnitam
1614 5221 1912 5277 veritatem
1951 5222 2120 5278 dubio

495 5316 669 5373 corde
710 5319 923 5383 teneat,
954 5318 1125 5385 atque
1165 5331 1199 5367 a
1231 5315 1445 5385 patenti
1488 5315 1723 5383 lumine,
1756 5315 1912 5387 quod
1953 5316 2115 5388 absit,

494 5412 683 5467 oculos
727 5426 854 5465 suos
900 5410 1136 5463 avertat.
1168 5407 1325 5462 Unde
1357 5412 1413 5462 et
1437 5408 1599 5463 valde
1632 5402 2118 5481 pernecessarium

492 5524 615 5562 esse
642 5503 910 5578 perspexi
937 5500 1347 5556 beatitudinem
1365 5504 1607 5556 vestram
1635 5502 1696 5556 in
1721 5519 1899 5558 unum
1919 5522 2121 5560 conve-

493 5605 637 5673 nire,
669 5600 892 5655 habens
918 5594 1215 5651 sententia
1240 5595 1548 5651 Dominica
1582 5596 1754 5652 ﬁdem
1790 5615 1901 5670 qua
1933 5599 2068 5655 dicit
2099 5619 2113 5655 :

492 5696 596 5750 Ubi
639 5692 855 5750 fuerint
895 5690 1009 5744 duo
1047 5688 1135 5744 vel
1173 5694 1290 5744 tres
1325 5688 1541 5744 collecti
1588 5690 1647 5745 in
1692 5691 1925 5748 nomine
1967 5711 2114 5762 meo,

489 5788 567 5844 ibi
595 5804 722 5843 sum
741 5787 802 5840 in
829 5782 1015 5839 medio
1034 5798 1255 5836 eorum.
1285 5782 1464 5837 Credo
1486 5783 1641 5838 enim
1660 5785 1883 5841 beatam
1904 5791 2117 5842 sancta

488 5880 776 5956 Trinitatis
815 5875 1169 5933 divinitatem
1203 5873 1336 5929 huic
1380 5879 1572 5929 sancto
1620 5876 1889 5934 interesse
1928 5881 2114 5937 conci-

2223 4679 2335 4735 que
2362 4662 2626 4718 omnium
2669 4663 2923 4717 ﬁdelium
2963 4674 3276 4730 reservare,
3304 4665 3370 4715 ut
3401 4664 3601 4732 gentes
3626 4675 3766 4731 quas
3798 4659 3859 4715 in

2223 4758 2324 4812 Dei
2349 4757 2578 4811 nomine
2609 4748 2767 4828 regia
2792 4759 3066 4828 potestate
3092 4754 3476 4828 percellimns,
3505 4757 3563 4809 et
3586 4770 3714 4826 quae
3764 4770 3856 4809 re.

2222 4851 2354 4907 licto
2384 4850 2620 4923 antiquo
2646 4867 2837 4906 errore
2864 4867 2968 4922 per
2990 4850 3319 4905 unctionem
3345 4847 3683 4903 sacrosancti
3713 4846 3862 4902 ebrio

2224 4946 2439 5015 smatis,
2472 4945 2558 5000 vel
2608 4960 2811 5000 manus
2846 4944 3270 5017 impositionem
3317 4942 3669 5019 Paracletum
3709 4941 3860 4996 intra

2224 5040 2320 5094 Dei
2352 5038 2658 5094 Ecclesiam
2686 5039 3048 5111 perceperint
3078 5037 3374 5109 Spiritum,
3401 5053 3571 5109 quem
3598 5052 3779 5090 unum
3802 5039 3859 5090 et

2223 5132 2501 5205 aqualem
2528 5150 2659 5189 cum
2690 5128 2851 5188 Patre
2882 5135 2938 5187 et
2966 5132 3106 5187 Filio
3154 5132 3510 5199 conﬁtentes,
3543 5146 3671 5202 qua
3704 5129 3857 5184 dono

2221 5228 2321 5282 Dci
2351 5227 2410 5282 in
2441 5227 2569 5282 sinu
2598 5227 2858 5282 Ecclesia
2884 5231 3093 5281 sancta
3134 5226 3425 5281 catholica
3453 5223 3672 5279 collata
3703 5229 3854 5277 sunt.

2219 5322 2378 5387 Quod
2408 5322 2455 5376 si
2480 5338 2681 5377 eorum
2705 5321 2881 5393 aliqui
2923 5321 3072 5376 hanc
3097 5319 3488 5376 credulitatem
3519 5323 3575 5373 et
3603 5321 3859 5371 sanctam

2219 5416 2632 5472 confessionem
2682 5419 2941 5470 nostram
3003 5414 3240 5470 minime
3273 5411 3507 5469 credere
3550 5411 3855 5479 voluerint,

2218 5507 2358 5565 iram
2375 5511 2475 5564 Dei
2495 5527 2622 5565 cum
2639 5510 3005 5564 anathemate
3030 5514 3246 5565 aterno
3266 5507 3664 5579 suscipiant,ut
3684 5504 3755 5560 de
3776 5504 3858 5559 in—

2218 5604 2392 5658 teritu
2411 5620 2512 5657 suo
2526 5603 2789 5659 ﬁdelibus
2810 5602 3105 5675 gaudium,
3121 5600 3446 5657 inﬁdelibus
3465 5601 3577 5656 sint
3592 5600 3652 5655 in
3668 5616 3861 5654 exem-

2216 5697 2396 5769 plum.
2415 5697 2551 5752 Huic
2576 5714 2707 5753 vero
2741 5697 3078 5752 confessioni
3104 5713 3251 5751 mea
3271 5700 3589 5750 sanctarum
3608 5693 3858 5765 Scriptu-

2215 5807 2411 5846 rarum
2444 5795 2501 5845 et
2538 5790 2912 5846 conciliorum
2953 5783 3445 5846 constitutionibus
3490 5787 3858 5844 consentiens

2215 5884 2547 5943 testimonio
2568 5884 2759 5941 divino
2788 5888 2908 5941 tota
2934 5885 3116 5941 cordis
3145 5883 3503 5959 simplicitate
3526 5879 3853 5955 subscripsi.
