4054 6298
227 329 332 388 443

710 471 868 525 Fides
905 472 1112 528 Nicaeni
1146 474 1375 529 concilii.

299 589 595 645 Credimus
641 589 701 644 in
753 608 935 647 unum
993 594 1177 649 Deum
1227 597 1452 651 Patrem
1505 598 1864 671 omnipoten-

228 686 371 751 tem,
399 683 660 738 omnium
688 684 997 741 visibilium
1019 691 1076 741 et
1096 687 1459 746 invisibilium
1478 692 1829 747 conditorem
1852 710 1866 760 ;

227 782 288 831 et
320 777 379 831 in
403 794 585 832 unum
629 778 939 834 Dominum
966 782 1160 836 Jesum
1206 782 1494 840 Christum
1540 785 1744 840 Filium
1769 786 1869 840 Dei

228 870 300 925 de
327 872 495 925 Patre
526 877 728 927 natum
759 873 1138 944 unigenitum,
1170 876 1277 931 hoc
1318 881 1403 931 est
1442 878 1512 932 de
1556 879 1871 934 substantia

226 964 435 1032 Patris,
466 965 644 1019 Deum
684 983 753 1021 ex
798 968 932 1035 Deo,
966 969 1162 1023 lumen
1189 987 1255 1024 ex
1282 970 1519 1041 lumine,
1552 973 1729 1028 Deum
1770 990 1865 1027 ve-

228 1073 360 1111 rum
408 1073 473 1112 ex
521 1060 636 1114 Deo
679 1077 833 1128 vero,
879 1065 1102 1129 natum,
1135 1080 1250 1117 non
1290 1063 1526 1132 factum,
1569 1066 1867 1121 omousion

226 1151 406 1221 Patri,
440 1151 548 1207 hoc
576 1158 659 1208 est
697 1153 956 1225 ejusdem
1004 1172 1134 1210 eum
1181 1158 1345 1211 Patre
1391 1158 1739 1230 substantiae,
1768 1176 1871 1231 per

229 1262 405 1317 quem
438 1246 636 1301 omnia
664 1246 813 1301 facta
842 1253 993 1315 sunt,
1027 1252 1086 1302 et
1114 1266 1243 1321 quas
1272 1250 1332 1304 in
1359 1252 1498 1306 caelo
1546 1255 1603 1306 et
1653 1270 1782 1324 quae
1808 1253 1867 1306 in

229 1343 401 1408 terra,
425 1339 525 1410 qui
554 1345 789 1412 propter
813 1358 915 1395 nos
965 1346 1022 1395 et
1067 1345 1305 1413 propter
1340 1348 1601 1400 nostram
1629 1345 1870 1401 salutem

232 1430 527 1487 descendit
552 1439 608 1487 et
632 1432 959 1489 incarnatus
985 1440 1089 1504 est,
1123 1436 1298 1491 homo
1332 1437 1532 1505 factus,
1563 1456 1761 1510 passus
1787 1443 1872 1493 est

230 1525 334 1579 sub
362 1527 566 1581 Pontio
600 1527 797 1595 Pilato,
826 1531 884 1582 et
929 1530 1184 1599 sepultus
1233 1533 1337 1599 est,
1370 1534 1428 1586 et
1452 1532 1542 1586 die
1585 1533 1751 1587 tertia
1777 1550 1865 1587 re-

231 1619 496 1689 surrexit,
532 1623 589 1674 et
615 1621 872 1676 ascendit
896 1621 955 1675 in
982 1623 1173 1694 ecelos,
1206 1624 1339 1679 inde
1365 1629 1640 1681 venturus
1678 1630 1763 1681 est
1780 1627 1871 1697 ju-

232 1713 423 1768 dicare
444 1713 600 1769 vivos
621 1720 677 1769 et
696 1720 971 1770 mortuos.
992 1717 1059 1771 Et
1079 1716 1137 1772 in
1159 1718 1431 1789 Spiritum
1456 1723 1736 1775 sanctum.
1761 1721 1870 1775 Eos

230 1813 424 1862 autem
461 1807 561 1879 qui
591 1808 787 1863 dicunt
815 1826 829 1863 :
862 1811 1015 1878 Erat,
1048 1811 1278 1882 quando
1305 1830 1423 1867 non
1452 1819 1593 1881 erat,
1628 1816 1685 1868 et
1708 1819 1864 1869 ante-

232 1917 408 1972 quam
454 1905 784 1957 nasceretur
826 1919 942 1957 non
975 1906 1116 1972 erat,
1144 1907 1201 1959 et
1232 1905 1370 1977 quia
1413 1923 1480 1961 ex
1525 1907 1696 1961 nullis
1742 1908 1862 1962 exi-

232 1994 513 2049 stentibus
542 1995 723 2050 factus
746 2001 848 2065 est,
882 2001 979 2051 aut
1005 2012 1075 2051 ex
1111 1997 1223 2053 alia
1263 2000 1576 2055 substantia
1606 2002 1691 2056 vel
1734 2002 1866 2055 sub-

231 2087 494 2143 sistantia
550 2088 747 2143 dicunt
802 2089 1138 2145 mutabilem
1181 2108 1301 2147 esse
1341 2096 1398 2147 et
1442 2094 1869 2150 convertibilem

232 2180 439 2236 Filium
488 2181 605 2251 Dei,
654 2183 1091 2238 anathematizat
1142 2186 1422 2241 catholica
1464 2190 1521 2242 et
1562 2188 1870 2260 apostolica

234 2272 509 2330 Ecclesia.

232 2424 547 2492 Symbolum
570 2429 778 2480 centum
802 2427 1200 2497 quinquaginta
1221 2428 1452 2485 Patrum
1482 2432 1865 2488 Constantino-

799 2498 1044 2566 politani
1078 2502 1310 2554 concilii.

311 2610 609 2667 Credimus
628 2611 688 2666 in
710 2628 890 2667 unum
912 2614 1114 2683 Deum,
1136 2616 1362 2671 Patrem
1389 2617 1867 2689 omnipotentem,

234 2705 517 2760 factorem
542 2703 667 2760 coeli
693 2710 752 2760 et
776 2712 963 2775 terrae,
985 2708 1293 2764 visibilium
1319 2711 1580 2766 omnium
1603 2718 1660 2767 et
1688 2713 1873 2767 invisi-

235 2798 441 2853 bilium
461 2799 833 2855 conditorem.
849 2802 915 2857 Et
927 2801 987 2856 in
1003 2819 1184 2857 unum
1201 2804 1504 2860 Dominum
1516 2807 1542 2861 J
1547 2823 1709 2861 esum
1720 2807 1875 2862 Chri-

237 2896 391 2948 stum
423 2892 629 2948 Filium
657 2892 753 2949 Dei
783 2894 1169 2967 unigenitum,
1201 2914 1265 2952 ex
1307 2901 1472 2954 Patre
1512 2905 1713 2956 natum
1741 2906 1872 2957 ante

239 2987 439 3062 omnia
450 2988 676 3055 saecula,
702 2990 877 3043 Deum
903 3006 967 3044 ex
987 2990 1120 3059 Deo,
1135 2992 1329 3047 lumen
1348 3010 1414 3048 ex
1434 2993 1671 3063 lumine,
1692 2996 1873 3050 Deum

237 3097 441 3136 verum
480 3098 552 3136 ex
580 3082 690 3136 Deo
721 3098 872 3151 vero,
900 3087 1120 3153 natum,
1152 3102 1266 3140 non
1312 3087 1546 3159 factum,
1579 3090 1875 3144 omousion

1465 334 1933 398 DECRETALIUM
1972 340 2364 401 COLLECTIO.

1884 466 1943 539 Α
1962 452 2291 525 prodigiose
2321 436 2865 525 divulgant,idcirco
2893 472 3126 514 omnem
3154 459 3425 517 adversus
3443 465 3595 520 veri-

3494 351 3594 413 tu:

1966 551 2141 601 tatem
2172 548 2570 619 opponendam
2600 544 2833 619 ab'ipsis
2871 552 3361 611 machinationem
3403 558 3600 614 volens

1968 641 2267 695 excludere
2288 644 2483 696 sancta
2512 645 2572 696 et
2596 658 2806 714 magna
2830 645 3166 702 universalis
3193 650 3460 721 synodus,
3493 669 3595 708 an-

1969 734 2189 804 tiquam
2216 735 2677 805 praedicationem
2724 737 3079 794 immobilem
3122 742 3334 798 docens
3378 748 3595 816 statuit,

1967 827 2252 899 praecipue
2284 831 2665 883 trecentorum
2694 829 2890 886 decem
2915 838 2972 888 et
2992 838 3120 889 octo
3141 840 3466 893 sanctorum
3490 841 3596 895 Pa-
3653 887 3662 894 .

1966 926 2122 975 trum
2148 921 2322 975 ﬁdem
2351 921 2856 980 incontaminatam
2882 943 3135 983 manere.
3164 932 3233 984 Et
3251 938 3489 1004 propter
3504 951 3600 990 eos
3654 908 3674 1036 ί

1975 1014 2062 1036 ---2
2098 1014 2328 1036 ο..;..ξι--ξ
2382 1019 2565 1036 _____A_
2621 1034 2639 1036 _
2662 1017 2781 1036 3---,
2824 1035 2831 1036 κ
2894 1023 2904 1036 ι
3143 1026 3153 1036 ι
3396 1027 3407 1036 .

1968 1014 2067 1085 qui
2097 1014 2333 1085 Spiritui
2377 1019 2572 1070 sancto
2615 1017 3001 1088 adversantur,
3031 1026 3263 1079 centum
3311 1027 3594 1100 quinqua-

1970 1107 2128 1179 ginta
2151 1109 2379 1163 Patrum
2399 1109 2569 1179 paulo
2593 1111 2894 1180 posteriori
2917 1118 3180 1187 tempore
3202 1118 3262 1173 in
3287 1120 3431 1175 urbe
3451 1122 3595 1177 Con-

1968 1201 2476 1271 stantinopolitana
2502 1202 2956 1260 convenientium
2980 1208 3050 1262 de
3076 1209 3391 1268 substantia
3420 1215 3597 1286 Spiri—

1969 1299 2059 1348 tus
2102 1294 2281 1349 sancti
2326 1295 2592 1350 traditam
2648 1296 2972 1353 doctrinam
3029 1303 3373 1373 corroborat,
3423 1324 3598 1379 quam

1971 1387 2147 1442 etiam
2168 1388 2433 1443 omnibus
2457 1388 2539 1443 illi
2565 1389 3025 1463 insinuaverunt,
3054 1412 3168 1451 non
3190 1398 3348 1469 quod
3366 1400 3425 1454 in
3447 1418 3595 1473 prm-

1969 1482 2299 1536 cedentihus
2341 1482 2558 1553 aliquid
2619 1483 2855 1553 deesset,
2896 1486 3226 1557 adjicientes
3269 1491 3338 1545 de
3390 1494 3598 1565 Spiritu

1969 1581 2166 1630 sancto
2196 1577 2536 1631 eorumdem
2562 1576 2916 1633 intellectum
2942 1580 3212 1637 adversus
3236 1601 3336 1639 eos
3355 1588 3455 1658 qui
3481 1589 3595 1643 dei-

1969 1670 2101 1723 tatis
2128 1670 2251 1740 ejus
2282 1670 2733 1725 dominationem
2761 1673 3026 1729 nituntur
3048 1676 3299 1733 adimere
3346 1680 3596 1753 Scriptu-

1967 1779 2161 1817 rarum
2189 1763 2525 1818 testimoniis
2552 1765 2773 1835 plenius
2810 1768 3197 1826 manifestant.
3228 1773 3467 1845 Propter
3502 1794 3599 1832 eos

1970 1872 2108 1911 sane
2139 1857 2238 1927 qui
2262 1857 2700 1928 dispensationis
2727 1861 3062 1931 mysterium
3087 1867 3317 1921 tentant
3343 1885 3598 1926 corrum-

1966 1966 2127 2021 pere,
2161 1954 2218 2005 et
2239 1966 2450 2022 purum
2480 1951 2777 2006 hominem
2803 1970 2920 2008 esse
2952 1956 3051 2026 qui
3070 1973 3140 2011 ex
3163 1965 3351 2015 sancta
3373 1962 3601 2035 Virgine

1966 2046 2137 2097 natus
2154 2048 2257 2111 est,
2271 2042 2637 2115 impudenter
2647 2044 2963 2119 divulgant,
2977 2048 3291 2111 beatissimi
3308 2058 3598 2126 quondam

1968 2136 2160 2208 Cyrilli
2204 2136 2601 2192 Alexandrinas
2649 2139 2918 2195 Ecclesim
2948 2143 3261 2199 sacerdotis
3309 2151 3602 2220 synodicas

1970 2229 2258 2302 epistolas,
2285 2232 2402 2285 tam
2439 2231 2510 2285 ad
2552 2231 2872 2287 Nestorium
2912 2251 3088 2305 quam
3129 2238 3204 2293 ad
3232 2246 3468 2297 caeteros
3498 2262 3602 2315 per

1968 2322 2259 2378 Orientem
2283 2340 2568 2396 congruas
2595 2328 2652 2380 et
2677 2325 2782 2381 sibi
2817 2329 3235 2387 consentientes
3259 2335 3498 2407 scripsit,
3529 2338 3601 2394 ad

1968 2417 2424 2473 confutationem
2454 2418 2687 2490 quidam
2727 2420 3073 2479 Nestorianas
3103 2428 3388 2495 amentiae,
3423 2430 3597 2486 inter-

1968 2510 2352 2582 pretationem
2375 2528 2510 2566 vero
2540 2529 2740 2568 eorum
2765 2514 2863 2585 qui
2893 2516 3158 2588 religioso
3187 2521 3303 2574 zelo
3334 2523 3597 2579 salutaris

1971 2605 2208 2677 symboli
2281 2605 2512 2677 capiunt
2581 2606 2951 2663 intellectum.
3009 2611 3221 2675 Quibus
3277 2620 3335 2670 et
3389 2618 3596 2688 episto—

1969 2699 2084 2753 lam
2109 2699 2286 2753 sancti
2310 2704 2368 2754 et
2402 2699 2717 2755 beatissimi
2761 2700 2964 2772 primae
3008 2704 3155 2759 sedis
3191 2708 3599 2785 archiepiscopi

1970 2792 2173 2847 Leonis
2202 2793 2271 2847 ad
2299 2793 2630 2847 Flavianum
2670 2794 2937 2866 scriptam
2987 2812 3108 2852 esse
3139 2802 3506 2859 recordamur
3532 2810 3600 2862 ad

1970 2886 2195 2958 penitus
2241 2887 2641 2959 perimendam
2685 2889 2953 2943 Euticetis
2994 2892 3434 2967 malignitatem,
3477 2916 3602 2971 qua:

1972 2980 2172 3052 magni
2210 2980 2362 3035 Petri
2395 2980 2733 3036 confessioni
2780 2984 3111 3055 concordat,
3148 2991 3207 3041 et
3246 3006 3604 3049 communem

1974 3073 2284 3145 quamdam
2313 3073 2583 3146 paginam
2616 3075 2953 3132 existentem
2982 3085 3180 3135 contra
3207 3098 3302 3136 eos
3331 3086 3428 3156 qui
3454 3090 3605 3142 recte

238 3176 410 3241 Patri,
439 3175 549 3229 hoc
593 3179 679 3230 est
706 3176 959 3247 ejusdem
1008 3194 1139 3233 cum
1182 3181 1345 3236 Patre
1389 3181 1737 3251 substantias,
1772 3200 1876 3255 per
1894 3208 1951 3283 Ο
1972 3185 2089 3272 Πξηὶ
2117 3168 2441 3283 ἕῖἓτίίίῗθοηί
2459 3168 3042 3283 θέοοοηίξξωεξίίοηθσι
3062 3175 3353 3283 οξίυιιοηίξεεδ
3386 3180 3609 3283 1⁸θ¹ιξξίο⁶

238 3285 415 3343 quem
444 3269 637 3323 omnia
677 3269 825 3325 facta
853 3273 1005 3339 sunt,
1035 3276 1091 3327 et
1120 3289 1249 3344 quae
1286 3274 1346 3329 in
1390 3275 1526 3329 cmlo
1555 3281 1611 3330 et
1657 3293 1785 3347 qum
1815 3276 1875 3331 in

239 3369 412 3418 terra.
447 3362 553 3428 Qui
592 3367 827 3436 propter
854 3381 959 3419 nos
985 3369 1043 3420 et
1069 3372 1306 3439 propter
1332 3373 1591 3424 nostram
1634 3372 1875 3426 salutem

240 3456 560 3526 descendit,
591 3461 649 3511 et
692 3457 1017 3513 incarnatus
1060 3466 1145 3515 est
1187 3461 1255 3516 de
1303 3462 1515 3533 Spiritu
1563 3469 1757 3519 sancto
1806 3482 1874 3519 ex

240 3550 416 3605 Maria
442 3550 682 3621 virgine,
714 3552 883 3606 homo
929 3554 1127 3623 factus,
1154 3572 1355 3627 passus
1398 3561 1483 3611 est
1525 3558 1628 3611 sub
1676 3559 1875 3613 Pontio

215 3644 442 3712 .Pilato,
473 3647 530 3698 et
556 3646 809 3717 sepultus
842 3650 946 3713 est,
983 3651 1042 3701 et
1085 3648 1176 3703 die
1219 3649 1387 3703 tertia
1434 3652 1766 3722 resurrexit,
1795 3670 1876 3707 as-

242 3738 438 3793 cendit
478 3738 539 3793 in
571 3741 757 3808 cados,
779 3740 938 3795 sedet
977 3742 1048 3796 ad
1095 3743 1394 3797 dexteram
1437 3744 1635 3811 Patris,
1667 3745 1876 3801 iterum

242 3836 519 3887 venturus
545 3849 675 3887 cum
712 3834 891 3905 gloria
926 3835 1180 3906 judicare
1209 3837 1362 3893 vivos
1390 3840 1446 3892 et
1472 3844 1743 3908 mortuos,
1776 3858 1875 3895 cu-

237 3926 336 3997 jus
373 3926 539 3998 regni
579 3944 694 3981 non
742 3927 851 3983 erit
896 3926 1044 3984 finis.
1087 3933 1154 3986 Et
1198 3930 1256 3984 in
1303 3931 1578 4003 Spiritum
1619 3938 1878 3989 sanctum

246 4020 555 4075 Dominum
589 4025 647 4075 et
679 4020 1079 4077 vivificatorem
1128 4039 1193 4077 ex
1238 4025 1403 4080 Patre
1449 4027 1876 4097 procedentem,

246 4129 379 4168 cum
406 4114 576 4168 Patre
601 4117 659 4169 et
684 4115 823 4169 Filio
844 4116 1195 4171 adorandum
1225 4122 1281 4172 et
1309 4120 1876 4190 congloriﬁcandum,

246 4207 347 4280 qui
395 4208 613 4262 locutus
651 4213 738 4263 est
776 4226 883 4281 per
925 4211 1252 4281 prophetas.
1304 4215 1489 4268 Unam
1540 4214 1880 4269 catholicam

244 4305 418 4372 atque
474 4302 841 4373 apostolicam
904 4301 1227 4358 Ecclesiam.
1289 4307 1641 4361 Conﬁtemur
1698 4325 1881 4362 unum

244 4394 533 4466 baptisma
558 4394 616 4449 in
644 4396 1039 4451 remissionem
1064 4404 1452 4469 peccatorum,
1486 4404 1881 4472 exspectamus

247 4489 723 4545 resurrectionem
779 4494 1158 4559 mortuorum,
1208 4493 1383 4547 vitam
1437 4494 1614 4548 futuri
1670 4496 1879 4551 saeculi.

254 4583 459 4639 Amen.

493 4721 644 4787 Item,
674 4728 939 4780 tractatus
971 4723 1411 4784 Chalcedonensis
1439 4729 1671 4783 concilii.

328 4849 638 4910 Suffecerat
651 4855 884 4926 quidem
898 4854 970 4909 ad
990 4856 1381 4927 plenissimam
1402 4855 1627 4928 pietatis
1650 4856 1891 4929 agnitio‘

259 4962 393 5003 nem
421 4950 481 5003 et
505 4948 996 5003 confirmationem
1023 4950 1412 5006 cautissimum
1434 4951 1543 5006 hoc
1571 4955 1627 5007 et
1647 4952 1894 5008 salutare

257 5042 471 5098 divina:
498 5042 695 5113 gratia:
734 5043 1076 5115 symbolum.
1106 5045 1182 5099 De
1210 5046 1369 5100 Patre
1397 5045 1550 5100 enim
1580 5049 1639 5100 et
1670 5046 1807 5101 Filio
1840 5051 1895 5101 et

258 5134 477 5207 Spiritu
503 5139 698 5210 sancto
724 5136 1043 5192 doctrinam
1063 5138 1378 5209 perfectam
1399 5139 1617 5207 edocet,
1640 5144 1697 5194 et
1714 5140 1898 5195 incar-

259 5229 560 5285 nationem
585 5230 941 5286 Dominicam
956 5232 1200 5286 fideliter
1215 5234 1649 5304 suscipientibus
1666 5233 1899 5289 manife-

262 5326 395 5379 stat.
412 5323 524 5380 Sed
540 5324 810 5395 quoniam
826 5326 924 5397 qui
938 5325 1401 5397 praedicationem
1419 5327 1671 5383 veritatis
1684 5328 1902 5383 destru-

263 5433 360 5474 ere
368 5418 940 5491 nituntur,quasdam
957 5420 1205 5492 prepriaa
1219 5421 1497 5477 haereseos
1515 5422 1793 5477 novitates
1806 5439 1903 5493 pa-

263 5512 424 5567 riunt
445 5528 460 5566 :
479 5510 714 5583 quidam
738 5513 891 5568 enim
909 5513 1289 5569 ministerium
1309 5533 1411 5587 pro
1429 5516 1596 5571 nobis
1612 5519 1803 5569 actum
1822 5515 1904 5570 di-

265 5607 417 5661 vinas
432 5606 873 5678 dispensationis
894 5607 1111 5663 audent
1132 5625 1524 5682 corrumpere,
1552 5614 1608 5664 et
1625 5626 1823 5664 vocem
1842 5609 1905 5663 il-

266 5700 382 5754 lam
411 5700 657 5771 virginei
682 5705 878 5771 partus
899 5702 972 5757 ad
997 5702 1281 5773 virginem
1310 5704 1627 5775 denegant;
1651 5704 1746 5759 alii
1768 5709 1907 5759 tem-

190 5779 203 5784 ’
268 5800 675 5866 peramentum
705 5796 1109 5851 confusionum
1139 5795 1492 5865 inducentes,
1516 5802 1571 5852 et
1593 5815 1764 5853 unam
1784 5815 1906 5853 esse

273 5891 538 5943 naturam
572 5888 760 5943 carnis
790 5888 1131 5963 deitatisque
1162 5890 1447 5946 inseusate
1478 5896 1906 5963 componentes,

273 5981 601 6060 passibilem
624 5982 905 6055 unigeniti
919 5983 1168 6039 divinam
1192 5990 1457 6040 naturam
1474 5984 1568 6039 tali
1583 5985 1909 6042 confusione

1976 3262 2062 3317 nis
2101 3261 2391 3316 evidenter
2433 3262 2744 3333 subjunxit,
2779 3269 2835 3319 et
2873 3280 2969 3319 eos
3011 3267 3109 3338 qui
3163 3269 3220 3323 in
3270 3270 3410 3327 duos
3460 3274 3605 3331 ﬁlios
3646 3284 3653 3291 ‘

1976 3355 2413 3426 dispensationis
2463 3356 2771 3411 Dominicaa
2809 3359 3148 3429 mysterium
3187 3363 3443 3421 scindere
3483 3385 3606 3424 mo-

1974 3449 2213 3516 liuntur,
2241 3455 2582 3517 exsecratur,
2611 3455 2668 3504 et
2688 3467 2783 3504 eos
2804 3452 2903 3522 qui
2930 3452 2990 3506 in
3021 3454 3163 3508 duas
3192 3462 3423 3514 naturas
3452 3463 3612 3517 Chri-

1978 3542 2045 3597 sti
2064 3545 2580 3613 temperamentum
2590 3543 2675 3597 vel
2696 3544 3084 3601 confusionem
3104 3557 3604 3626 argumentantur,

1975 3642 2283 3703 aversatur,
2312 3641 2369 3691 et
2396 3636 2495 3708 qui
2524 3637 2803 3692 caelestem
2827 3642 2926 3692 aut
2953 3640 3189 3696 alterius
3224 3645 3608 3721 cujuscunque
3673 3643 3688 3747 Ι

1978 3729 2306 3785 substantiae
2334 3729 2575 3785 existere
2602 3731 2850 3786 formam
2880 3750 3051 3805 quam
3074 3752 3178 3807 pro
3204 3738 3365 3794 nobis
3389 3758 3611 3798 assum-
3673 3729 3679 3757 ’

1977 3824 2089 3895 psit
2122 3824 2454 3879 insaniendo
2501 3832 2778 3894 asserunt,
2807 3828 3007 3898 procul
3051 3830 3263 3901 abjicit,
3298 3839 3354 3889 et
3393 3852 3487 3891 eos
3516 3838 3611 3910 qui

1982 3917 2125 3972 duas
2171 3917 2410 3989 quidem
2455 3923 2585 3974 ante
2632 3919 2956 3975 unitionem
2999 3927 3253 3993 naturas,
3281 3943 3455 3983 unam
3488 3947 3615 3987 vero

1980 4016 2111 4082 post
2132 4010 2449 4066 unitionem
2475 4012 2832 4084 confingunt,
2858 4016 3166 4072 anathema
3190 4020 3344 4076 facit.
3367 4023 3613 4081 Consen-

1979 4105 2190 4159 tientes
2216 4122 2355 4177 ergo
2383 4102 2587 4161 sanctis
2614 4102 2875 4162 Patribus
2908 4126 3085 4165 unum
3111 4114 3494 4189 eumdemque
3527 4120 3614 4175 [ii-

1981 4198 2121 4252 lium
2154 4199 2410 4253 confiteri
2452 4200 2759 4255 Dominum
2803 4208 3063 4258 nostrum
3102 4207 3291 4263 Jesum
3332 4212 3616 4271 Christum

1982 4309 2233 4347 consona
2277 4309 2407 4347 voce
2460 4296 2674 4364 pariter
2713 4295 3039 4367 edocemur,
3070 4302 3385 4370 perfectum
3416 4324 3617 4363 verum

1982 4388 2161 4440 Deum
2186 4387 2452 4440 eumdem
2478 4386 2537 4440 in
2561 4387 2799 4457 unitate,
2825 4390 3007 4445 Deum
3028 4409 3225 4450 verum
3254 4399 3311 4451 et
3326 4397 3616 4458 hominem

1983 4497 2051 4534 ex
2076 4479 2269 4534 anima
2295 4479 2557 4534 rationali
2585 4484 2640 4535 et
2660 4497 2918 4554 corpore,
2936 4488 3243 4542 secundum
3265 4490 3616 4552 divinitatem

1908 4578 1970 4650 D
1993 4573 2159 4628 unius
2195 4588 2326 4627 cum
2365 4573 2531 4627 Patre
2568 4578 2808 4644 naturae,
2851 4579 3163 4635 secundum
3202 4582 3620 4648 humanitatem

1991 4666 2257 4722 eumdem
2284 4665 2451 4721 unius
2466 4670 2686 4721 naturas
2706 4668 3026 4738 nobiscum,
3041 4690 3148 4744 per
3167 4678 3361 4733 omnia
3374 4680 3619 4742 similem

1990 4760 2154 4816 nobis
2181 4760 2393 4832 absque
2423 4766 2675 4833 peccato,
2706 4765 2836 4819 ante
2867 4766 3071 4821 saecula
3096 4769 3330 4840 quidem
3359 4790 3425 4830 ex
3455 4778 3618 4837 Patre

1993 4861 2191 4910 natum
2212 4854 2527 4910 secundum
2545 4854 2921 4925 divinitatem,
2935 4862 3258 4919 novissimis
3275 4881 3405 4924 vero
3425 4871 3620 4930 diebus

1996 4950 2261 5005 eumdem
2290 4953 2531 5022 propter
2566 4968 2667 5005 nos
2710 4954 2767 5005 et
2815 4958 3047 5025 pr0pter
3084 4961 3335 5017 nostram
3382 4965 3622 5025 salutem

1996 5061 2062 5099 ex
2087 5044 2258 5100 Maria
2278 5044 2493 5115 virgine
2520 5045 2619 5100 Dei
2648 5044 2918 5117 genitrice
2955 5052 3264 5108 secundum
3296 5056 3622 5121 humanita-

1994 5144 2135 5209 tem,
2165 5156 2345 5194 unum
2370 5138 2750 5211 eumdemque
2779 5141 3066 5198 Christum
3086 5146 3291 5204 Filium
3317 5151 3624 5215 Dominum

2000 5232 2359 5303 unigenitum
2379 5232 2437 5287 in
2467 5232 2685 5287 duabus
2713 5232 2930 5290 naturis
2956 5234 3268 5314 inconfuse,
3296 5244 3625 5309 immutabi-

2000 5326 2148 5395 liter,
2172 5324 2429 5394 indivise,
2452 5326 2921 5397 inseparabiliter,
2955 5339 3371 5410 cognoscendo,
3391 5343 3448 5398 in
3470 5347 3627 5403 nullo

1998 5423 2334 5473 naturarum
2366 5418 2753 5474 differentiam
2779 5428 3019 5495 propter
3044 5430 3315 5488 unitatem
3347 5439 3631 5507 perimen-

2003 5513 2155 5580 dam,
2185 5511 2369 5583 magis
2399 5518 2589 5567 autem
2616 5514 2768 5569 salva
2795 5517 3090 5591 utriusque
3120 5530 3338 5581 naturae
3368 5536 3627 5604 preprie-
3672 5588 3683 5611 ε

2002 5609 2137 5675 tate,
2167 5610 2223 5660 et
2248 5605 2306 5659 in
2337 5622 2451 5660 una
2481 5612 2721 5663 coeunte
2761 5626 3023 5683 persona,
3058 5632 3170 5671 uno
3208 5635 3433 5691 quoque
3479 5629 3631 5685 statu

2005 5703 2399 5769 concurrente,
2444 5717 2559 5755 non
2606 5701 2665 5756 in
2711 5702 2929 5760 duabus
2967 5710 3224 5778 personis
3267 5716 3631 5783 partiendum

2006 5794 2094 5850 vel
2128 5793 2514 5866 dividendum,
2542 5795 2638 5850 sed
2681 5813 2869 5853 unum
2917 5801 3299 5875 eumdemque
3342 5808 3631 5873 Christum

2009 5889 2214 5946 Filium
2250 5888 2562 5945 Dominum
2589 5890 2952 5961 unigenitum
2977 5908 3175 5949 verum
3225 5894 3633 5966 Deum‘Jesum

2011 5984 2324 6055 Christum,
2352 5984 2496 6040 sicut
2522 5983 2594 6038 ab
2624 5983 2853 6038 exordio
2883 5985 3171 6057 prophetia
3214 5990 3283 6046 de
3327 6009 3394 6049 eo
3426 6002 3481 6055 et
3517 5999 3635 6075 ipse
