4054 6314
433 337 532 392 447
1339 329 1621 388 ΑΡΡΕΝΒ.
1666 333 1750 385 ΑΙ)
1789 331 1951 386 SAL'C.
1995 332 2034 384 ll

2218 327 2459 386 lSlDORl
2500 328 2923 386 MERCATORIS
3698 329 3802 382 446

429 462 530 498 nos
575 443 835 512 erudivit,
870 447 927 498 et
972 443 1206 498 Patrum
1244 442 1406 495 nobis
1454 440 1684 494 tradidit
1733 439 2060 510 symbolum
2083 459 2142 530 A
2163 437 2523 505 conscientia,
2554 438 2630 492 ita
2657 443 2714 492 et
2764 436 3057 508 proximos
3086 452 3184 490 vos
3209 435 3416 492 Christi
3447 451 3566 489 esse
3595 451 3801 505 corpo-

429 538 523 592 His
548 538 740 608 itaque
766 554 894 592 cum
921 537 1075 591 omni
1105 535 1416 590 subtilitate
1445 536 1502 587 et
1522 534 1822 605 diligentia
1843 550 1875 586 a
1894 532 2060 587 nobis
2083 528 2141 530 ﬂ
2162 531 2238 585 ris
2283 532 2541 585 membra
2587 531 2939 603 signiﬁcetis,
2986 535 3043 584 et
3092 534 3286 584 nostra
3337 529 3619 601 exiguitas
3659 528 3806 582 nihil

429 631 720 701 ordinatis,
781 631 975 685 statuit
1030 631 1225 684 sancta
1279 632 1335 683 et
1391 627 1719 684 universalis
1787 628 2056 699 synodus,
2161 625 2420 694 dubium,
2449 625 2593 679 nihil
2625 625 2867 679 inﬁdum
2895 641 3150 696 unquam
3181 625 3249 679 de
3276 627 3460 680 vestra
3485 624 3807 694 suspicetur

433 725 601 780 aliam
630 725 807 778 ﬁdem
848 723 990 778 nulli
1025 723 1193 777 licere
1222 722 1500 793 proferre,
1534 725 1632 776 aut
1673 721 1937 790 scribere,
1966 725 2064 775 aut
2162 718 2552 785 fraternitate,
2621 718 2758 772 dum
2832 719 3079 788 patuerit
3140 735 3236 773 vos
3297 721 3518 789 pestem
3579 716 3808 770 Arianae

432 819 684 887 credere,
713 819 813 872 aut
838 833 1120 888 separare,
1154 821 1251 870 aut
1285 815 1489 871 docere
1517 815 1698 870 aliter.
1733 815 1840 879 Qui
1870 819 2062 869 autem
2163 811 2417 883 perﬁdiae
2447 828 2578 867 cum
2610 813 2874 867 omnibus
2901 811 3291 883 dogmatibus,
3312 812 3546 883 regulis,
3580 810 3804 876 ofﬁciis,

434 912 645 966 audent
675 914 775 965 aut
799 910 1094 982 disponere
1120 909 1294 964 aliam
1323 909 1519 977 ﬁdem,
1548 911 1646 963 aut
1673 908 1950 980 proferre,
1968 911 2066 962 aut
2165 905 2593 975 communione,
2627 904 2912 960 codicibus
2939 905 3348 973 condemnare,
3368 921 3432 959 ac
3461 903 3810 958 detestandae

433 1006 657 1060 tradere
713 1004 865 1058 aliud
923 1004 1246 1075 symbolum
1294 1003 1618 1080 volentibus
1687 1001 1934 1056 converti
1991 1001 2064 1055 ad
2165 999 2444 1054 haereseos
2494 999 2782 1070 exspoliati
2831 999 3189 1069 contagione,
3220 997 3474 1053 innovati
3525 996 3808 1068 quodam-

435 1098 727 1154 scientiam
753 1097 1022 1167 veritatis,
1051 1097 1140 1151 vel
1177 1113 1241 1152 ex
1288 1096 1571 1168 gentibus,
1600 1096 1684 1151 vel
1715 1095 1944 1164 Judaeis,
1977 1095 2066 1148 vel
2167 1093 2333 1146 modo
2379 1093 2530 1146 intra
2575 1092 2877 1147 Ecclesiam
2925 1092 3024 1146 Dei
3069 1091 3369 1163 splendido
3422 1090 3614 1145 habitu
3655 1107 3808 1144 vera:

433 1191 713 1248 haereticis
744 1191 1197 1262 quibuscumque,
1229 1190 1276 1244 si
1301 1189 1530 1261 quidem
1560 1195 1658 1244 aut
1689 1188 1940 1260 episcopi
1971 1192 2068 1242 aut
2165 1185 2296 1240 ﬁdei
2325 1185 2609 1240 claritatis.
2642 1187 2797 1240 Tunc
2825 1185 3075 1257 episcopi
3102 1203 3305 1240 omnes
3336 1202 3449 1240 una
3477 1202 3606 1239 cum
3635 1183 3804 1239 cleri-

435 1285 622 1341 clerici
649 1285 880 1355 fuerint,
899 1284 1116 1339 alienos
1139 1300 1260 1337 esse
1293 1283 1586 1355 episcopos
1614 1283 1684 1337 ab
1706 1282 2062 1352 episcopatu,
2168 1279 2244 1333 cis
2274 1278 2388 1332 suis
2420 1279 2819 1351 primoresque
2865 1279 3050 1349 gentis
3095 1279 3342 1334 Gothicae
3386 1279 3512 1350 pari
3559 1294 3805 1333 consen-

436 1381 494 1435 et
519 1379 750 1434 clericos
777 1395 811 1432 a
840 1379 989 1433 clero
1013 1375 1062 1448 1
1079 1375 1204 1449 08
1223 1377 1602 1448 praecipimus.
1639 1376 1696 1431 Si
1722 1392 1852 1430 vero
1873 1392 2068 1429 mona—
2167 1372 2324 1427 sione
2353 1373 2620 1426 dixerunt
2644 1389 2656 1426 :
2681 1373 2832 1428 Licet
2857 1373 2961 1426 hoc
2985 1372 3140 1443 quod
3159 1373 3472 1444 paternitas
3495 1375 3666 1443 atque
3685 1371 3804 1425 fra-

429 1473 544 1541 chi,
571 1477 670 1527 aut
692 1471 841 1541 laici,
873 1473 972 1524 aut
1000 1470 1190 1524 clerici
1224 1471 1458 1538 fuerint,
1486 1471 1848 1525 anathemate
1885 1467 2062 1523 feriri.
2169 1466 2403 1520 ternitas
2442 1471 2628 1521 vestra
2658 1483 2690 1520 a
2732 1466 2893 1520 nobis
2941 1465 3098 1536 cupit
3135 1466 3351 1535 audire,
3383 1466 3469 1521 vel
3512 1465 3657 1534 ﬁeri,
3678 1465 3806 1536 jam

434 1568 554 1638 Ego
569 1565 926 1621 Reccaredus
943 1581 1041 1618 rex
1058 1563 1229 1618 ﬁdem
1256 1564 1404 1618 hanc
1419 1567 1675 1625 sanctam
1697 1567 1753 1618 et
1771 1561 2069 1617 confessio-
2170 1560 2308 1614 olim
2334 1560 2721 1615 conversionis
2737 1564 2944 1614 nostrae
2967 1563 3226 1630 tempore
3243 1560 3550 1631 egerimus,
3571 1558 3805 1630 quando

438 1677 574 1715 nem
592 1675 765 1731 quam
784 1675 903 1713 una
918 1674 1022 1729 per
1040 1659 1225 1712 totum
1254 1657 1452 1712 orbem
1473 1657 1748 1712 catholica
1774 1656 2070 1711 conﬁtetur
2169 1654 2348 1708 secuti
2376 1653 2843 1725 gloriosissimum
2877 1653 3177 1708 dominum
3220 1657 3500 1721 nostrum,
3530 1654 3805 1708 Reccarc-

439 1753 708 1821 Ecclesia,
731 1752 899 1807 corde
939 1751 1211 1820 retinens,
1243 1768 1339 1806 ore
1380 1751 1741 1820 conﬁrmans,
1771 1767 1902 1804 mea
1931 1750 2067 1804 dex-
2171 1747 2306 1801 dum
2334 1763 2552 1818 regem,
2581 1747 2686 1800 hac
2725 1747 2814 1801 die
2863 1746 2936 1800 ad
2985 1746 3288 1801 Ecclesiam
3334 1746 3719 1813 transivimus,
3753 1750 3810 1799 et

438 1851 562 1903 tera
593 1848 708 1902 Deo
737 1849 1072 1918 protegente
1109 1845 1433 1916 subscripsi.
1462 1848 1579 1916 Ego
1607 1844 1803 1900 Badda
1829 1844 2075 1916 gloriosa
2094 1836 2150 1907 B
2174 1841 2475 1912 perﬁdiam
2514 1840 2783 1894 Arianam
2825 1857 2954 1895 cum
3000 1840 3266 1895 omnibus
3310 1838 3806 1911 superstitionibus

440 1941 643 2014 regina
668 1941 813 1995 hanc
843 1940 1019 1995 ﬁdem
1050 1940 1264 1995 credidi
1296 1943 1353 1994 et
1381 1939 1622 2010 suscepi,
1652 1955 1828 1993 manu
1853 1955 1980 1994 mea
2006 1939 2074 1993 de
2177 1934 2289 1988 suis
2311 1933 2928 2004 anathematizavimus,
2950 1934 3273 2006 pariterque
3294 1933 3624 2005 abjecimus.
3648 1933 3808 1987 Nunc

440 2039 562 2090 toto
595 2034 765 2090 corde
809 2033 1130 2105 subscripsi.
1170 2034 1324 2087 Tunc
1369 2034 1739 2088 acclamatum
1771 2035 1853 2087 est
1887 2031 2074 2086 laudi-
2175 2044 2307 2082 vero
2346 2027 2681 2082 charitatem
2724 2032 2782 2082 et
2825 2026 3182 2082 devotionem
3225 2044 3397 2098 quam
3439 2027 3529 2082 vel
3572 2027 3688 2080 Deo
3719 2025 3808 2079 vel

440 2131 547 2184 bus
579 2128 677 2183 Dei
703 2133 759 2182 et
782 2128 840 2182 in
871 2128 1062 2182 favore
1093 2126 1368 2199 principis
1395 2127 1464 2180 ab
1498 2127 1763 2180 universo
1794 2125 2032 2180 concilio
2061 2141 2073 2178 :
2178 2121 2434 2176 Ecclesiae
2462 2120 2749 2176 catholicae
2780 2125 2985 2176 sancta:
3011 2121 3380 2175 meminimus
3424 2137 3532 2176 nos
3572 2119 3806 2187 debere,

443 2222 626 2278 Gloria
667 2223 777 2276 Deo
821 2221 994 2288 Patri,
1031 2223 1088 2274 et
1137 2220 1297 2288 Filio,
1342 2223 1400 2274 et
1448 2219 1677 2291 Spiritui
1731 2222 1939 2286 sancto,
1988 2217 2077 2272 cui
2176 2232 2295 2270 non
2325 2219 2550 2270 tantum
2581 2215 2703 2269 haec
2743 2215 2941 2270 eadem
2985 2232 3114 2287 qua:
3155 2215 3345 2286 petitis
3387 2212 3809 2286 promptissime

442 2332 575 2370 cura
601 2319 686 2370 est
713 2331 910 2386 pacem
937 2319 993 2370 et
1014 2314 1296 2369 unitatem
1340 2313 1594 2368 Ecclesia:
1636 2316 1843 2367 sanctae
1882 2312 2075 2366 catho-
2118 2313 2142 2386 ι(
2177 2326 2345 2380 agere
2390 2325 2776 2380 properamus,
2825 2310 2922 2362 sed
2968 2312 3026 2362 et
3066 2310 3110 2362 si
3163 2325 3275 2379 qua
3323 2308 3511 2363 adhuc
3557 2323 3811 2379 congrua

442 2357 575 2370 uu‘u
602 2357 686 2370 νυν
714 2357 910 2386 t"“"”“
938 2357 993 2370 υν
1019 2357 1296 2369 ““⁴ν“’νν³“⁵
1340 2357 1594 2368 ⁵⁴νν⁸υν¹ψ
1636 2357 1843 2367 “’““⁵¹”ν“’“”
1884 2357 2041 2366 ν“’““’““ν
2178 2357 2344 2380 “”Ο”’⁷
2391 2357 2776 2380 Γ’⁷Ι’⁹“’“’““’”“”7
2826 2357 2922 2362 ”“““
2973 2357 3023 2362 “
3066 2357 3110 2362 “’⁸“
3167 2357 3275 2379 ’1“’““
3325 2357 3508 2363 ’”“““’“⁷
3563 2357 3728 2379 ""O—
3746 2357 3807 2360 ““

442 2409 566 2464 lica:
604 2408 937 2480 providere;
969 2407 1152 2478 gloria
1178 2407 1422 2462 Domino
1449 2411 1646 2462 nostro
1675 2408 1803 2461 Jesu
1832 2405 2074 2471 Christo,
2125 2357 2146 2424 Χ
2177 2402 2311 2456 fidei
2341 2419 2462 2457 esse
2489 2402 2825 2473 perspicitis,
2859 2419 2923 2456 ac
2942 2401 3109 2456 nobis
3135 2402 3406 2456 charitate
3433 2401 3807 2472 persuadetis,

445 2503 542 2576 qui
579 2503 762 2575 pretio
809 2501 1100 2573 sanguinis
1143 2501 1228 2555 sui
1277 2500 1581 2556 Ecclesiam
1629 2500 1967 2556 catholicam
2012 2516 2076 2553 ex
2177 2497 2467 2551 faciemus.
2497 2498 2608 2551 Nos
2629 2497 2836 2551 etenim
2861 2497 3039 2550 semel
3062 2501 3229 2551 recta:
3253 2496 3388 2572 ﬁdei
3415 2512 3578 2550 amor
3596 2495 3655 2549 in
3678 2512 3809 2548 eam

443 2597 705 2652 omnibus
737 2595 998 2666 gentibus
1024 2595 1418 2667 congregavit;
1467 2594 1650 2666 gloria
1692 2593 1938 2648 Domino
1967 2609 2073 2647 no-
2177 2590 2311 2644 ﬁdei
2327 2591 2688 2645 devotionem
2717 2590 2962 2660 advexit,
2985 2595 3050 2644 ut
3072 2606 3239 2644 omne
3259 2590 3411 2661 quod
3438 2590 3603 2644 nobis
3621 2589 3812 2643 verius

443 2689 558 2746 stro
583 2693 716 2747 Jesu
742 2689 963 2744 Christo
996 2689 1096 2761 qui
1135 2692 1253 2743 tam
1282 2689 1565 2742 illustrem
1593 2690 1828 2759 gentem
1868 2686 2078 2740 unitati
2179 2684 2526 2739 fraternitate
2569 2688 2750 2738 vestra
2796 2684 3109 2755 patefacitis
3158 2688 3477 2750 teneamus,
3525 2689 3581 2738 et
3627 2683 3812 2737 libera

442 2785 576 2840 ﬁdei
617 2800 768 2838 verae
810 2783 1110 2854 copulavit,
1162 2787 1219 2837 et
1257 2798 1440 2837 unum
1503 2798 1740 2853 gregem
1793 2786 1849 2835 et
1895 2796 2075 2834 unum
2177 2778 2463 2833 fateamur
2511 2777 2880 2832 confessione.
2940 2778 3135 2832 Omnis
3193 2794 3330 2849 ergo
3391 2777 3489 2848 qui
3533 2777 3709 2832 ﬁdem
3759 2782 3815 2832 et

444 2881 732 2950 pastorem
771 2876 1038 2931 instituit.
1071 2875 1173 2930 Cui
1217 2892 1250 2928 a
1291 2877 1406 2930 Deo
1453 2879 1735 2930 aeternum
1781 2874 2074 2939 meritum,
2179 2869 2644 2926 communionem
2686 2872 2756 2926 ab
2781 2872 2913 2926 Ario
2938 2871 3284 2939 venientem,
3315 2873 3372 2927 et
3411 2887 3585 2943 usque
3611 2870 3683 2925 ad
3711 2885 3815 2925 nos

447 2970 560 3026 nisi
604 2986 738 3024 vero
792 2967 1069 3023 catholico
1135 2968 1452 3022 Heccaredo
1517 2967 1684 3038 regi?
1739 2967 1844 3022 Cui
1887 2983 1921 3020 a
1963 2968 2078 3020 Deo
2178 2971 2460 3021 retentam
2488 2965 2672 3020 adhuc
2701 2970 2896 3021 tenere
2923 2965 3225 3035 desiderat,
3255 2969 3314 3019 et
3356 2965 3427 3020 de
3472 2968 3590 3019 tota
3626 2964 3814 3018 cordis

450 3070 664 3121 aeterna
718 3078 948 3131 corona,
1007 3061 1115 3115 nisi
1168 3078 1299 3116 vero
1365 3060 1683 3116 orthodoxe
1760 3059 2079 3116 Reccaredo
2178 3059 2499 3114 intentione
2543 3075 2659 3114 non
2706 3059 2957 3127 damnat,
2986 3060 3299 3114 anathema
3338 3059 3429 3114 sit.
3475 3058 3810 3130 Quicunque

447 3155 574 3230 regi
593 3157 621 3212 ?
671 3153 771 3212 Cui
826 3171 1080 3227 praesens
1133 3155 1315 3226 gloria
1372 3158 1430 3209 et
1484 3159 1716 3223 aeterna,
1756 3154 1865 3209 nisi
1921 3171 2076 3208 ama-
2105 3208 2152 3230 Π
2182 3152 2386 3207 Filium
2429 3152 2523 3207 Dei
2560 3153 2866 3208 Dominum
2919 3155 3110 3209 Jesum
3158 3153 3455 3224 negaverit
3489 3169 3522 3206 a
3570 3157 3814 3224 paterna

448 3251 558 3308 tori
599 3251 697 3306 Dei
741 3249 1066 3306 Reccaredo
1110 3248 1279 3320 regi?
1333 3251 1455 3320 lpse
1499 3265 1772 3304 novarum
1828 3245 2156 3320 plebiumU
2185 3246 2498 3302 substantia
2555 3247 2675 3302 sine
2719 3247 2883 3302 initio
2933 3248 3216 3318 genitum,
3243 3250 3300 3301 et
3338 3246 3617 3318 aequalem
3665 3245 3813 3300 Patri

447 3348 509 3403 in
565 3344 806 3401 Ecclesia
862 3343 1233 3415 conquisitor,
1280 3344 1401 3415 ipse
1471 3348 1758 3398 mereatur
1815 3342 2085 3398 veraciter
2185 3359 2306 3397 esse
2333 3342 2419 3396 vel
2445 3341 3007 3410 consubstantialem,
3036 3342 3344 3397 anathema
3369 3341 3461 3395 sit.
3482 3340 3815 3412 Quicunque

449 3439 818 3516 apostolicum
880 3438 1173 3506 meritum,
1241 3437 1340 3510 qui
1404 3437 1780 3510 apostolicum
1830 3436 2085 3508 implevit
2185 3435 2458 3507 Spiritum
2486 3439 2746 3490 sanctum
2775 3453 2889 3490 non
2919 3436 3098 3490 credit
3123 3439 3222 3490 aut
3243 3451 3356 3490 non
3381 3434 3562 3490 credit
3592 3452 3626 3488 a
3651 3436 3815 3489 Patre

452 3534 722 3604 ofﬁcium,
762 3533 883 3605 ipse
928 3533 1000 3587 sit
1043 3533 1158 3587 Deo
1217 3535 1273 3586 et
1333 3531 1598 3586 omnibus
1653 3529 1934 3600 amabilis,
1986 3529 2085 3600 qui
2186 3534 2243 3584 et
2273 3530 2409 3585 Filio
2441 3531 2769 3602 procedere,
2795 3546 3040 3601 cumque
3071 3546 3185 3584 non
3213 3529 3420 3584 dixerit
3466 3532 3814 3583 comternum

447 3637 566 3688 tam
612 3625 951 3684 mirabiliter
992 3628 1168 3682 Deum
1213 3625 1552 3697 gloriﬁcavit
1598 3625 1658 3678 in
1705 3624 1888 3692 terris,
1936 3639 2082 3694 prae-
2186 3640 2307 3679 esse
2352 3625 2504 3679 Patri
2547 3628 2604 3680 et
2632 3625 2794 3692 Filio,
2828 3629 2885 3679 et
2909 3623 3353 3690 coessentialem,
3384 3623 3695 3677 anathema
3721 3622 3814 3677 sit.

451 3729 633 3782 stante
671 3722 917 3777 Domino
961 3724 1176 3790 nostro,
1206 3720 1307 3791 qui
1354 3737 1485 3774 cum
1528 3721 1689 3774 Patre
1720 3719 1832 3772 Deo
1866 3717 2001 3772 vivit
2030 3720 2088 3771 et
2185 3718 2518 3790 Quicunque
2546 3718 2605 3772 in
2633 3721 2794 3774 Patre
2825 3722 2882 3772 et
2906 3718 3046 3771 Filio
3069 3721 3127 3771 et
3151 3718 3362 3788 Spiritu
3389 3720 3584 3770 sancto
3614 3719 3672 3770 et
3686 3733 3816 3788 per-

449 3822 656 3890 regnat
679 3816 740 3870 in
760 3814 976 3869 unitate
1002 3813 1242 3885 Spiritus
1271 3813 1449 3867 sancti
1492 3812 1552 3866 in
1601 3811 1806 3866 saecula
1848 3811 2083 3866 saeculo-
2188 3829 2354 3868 sonas
2379 3829 2493 3867 non
2509 3812 2828 3883 distinguit,
2848 3815 2905 3866 et
2922 3811 3088 3866 unius
3112 3811 3418 3866 divinitatis
3437 3811 3817 3866 substantiam

454 3927 606 3968 rum.
2130 3905 2142 3978 ἒ
2189 3924 2307 3962 non
2332 3907 2607 3978 agnoscit,
2637 3907 2940 3961 anathema
2971 3906 3062 3961 sit.
3100 3905 3435 3977 Quicunque
3479 3905 3682 3960 Filium
3719 3906 3823 3960 Dei

2191 4000 2495 4055 Dominum
2518 4005 2777 4056 nostrum
2801 4002 2992 4055 Jesum
3017 4004 3074 4054 et
3102 4000 3373 4072 Spiritum
3405 4002 3662 4054 sanctum
3697 4017 3821 4056 esse

457 4095 610 4154 Item,
676 4086 803 4172 fidei
863 4081 1120 4172 6071733ng
1197 4078 1600 4172 θΡίείξίξΡθνατζτν.
1628 4073 2085 4172 ξνθεδυξθνοτςυη
2183 4093 2352 4166 juxta
2376 4094 2644 4149 deitatem
2669 4095 2830 4149 Patre
2860 4094 3142 4149 minorem
3181 4095 3502 4161 asseruerit,
3535 4099 3592 4148 et
3622 4094 3819 4166 gradi-

529 4164 936 4261 υθίΡνίτηονωη
962 4159 1192 4220 eam.”
1221 4159 1413 4226 gentis’
1447 4159 1543 4228 qui
1579 4160 1733 4227 infra
1759 4157 2087 4226 subscripsc'
2184 4157 2294 4243 bus
2347 4189 2708 4260 separavcrit,
2750 4194 3186 4261 creaturamque
3244 4205 3362 4244 esse
3407 4157 3652 4259 dixerit:
3675 4207 3818 4243 ana-

533 4256 682 4309 ναητο
2189 4283 2385 4338 thema
2409 4256 2503 4338 sit.
2532 4282 2866 4354 Quicunque
2899 4256 3122 4338 Patrem
3151 4287 3208 4337 et
3227 4283 3431 4338 Filium
3457 4285 3514 4337 et
3541 4256 3822 4354 Spiritum

529 4387 892 4462 Praecipiente
940 4387 1130 4439 autem
1173 4379 1438 4437 universo
1486 4378 1796 4435 venerabili
1851 4375 2090 4432 concilio
2191 4383 2448 4434 sanctum
2463 4377 3462 4449 uniussubstantiae,omnipotentiae,
3487 4379 3822 4433 aeternitatis

459 4493 630 4563 atque
647 4483 908 4558 jubente,
940 4494 1089 4535 unus
1123 4475 1524 4548 episcoporum
1568 4472 1975 4528 catholicorum
2019 4470 2092 4526 ad
2193 4484 2313 4522 esse
2333 4484 2450 4522 non
2465 4466 2792 4536 crediderit,
2811 4467 3113 4521 anathema
3134 4468 3221 4522 sit.
3240 4467 3575 4539 Quicunque
3596 4468 3821 4524 nescire

461 4561 750 4656 episcopos
776 4580 833 4633 et
852 4573 1149 4644 religiosos
1179 4568 1412 4625 clericos
1437 4569 1524 4623 vel
1554 4567 1796 4637 majores
1834 4568 1970 4619 natu
2021 4564 2089 4618 ab
2109 4585 2168 4658 D
2193 4562 2397 4616 Filium
2427 4561 2575 4632 quod
2607 4561 2754 4614 Deus
2781 4562 2948 4614 Pater
2971 4561 3110 4616 sciat
3134 4561 3358 4630 dixerit,
3388 4562 3696 4616 anathema
3724 4563 3816 4618 sit.

460 4654 677 4735 haerese
749 4670 956 4727 Ariana
1028 4680 1323 4722 conversos
1397 4661 1677 4733 ejusmodi
1749 4658 2089 4715 allocutione
2109 4654 2151 4658 ”
2193 4656 2526 4726 Quicunque
2551 4654 2777 4708 initium
2805 4654 2942 4708 Filio
2969 4655 3065 4708 Dei
3086 4660 3141 4710 et
3166 4655 3400 4726 Spiritui
3419 4659 3610 4711 sancto
3636 4657 3820 4728 depu-

463 4787 691 4829 exorsus
721 4769 824 4834 est,
853 4763 1046 4819 dicens
1075 4777 1087 4815 :
1119 4758 1303 4814 Ofﬁcii
1327 4756 1506 4811 nostri
1537 4772 1674 4809 cura
1693 4757 1751 4809 et
1771 4751 2092 4831 fidelissimi
2190 4750 2412 4817 taverit,
2445 4749 2751 4804 anathema
2776 4747 2867 4804 sit.
2896 4749 3227 4822 Quicunque
3255 4751 3459 4806 Filium
3489 4751 3588 4806 Dei
3613 4767 3819 4807 secun-

462 4872 521 4923 et
541 4857 929 4938 gloriosissimi
952 4852 1230 4927 principis
1258 4847 1650 4904 admonitione
1671 4846 2089 4918 compellimur,
2192 4845 2331 4899 dum
2378 4843 2729 4898 divinitatem
2783 4856 2944 4898 suam
2997 4843 3274 4899 visibilem
3331 4851 3431 4900 aut
3492 4845 3823 4916 passibilem

463 4937 764 5030 diligenter
811 4970 844 5006 a
871 4955 1057 5006 vestra
1104 4943 1378 5000 charitate
1430 4942 1786 5013 perquirere,
1827 4940 1915 4993 vel
1955 4938 2092 5010 quid
2192 4955 2359 4993 ausus
2389 4937 2561 4992 fuerit
2584 4937 2860 5009 proﬁteri,
2878 4938 3187 4993 anathema
3219 4939 3309 4992 sit.
3333 4939 3663 5011 Quicunque
3690 4939 3819 5011 Spis

464 5047 741 5110 damnetis
769 5047 828 5101 in
852 5046 1086 5110 haerese,
1117 5042 1217 5094 aut
1245 5036 1380 5109 quid
1421 5035 1574 5090 intra
1621 5038 1871 5088 sanctam
1897 5032 2090 5087 catho-
2194 5032 2368 5087 ritum
2397 5035 2651 5086 sanctum
2682 5032 2824 5087 sicut
2846 5034 3073 5088 Patrem
3102 5037 3158 5088 et
3181 5032 3384 5087 Filium
3413 5050 3611 5088 verum
3637 5035 3821 5089 Deum

464 5148 631 5202 licam
661 5138 902 5196 credatis
940 5133 1278 5199 Ecclesiam;
1313 5145 1450 5184 nam
1499 5127 1726 5182 dicente
1773 5126 2092 5196 Psalmista,
2195 5125 2648 5196 omnipotentem
2673 5142 2796 5180 esse
2827 5142 2941 5181 non
2978 5126 3174 5194 credit,
3207 5127 3510 5182 anathema
3553 5127 3642 5182 sit.
3681 5127 3820 5192 Qui-

467 5230 1053 5302 dicimus,incipiente
1073 5225 1310 5280 Domino
1327 5225 1388 5279 in
1410 5221 2096 5292 confessione.0ptimum
2195 5235 2420 5290 cunque
2459 5219 2590 5273 alibi
2628 5219 2802 5274 ﬁdem
2857 5223 2914 5274 et
2964 5220 3431 5276 communionem
3486 5221 3820 5276 catholicam

466 5336 570 5402 est,
591 5334 648 5386 et
665 5329 869 5383 vestrae
888 5321 1055 5376 saluti
1080 5319 1418 5374 conveniens
1443 5317 1636 5389 palam
1663 5315 1920 5370 conﬁteri
1941 5315 2096 5386 quod
2195 5316 2405 5385 praeter
2433 5313 2492 5366 in
2521 5313 2766 5368 Ecclesia
2791 5330 2964 5386 quam
2993 5313 3202 5369 Nicaani
3229 5319 3285 5369 et
3313 5315 3822 5387 Constantinopoli-

468 5423 714 5492 creditis,
747 5423 804 5475 et
828 5417 932 5472 sub
963 5412 1156 5492 auditu
1181 5412 1577 5468 universorum
1617 5409 2095 5465 anathematizare
2195 5407 2316 5461 tani
2361 5411 2417 5462 et
2444 5407 2615 5478 primi
2657 5407 2944 5478 Ephesini,
2977 5412 3033 5462 et
3075 5408 3553 5464 Chalcedonensis
3596 5408 3823 5465 concilii

467 5519 623 5595 quod
674 5483 1194 5658 respuistislTunc
1267 5521 1496 5576 prorsus
1571 5504 1788 5576 optime
1839 5501 2096 5574 poteritis
2196 5501 2421 5556 decreta
2450 5505 2667 5568 tenent,
2696 5501 2908 5572 pariter
2942 5505 2998 5556 et
3035 5502 3338 5572 honorant,
3377 5503 3683 5558 anathema
3728 5503 3818 5557 sit.

469 5611 803 5658 evang-aliam
835 5609 893 5658 et
921 5621 991 5658 an
1034 5600 1242 5657 stolicae
1268 5599 1416 5653 sedis
1446 5599 1579 5654 ﬁdei
1615 5598 1917 5658 participes
1947 5596 2093 5658 ﬁeri,
2197 5593 2532 5658 Quicunque
2560 5595 2784 5649 Patrem
2815 5600 2871 5650 et
2898 5595 3101 5650 Filium
3122 5597 3340 5650 honore
3369 5601 3424 5651 ct
3443 5596 3624 5658 gloria
3650 5599 3708 5651 et
3733 5596 3818 5652 di-

469 5593 803 5686 evangelicaa
835 5609 893 5662 et
921 5593 1242 5676 apostolicae
1268 5599 1416 5653 sedis
1446 5599 1579 5654 ﬁdei
1615 5598 1917 5670 participes
1947 5596 2093 5664 ﬁeri,
2197 5593 2532 5665 Quicunque
2560 5595 2784 5649 Patrem
2815 5600 2871 5650 et
2898 5595 3101 5650 Filium
3122 5597 3340 5650 honore
3369 5601 3424 5651 ct
3443 5596 3624 5666 gloria
3650 5599 3708 5651 et
3733 5596 3820 5652 di-

470 5711 516 5766 si
543 5707 801 5765 eamdem
831 5701 1003 5756 ﬁdem
1031 5693 1368 5753 catholicam
1408 5708 1479 5747 ex
1519 5691 1870 5747 confessione
1900 5691 2094 5746 catho-
2194 5687 2424 5744 vinitate
2455 5693 2676 5759 separat
2699 5692 2796 5744 aut
2818 5688 3113 5760 disjungit,
3137 5691 3449 5746 anathema
3468 5691 3557 5746 sit.
3583 5691 3824 5755 Quicun.

469 5805 581 5859 lica
615 5796 918 5871 incipiatis,
957 5793 1046 5848 vel
1094 5787 1322 5862 propria
1375 5785 1784 5855 subscriptione
1835 5785 2094 5855 ﬁrmetis,
2195 5800 2306 5857 que
2345 5783 2550 5838 Filium
2589 5783 2689 5838 Dei
2725 5787 2781 5839 et
2826 5783 3101 5855 Spiritum
3158 5790 3415 5840 sanctum
3473 5802 3604 5840 cum
3655 5787 3822 5840 Patre

475 5901 530 5956 et
557 5895 719 5952 sicuti
743 5893 856 5948 Deo
893 5890 1012 5962 jam
1041 5886 1111 5942 de
1137 5882 1292 5938 bona
1320 5878 1671 5935 confessione
1720 5877 1936 5952 cogniti
1961 5879 2096 5935 estis
2195 5895 2310 5936 non
2349 5878 2649 5935 crediderit
2697 5894 2817 5934 esse
2876 5879 3272 5952 gloriﬁcandos
3328 5885 3382 5935 et
3437 5879 3817 5954 honorandos,
