4054 6294
218 298 324 363 449

1461 320 1925 390 DECRETALIUM
1963 329 2348 395 COLLECTIO.

3483 349 3585 408 450

218 423 525 478 anathema
555 425 645 480 sit.
678 428 1010 502 Quicunque
1058 451 1172 488 non
1215 435 1440 507 dixerit,
1487 441 1666 510 gloria
1710 445 1856 498 Patri
1879 460 2058 531 Aper
2086 465 2316 503 omnem
2364 451 2645 507 mundum
2683 455 3051 524 pacatissime
3080 460 3137 512 et
3169 459 3418 514 emineat
3451 462 3587 517 doc-

221 521 276 569 et
303 516 448 572 Filio
478 521 535 572 et
565 519 796 590 Spiritui
827 528 1046 593 sancto,
1070 529 1379 584 anathema
1407 531 1498 587 sit.
1527 534 1854 608 Quicunque

218 608 606 680 rebaptizandi
669 615 1029 688 sacrilegium
1086 638 1228 692 opus
1267 639 1386 678 esse
1424 625 1641 681 bonum
1681 631 1859 685 credit

220 707 320 756 aut
345 705 650 762 crediderit
685 725 875 780 agere,
919 716 976 766 et
1013 715 1212 784 egerit,
1255 718 1561 774 anathema
1600 722 1690 776 sit.
1731 724 1858 786 Qui-

219 812 446 868 cunque
474 799 730 855 libellum
758 803 1148 862 detestabilem
1181 809 1517 866 duodecimo
1547 831 1694 869 anno
1724 817 1858 871 Leo-

215 888 423 960 bigildi
479 893 634 964 regis
689 912 720 948 a
778 897 940 951 nobis
997 899 1234 968 editum,
1277 901 1334 958 in
1376 921 1488 976 quo
1537 907 1857 965 continetur

217 982 615 1041 Romanorum
652 988 723 1043 ad
760 990 1030 1046 Arianam
1069 994 1330 1051 haeresim
1371 999 1665 1070 traductio,
1703 1007 1759 1057 et
1795 1004 1853 1058 in

216 1092 330 1147 quo
362 1079 550 1148 gloria
578 1082 726 1136 Patri
755 1100 859 1155 per
888 1086 1096 1142 Filium
1129 1089 1188 1143 in
1220 1090 1436 1162 Spiritu
1464 1097 1679 1163 sancto,
1713 1102 1770 1150 et
1795 1099 1855 1152 in

219 1185 333 1240 quo
364 1172 514 1228 male
557 1190 591 1228 a
640 1176 807 1231 nobis
846 1178 1106 1236 instituta
1144 1183 1528 1259 continentur,
1571 1188 1851 1263 habuerit,

218 1264 531 1320 anathema
560 1267 632 1323 sit
655 1269 714 1324 in
735 1273 1036 1328 aeternum.
1665 1282 1670 1286 ’

283 1360 638 1416 Conﬁtemur
692 1365 846 1418 enim
908 1384 1013 1421 nos
1071 1385 1134 1423 ex
1203 1371 1406 1427 haeresi
1471 1375 1677 1430 Ariana
1734 1380 1851 1434 toto

215 1451 411 1519 corde,
460 1457 580 1508 tota
623 1456 834 1525 anima,
877 1462 934 1514 et
976 1461 1045 1515 de
1074 1464 1195 1517 toto
1228 1471 1416 1521 mente
1445 1472 1640 1524 nostra
1667 1470 1738 1524 ad
1770 1488 1854 1525 ec-

217 1545 452 1600 clesiam
493 1549 834 1605 catholicam
872 1552 1048 1608 fuisse
1078 1571 1398 1614 conversos.
1439 1563 1586 1616 Nulli
1617 1563 1852 1619 dubium

217 1638 311 1704 sit,
371 1657 475 1695 nos
532 1647 867 1716 nostrosque
916 1664 1264 1706 successores
1303 1669 1515 1710 errasse
1552 1656 1612 1710 in
1649 1657 1853 1713 haeresi

216 1731 425 1787 Ariana
481 1739 538 1790 et
591 1736 765 1792 ﬁdem
826 1742 1207 1812 evangelicam
1265 1751 1433 1818 atque
1487 1750 1853 1820 apostolicam

215 1841 371 1880 nunc
415 1825 565 1883 intra
593 1831 902 1888 Ecclesiam
934 1836 1267 1892 catholicam
1298 1840 1574 1897 didicisse.
1609 1844 1852 1900 Proinde
1871 1827 1928 1899 B

214 1917 394 1974 ﬁdem
421 1926 673 1978 sanctam
695 1942 867 1995 quam
894 1929 1349 2000 religiosissimus
1373 1934 1634 1990 dominus
1658 1943 1853 1994 noster

212 2013 482 2083 patefecit
506 2015 566 2070 in
593 2018 782 2073 medio
813 2021 1072 2093 concilio,
1105 2028 1354 2081 etmanu
1376 2045 1476 2083 sua
1502 2029 1847 2102 subscripsit,

214 2106 364 2161 hanc
405 2111 463 2162 et
499 2125 603 2164 nos
643 2115 924 2182 tenemus,
975 2116 1120 2172 hanc
1167 2122 1504 2176 confitemur
1540 2124 1756 2194 pariter
1795 2129 1852 2180 et

215 2200 571 2273 suscipimus,
602 2205 748 2260 hanc
773 2207 831 2260 in
861 2210 1085 2280 populis
1113 2214 1423 2283 praedicare
1451 2221 1621 2289 atque
1642 2219 1848 2274 docere

212 2295 622 2364 permittimus.
656 2301 785 2354 Haec
818 2307 901 2356 est
924 2319 1057 2358 vera
1086 2306 1222 2360 ﬁdes
1243 2306 1434 2378 (quam
1457 2312 1643 2365 omnis
1666 2315 1849 2369 Eccle-

212 2385 298 2442 sia
336 2388 476 2443 dum
514 2407 617 2461 per
653 2396 838 2449 totum
877 2397 1160 2453 mundum
1197 2404 1371 2473 tenet)
1413 2405 1688 2460 catholica
1725 2423 1847 2462 esse

210 2480 464 2536 creditur
492 2489 546 2538 et
570 2486 861 2556 probatur.
904 2491 1004 2544 Cui
1042 2492 1162 2547 haec
1203 2495 1342 2549 ﬁdes
1380 2513 1492 2551 non
1533 2499 1718 2568 placet
1753 2507 1849 2557 aut

208 2590 325 2628 non
350 2575 653 2646 placuerit,
687 2583 998 2637 anathema
1027 2585 1100 2639 sit
1128 2591 1466 2644 m'aranatha
1506 2591 1565 2646 in
1605 2593 1848 2649 adventu

209 2668 440 2722 Domini
467 2672 646 2726 nostri
665 2673 794 2728 Jesu
813 2675 1037 2733 Christi.
1066 2679 1174 2742 Qui
1198 2680 1371 2736 ﬁdem
1393 2685 1612 2754 spernit
1635 2686 1847 2743 Nicasni

208 2762 435 2816 concilii
465 2767 522 2818 et
547 2767 1152 2841 Constantinopolitani
1179 2779 1408 2830 centum
1429 2778 1847 2851 quinquaginta

211 2855 612 2927 episcoporum
639 2876 944 2933 veramque
974 2881 1094 2919 esse
1121 2883 1239 2922 non
1265 2869 1488 2940 dixerit,
1542 2873 1846 2930 anathema

210 2949 301 3003 sit.
331 2950 436 3014 Qui
466 2951 639 3006 ﬁdem
664 2954 962 3024 Ephesinae
991 2960 1190 3030 synodi
1217 2963 1416 3032 primoa
1446 2969 1502 3019 et
1529 2966 1840 3023 Chalcedo-

211 3043 400 3127 nepsis
431 3061 546 3099 non
576 3050 748 3116 tenet,
799 3054 856 3105 et
901 3067 964 3106 ea
1007 3070 1122 3107 non
1163 3055 1497 3127 delectatur,
1536 3061 1844 3117 anathema

211 3060 280 3097 ne
327 3061 400 3098 διε
431 3061 546 3099 non
576 3060 748 3116 tenet,
799 3060 856 3105 et
901 3067 964 3106 ea
1007 3070 1122 3107 non
1163 3060 1497 3127 delectatur,
1536 3061 1843 3117 anathema

209 3060 436 3240 sitRQui
453 3138 692 3195 concilia
709 3143 968 3198 omnium
986 3147 1430 3204 orthodoxorum
1448 3153 1843 3225 episcoporum

211 3233 464 3287 consona
478 3233 724 3288 conciliis
736 3236 778 3289 N
785 3236 964 3292 icaeno
975 3241 1625 3316 ,Constantinopolitano
1635 3249 1840 3321 primo,

210 3325 498 3395 Ephesino
519 3331 577 3382 et
597 3328 1046 3387 Chalcedonensi
1064 3351 1177 3389 non
1198 3337 1415 3408 recipit,
1435 3341 1733 3395 anathema
1750 3342 1839 3397 sit.

208 3417 452 3474 Proinde
468 3424 525 3476 et
540 3420 961 3480 damnationem
982 3427 1130 3482 hanc
1153 3431 1405 3500 perﬁdiae
1422 3435 1843 3490 communionis

206 3511 436 3568 Arianae
477 3517 532 3569 et
572 3516 833 3572 omnium
863 3520 1230 3576 conciliorum
1273 3523 1549 3580 haeresem
1574 3528 1842 3584 Arianam

203 3603 520 3662 foventium
565 3626 695 3664 cum
739 3613 1103 3670 anathemate
1149 3633 1349 3673 eorum
1393 3636 1570 3675 manu
1611 3623 1843 3694 propria

205 3699 632 3757 subscribimus.
668 3705 1110 3764 Consti'tutiones
1136 3727 1266 3766 vero
1296 3719 1620 3770 sanctorum
1653 3717 1839 3772 conci-

201 3792 414 3848 liorum
463 3795 698 3865 Niceeni,
750 3800 1039 3871 Ephesini,
1098 3804 1710 3879 Constantinopolitani
1752 3811 1842 3866 vel

206 3884 685 3945 Chalcedonensis
705 3908 844 3963 quas
864 3895 1179 3965 gratissima
1206 3915 1340 3955 aure
1363 3901 1700 3972 audivimus,
1716 3921 1844 3960 con-

205 3981 471 4037 sensione
489 3989 686 4040 nostra
705 4003 864 4043 veras
887 4005 1007 4045 esse
1020 3992 1406 4064 probavimus,
1427 3995 1495 4051 de
1509 4000 1624 4052 toto
1646 3999 1838 4068 corde,

205 4079 262 4130 et
294 4075 362 4130 de
392 4079 509 4132 tota
533 4078 742 4151 anima,
774 4086 831 4138 et
873 4082 944 4138 de
982 4088 1099 4140 tota
1136 4092 1327 4143 mente
1364 4094 1556 4144 nostra
1596 4092 1839 4147 subscri-

204 4167 442 4240 psimus,
475 4170 617 4226 nihil
648 4173 722 4228 ad
747 4176 1134 4248 cognitionem
1162 4181 1411 4237 veritatis
1438 4183 1682 4240 lucidius
1696 4186 1841 4242 arbi-

202 4267 423 4319 trantes
448 4281 619 4336 quam
651 4284 778 4340 quae
799 4272 1252 4342 supradictorum
1281 4277 1649 4334 conciliorum
1670 4280 1840 4336 conti-

205 4361 346 4412 nent
395 4351 774 4418 auctoritates.
832 4365 908 4419 De
965 4366 1219 4425 trinitate
1267 4375 1458 4426 autem
1513 4376 1571 4427 et
1624 4374 1839 4430 unitate

203 4449 386 4506 Patris
431 4454 488 4507 et
529 4454 650 4509 Filii
693 4461 751 4512 et
792 4457 1036 4529 Spiritus
1079 4463 1258 4519 sancti
1303 4465 1445 4520 nihil
1491 4466 1578 4520 his
1629 4468 1836 4538 verius,

1961 540 2123 594 trina:
2141 543 2433 597 sanctitate
2453 548 2822 616 etpotestate.
2844 548 2902 603 Si
2918 551 3016 620 qui
3031 550 3181 606 intra
3203 569 3332 607 eam
3352 555 3584 623 fuerint,

1959 635 2639 710 communicaverintque,
2674 641 2732 694 hi
2773 641 3022 711 audient,
3057 644 3131 698 ad
3161 645 3453 701 dexteram
3483 649 3584 702 Pa-

1957 725 2057 779 tris
2089 727 2290 796 positi:
2325 730 2543 799 Venite,
2590 733 2877 789 benedicti
2923 737 3106 791 Patris
3146 739 3281 807 mei,
3313 740 3588 812 percipite

1956 834 2205 888 regnum
2237 823 2387 891 quod
2415 824 2572 878 vobis
2599 831 2864 896 paratum
2897 833 2982 883 est
3005 829 3076 885 ab
3117 831 3337 903 origine
3365 833 3585 889 mundi.

1956 911 2013 966 Si
2034 912 2132 982 qui
2159 916 2351 969 autem
2377 916 2447 970 ab
2480 934 2545 972 ea
2574 921 2927 990 recesserint,
2961 923 3197 996 ejusque
3238 926 3590 982 detraxerint

1954 1005 2106 1073 ﬁdei,
2151 1011 2209 1060 et
2257 1011 2723 1086 communionemi
2767 1016 3100 1086 spreverint,
3134 1018 3193 1073 hi
3220 1019 3455 1076 audient
3485 1039 3584 1076 ore

1955 1030 2106 1073 JIUCI,
2151 1030 2209 1060 ei.
2257 1030 2657 1067 communione
2767 1030 3100 1086 sprevermt,
3134 1030 3193 1073 ω
3220 1030 3455 1076 audient
3485 1039 3583 1076 ore

1955 1098 2144 1153 divino
2187 1101 2246 1154 in
2295 1101 2387 1156 die
2431 1103 2635 1174 judicii
2659 1030 3001 1208 :17Discedite
3041 1127 3073 1164 a
3119 1128 3231 1181 me,
3274 1114 3583 1182 maledicti,

1956 1191 2146 1246 nescio
2177 1209 2293 1248 vos.
2322 1194 2402 1249 Ite
2445 1195 2506 1250 in
2537 1191 2732 1268 ignem
2770 1203 3049 1256 aeternum
3093 1205 3192 1275 qui
3228 1210 3459 1276 paratus
3502 1213 3587 1262 est

1957 1283 2183 1340 diabolo
2216 1291 2274 1340 et
2300 1288 2516 1360 angelis
2555 1290 2695 1360 ejus.
2741 1293 2862 1347 Sint
2899 1310 3036 1365 ergo
3065 1297 3336 1353 damnata
3361 1300 3421 1354 in
3447 1301 3586 1356 coelo

1958 1382 2016 1431 et
2044 1377 2103 1431 in
2130 1383 2300 1448 terra,
2333 1398 2691 1454 quaecunque
2739 1402 2842 1456 per
2871 1386 3018 1442 hanc
3050 1390 3383 1446 catholicam
3413 1392 3587 1448 ﬁdem

1954 1469 2322 1540 damnantur,
2356 1479 2411 1528 et
2441 1473 2554 1530 sint
2583 1482 2812 1548 accepta
2838 1479 2897 1533 in
2929 1480 3069 1535 coelo
3091 1485 3147 1536 et
3172 1483 3231 1537 in
3252 1489 3419 1555 terra,
3439 1502 3586 1557 quae-

1954 1579 2175 1636 cunque
2203 1582 2308 1636 per
2338 1567 2486 1622 hanc
2531 1569 2705 1624 fidem
2748 1571 3123 1644 accipiuntur,
3157 1583 3436 1648 regnante
3477 1580 3581 1633 Do-

1951 1656 2108 1712 mino
2138 1663 2330 1714 nostro
2359 1662 2493 1715 Jesu
2518 1662 2757 1732 Christo,
2788 1665 2877 1719 cui
2909 1683 3040 1722 cum
3067 1670 3230 1724 Patre
3275 1673 3331 1725 et
3374 1671 3583 1742 Spiritu

1955 1754 2148 1806 sancto
2172 1756 2256 1806 est
2284 1754 2466 1824 gloria
2495 1755 2555 1809 in
2581 1759 2788 1812 saecula
2808 1762 3165 1816 saeculorum.

1952 1893 2263 1963 Symbolum
2302 1901 2658 1954 trecentorum
2695 1900 2873 1956 decem
2901 1909 2952 1957 et
2981 1909 3096 1959 octo
3123 1907 3351 1962 Patrum
3381 1910 3585 1966 Nicami

2643 1974 2872 2027 concilii.

2023 2081 2318 2138 Credimus
2335 2082 2392 2138 in
2419 2101 2602 2140 unum
2623 2087 2926 2143 Dominum
2949 2091 3127 2145 Deum
3147 2093 3374 2148 Patrem
3394 2097 3579 2151 omni-

1949 2177 2267 2246 potentem,
2301 2178 2562 2233 omnium
2591 2180 2897 2236 visibilium
2941 2188 2997 2238 et
3036 2184 3403 2242 invisibilium
3446 2206 3577 2243 con-

1950 2267 2215 2324 ditorem.
2268 2272 2336 2325 Et
2384 2272 2443 2325 in
2492 2289 2673 2328 unum
2713 2274 3019 2331 Dominum
3057 2279 3251 2333 Jesum
3289 2280 3578 2338 Christum

1948 2361 2151 2415 Filium
2182 2363 2282 2416 Dei
2306 2364 2374 2418 de
2406 2366 2571 2420 Patre
2611 2371 2810 2421 natum
2842 2369 3227 2441 unigenitum,
3259 2373 3366 2428 hoc
3394 2377 3479 2428 est
3509 2375 3578 2430 de

1948 2454 2265 2510 substantia
2303 2458 2501 2527 Patris,
2537 2460 2715 2514 Deum
2751 2478 2816 2516 ex
2847 2463 2986 2532 Deo,
3019 2464 3215 2519 lumen
3247 2465 3316 2544 de
3340 2467 3573 2537 lumine,

1948 2547 2126 2601 Deum
2168 2565 2365 2604 verum
2418 2568 2482 2604 ex
2532 2553 2644 2606 Deo
2691 2571 2841 2621 vero,
2900 2561 3123 2625 natum,
3173 2575 3286 2613 non
3334 2560 3574 2631 factum,

1947 2641 2244 2696 omousion
2270 2642 2439 2710 Patri,
2463 2644 2566 2698 hoc
2590 2651 2678 2700 est
2698 2647 2950 2718 ejusdem
2975 2667 3105 2704 cum
3124 2653 3289 2706 Patre
3311 2654 3572 2708 substan-

1945 2734 2059 2805 tiae,
2091 2751 2193 2805 per
2220 2752 2392 2807 quem
2415 2737 2607 2792 omnia
2624 2738 2776 2794 facta
2795 2745 2947 2810 sunt,
2973 2760 3100 2814 quae
3122 2744 3182 2798 in
3200 2745 3351 2800 caelis
3373 2752 3428 2801 et
3447 2764 3575 2819 quae

1945 2827 2004 2881 in
2022 2828 2208 2898 terris,
2235 2829 2333 2900 qui
2352 2833 2587 2902 propter
2607 2849 2708 2886 nos
2730 2837 2787 2887 et
2807 2839 3038 2905 propter
3057 2841 3313 2892 nostram
3336 2840 3574 2894 salutem

1946 2921 2240 2976 descendit
2271 2927 2325 2978 et
2353 2923 2680 2980 incarnatus
2704 2932 2807 2996 est,
2831 2929 3003 2984 homo
3029 2930 3229 2999 factus,
3253 2949 3446 3002 passus
3467 2939 3570 3005 est,

1945 3019 2001 3069 et
2025 3017 2334 3071 resurrexit
2360 3018 2528 3073 tertia
2557 3019 2668 3088 die,
2700 3022 2955 3076 ascendit
2979 3022 3038 3078 in
3067 3024 3254 3096 caelos,
3278 3025 3411 3085 inde
3437 3043 3573 3082 ven-

1942 3112 2105 3162 turus
2131 3112 2214 3164 est
2234 3110 2492 3180 judicare
2524 3113 2674 3167 vivos
2702 3117 2758 3169 et
2787 3119 3062 3185 mortuos,
3096 3121 3153 3172 et
3194 3118 3254 3172 in
3297 3119 3573 3190 Spiritum

1864 3193 1918 3267 C
1945 3205 2223 3272 sanctum,
2265 3221 2359 3258 eos
2398 3209 2592 3260 autem
2632 3208 2730 3278 qui
2769 3207 2983 3278 dicunt,
3025 3217 3164 3279 erat,
3208 3213 3432 3283 quando
3459 3230 3575 3268 non

1946 3301 2087 3366 erat,
2120 3302 2175 3352 et
2202 3302 2513 3369 antequam
2554 3304 2888 3356 nasceretur
2932 3320 3050 3358 non
3091 3309 3229 3372 erat,
3261 3311 3316 3360 et
3343 3305 3478 3378 quia
3508 3323 3576 3361 ex

1943 3389 2111 3443 nullis
2140 3391 2490 3446 exstantibus
2536 3393 2714 3449 factus
2760 3400 2862 3462 est,
2916 3402 3012 3451 aut
3057 3414 3121 3452 ex
3153 3397 3266 3452 alia
3313 3400 3573 3455 substan-

1943 3481 2015 3536 tia
2043 3484 2129 3536 vel
2157 3484 2535 3555 subsistentia,
2574 3487 2772 3549 dicunt
2820 3504 2958 3557 esse,
2993 3495 3090 3544 aut
3115 3490 3569 3564 convertibilem,

1944 3579 2041 3630 aut
2067 3577 2521 3632 commutabilem
2551 3578 2755 3634 Filium
2776 3581 2894 3649 Dei,
2919 3583 3356 3639 anathematizat
3384 3587 3576 3641 catho-

1942 3669 2048 3723 lica
2073 3675 2128 3725 et
2154 3671 2462 3742 apostolica
2493 3672 2764 3729 Ecclesia.

2012 3809 2321 3878 Symbolum
2363 3812 2443 3869 CL
2481 3813 2708 3868 Patrum
2746 3814 3333 3886 Constantinopolitani
3371 3833 3497 3874 con-

2687 3885 2821 3941 cilii.

2010 3997 2300 4052 Credimus
2331 3998 2388 4053 in
2417 4015 2597 4054 unum
2623 4003 2802 4056 Deum
2833 4003 3054 4056 Patrem
3094 4003 3570 4076 omnipotentem,

1941 4090 2214 4146 factorem
2247 4093 2372 4146 coeli
2401 4098 2457 4147 et
2484 4097 2650 4148 terrte
2679 4095 2984 4150 visibilium
3025 4097 3284 4152 omnium
3327 4102 3385 4153 et
3424 4099 3568 4155 invi-

1941 4184 2192 4240 sibilium
2224 4186 2600 4242 conditorem.
2633 4189 2698 4242 Et
2727 4187 2786 4242 in
2817 4206 2994 4243 unum
3022 4190 3331 4246 Dominum
3373 4193 3569 4248 Jesum

1941 4278 2144 4332 Filium
2171 4279 2266 4332 Dei
2297 4279 2659 4350 unigenitum
2686 4298 2751 4335 ex
2797 4283 2959 4337 Patre
2989 4288 3192 4338 natum
3217 4289 3348 4340 ante
3377 4287 3570 4342 omnia

1941 4372 2161 4440 saecula,
2209 4373 2388 4427 Deum
2435 4389 2500 4425 ex
2541 4375 2674 4443 Deo,
2725 4374 2926 4428 lumen
2973 4392 3043 4430 ex
3090 4378 3329 4448 lumine,
3386 4380 3568 4435 Deum

1940 4481 2137 4519 verum
2183 4481 2247 4518 ex
2296 4466 2414 4519 Deo
2458 4482 2610 4534 vero,
2648 4470 2872 4537 natum,
2923 4485 3042 4523 non
3086 4470 3326 4541 factum,
3363 4488 3566 4528 omou-

203 4542 348 4598 nihil
363 4545 605 4602 lucidius
620 4566 874 4622 unquam
897 4559 1085 4625 potest
1100 4557 1186 4612 vel
1205 4559 1415 4629 poterit
1435 4559 1834 4631 demonstrari,
1857 4568 1916 4640 D
1940 4559 2061 4613 sion
2097 4559 2269 4626 Patri,
2301 4559 2410 4613 hoc
2442 4565 2527 4614 est
2570 4560 2828 4631 ejusdem
2858 4577 2990 4615 cum
3020 4564 3182 4618 Patre
3213 4563 3563 4636 substantiae,

203 4635 273 4693 de
305 4641 576 4711 mysterio
599 4644 1003 4703 Incarnationis
1031 4649 1309 4722 unigeniti
1337 4653 1459 4707 Filii
1490 4655 1588 4709 Dei
1613 4672 1716 4726 pro
1745 4673 1833 4710 sa-

200 4729 322 4786 lute
367 4732 608 4790 humani
659 4740 883 4808 generis
932 4758 1044 4814 quo
1082 4760 1213 4798 vera
1258 4746 1533 4816 probatur
1563 4748 1834 4804 humana:

202 4829 424 4881 naturae
449 4825 571 4884 sine
596 4834 812 4901 peccati
839 4837 1178 4908 contagione
1205 4840 1508 4912 susceptio,
1532 4845 1588 4895 et
1613 4858 1836 4913 perma-

199 4919 390 4974 nentis
415 4920 763 4996 incorruptae
807 4927 867 4981 in
900 4944 966 4982 eo
1015 4930 1321 4988 divinitatis
1350 4934 1669 5005 plenitudo,
1695 4936 1836 4990 dum

199 5011 326 5066 haec
351 5017 557 5070 natura
585 5020 824 5091 utraque
855 5039 974 5077 non
995 5024 1233 5095 deperit,
1268 5031 1326 5081 et
1347 5044 1459 5081 una
1485 5028 1556 5082 sit
1581 5045 1646 5083 ex
1675 5033 1832 5084 utra-

200 5121 312 5177 que
340 5107 569 5164 Domini
597 5114 777 5167 nostri
817 5116 946 5170 Jesu
991 5117 1195 5174 Christi
1226 5137 1469 5191 persona
1507 5122 1639 5177 satis
1667 5125 1834 5195 plane

201 5199 261 5253 in
311 5200 402 5255 his
440 5203 693 5259 conciliis
738 5208 1012 5279 probatur
1057 5212 1311 5282 pateﬁeri
1363 5215 1588 5284 veritas,
1634 5234 1761 5288 qum
1802 5235 1836 5271 a

200 5293 366 5348 nobis
399 5297 677 5369 credatur,
722 5303 880 5356 omni
925 5309 1147 5361 remota
1192 5306 1570 5364 dubitatione.
1599 5310 1705 5374 Qui
1731 5328 1832 5365 unc

202 5402 373 5458 quam
400 5389 546 5446 hanc
572 5392 744 5449 ﬁdem
775 5401 1029 5453 sanctam
1074 5399 1406 5471 depravare,
1445 5421 1832 5476 corrumpere,

198 5487 421 5540 mutare
447 5486 772 5558 tentaverit,
818 5495 916 5546 aut
963 5492 1033 5547 ab
1080 5494 1284 5549 eadem
1316 5496 1428 5551 ﬁde
1466 5498 1554 5551 vel
1582 5513 1835 5553 commu-

197 5574 370 5632 nione
399 5578 675 5635 catholica
701 5584 892 5654 (quam
918 5601 1107 5658 nuper
1136 5604 1329 5644 sumus
1374 5591 1488 5645 Deo
1529 5591 1833 5647 miserante

197 5669 401 5742 adepti)
433 5687 556 5727 sese
587 5689 847 5746 separare
880 5679 966 5733 vel
993 5679 1290 5735 dissociare
1322 5684 1584 5755 voluerit,
1627 5686 1700 5740 sit
1720 5686 1832 5741 Deo

200 5766 256 5818 et
287 5764 551 5822 universo
579 5768 797 5824 mundo
827 5769 1054 5827 crimini
1093 5773 1438 5831 inﬁdelitatis
1466 5778 1525 5832 in
1554 5781 1835 5834 aeternum

201 5851 502 5916 obnoxius.
537 5861 760 5918 Floreat
806 5869 999 5921 autem
1043 5871 1237 5924 sancta
1279 5871 1552 5928 catholica
1595 5872 1836 5928 Ecclesia

521 5999 558 6016 με
615 5961 886 6028 PATROL.
937 5965 1164 6032 CXXX.

1935 4671 2038 4726 per
2063 4669 2232 4724 quem
2272 4653 2463 4707 omnia
2508 4654 2652 4707 facta
2696 4659 2845 4723 sunt,
2895 4671 3023 4726 qum
3068 4655 3129 4710 in
3175 4656 3326 4712 ccelis
3355 4661 3566 4731 etquae

1935 4747 1997 4802 in
2027 4747 2192 4802 terris
2223 4752 2371 4802 sunt.
2398 4747 2506 4811 Qui
2527 4750 2761 4819 propter
2785 4750 3044 4802 nostram
3072 4749 3312 4805 salutem
3332 4751 3563 4808 descen-
3609 4791 3613 4798 ‹

1937 4841 2040 4909 dit,
2073 4847 2129 4896 et
2159 4841 2486 4895 incarnatus
2535 4843 2622 4895 est
2671 4841 2741 4896 de
2782 4841 2996 4912 Spiritu
3047 4847 3236 4897 sancto
3280 4860 3351 4899 ex
3392 4845 3567 4902 Maria

1934 4935 2172 5006 virgine,
2205 4935 2377 4990 homo
2409 4935 2609 5006 factus,
2641 4952 2838 5006 passus
2871 4938 2954 4990 est
2989 4935 3092 4990 sub
3143 4937 3339 4992 Pontio
3367 4939 3565 5011 Pilato,

1936 5030 2210 5100 sepultus,
2256 5029 2426 5083 tertia
2460 5029 2550 5084 die
2579 5028 2911 5084 resurrexit.
2961 5029 3229 5086 Ascendit
3268 5031 3330 5086 in
3374 5034 3565 5105 ccelos,

1935 5123 2096 5177 sedet
2124 5123 2192 5177 ad
2223 5123 2515 5178 dexteram
2563 5122 2662 5176 Dei
2704 5122 2904 5193 Patris,
2950 5122 3162 5178 iterum
3190 5129 3464 5182 venturus
3507 5127 3567 5183 in
3616 5162 3626 5170 ι

1937 5217 2121 5288 gloria
2140 5216 2400 5287 judicare
2441 5215 2594 5270 vivos
2633 5218 2690 5270 et
2719 5220 2992 5272 mortuos.
3041 5217 3213 5289 Cujus
3256 5221 3423 5292 regni
3448 5237 3567 5277 non

1935 5311 2043 5365 erit
2071 5310 2218 5377 ﬁnis,
2251 5315 2309 5364 et
2335 5310 2394 5363 in
2424 5309 2698 5380 Spiritum
2726 5310 3032 5366 Dominum
3071 5317 3129 5367 et
3166 5312 3562 5384 viviﬁcantem,

1935 5420 2001 5459 ex
2030 5406 2192 5459 Patre
2218 5403 2636 5474 procedentem,
2671 5421 2802 5460 cum
2827 5406 2990 5460 Patre
3034 5411 3091 5462 et
3143 5407 3282 5463 Filio
3317 5409 3565 5464 adoran-

1934 5499 2070 5552 dum
2102 5501 2160 5551 et
2187 5496 2637 5568 gloriﬁcandum,
2667 5499 2766 5571 qui
2793 5498 3018 5554 locutus
3062 5504 3148 5555 est
3183 5518 3287 5572 per
3324 5503 3569 5574 propheo

1932 5596 2037 5658 tas,
2057 5607 2252 5658 unam,
2268 5591 2607 5646 catholicam
2630 5595 2686 5647 et
2697 5592 3062 5664 apostolicam
3085 5594 3409 5649 Ecclesiam.
3427 5596 3566 5650 Con-

1934 5685 2099 5740 ﬁteor
2128 5701 2310 5739 unum
2343 5685 2627 5756 baptisma
2658 5686 2719 5740 in
2745 5686 3141 5741 remissionem
3177 5691 3564 5758 peccatorum.

1934 5780 2334 5850 Exspectamus
2365 5779 2843 5837 resurrectionem
2870 5784 3244 5848 mortuorum,
3281 5778 3452 5834 vitam
3475 5780 3567 5837 fu-

1937 5873 2050 5929 turi
2081 5871 2293 5930 saeculi.
2325 5876 2527 5933 Amen.

3138 5974 3164 6034 ἰ
3177 5975 3211 6032 5
