4054 6298
499 356 593 414 iiii

1392 348 1672 410 Al’PEND.
1713 344 1799 406 AD
1837 344 1996 405 leCC.
2042 349 2126 403 lX.
2158 380 2224 387 ——
2264 348 2502 404 lSlDtml
2545 346 2966 403 MERCATORIS

3756 344 3860 403 432

501 469 788 525 Tractatus
813 464 1256 521 Chalcedonensis
1291 464 1519 517 concilii.
1560 461 1891 529 Subscriptio
1916 459 2119 528 episco-
2143 470 2203 543 Α
2222 457 2538 541 versionem
2567 473 2769 512 omnes
2792 455 3185 528 Hispaniarum
3213 457 3271 511 et
3301 452 3574 510 Callaeciae
3604 455 3860 510 ecclesizo

1199 550 1417 605 porum.

572 653 883 710 Suﬁ‘ecerat
911 651 1139 723 quidem
1170 650 1239 704 ad
1278 647 1676 719 plenissimam
1706 644 1932 718 pietatis
1960 644 2121 716 agni-

498 747 712 801 tionem
739 752 796 800 et
820 743 1307 800 conﬁrmationem
1352 740 1745 796 cautissimum
1779 740 1885 795 hoc
1920 737 2126 792 divinae

497 839 692 911 gratim
736 837 1082 910 symbolum,
1127 839 1194 890 ut
1232 852 1424 907 supra.
1460 833 1792 889 Anastasius
1822 832 1882 886 in
1919 829 2125 886 Christi

497 932 728 987 nomine
772 930 1068 1002 episcopus
1112 927 1595 983 anathematizans
1635 925 1898 981 haeresim
1935 923 2125 981 Ariani

497 1023 781 1095 dogmatis
810 1022 1071 1094 superius
1100 1022 1461 1090 damnatam,
1488 1020 1663 1074 ﬁdem
1693 1018 1839 1072 hanc
1870 1022 2125 1072 sanctam

496 1116 833 1173 catholicam
865 1132 1040 1186 quam
1070 1114 1129 1169 in
1159 1113 1399 1168 Ecclesia
1425 1113 1699 1167 catholica
1734 1111 1968 1165 veniens
2000 1126 2122 1164 cre-

495 1211 630 1280 didi,
674 1226 849 1263 manu
896 1225 1024 1264 mea
1049 1209 1119 1263 de
1147 1213 1263 1263 toto
1292 1206 1464 1261 corde
1488 1205 1812 1276 subscripsi.
1842 1204 2037 1258 Murila
2064 1203 2125 1257 iu

494 1303 699 1359 Christi
726 1294 960 1357 nomine
1006 1301 1306 1373 episcopus
1341 1298 1828 1354 anathematizans
1861 1296 2125 1351 haeresim

498 1396 694 1452 Ariani
724 1395 1031 1466 dogmatis,
1077 1399 1142 1449 ut
1190 1410 1379 1464 supra.
1432 1391 1769 1463 Vuiligiscus
1817 1391 1875 1444 in
1918 1389 2125 1444 Christi

500 1491 733 1545 nomine
782 1488 1079 1559 episcopus
1129 1486 1459 1541 anathema.
1507 1484 1767 1541 Sumnila
1810 1483 1867 1537 in
1918 1482 2125 1538 Christi

497 1584 735 1638 nomine
779 1580 1079 1652 episcopus
1105 1580 1433 1634 anathema.
1462 1578 1781 1648 Cardingus
1821 1576 1880 1631 in
1917 1575 2127 1632 Christi

500 1674 733 1731 nomine
761 1674 1058 1745 episcopus
1087 1672 1325 1728 civitatis
1350 1672 1624 1727 Tudensis
1644 1671 1968 1726 anathema.
1999 1670 2127 1724 Bec-

500 1770 606 1824 cila
653 1768 714 1822 in
764 1767 972 1822 Christi
1021 1765 1255 1821 nomine
1285 1765 1575 1837 episcopus
1603 1764 1840 1819 civitatis
1863 1762 2126 1817 Lucensis

2225 551 2372 605 hanc
2398 550 2657 622 regulam
2684 553 2930 619 servent,
2963 549 3122 604 omni
3150 548 3403 604 sacriﬁcii
3434 553 3696 621 tempore
3726 554 3862 604 ante

2224 644 2795 699 communicationem
2812 643 3064 715 corporis
3082 642 3288 698 Christi
3311 645 3369 697 et
3388 643 3687 714 sanguinis
3694 643 3866 714 juxta

2225 737 2585 794 orientalium
2614 738 2864 809 partium
2892 753 3116 792 morem
3164 735 3514 791 unanimiter
3548 738 3699 791 clara
3726 754 3864 792 voce

2225 831 2671 887 sacratissimum
2717 831 2850 886 ﬁdei
2894 834 3230 887 recenseant
3267 830 3609 903 symbolum,
3647 836 3710 886 ut
3750 831 3869 902 pri-

2224 942 2386 981 mum
2416 925 2611 997 populi
2643 941 2815 996 quam
2841 926 3238 980 credulitatem
3268 927 3524 992 teneant,
3548 924 3861 995 fateantur,

2226 1023 2285 1073 et
2313 1019 2392 1074 sic
2419 1019 2594 1074 corda
2619 1018 2731 1075 ﬁde
2760 1018 3057 1091 puriﬁcata
3087 1019 3158 1073 ad
3184 1017 3389 1075 Christi
3417 1035 3624 1090 corpus
3651 1022 3707 1073 et
3728 1035 3861 1073 san-

2227 1113 2457 1184 guinem
2505 1113 2934 1184 percipiendum
2977 1112 3301 1167 exhibeant.
3355 1112 3500 1167 Dum
3540 1112 3693 1167 enim
3735 1114 3860 1168 haec

2225 1206 2552 1261 constitutio
2572 1206 2745 1261 fuerit
2758 1205 3086 1278 perenniter
3113 1209 3437 1261 conservata
3467 1206 3526 1260 in
3553 1206 3649 1261 Dei
3665 1206 3859 1261 Eccle-

2224 1300 2326 1368 sia,
2354 1303 2412 1354 et
2444 1299 2695 1354 ﬁdelium
2723 1316 2793 1354 ex
2824 1299 3202 1355 sollicitudine
3227 1299 3630 1355 corroboratur
3655 1301 3856 1355 credu-

2225 1393 2349 1447 litas
2375 1397 2430 1448 et
2455 1393 2694 1465 perﬁdia
2736 1393 3055 1449 inﬁdelium
3085 1394 3364 1448 concitata
3391 1393 3465 1448 ad
3494 1393 3551 1449 id
3578 1394 3731 1465 quod
3758 1412 3855 1449 rc-

2224 1486 2463 1557 petitum
2493 1487 2698 1558 saepius
2727 1487 3084 1558 recognoscit
3111 1487 3246 1558 quid
3280 1486 3551 1542 catholica
3580 1490 3770 1542 teneat
3800 1493 3859 1542 et

2225 1579 2414 1634 credat
2439 1580 2699 1635 Ecclesia.
2729 1580 3003 1635 Omnibus
3040 1597 3178 1652 ergo
3209 1580 3470 1652 capitulis
3506 1597 3633 1651 quae
3662 1580 3856 1636 adhuc

2224 1690 2329 1745 per
2355 1678 2602 1728 vestram
2648 1674 3005 1729 sanctitatem
3032 1674 3246 1745 regulis
3271 1673 3662 1730 ecclesiasticis
3706 1674 3856 1744 adji-

2226 1766 2425 1822 cienda
2451 1771 2583 1822 sunt
2608 1767 2717 1821 hoc
2744 1784 2849 1839 pro
2894 1767 3029 1822 ﬁdei
3060 1772 3268 1823 sanctas
3296 1768 3613 1823 reverentia
3658 1773 3713 1822 et
3759 1768 3856 1821 ﬁr-

499 1862 827 1917 anathema.
859 1859 1117 1915 Arbitrus
1141 1859 1201 1913 in
1231 1858 1439 1914 Christi
1467 1858 1701 1913 nomine
1731 1858 2027 1929 episcopus
2052 1856 2125 1910 ci-
2143 1849 2200 1922 B
2223 1861 2420 1915 mitate
2447 1861 2765 1932 proponite,
2795 1861 2945 1932 quod
2983 1861 3054 1916 de
3083 1862 3424 1933 proferendo
3451 1862 3705 1934 symbolo
3748 1877 3855 1915 no-

500 1954 681 2010 vitatis
708 1952 1120 2008 Portucalensis
1149 1952 1475 2007 anathema.
1521 1951 1803 2006 Eruiscius
1832 1951 1891 2004 in
1919 1949 2126 2007 Christi

500 2048 731 2103 nomine
760 2046 1059 2118 episcopus
1101 2045 1341 2100 civitatis
1384 2046 1773 2100 Desercosanaa
1802 2044 2121 2099 anathema.

499 2140 772 2196 Similiter
791 2144 848 2195 et
873 2139 1083 2211 reliqui
1110 2137 1160 2211 1
1176 2136 1302 2212 09
1331 2137 1665 2211 presbyteri,
1690 2142 1747 2192 et
1770 2138 2035 2193 diacones
2056 2154 2123 2193 ex

499 2232 703 2289 haeresi
722 2232 927 2288 Ariana
945 2232 1198 2287 conversi
1226 2231 1699 2303 subscripserunt.
1722 2231 1961 2303 Signum
1986 2231 2122 2286 Gus-

496 2327 604 2383 sini
619 2326 723 2381 viri
736 2325 969 2381 illustris
979 2325 1247 2398 proceris;
1267 2325 1451 2380 Fonsa
1469 2325 1554 2379 vir
1565 2324 1977 2380 illustrissimus
1992 2342 2125 2380 ana-

496 2420 864 2477 thematizans
889 2418 1211 2491 subscripsi.
1239 2418 1415 2473 Afrila
1440 2418 1525 2472 vir
1548 2417 1955 2473 illustrissimus
1984 2435 2123 2474 ana-

494 2513 872 2570 thematizans
898 2511 1220 2583 subscripsi.
1253 2511 1416 2566 Abila
1444 2511 1529 2566 vir
1548 2511 1955 2567 illustrissimus
1982 2530 2123 2568 ana-

494 2605 868 2664 thematizans
898 2604 1223 2677 subscripsi.
1262 2604 1411 2659 Flavi
1440 2604 1528 2659 vir
1558 2604 1967 2660 illustrissimus
1989 2606 2121 2660 sub-

495 2700 710 2773 scripsi.
744 2698 1016 2756 Similiter
1042 2703 1099 2754 et
1127 2714 1327 2754 omnes
1359 2698 1613 2753 seniores
1642 2699 1960 2755 Gothorum
1986 2699 2121 2754 sub-

494 2793 859 2866 scripserunt.

565 2890 697 2942 Post
720 2885 1131 2941 confessionem
1150 2902 1288 2957 ergo
1301 2890 1357 2941 et
1374 2885 1851 2957 subscriptionem
1866 2885 2123 2941 omnium

496 2978 914 3053 episcoporum,
959 2981 1016 3035 et
1059 2978 1230 3034 totius
1273 2978 1459 3050 gentis
1506 2978 1754 3034 Gothicae
1810 2980 2119 3049 seniorum,

498 3071 934 3147 gloriosissimus
960 3071 1224 3127 dominus
1256 3075 1452 3127 noster
1479 3071 1827 3128 Reccaredus
1866 3090 1985 3141 rex,
2017 3090 2121 3145 pro

494 3166 762 3240 parandis
786 3166 951 3221 simul
988 3170 1044 3221 et
1072 3165 1475 3221 conﬁrmandis
1500 3166 1813 3238 disciplinas
1838 3166 2124 3222 ecclesias-

496 3261 620 3316 ticae
650 3260 902 3315 moribus
918 3259 1021 3315 Dei
1039 3260 1357 3315 sacerdotes
1374 3260 1565 3315 taliter
1578 3259 1777 3316 affatus
1793 3264 1877 3315 est
1893 3261 2084 3316 dicens
2104 3279 2116 3317 :

497 3351 670 3425 Regia
694 3368 827 3409 cura
854 3369 1033 3425 usque
1064 3350 1123 3407 in
1157 3368 1289 3408 eum
1316 3353 1553 3408 modum
1580 3353 1843 3425 protendi
1864 3354 2034 3410 debet
2064 3359 2122 3410 et

493 3446 661 3519 dirigi
691 3462 985 3519 quousque
1006 3447 1238 3518 plenam
1261 3446 1581 3502 constiterit
1599 3446 1780 3502 aetatis
1800 3451 1858 3502 et
1873 3448 2121 3504 scientias

492 3557 693 3613 capere
738 3540 1039 3595 rationem.
1080 3541 1221 3594 Nam
1251 3539 1394 3595 sicut
1418 3540 1477 3594 in
1508 3540 1679 3595 rebus
1703 3542 1970 3597 humanis
1995 3543 2115 3613 glo-

489 3633 696 3690 riosius
726 3633 941 3690 eminet
968 3638 1215 3705 potestas
1256 3633 1435 3705 regia,
1481 3633 1562 3688 ita
1603 3637 1660 3689 et
1702 3632 2119 3707 prospicienda;

489 3726 877 3783 commoditati
900 3726 1459 3797 comprovincialium
1493 3728 1678 3798 major
1720 3729 1889 3783 debet
1917 3746 2037 3785 esse
2065 3735 2120 3786 et

490 3817 863 3891 providentia.
890 3821 967 3873 Ac
995 3833 1167 3885 nunc,
1193 3818 1503 3873 beatissimi
1548 3820 1884 3890 sacerdotes,
1911 3839 2030 3878 non
2058 3822 2116 3878 in

492 3913 572 3967 eis
600 3910 999 3967 tantummodo
1047 3910 1220 3966 rebus
1266 3911 1642 3967 diffundimus
1683 3913 1969 3970 solertiam
2008 3934 2116 3973 no-

493 4010 688 4073 stram,
717 4002 922 4075 quibus
953 4003 1149 4075 populi
1179 4002 1283 4059 sub
1315 4009 1506 4059 nostro
1526 4005 1809 4077 regimine
1828 4006 1996 4080 positi
2015 4025 2115 4082 pa-

492 4097 776 4153 catissime
804 4097 1201 4168 gubernentur
1219 4101 1276 4153 et
1304 4098 1514 4167 vivant,
1548 4099 1648 4154 sed
1681 4100 1852 4156 etiam
1887 4103 1944 4157 in
1962 4104 2119 4175 adju-

490 4191 633 4247 torio
661 4190 867 4248 Christi
892 4191 1250 4247 extendimus
1265 4209 1370 4248 nos
1394 4193 1465 4249 ad
1487 4209 1553 4249 ea
1574 4211 1700 4267 quae
1720 4200 1855 4251 sunt
1872 4198 2120 4254 caelestia

490 4284 835 4357 excogitare,
855 4288 911 4340 et
928 4300 1041 4357 quo
1057 4286 1296 4358 populos
1314 4286 1510 4343 ﬁdeles
1531 4288 1778 4344 efﬁciant
1805 4291 2118 4363 satagimus

491 4396 605 4435 non
635 4379 875 4435 nescire.
905 4379 1187 4435 Caeterum
1218 4379 1262 4435 si
1308 4381 1435 4436 totis
1464 4382 1765 4439 nitendum
1795 4389 1879 4440 est
1906 4386 2119 4442 viribus

488 4468 759 4529 humanis
804 4471 1060 4528 moribus
1107 4474 1345 4529 modum
1390 4491 1603 4547 ponere
1654 4480 1710 4533 et
1750 4477 2117 4536 insolentium

2140 2378 2279 2576 ᾗ

2224 1959 2340 2008 stra
2366 1953 2481 2009 Deo
2502 1954 2735 2009 docente
2755 1954 3005 2010 decrevit
3028 1956 3314 2010 serenitas.
3337 1956 3412 2010 De
3433 1959 3639 2010 caetero
3660 1959 3855 2010 autem

2224 2047 2595 2119 prohibendis
2621 2047 2989 2103 insolentium
3016 2049 3272 2104 moribus
3301 2048 3515 2105 mediat
3542 2049 3697 2103 vobis
3727 2066 3860 2103 con-

2225 2141 2501 2195 sentiente
2522 2141 2825 2196 clementia
2850 2143 3144 2197 sententiis
3169 2141 3471 2197 terminate
3498 2141 3854 2197 districtiori-

2224 2234 2329 2289 bus
2343 2237 2398 2289 et
2411 2234 2577 2290 ﬁrma
2591 2235 2886 2306 disciplina
2896 2252 3010 2307 qua
3023 2236 3285 2290 facienda
3295 2252 3412 2291 non
3427 2239 3576 2303 sunt,
3590 2236 3859 2307 prohibe-

2224 2333 2277 2382 te
2302 2330 2359 2382 et
2380 2345 2509 2399 quae
2528 2330 2651 2383 ﬁeri
2669 2329 2879 2384 debent
2891 2330 3170 2384 immobili
3187 2329 3588 2384 constitutione
3605 2330 3855 2384 ﬁrmate.

2506 2447 2785 2548 Incipiunt
2816 2478 3063 2547 capitula
3082 2477 3317 2547 ejusdem
3340 2481 3565 2534 concilii.

2300 2614 2346 2665 l.
2362 2610 2813 2665 Utconciliorum
2833 2614 3040 2666 statuta
3062 2617 3118 2667 et
3135 2614 3440 2683 primulum
3466 2614 3855 2668 Romanorum

2225 2703 2451 2759 decreta
2477 2704 2886 2759 custodiantur.

2294 2800 2345 2851 2.
2374 2798 2440 2853 Ut
2466 2797 2525 2852 in
2552 2798 2819 2853 omnibus
2836 2798 3084 2855 ecclesiis
3105 2799 3197 2855 die
3218 2799 3508 2856 Dominica
3530 2800 3857 2873 symbolum

2224 2890 2514 2947 recitetur.

2294 2988 2345 3040 3.
2379 2985 2451 3039 Ut
2494 3003 2566 3041 ne
2606 2986 2733 3058 quis
2788 2990 2947 3041 extra
2996 2986 3390 3043 necessitatem
3440 3005 3559 3043 rem
3604 2988 3857 3043 ecclesia:

2221 3077 2448 3134 alienet.

2294 3174 2346 3227 4.
2379 3174 2448 3228 Ut
2478 3174 2641 3229 liceat
2667 3175 2930 3247 episcopo
2954 3193 3127 3230 unam
3156 3192 3225 3231 ex
3249 3176 3528 3247 parochiis
3563 3176 3852 3233 basilicam

2223 3267 2637 3323 monasterium
2664 3269 2871 3324 facere.

2293 3365 2344 3417 5.
2374 3362 2441 3417 Ut
2470 3362 2786 3417 sacerdotes
2818 3366 2874 3418 et
2898 3364 3081 3419 levitze
3113 3381 3241 3420 cum
3270 3365 3543 3421 uxoribus
3584 3366 3701 3421 suis
3740 3384 3854 3422 non

2219 3456 2427 3511 vivant.

2291 3554 2342 3606 6.
2373 3552 2442 3606 Ut
2470 3565 2663 3605 servus
2693 3550 2943 3608 ecclesiae
2988 3554 3059 3608 ab
3111 3553 3373 3626 episcopo
3403 3554 3783 3609 manumissus
3822 3572 3857 3610 a

2218 3645 2566 3717 patrimonio
2593 3647 2840 3702 ecclesiae
2877 3664 3171 3720 nunquam
3202 3648 3448 3714 recedat,
3479 3653 3536 3703 et
3563 3654 3629 3704 ut
3657 3648 3847 3704 liberti

2220 3738 2463 3795 aliorum
2489 3740 2559 3795 ab
2581 3740 2841 3813 episcopo
2869 3741 3273 3798 defendantur.

2290 3838 2342 3889 7.
2390 3834 2461 3889 Ut
2502 3834 2575 3889 ad
2623 3851 2879 3891 mensam
2911 3835 3161 3909 episcopi
3192 3835 3494 3909 Scriptura:
3520 3834 3726 3891 divinae
3767 3836 3851 3892 le-

2221 3933 2450 3998 gantur.

2290 4023 2342 4076 8.
2358 4020 2430 4077 Ut
2449 4020 2633 4077 clerici
2651 4022 2721 4078 de
2733 4022 2950 4079 familia
2961 4022 3123 4078 ﬁscia
3136 4020 3392 4096 principe
3409 4040 3524 4079 non
3540 4019 3852 4079 donentur.

2290 4117 2343 4170 9.
2371 4116 2443 4171 Ut
2466 4115 2713 4171 ecclesiae
2754 4117 3098 4172 Arianorum
3149 4118 3223 4173 ad
3256 4117 3596 4173 catholicum
3626 4116 3851 4190 episco-

2218 4226 2376 4282 pum,
2406 4210 2465 4265 in
2490 4210 2648 4281 cujus
2673 4210 2902 4266 dioecesi
2930 4215 3062 4266 sunt
3088 4215 3489 4284 permaneant.

2294 4307 2377 4360 lO.
2408 4306 2478 4361 Ut
2500 4305 2684 4359 viduis
2714 4322 2816 4377 pro
2845 4306 3094 4361 castitate
3122 4305 3445 4362 violentiam
3484 4305 3671 4361 nullus
3700 4304 3847 4362 infe-

2220 4403 2324 4466 rat,
2357 4402 2413 4453 et
2442 4401 2507 4452 ut
2533 4398 2739 4454 mulier
2763 4398 2937 4454 invita
2956 4398 3140 4454 virum
3160 4416 3279 4455 non
3301 4400 3487 4455 ducat.

2294 4494 2377 4546 Η.
2410 4493 2479 4547 Ut
2504 4496 2701 4563 potens
2727 4493 3115 4566 paenitentiam
3148 4498 3299 4566 agat.

485 4567 701 4623 rabiem
754 4565 910 4639 regia
953 4569 1229 4638 potestate
1273 4568 1585 4641 refrenare,
1617 4570 1665 4625 si
1702 4572 1881 4643 quieti
1911 4578 1965 4629 et
1990 4573 2117 4646 paci

2295 4588 2378 4639 t2.
2417 4586 2497 4639 De
2535 4585 2623 4641 his
2652 4587 2749 4658 qui
2795 4565 3207 4659 penitentiam,
3232 4591 3476 4660 poscunt
3521 4587 3564 4643 si
3614 4587 3700 4643 vir
3740 4595 3847 4659 est,

486 4661 938 4759 Propfigandifiu
960 4677 1131 4759 οΡεξΠι
1184 4661 1489 4759 ξφδ-θωξωᾼ
1515 4661 1876 4737 impendere,
1936 4669 2117 4724 mllltO
2136 4661 2189 4673 u
2216 4678 2373 4751 prius
2401 4679 2723 4750 tondeatur,
2755 4681 2801 4735 si
2828 4681 3039 4737 femina
3067 4681 3222 4759 prius
3249 4682 3509 4737 habitum
3540 4685 3745 4737 mutet.

487 4756 673 4828 magis
688 4758 775 4811 est
786 4753 1112 4810 adhibenda
1123 4755 1445 4812 sollicitudo
1458 4756 1781 4814 desiderare
1796 4764 1854 4815 et
1864 4762 2115 4833 cogitare

487 4846 695 4918 divina,
726 4848 948 4904 inhiare
996 4849 1069 4904 ad
1115 4847 1385 4904 sublimia
1430 4854 1488 4905 et
1525 4850 1595 4905 ab
1639 4866 1833 4907 errore
1860 4856 2117 4912 retractis

474 4942 709 5015 populis
734 4942 1033 4999 veritatem
1082 4940 1164 4996 eis
1217 4958 1429 4998 serenae
1475 4943 1616 4998 lucis
1666 4947 1986 5004 ostendere.
2028 4951 2116 5007 Sic

486 5036 641 5091 enim
652 5034 771 5106 agit
781 5035 879 5107 qui
894 5034 1288 5108 multipliciter
1302 5053 1336 5092 a
1348 5038 1466 5093 Deo
1482 5040 1837 5095 remunerari
1849 5040 2110 5100 intendit.

486 5129 577 5185 Sic
607 5129 760 5183 enim
783 5129 943 5185 audit
969 5129 1065 5201 qui
1095 5146 1267 5203 super
1286 5131 1345 5186 id
1367 5132 1520 5204 quod
1550 5132 1601 5187 ei
1627 5128 1999 5191 committitur
2019 5154 2115 5194 au-

487 5224 601 5294 get,
624 5222 761 5277 dum
776 5222 859 5277 illi
876 5222 1083 5279 dicitur
1103 5241 1116 5278 :
1136 5223 1424 5298 Quidquid
1452 5230 1963 5301 supererogaveris,
1979 5248 2109 5305 ego,

484 5328 616 5373 cum
664 5316 907 5387 rediero,
951 5319 1185 5374 reddam
1212 5320 1335 5375 tibi.
1366 5323 1514 5393 Ergo
1545 5325 1682 5396 quia
1700 5325 1821 5397 jam
1847 5326 1978 5382 ﬁdei
2006 5345 2108 5383 no-

482 5415 616 5467 stree
642 5415 701 5466 et
726 5410 1099 5466 confessionis
1122 5412 1366 5468 formam
1390 5416 1561 5485 plena
1581 5418 1722 5474 serie
1737 5421 1925 5475 vestra
1938 5420 2112 5477 beati-

480 5504 619 5562 tudo
649 5503 946 5573 recensuit,
977 5504 1145 5559 simul
1172 5512 1228 5560 et
1254 5508 1629 5580 sacerdotum,
1661 5515 2108 5587 nostrorumque

480 5615 781 5672 procerum
812 5597 954 5653 ﬁdes
979 5602 1148 5670 atque
1172 5600 1445 5656 confessio
1466 5606 1752 5661 sanctitati
1774 5612 1971 5663 vestras
1985 5627 2111 5682 per-

479 5694 665 5764 patuit
708 5694 813 5749 hoc
837 5710 870 5747 a
894 5693 1008 5748 Deo
1036 5694 1353 5749 necessario
1389 5713 1492 5767 pro
1522 5699 1788 5757 ﬁrmitate
1816 5703 2109 5759 catholicae

481 5786 608 5840 ﬁdei
624 5793 813 5842 nostra
825 5786 938 5842 Deo
950 5787 1188 5859 supplex
1202 5787 1496 5846 instituere
1517 5790 1768 5851 decrevit
1783 5796 2106 5869 auctoritas,

482 5882 543 5931 ut
572 5888 804 5955 propter
830 5880 1206 5936 roborandam
1237 5882 1421 5955 gentis
1447 5890 1655 5943 nostra:
1675 5889 1953 5945 novellam
1981 5908 2111 5947 con-

2290 4775 2375 4828 l3.
2402 4774 2472 4827 Ut
2501 4773 2691 4829 clerici
2716 4775 2815 4847 qui
2845 4776 3140 4831 saeculares
3166 4775 3389 4848 judices
3416 4779 3715 4848 appetunt,
3746 4793 3847 4832 ex-

2216 4868 2732 4925 communicentur.

2289 4961 2375 5017 14.
2406 4963 2481 5017 De
2508 4963 2739 5018 Judaais.

2288 5059 2373 5110 l5.
2400 5057 2470 5111 Ut
2499 5057 2643 5112 servi
2669 5055 2790 5112 ﬁsci
2810 5057 2908 5130 qui
2929 5056 3225 5113 ecclesiam
3255 5058 3611 5125 construunt,
3627 5055 3846 5114 eisdem

2214 5147 2408 5204 dotem
2437 5149 2666 5205 faciant.

2288 5245 2371 5297 16.
2403 5244 2471 5299 Ut
2497 5245 2749 5317 episcopi
2774 5262 2903 5301 cum
2918 5245 3232 5317 judicimus
3258 5246 3411 5301 idola
3439 5240 3756 5313 destruant,
3785 5250 3846 5299 ut

2213 5334 2430 5390 domini
2461 5336 2833 5394 idololatriam
2866 5339 3041 5394 servis
3069 5339 3431 5411 prohibeant.

2289 5430 2369 5480 t7.
2403 5427 2473 5481 Ut
2500 5428 2745 5500 episcopi
2771 5444 2901 5484 cum
2933 5429 3220 5500 judicibus
3253 5433 3547 5484 necatores
3591 5428 3841 5483 ﬁliorum

2212 5519 2428 5575 acriore
2456 5520 2753 5593 disciplina
2776 5524 3105 5595 corripiant.

2289 5617 2369 5669 l8.
2398 5615 2467 5669 Ut
2497 5616 2670 5670 semel
2716 5616 2774 5671 in
2819 5634 2968 5671 anno
3011 5615 3263 5688 synodus
3304 5614 3423 5682 ﬁat,
3455 5619 3512 5669 et
3539 5615 3763 5686 judices
3788 5620 3845 5670 et

2213 5712 2428 5762 actores
2454 5708 2572 5763 ﬁsci
2603 5714 2911 5781 pressantes
2942 5710 3075 5764 sint.

2288 5805 2369 5857 l9.
2397 5802 2467 5857 Ut
2492 5804 2726 5857 ecclesia
2754 5820 2885 5859 cum
2911 5804 3077 5859 rebus
3103 5803 3224 5877 ejus
3246 5802 3318 5859 ad
3339 5801 3592 5877 episcopi
3618 5801 3842 5858 ordina-

2216 5892 2423 5950 tionem
2458 5895 2759 5970 perlineat.
