4054 6300
165 345 170 348 ’
201 348 305 410 433

257 468 363 518 ‘20.
398 467 465 519 Ut
497 466 793 539 cpiscopus
823 470 1086 542 angarias
1117 478 1198 528 vel
1232 477 1573 536 indictioncs
1603 485 1660 538 in
1696 487 1830 542 dirr-

197 557 313 610 cesi
343 575 462 612 non
489 557 765 631 imponat.

267 654 356 704 21.
391 653 462 706 Ut
487 669 605 707 non
632 654 798 711 liceat
815 657 1103 727 judicibus
1133 664 1364 720 clericos
1390 669 1479 722 vel
1519 686 1709 726 servos
1739 690 1829 728 ec-

194 744 380 799 clesia:
407 745 465 799 in
495 747 610 800 suis
635 751 888 819 angariis
917 770 1215 825 occupare.

263 842 354 892 22.
411 841 480 894 Ut
518 841 922 912 religiosorum
967 864 1206 919 corpora
1256 854 1551 922 psallendo
1602 863 1828 915 tantum

194 931 568 987 deducantur.

265 1028 354 1080 23.
388 1027 459 1080 Ut
485 1027 545 1080 in
575 1033 903 1087 sanctorum
928 1036 1197 1091 natalitiis
1222 1039 1597 1098 ballimathize
1629 1047 1824 1115 prohi-

189 1118 456 1174 beantur.

499 1213 838 1272 INCIPIUNT
875 1221 1183 1278 DECRETA
1224 1226 1535 1286 CONCILII.

259 1307 393 1362 CAP.
443 1309 484 1362 Ι.
537 1309 672 1363 Post
716 1311 1151 1370 damnationem
1203 1319 1433 1375 haeresis
1477 1325 1716 1397 Arianae,
1765 1332 1824 1382 et

188 1400 321 1454 ﬁdei
354 1404 566 1456 sanctae
609 1404 896 1460 catholicae
943 1411 1378 1482 expositionem,
1408 1416 1516 1471 hoc
1558 1425 1817 1476 sanctum

186 1495 463 1565 praecepit
489 1497 787 1551 concilium
813 1516 824 1552 :
845 1501 913 1554 Ut
935 1502 1070 1572 quia
1095 1521 1128 1557 a
1147 1509 1437 1562 nonnullis
1457 1512 1544 1564 vel
1566 1512 1815 1582 haeresis,

187 1588 268 1641 vel
288 1588 624 1659 gentilitatis
655 1594 985 1648 necessitate
1008 1613 1112 1666 per
1127 1599 1523 1670 Hispaniarum
1556 1608 1818 1662 ecclesias

186 1681 499 1736 canonicus
529 1686 944 1754 praetermissus
989 1694 1072 1744 est
1120 1693 1279 1760 ordo,
1307 1695 1444 1750 dum
1492 1703 1547 1752 et
1591 1699 1818 1755 licentia

182 1773 503 1830 abundaret
526 1779 996 1848 transgrediendi,
1032 1787 1090 1837 et
1121 1785 1430 1858 disciplinae
1455 1791 1606 1861 optio
1635 1810 1811 1864 nega-

1467 372 1938 436 DISCRETALILIM
1976 386 2355 444 CULI.ECTIU.

3463 416 3565 471 454

1857 503 1914 574 Α
1937 493 2238 550 manifesta
2263 497 2332 552 sit
2361 504 2417 554 et
2459 500 2852 563 testimonium
2895 511 3119 581 habeat,
3157 521 3214 569 et
3252 517 3324 570 ad
3355 521 3564 576 Christi

1933 601 2136 657 corpus
2167 595 2224 643 et
2248 594 2590 663 sanguinem
2615 601 3034 669 prmlibandum
3061 611 3291 677 pectora
3318 613 3558 682 populo-

1935 695 2065 733 rum
2092 681 2205 734 ﬁde
2236 686 2529 752 puriﬁcata
2559 693 2848 750 accedant.

2001 774 2085 827 III.
2127 775 2252 828 Haec
2291 785 2484 834 sancta
2538 787 2785 854 synodus
2834 792 2980 845 nulli
3037 794 3429 866 episcoporum
3487 800 3556 855 li-

1929 866 2172 920 centiam
2191 869 2393 924 tribuit
2417 889 2505 927 res
2523 877 2770 934 alienare
2800 883 3068 954 ecclesiae,
3085 888 3354 957 quoniam
3379 896 3434 945 et
3451 908 3551 945 an-

1927 1052 2075 1121 quod
2115 1053 2418 1111 utilitatem
2457 1076 2573 1114 non
2614 1071 2810 1133 gravet
2846 1070 3094 1125 ecclesiae
3132 1089 3236 1143 pro
3278 1074 3546 1148 suffragio

1924 1147 2336 1203 monachorum
2369 1151 2454 1205 vel
2486 1155 2735 1210 ecclesiis
2765 1159 2838 1213 ad
2868 1178 3028 1217 suam
3056 1165 3384 1234 parochiam
3412 1147 3546 1240 per-

1924 1238 2228 1294 tinentium
2265 1243 2544 1312 dederint,
2565 1248 2799 1304 ﬁrmum
2831 1261 3079 1311 maneat.
3108 1259 3548 1330 Peregrinorum

1921 1333 2009 1386 vel
2037 1333 2370 1389 clericorum
2410 1343 2467 1392 et
2513 1356 2821 1411 egenorum
2871 1350 3191 1404 necessitati
3238 1353 3392 1408 salvo
3415 1354 3548 1424 jure

1921 1424 2180 1480 Ecclesiae
2227 1434 2498 1499 praestare
2544 1436 2955 1503 permittuntur
2995 1457 3098 1510 pro
3140 1447 3393 1515 tempore
3419 1464 3546 1518 quas

1919 1523 2249 1587 potuerunt.

1991 1613 2076 1665 IV.
2120 1613 2177 1666 Si
2221 1615 2516 1687 episcopus
2557 1636 2730 1676 unam
2773 1624 2841 1678 de
2894 1628 3256 1696 parochianis
3300 1632 3542 1686 ecclesiis

1918 1704 2032 1757 suis
2051 1709 2462 1763 monasterium
2487 1712 2673 1768 dicare
2693 1716 2958 1784 voluerit,
2975 1723 3038 1772 ut
3062 1720 3119 1774 in
3144 1738 3210 1775 ea
3228 1724 3538 1780 monacho-

1916 1813 2044 1850 rum
2075 1800 2416 1869 regulariter
2445 1809 2819 1878 congregatio
2846 1810 3011 1879 vivat,
3040 1813 3146 1868 hoc
3172 1815 3240 1869 de
3265 1833 3544 1872 consensu

183 1869 360 1936 retur,
396 1867 535 1922 dum
563 1874 748 1926 omnis
777 1888 1031 1929 excessus
1068 1877 1297 1933 haeresis
1341 1883 1680 1951 probaretur
1708 1904 1810 1957 pa-
1833 1871 1890 1940 B
1915 1891 2134 1944 concilii
2165 1893 2251 1946 sui
2278 1893 2487 1950 habeat
2516 1898 2803 1955 licentiam
2849 1903 3113 1972 faciendi,
3142 1907 3237 1978 qui
3278 1908 3446 1964 etiam
3493 1910 3540 1964 si

181 1960 443 2030 trocinio,
472 1968 528 2017 et
560 1965 911 2021 abundantia
955 1970 1088 2024 mali
1135 1975 1408 2043 temporis
1436 1980 1633 2046 procul
1666 1985 1814 2034 esset

179 2054 456 2110 districtio
504 2056 831 2129 disciplinae.
861 2063 933 2116 At
961 2080 1112 2118 nunc
1157 2083 1293 2136 pace
1325 2070 1572 2124 ecclesiae
1604 2073 1811 2127 Christi

179 2147 575 2205 misericordia
628 2157 909 2224 reparata,
956 2158 1106 2227 quod
1150 2160 1464 2229 priscorum
1519 2182 1807 2221 canonum

179 2244 492 2297 auctoritas
518 2245 804 2317 prohibet,
829 2249 901 2302 sit
927 2256 1262 2322 resurgente
1289 2255 1584 2326 disciplina
1605 2258 1809 2314 inhibi-

177 2338 387 2404 tum,et
400 2341 780 2408 agaturomne
797 2341 952 2412 quod
972 2345 1264 2416 prazcepit,
1281 2357 1617 2418 permaneat
1631 2353 1690 2406 in
1705 2370 1807 2408 suo

177 2428 370 2500 vigore
387 2431 760 2488 conciliorum
782 2435 1037 2490 omnium
1060 2439 1360 2495 constituta
1381 2443 1547 2498 simul
1569 2449 1627 2499 et
1646 2464 1810 2518 syno-

177 2523 316 2577 dicae
355 2531 681 2580 sanctorum
729 2530 1038 2598 praesqum
1090 2534 1472 2590 Romanorum
1532 2539 1802 2610 epistolae.

173 2617 372 2670 Nullus
390 2618 652 2691 deinceps
673 2621 740 2675 ad
768 2625 1176 2692 promerendos
1195 2627 1440 2684 honores
1469 2633 1804 2690 ecclesiasti-

175 2726 270 2764 cos
297 2717 495 2766 contra
522 2714 803 2769 canonhm
833 2720 1042 2772 statuta
1083 2720 1295 2791 aspiret
1338 2723 1628 2795 indignus,
1661 2729 1806 2783 nihil

176 2821 242 2857 ex
291 2803 399 2859 hoc
442 2805 540 2860 ﬁat
585 2808 736 2878 quod
786 2812 959 2864 sancti
1005 2814 1196 2868 Patres
1243 2815 1457 2886 Spiritu
1496 2819 1597 2873 Dei
1644 2822 1804 2892 pleni

175 2902 491 2952 sanxerunt
519 2900 722 2956 debere
750 2919 863 2957 non
893 2904 1037 2974 ﬁeri,
1061 2912 1116 2961 et
1145 2908 1241 2977 qui
1270 2915 1695 2984 praesumpserit
1716 2932 1801 2972 se-

173 2991 409 3046 veritate
441 2993 698 3063 priorum
730 3012 1013 3052 canonum
1052 3000 1444 3073 distringatur.
1487 3003 1519 3070 μ’

247 3086 311 3138 Il.
335 3087 442 3140 Pro
464 3089 786 3143 reverentia
807 3093 863 3144 et
881 3093 1222 3148 exaltatione
1244 3085 1609 3154 sanctissima;
1631 3103 1802 3172 atque

173 3179 695 3237 intemeratissimae
722 3183 928 3238 Christi
944 3185 1079 3241 ﬁdei
1095 3193 1334 3260 propter
1353 3193 1801 3248 corroborandas

997 3239 1155 3259 Mer
1175 3239 1323 3260 τ---
1357 3239 1800 3248 “uuam”..-

174 3277 227 3327 et
261 3269 578 3328 'fulciendas
606 3276 908 3332 hominum
937 3279 1208 3336 invalidas
1239 3289 1475 3354 mentes,
1508 3304 1636 3357 quae
1682 3289 1796 3343 fre-
1821 3239 1876 3313 Ο

175 3373 418 3436 quenter
442 3369 653 3438 partim
683 3371 1023 3442 ignorantiae
1051 3374 1184 3430 vitio
1214 3377 1344 3447 (quo
1371 3381 1700 3435 naturaliter
1729 3383 1799 3436 ab

172 3460 309 3531 ipsis
329 3461 457 3516 vitae.
483 3463 748 3534 auspiciis
774 3465 1061 3541 nascimur
1089 3469 1465 3543 obtenebrati)
1494 3491 1528 3527 a
1547 3474 1634 3527 via
1652 3475 1798 3528 veri-

169 3555 304 3609 tatis
322 3555 590 3611 aberrare
612 3559 818 3626 solent,
842 3562 1051 3631 partim
1071 3563 1415 3620 educationis
1436 3567 1652 3621 infelici
1674 3585 1796 3622 cor-

169 3649 391 3719 ruptela
408 3649 729 3721 depravata
749 3670 1159 3727 nonnunquam
1176 3660 1328 3728 quod
1346 3665 1497 3714 recta
1510 3662 1653 3716 ratio
1672 3679 1795 3717 mo-

169 3747 270 3796 net
299 3749 356 3798 et
381 3745 652 3799 naturalis
693 3746 856 3802 docet
893 3749 1215 3819 instinctus,
1249 3758 1306 3808 et
1349 3755 1508 3826 sequi
1553 3756 1799 3811 veritatis

169 3836 384 3907 puritas
410 3838 759 3911 exhortatur,
783 3858 895 3896 non
925 3843 1044 3899 sine
1076 3847 1236 3915 gravi
1267 3847 1480 3901 animae
1502 3848 1796 3920 dispendio

169 3931 548 4001 despicantur.
589 3933 725 3988 Hinc
762 3935 862 3989 ubi
903 3937 1095 3992 anima
1137 3940 1430 3994 rationalis
1477 3942 1667 3998 nobile
1697 3944 1798 3999 Dei

166 4025 388 4095 plasma
412 4030 470 4080 et
494 4027 787 4098 egregium
832 4031 1137 4086 artiﬁcium
1167 4035 1536 4091 sanctissimae
1561 4039 1800 4094 Trinita-

167 4117 239 4171 tis
259 4118 477 4174 habens
494 4119 553 4174 in
575 4137 632 4175 se
652 4123 887 4194 vestigia
908 4125 979 4179 ad
999 4125 1083 4180 sui
1108 4127 1392 4184 Creatoris
1413 4147 1670 4186 amorem
1694 4150 1799 4204 per

166 4227 362 4268 veram
375 4212 814 4284 intelligentiam
826 4217 1057 4274 deberet
1069 4221 1276 4276 elevari
1291 4224 1632 4295 ignorantiae
1649 4230 1797 4280 tenes

165 4306 284 4361 bris
328 4307 610 4379 obvoluta,
659 4310 730 4365 ad
777 4312 1007 4367 haeresis
1046 4317 1385 4385 pravitatem
1431 4319 1669 4388 deﬂexa,
1709 4320 1796 4374 sui

165 4401 443 4456 Creatoris
465 4418 662 4458 verum
704 4405 919 4460 cultum
965 4407 1176 4464 deserit
1220 4410 1326 4465 diis
1369 4412 1566 4467 alienis
1613 4414 1794 4469 inser-

167 4492 474 4591 viensﬁiiis
506 4495 680 4568 igitur
720 4499 1097 4556 incommodis
1143 4507 1473 4560 occurrendi
1515 4524 1702 4576 causa,
1738 4512 1798 4564 ut

1914 1983 1984 2036 de
2016 1985 2184 2038 rebus
2210 1989 2457 2042 ecclesiae.
2485 2007 2588 2061 pro
2616 2009 2813 2048 eorum
2836 1997 3150 2053 substantia
3177 2001 3392 2072 aliquid
3426 2020 3539 2074 quo

1912 2077 2310 2133 detrimentam
2342 2083 2589 2138 ecclesize
2619 2103 2736 2140 non
2769 2089 3057 2159 exhibeat,
3092 2093 3276 2148 eidem
3302 2095 3426 2149 loco
3447 2097 3541 2151 do-

1912 2171 2144 2241 naverit,
2175 2173 2246 2227 sit
2290 2175 2505 2230 stabile.
2553 2179 2655 2233 Hei
2700 2180 2868 2235 bonas
2919 2186 3233 2240 statueudze
3279 2194 3537 2245 sanctum

1909 2264 2208 2318 concilium
2241 2267 2340 2321 dat
2368 2285 2727 2327 consensum.

1979 2358 2039 2409 V.
2055 2358 2426 2430 Compertum
2443 2367 2573 2418 esta
2590 2373 2784 2422 sancto
2803 2369 3061 2436 concilio,
3081 2370 3396 2443 episcopos,
3413 2390 3539 2444 pre-

1907 2449 2158 2520 sbyteros
2195 2458 2250 2506 et
2290 2453 2576 2524 diaconos,
2609 2460 2904 2514 venientes
2950 2479 3020 2516 ex
3065 2463 3273 2518 haeresi
3319 2468 3533 2521 carnali

1905 2543 2088 2596 adhuc
2118 2544 2400 2600 desiderio
2431 2551 2700 2604 uxoribus
2742 2554 3011 2623 copulari.
3046 2557 3123 2610 Ne
3150 2573 3285 2626 ergo
3323 2558 3390 2612 de
3421 2576 3530 2614 caa-

1907 2638 2027 2689 tero
2051 2637 2158 2690 hoc
2185 2639 2286 2692 ﬁat
2327 2642 2672 2712 praecipitur,
2704 2647 2855 2716 quod
2884 2652 2940 2701 et
2969 2649 3279 2703 canonibus
3320 2650 3528 2721 priori-

1903 2727 2009 2782 bus
2052 2731 2394 2800 continetur,
2436 2737 2649 2790 utnon
2685 2737 2848 2792 liceat
2890 2740 2970 2793 eis
3009 2741 3193 2796 vivere
3236 2742 3527 2812 libidinos,

1903 2822 2189 2892 societate,
2209 2825 2306 2878 sed
2328 2831 2598 2882 manente
2624 2829 2773 2884 inter
2793 2848 2889 2886 eos
2915 2834 3201 2906 conjugali
3229 2835 3357 2906 lege
3377 2853 3531 2891 com-

1902 2931 2135 2970 munem
2184 2917 2490 2973 utilitatem
2537 2921 2798 2991 habeant,
2828 2929 2885 2979 et
2926 2942 3041 2981 non
3089 2928 3192 2981 sub
3240 2945 3352 2982 uno
3397 2945 3529 2984 con-

1902 3009 2040 3064 clavi
2072 3015 2356 3079 maneant,
2385 3015 2468 3068 vel
2501 3018 2652 3069 certe
2680 3017 2724 3070 si
2766 3018 3115 3090 suffragatur
3139 3021 3314 3076 virtus
3343 3023 3399 3075 in
3426 3023 3534 3078 alia

1902 3103 2075 3157 domo
2103 3121 2264 3158 suam
2291 3121 2532 3161 uxorem
2558 3108 2730 3164 faciat
2755 3112 3034 3181 habitare,
3053 3116 3117 3167 ut
3137 3114 3361 3168 castitas
3380 3116 3532 3186 apud

1902 3197 2081 3250 Deum
2101 3203 2157 3252 et
2177 3199 2328 3268 apud
2348 3199 2612 3255 homines
2640 3203 2850 3258 habeat
2870 3206 3263 3261 testimonium
3291 3208 3528 3263 bonum.

1903 3289 1961 3344 Si
1990 3290 2085 3360 qui
2114 3308 2246 3346 vero
2277 3298 2406 3363 post
2436 3294 2581 3348 hanc
2625 3298 3068 3353 conventionem
3115 3299 3356 3356 obscene
3399 3318 3531 3356 cum

1901 3400 2081 3438 uxore
2125 3384 2362 3455 elegerit
2390 3386 2600 3457 vivere,
2632 3393 2696 3442 ut
2737 3407 2844 3444 nec
2888 3393 3066 3447 lector
3107 3393 3403 3464 habeatur,
3433 3394 3532 3466 qui

1900 3493 2032 3531 vero
2059 3494 2290 3548 semper
2326 3479 2428 3532 sub
2478 3497 2692 3536 canone
2741 3483 3116 3539 ecclesiastico
3148 3487 3451 3557 jacuerint,
3483 3487 3528 3541 si

1899 3575 2097 3624 contra
2120 3573 2375 3626 veterum
2422 3571 2694 3643 imperata
2735 3575 2794 3629 in
2843 3577 2956 3630 suis
2998 3578 3212 3631 cellulis
3257 3579 3525 3634 mulieres

1899 3681 2026 3734 quas
2074 3664 2324 3719 infamiae
2370 3666 2754 3738 suspicionem
2800 3674 3036 3739 possunt
3067 3687 3354 3741 generare,
3388 3688 3527 3726 con-

1900 3757 2138 3812 sortium
2167 3758 2494 3828 habuerint,
2524 3759 2604 3814 illi
2631 3761 2900 3816 canonice
2927 3762 3159 3834 quidem
3187 3764 3528 3836 distringam-

1897 3857 2008 3919 tur,
2038 3851 2343 3906 mulierum
2370 3869 2501 3908 vero
2525 3870 2618 3908 res
2647 3855 2717 3908 ab
2739 3854 3018 3928 episcopis
3035 3857 3454 3928 venundentur,
3471 3864 3526 3915 et

1898 3945 2146 4015 pretium
2183 3946 2367 4017 ipsum
2398 3947 2742 4019 pauperibus
2773 3955 3061 4020 erogetur.

1968 4039 2054 4094 VI.
2085 4040 2162 4093 De
2190 4040 2407 4094 libertis
2433 4045 2622 4098 autem
2659 4042 2765 4096 hoc
2797 4044 3071 4115 praecepit
3114 4050 3307 4100 sancta
3353 4062 3521 4118 syno-

1897 4133 2021 4200 dus,
2051 4138 2112 4189 ut
2141 4133 2185 4187 si
2218 4133 2314 4204 qui
2345 4135 2662 4206 presbyteri
2688 4137 2774 4190 vel
2798 4135 3022 4191 diaconi
3049 4138 3120 4192 ab
3151 4139 3424 4211 episcopis
3447 4141 3525 4196 fa-

1896 4227 1971 4280 cti
1987 4229 2120 4280 sunt
2137 4226 2446 4281 secundum
2471 4229 2706 4282 modum
2733 4247 2846 4300 quo
2872 4247 3119 4286 canones
3144 4232 3363 4304 antiqui
3385 4234 3526 4288 dant

1894 4319 2327 4388 licentiam,sint
2353 4321 2536 4388 liberi,
2572 4327 2629 4376 et
2656 4327 2849 4376 tamen
2877 4341 2909 4377 a
2937 4325 3248 4394 patronicio
3278 4327 3523 4382 ecclesia:

1896 4416 2012 4467 tam
2037 4413 2221 4468 clerici
2253 4430 2426 4484 quam
2452 4415 2521 4468 ab
2548 4414 2626 4469 eis
2653 4415 2950 4487 progeniti
2987 4434 3101 4472 non
3133 4419 3418 4487 recedant,
3452 4421 3522 4475 ab

1895 4507 2018 4561 aliis
2047 4523 2273 4579 quoque
2301 4506 2548 4560 libertati
2573 4508 2765 4561 traditi
2789 4514 2845 4564 et
2865 4510 3112 4564 ecclesiis
3139 4512 3522 4568 commendati

166 4590 374 4643 erroris
388 4590 569 4645 nubes
588 4592 757 4664 longe
782 4595 1152 4666 repellantur,
1175 4601 1230 4652 et
1250 4599 1505 4653 veritatis
1525 4618 1590 4656 ac
1611 4604 1793 4657 unica:
1813 4611 1873 4683 D
1895 4600 2205 4673 patrocinio
2249 4599 2497 4670 episcopi
2527 4600 2890 4671 colligantur,
2918 4608 2975 4657 et
3003 4619 3076 4658 ne
3115 4604 3382 4675 cuiquam
3420 4605 3519 4660 do-

161 4682 294 4738 ﬁdei
319 4684 585 4755 splendor
613 4687 856 4756 illuceat,
889 4690 1302 4763 hominumque
1327 4694 1615 4749 mentibus
1641 4697 1794 4768 puri-

165 4777 298 4830 tatis
343 4781 402 4832 et
439 4779 543 4833 viae
584 4779 895 4837 infallibilis
939 4785 1282 4854 puchritudo
1341 4787 1642 4857 inseratur,
1687 4808 1795 4862 per

163 4887 334 4942 quam
364 4874 517 4927 totus
546 4874 753 4930 animae
777 4877 1009 4932 affectus
1028 4879 1088 4933 in
1112 4882 1287 4935 Deum
1319 4899 1485 4936 suum
1521 4885 1790 4952 elevetur,

165 4970 218 5020 et
241 4965 391 5021 illius
411 4970 577 5039 rapta
598 4969 877 5025 desiderio
903 4974 1169 5044 prudenti
1194 4976 1465 5048 indagine
1494 4979 1790 5033 oculorum

163 5059 309 5114 acies
342 5060 418 5115 ad
457 5063 651 5118 lumen
679 5066 931 5120 veritatis
967 5067 1425 5140 incxstinguibile
1457 5072 1603 5143 (qua
1648 5074 1792 5128 Deus

165 5154 267 5224 est)
293 5171 523 5226 prorsus
550 5163 863 5230 convertat,
883 5162 1003 5216 sine
1025 5163 1183 5234 cujus
1208 5164 1443 5219 obtentu
1474 5167 1614 5220 nihil
1641 5167 1792 5222 aliud

165 5247 286 5318 agit
314 5265 481 5303 mens
511 5268 687 5322 quam
719 5255 1002 5323 caacutire,
1032 5273 1203 5328 quam
1235 5258 1522 5328 aberrare,
1559 5278 1726 5332 quam
1761 5279 1793 5315 a

163 5340 441 5397 felicitatis
461 5361 629 5416 scopo
655 5346 947 5417 dimoveri,
973 5352 1227 5406 consultu
1251 5352 1486 5422 piissimi
1509 5357 1565 5408 et
1586 5355 1793 5426 glorio-

164 5434 375 5490 sissimi
414 5438 714 5494 Reccaredi
755 5441 905 5513 regis
952 5444 1246 5498 constituit
1287 5448 1555 5517 synodus,
1596 5454 1660 5502 ut
1694 5466 1794 5520 per

164 5545 364 5585 omnes
378 5531 640 5587 ecclesias
658 5533 937 5606 Hispaniae
959 5541 1016 5592 et
1036 5538 1312 5593 Callaeciae
1335 5543 1649 5596 secundum
1675 5544 1789 5597 for-

165 5639 322 5678 mam
335 5625 697 5682 orientalium
714 5630 1075 5686 ecclesiarum
1089 5634 1311 5687 concilii
1327 5637 1794 5708 Constantinopo‘

164 5717 346 5788 litani,
376 5719 484 5774 hoc
530 5725 615 5774 est
655 5729 885 5778 centum
935 5726 1348 5798 quinquaginta
1396 5729 1792 5801 episcoporum

165 5811 487 5882 symbolum
516 5813 649 5870 ﬁdei
694 5817 964 5874 recitatur
1007 5823 1063 5874 et
1109 5821 1448 5893 priusquam
1501 5824 1796 5879 Dominica

169 5905 388 5963 dicatur
407 5908 609 5982 oratio,
633 5927 767 5966 voce
807 5913 950 5968 clara
993 5914 1348 5987 praedicetur,
1369 5933 1481 5990 quo
1513 5919 1648 5972 ﬁdes
1671 5936 1793 5976 vera

1892 4698 2101 4751 nentur
2130 4712 2163 4748 a
2187 4693 2444 4766 principe
2473 4693 2579 4748 hoc
2607 4695 2907 4767 episc0pus
2933 4697 3198 4767 postulet.

1965 4790 2072 4844 VII.
2103 4789 2210 4843 Pro
2237 4787 2551 4843 reverentia
2580 4787 2680 4842 Dei
2706 4791 2763 4843 et
2792 4790 3149 4844 sacerdotum
3177 4790 3232 4844 id
3260 4790 3523 4847 universa

1894 4887 2084 4938 sancta
2135 4881 2427 4937 constituit
2485 4883 2754 4953 synodus,
2793 4885 2859 4938 ut
2907 4882 3038 4954 quia
3087 4884 3268 4938 solent
3321 4887 3520 4942 crebro

1893 4977 2104 5032 mensis
2130 4977 2321 5032 otiosae
2352 4976 2559 5031 fabulae
2585 4976 2888 5048 interponi,
2911 4977 2970 5030 in
3000 4977 3161 5032 omni
3191 4979 3522 5036 sacerdotali

1894 5071 2150 5126 convivio
2182 5071 2347 5126 lectio
2378 5071 2795 5142 Scripturarum
2837 5070 3160 5126 divinarum
3190 5072 3519 5142 misceatur,

1895 5181 1996 5235 per
2022 5165 2131 5220 hoc
2158 5165 2310 5219 enim
2333 5169 2390 5218 et
2409 5165 2614 5219 animae
2636 5164 2991 5220 aediﬁcantur
3013 5165 3084 5220 ad
3111 5166 3349 5235 bonum,
3373 5171 3429 5223 et
3445 5168 3522 5222 fa—

1892 5258 2041 5313 bulae
2071 5275 2188 5312 non
2224 5258 2559 5313 necessariae
2588 5257 2982 5329 prohibentur.

1964 5353 2098 5406 VIII.
2129 5351 2366 5406 Jubente
2397 5354 2591 5406 autem
2625 5356 2795 5424 atque
2839 5353 3226 5410 consentiente
3276 5355 3519 5413 Domino

1893 5451 2212 5505 Reccaredo
2263 5450 2321 5504 id
2364 5449 2634 5520 praecepit
2689 5451 3034 5506 sacerdotale
3091 5453 3410 5524 concilium,
3459 5460 3522 5508 ut

1893 5544 2120 5599 clericos
2146 5560 2215 5598 ex
2245 5542 2462 5596 familia
2489 5541 2607 5596 ﬁsci
2635 5545 2826 5598 nullus
2852 5545 3056 5600 audeat
3083 5563 3116 5600 a
3142 5546 3394 5618 principe
3417 5547 3517 5600 do-

1892 5643 2054 5693 natos
2083 5641 2367 5708 expetere,
2396 5635 2496 5690 sed
2525 5636 2715 5692 traditi
2745 5638 2946 5710 capitis
2992 5640 3076 5694 sui
3115 5640 3390 5694 tributum
3426 5655 3519 5694 ec-

1894 5731 2076 5786 clesia:
2102 5731 2220 5800 Dei,
2249 5730 2337 5785 cui
2367 5732 2500 5784 sunt
2545 5730 2762 5802 alligati
2799 5748 2982 5803 usque
3021 5732 3158 5786 dum
3186 5731 3397 5802 vivunt,
3432 5748 3518 5788 res

1897 5824 2170 5898 gulariter
2190 5823 2614 5879 administrent.
3311 5875 3314 5880 .

1968 5919 2050 5977 IX.
2087 5921 2318 5975 Decreto
2356 5917 2529 5991 huius
2557 5917 2774 5973 concilii
2805 5917 2907 5972 hoc
2936 5916 3222 5986 statuitur,
3254 5923 3320 5973 ut
3349 5919 3527 5977 ecclcn
