4054 6292
517 375 619 440 I253

1405 375 1684 430 AI’PEND.
1727 373 1812 427 AD
1849 371 2012 426 SEC.
2056 369 2143 422 IX.
2167 397 2233 405 —
2273 366 2518 422 ISIDURI
2560 361 2982 419 MERCATORIS

3781 347 3876 413 4:36

518 494 615 546 sia
661 507 790 562 qua
832 490 1063 544 fuerunt
1114 486 1172 539 in
1219 484 1424 538 haresi
1472 483 1698 550 Ariana,
1743 497 1895 534 nunc
1946 483 2138 533 autem
2161 475 2444 562 Apretio,
2473 474 2543 528 ad
2588 474 2912 527 libertatem
2954 474 3013 524 et
3051 467 3390 540 religionem
3431 467 3667 522 redeant
3711 468 3876 522 Chri-

519 587 652 638 sunt
675 582 967 637 catholica
996 580 1068 634 ad
1097 595 1190 633 eos
1222 576 1512 648 episcopos
1539 591 1668 628 cum
1685 573 1800 626 suis
1818 572 1989 626 rebus
2016 586 2142 640 per-

518 677 754 742 tineant,
788 675 858 728 ad
888 689 1029 744 quos
1063 669 1345 742 parochia
1386 669 1523 739 ipsa
1553 667 1610 720 in
1639 666 1844 738 quibus
1881 664 2020 735 ipsa
2047 679 2139 717 ec-

519 769 700 823 clesia
728 767 979 821 fundata
1005 766 1154 830 sunt,
1184 762 1472 834 pertinere
1499 759 1781 814 videntur.

591 876 782 949 110
813 879 874 931 Χ.
917 878 1023 930 Pro
1070 873 1328 929 consulto
1371 870 1661 936 castitatis,
1695 868 1848 940 quod
1890 866 2143 922 maxime

517 973 879 1026 hortamento
905 969 1129 1025 concilii
1156 967 1432 1039 proﬁcere
1461 966 1684 1033 debeat,
1713 968 1997 1017 annuente
2019 962 2142 1032 glo-

516 1067 666 1121 rioso
701 1064 931 1118 domino
969 1067 1164 1117 nostro
1204 1059 1526 1116 Reccaredo
1557 1074 1712 1129 rege,
1746 1057 1855 1110 hoc
1885 1059 2144 1119 sanctum

520 1159 772 1213 afﬁrmat
813 1156 1140 1225 concilium,
1168 1160 1230 1208 ut
1251 1153 1436 1207 vidua
1485 1151 1693 1223 quibus
1736 1148 2026 1221 placuerit,
2055 1152 2141 1202 te-

518 1255 694 1305 neant
721 1249 1055 1316 castitatem,
1091 1253 1148 1301 et
1175 1245 1334 1300 nulla
1361 1244 1527 1299 vidua
1553 1243 1625 1297 ad
1654 1242 1884 1313 nUptias
1922 1241 2142 1294 intran-

519 1344 617 1397 das
642 1342 838 1396 venire
865 1343 1126 1412 cogatur,
1158 1338 1310 1410 quod
1337 1337 1383 1391 si
1409 1337 1738 1407 priusquam
1767 1335 2146 1406 proﬁteantur

518 1435 934 1490 continentiam
983 1433 1200 1486 nubere
1248 1430 1547 1502 elegerint,
1591 1429 1698 1482 illis
1743 1429 1960 1482 nubant
2003 1443 2144 1497 quos

517 1529 748 1600 propria
772 1528 1064 1582 voluntate
1091 1524 1372 1579 voluerint
1412 1523 1620 1577 habere
1661 1522 1916 1590 maritos,
1945 1520 2144 1574 similis

519 1620 768 1675 conditio
800 1624 856 1675 et
882 1619 951 1674 de
979 1618 1292 1688 virginibus
1321 1617 1615 1685 habeatur,
1641 1631 1746 1669 uec
1768 1619 1926 1668 extra
1951 1614 2146 1667 volun-

519 1717 695 1768 tatem
734 1715 1060 1784 parentum,
1087 1716 1144 1766 et
1184 1726 1364 1774 suam,
1397 1709 1634 1763 maritos
1676 1713 1952 1778 cogantur
1996 1706 2142 1760 acci-

519 1819 675 1877 pere.
709 1805 766 1860 Si
802 1806 927 1876 quis
955 1821 1088 1859 vero
1136 1803 1492 1875 propositum
1533 1801 1800 1856 castitatis
1845 1799 2029 1854 vidua
2058 1799 2144 1852 vel

2241 569 2478 622 tianam.

2311 662 2417 714 XV.
2451 660 2509 715 Si
2544 661 2642 731 qui
2674 676 2744 714 ex
2789 657 2964 712 servis
3009 657 3296 711 ﬁscalibus
3337 656 3572 709 fortasse
3617 654 3880 710 ecclesias

2242 753 2686 820 construxerint,
2716 768 2920 822 easque
2942 751 3013 805 de
3042 768 3142 805 sua
3169 751 3502 821 paupertate
3533 748 3878 816 dotaverint,

2241 848 2346 902 has
2371 850 2640 919 procuret
2669 847 2967 916 episc0pus
2996 860 3164 916 prece
3207 860 3308 898 sua
3345 841 3683 897 auctoritate
3715 841 3881 912 regia

2243 940 2586 996 conﬁrmari.
2615 925 2638 1024 χ

2313 1035 2441 1089 XVI.
2477 1033 2756 1097 Quoniam
2784 1047 2932 1103 pene
2975 1048 3078 1102 per
3103 1046 3336 1085 omnem
3379 1028 3728 1100 Hispaniam,
3760 1028 3877 1081 sive

2245 1127 2566 1181 Gallaciam
2594 1125 2930 1180 idololatria
2955 1124 3321 1195 sacrilegium
3348 1122 3583 1177 inolevit
3608 1122 3715 1176 hoc
3744 1137 3879 1175 cum

2244 1236 2521 1274 consensu
2549 1217 2936 1289 gloriosissimi
2963 1217 3236 1288 principis
3255 1219 3450 1270 sancta
3467 1215 3711 1286 synodus
3732 1214 3882 1268 ordi-

2243 1313 2418 1381 navit,
2437 1318 2501 1367 ut
2520 1312 2704 1366 omnis
2730 1311 2991 1366 sacerdos
3016 1311 3076 1364 in
3098 1311 3220 1365 loco
3248 1326 3348 1364 suo
3378 1325 3490 1363 una
3509 1325 3640 1362 cum
3654 1307 3875 1378 judice,

2246 1406 2512 1461 territorii
2546 1405 2909 1476 sacrilegium
2941 1409 3323 1459 memoratum
3361 1402 3607 1457 studiose
3641 1402 3877 1473 perqui-

2243 1503 2353 1567 rat,
2384 1499 2763 1554 exterminare
2785 1499 3082 1553 inventum
3109 1514 3225 1552 non
3256 1497 3502 1563 differat,
3524 1512 3724 1550 omnes
3745 1511 3878 1549 vero

2244 1594 2342 1664 qui
2366 1593 2437 1647 ad
2472 1594 2645 1647 talem
2676 1609 2926 1647 errorem
2964 1594 3332 1658 concurrunt,
3364 1591 3485 1644 sine
3520 1588 3875 1656 discrimine,

2245 1703 2359 1758 qua
2385 1689 2695 1756 potuerunt
2735 1685 3248 1752 animadversione,
3281 1688 3605 1749 coerceant,
3640 1683 3794 1753 quod
3831 1682 3879 1736 si

2247 1779 2626 1850 neglexerint,
2673 1778 2852 1832 sciant
2895 1795 2953 1833 se
2999 1777 3231 1848 utrique
3279 1775 3878 1832 excommunicationis

517 1899 751 1969 virginis
776 1898 1118 1969 impedierit,
1151 1913 1184 1951 a
1209 1900 1398 1952 sancta
1423 1895 1824 1950 communione
1856 1898 1912 1948 et
1943 1909 1975 1946 a
2002 1891 2144 1945 limi-

2245 1873 2560 1944 periculum
2591 1889 2710 1926 esse
2741 1871 3045 1926 subituros.
3065 1871 3120 1926 Si
3150 1871 3250 1942 qui
3278 1887 3410 1925 vero
3429 1869 3655 1924 Domini
3683 1869 3878 1924 exstir-

518 1994 684 2048 nibus
713 1992 957 2046 ecclesia
987 1985 1265 2045 habeatur
1291 1992 1607 2044 extraneus.

587 2111 671 2164 XI.
719 2108 992 2171 Quoniam
1050 2104 1429 2177 comperimus
1484 2121 1586 2176 per
1623 2103 1892 2175 quasdam
1947 2102 2141 2172 Hispa-

519 2201 744 2256 niarum
771 2199 1033 2254 ecclesias
1061 2215 1180 2253 non
1221 2197 1534 2252 secundum
1576 2213 1868 2263 canonem,
1903 2196 1997 2249 sed
2037 2195 2141 2249 fa-

517 2293 744 2349 dissime
770 2309 872 2364 pro
909 2292 1025 2346 suis
1061 2291 1302 2362 peccatis
1340 2289 1602 2344 homines
1643 2305 1815 2359 agere
1859 2288 2142 2359 poeniten-

518 2389 673 2456 tiam,
702 2390 757 2441 et
787 2385 1053 2456 quotiens
1082 2399 1312 2455 peccare
1337 2383 1587 2453 libuerit,
1617 2382 1826 2438 totiens
1857 2381 2140 2452 apresby-

515 2480 648 2533 teris
668 2478 1024 2533 reconciliari
1050 2477 1430 2548 expostulent,
1461 2480 1517 2530 et
1541 2476 1671 2530 ideo
1698 2492 1802 2546 pro
1833 2475 2144 2530 coercenda

515 2576 629 2626 tam
661 2571 982 2626 exsecrabili
1022 2569 1488 2641 prasumptione,
1523 2570 1577 2623 id
1606 2585 1639 2622 a
1667 2572 1861 2622 sancto
1900 2567 2140 2622 concilio

506 2666 758 2736 jubetur,
776 2668 837 2718 ut
854 2664 1167 2719 secundum
1195 2665 1440 2718 formam
1462 2678 1748 2717 canonum
1774 2662 2139 2733 antiquorum

515 2759 682 2812 detur
715 2756 1066 2828 poenitentia,
1099 2757 1207 2811 hoc
1249 2760 1352 2823 est,
1383 2767 1444 2809 ut
1471 2755 1628 2827 prius
1671 2771 1803 2809 eum
1847 2772 2019 2826 quem
2056 2754 2142 2808 sui

515 2850 750 2921 panitet
778 2851 908 2904 facti
933 2867 966 2902 a
996 2849 1398 2904 communione
1430 2865 1769 2919 suspensum
1795 2847 1965 2902 faciat
1993 2848 2142 2902 inter

513 2944 764 3014 reliquos
795 2943 1133 3014 poenitentes
1158 2943 1227 2996 ad
1258 2959 1457 2996 manus
1487 2941 1912 3012 impositionem
1942 2942 2140 2996 crebro

515 3052 826 3104 recurrere,
855 3036 1080 3106 expleto
1112 3041 1304 3090 autem
1332 3035 1733 3090 satisfactionis
1763 3038 2038 3106 tempore,
2061 3036 2136 3090 si-

515 3129 626 3183 cuti
653 3129 1010 3184 sacerdotalis
1030 3129 1434 3200 contemplatio
1464 3129 1810 3200 probaverit,
1831 3146 1963 3183 eum
1985 3145 2141 3183 com-

514 3222 772 3276 munioni
797 3221 1070 3276 restituat.
1099 3222 1205 3286 Qui
1232 3239 1363 3278 vero
1399 3223 1468 3277 ad
1491 3223 1721 3294 prOpria
1751 3221 1902 3288 vitia,
1933 3223 2018 3276 vel
2049 3222 2136 3276 in-

513 3315 597 3369 fra
634 3315 980 3386 poenitentia
1024 3319 1270 3387 tempus,
1319 3317 1404 3371 vel
1447 3320 1576 3387 post
1619 3315 2139 3370 reconciliationem

512 3408 1186 3484 relabuntur,sccundum
1201 3410 1459 3481 priorum
1475 3426 1761 3464 canonum
1779 3409 2137 3464 severitatem

512 3502 872 3557 damnentur.

582 3614 690 3669 XII.
723 3613 1061 3686 Quicunque
1090 3614 1160 3668 ab
1191 3613 1477 3684 episcopo,
1499 3613 1584 3667 vel
1609 3612 1941 3684 presbytero
1970 3630 2139 3668 sanus

513 3707 598 3760 vel
644 3707 902 3761 inﬁrmus
945 3707 1335 3778 paenitentiam
1378 3707 1643 3777 postulat,
1677 3706 1734 3760 id
1775 3712 1904 3760 ante
1947 3706 2141 3761 omnia

511 3799 807 3871 episcopus
848 3805 1032 3854 servet
1068 3805 1125 3852 et
1163 3799 1478 3869 presbyter,
1509 3802 1572 3852 ut
1596 3798 1641 3852 si
1667 3798 1750 3852 vir
1777 3804 1879 3867 est,
1910 3799 2022 3854 sive
2049 3817 2136 3854 sa-

513 3910 638 3959 nus,
671 3893 784 3946 sive
816 3893 1078 3946 inﬁrmus
1107 3891 1262 3962 prius
1294 3908 1428 3945 eum
1457 3891 1707 3958 tondeat,
1736 3896 1835 3946 aut
1864 3893 1922 3946 in
1947 3893 2138 3949 cinere

513 3989 570 4040 et
596 3984 775 4038 cilicio
802 3985 1059 4039 habitum
1087 3987 1312 4038 mutare
1342 3983 1526 4051 faciat,
1551 3987 1609 4038 et
1638 3986 1714 4039 sic
1745 3987 2139 4056 poenitentiam

514 4079 568 4133 ei
591 4077 794 4132 tradat.
825 4077 881 4133 Si
912 4095 1044 4132 vero
1087 4077 1296 4131 mulier
1320 4077 1509 4145 fuerit,
1537 4094 1651 4132 non
1690 4079 1927 4150 accipiat
1953 4081 2134 4151 poeni-

511 4171 771 4241 tentiam,
805 4171 910 4225 nisi
941 4171 1097 4242 prius
1124 4174 1221 4225 aut
1265 4172 1445 4226 velata
1485 4172 1677 4242 fuerit,
1708 4176 1806 4227 aut
1837 4175 2140 4230 mutaverit

512 4266 790 4334 habitum,
819 4265 1024 4337 sapius
1053 4264 1205 4319 enim
1236 4264 1388 4319 laicis
1421 4282 1551 4320 cum
1577 4267 1812 4321 feminis
1836 4267 2138 4324 tribuendo

510 4359 784 4414 desidiose
816 4357 1229 4430 paenitentiam,
1262 4359 1332 4412 ad
1363 4359 1728 4415 lamentanda
1771 4378 1968 4416 rursus
1999 4361 2135 4417 faci-

511 4471 648 4508 nora
678 4456 803 4524 post
831 4457 1121 4523 acceptam
1154 4451 1549 4524 paenitentiam
1581 4455 1931 4510 relabuntur.

578 4567 705 4621 XIII.
740 4568 950 4622 Inoleta
976 4565 1352 4639 prasumptio
1381 4584 1556 4639 usque
1583 4568 1724 4623 adeo
1753 4569 1963 4624 illicitis
1993 4569 2137 4625 ausi-

508 4660 612 4715 bus
661 4660 878 4715 aditum
936 4661 1223 4732 patefecit,
1269 4663 1330 4714 ut
1373 4660 1558 4715 clerici
1618 4663 1957 4718 conclericos
2005 4682 2136 4719 suos

511 4755 700 4809 relicto
743 4755 1006 4825 pontiﬁce
1039 4771 1140 4809 suo
1166 4755 1236 4808 ad
1275 4754 1490 4824 judicia
1529 4755 1751 4826 publica
1778 4758 2132 4827 pertrahant.

508 4848 751 4902 Proinde
782 4849 1101 4918 statuimus,
1135 4851 1198 4902 ut
1223 4848 1330 4902 hoc
1355 4848 1424 4902 de
1454 4850 1658 4902 catero
1689 4866 1806 4904 non
1831 4867 2136 4921 prasuma-

510 4947 620 4994 tur.
661 4940 716 4996 Si
761 4942 887 5012 quis
931 4942 1039 4996 hoc
1081 4941 1510 5013 praesumpserit
1550 4942 1755 5012 facere,
1805 4948 1862 4998 et
1906 4962 2136 5000 causam

509 5032 729 5103 perdat,
764 5051 797 5087 a
823 5036 1231 5091 communione
1257 5035 1539 5090 efﬁciatur
1567 5041 1890 5092 extraneus.

580 5144 708 5197 XIV.
755 5145 1076 5199 Conventus
1119 5152 1314 5202 noster
1361 5147 1470 5201 hoc
1515 5147 1830 5203 canonibus
1879 5150 2130 5206 inseren-

509 5237 644 5291 dum
699 5238 987 5307 praecepit,
1037 5243 1097 5292 ut
1141 5241 1347 5294 Judais
1395 5259 1513 5297 non
1561 5243 1731 5296 liceat
1789 5244 2133 5299 Christianas

508 5329 714 5384 habere
756 5345 978 5397 uxores,
1009 5331 1098 5384 vel
1143 5335 1504 5404 concubinas,
1551 5352 1736 5406 neque
1782 5337 2130 5408 mancipium

503 5422 887 5480 Christianum
910 5422 968 5478 in
992 5440 1125 5478 usus
1146 5427 1404 5495 proprios
1423 5445 1773 5500 comparare,
1794 5430 1889 5484 sed
1910 5435 1966 5484 et
1985 5430 2131 5484 ﬁlios

503 5517 602 5590 qui
631 5534 694 5572 ex
726 5517 824 5572 tali
862 5518 1128 5590 conjugio
1159 5519 1277 5572 nati
1321 5527 1470 5588 sunt,
1505 5523 1872 5577 assumendos
1898 5540 2017 5577 esse
2058 5525 2129 5578 ad

500 5612 872 5683 baptismum.
920 5613 1080 5666 Nulla
1129 5612 1317 5667 ofﬁcia
1362 5615 1583 5682 publica
1635 5616 1716 5670 eis
1758 5617 2132 5687 injungantur

504 5721 606 5774 per
640 5722 766 5776 qua
815 5705 895 5759 eis
943 5706 1160 5759 occasio
1207 5705 1490 5759 tribuatur
1529 5710 1858 5764 Christianis
1903 5727 2126 5780 poenam

504 5797 735 5853 inferre.
763 5797 820 5853 Si
848 5798 946 5869 qui
971 5814 1105 5852 vero
1135 5797 1440 5852 Christiani
1467 5800 1536 5852 ab
1581 5801 1660 5854 eis
1698 5803 1970 5857 Judaismi
2013 5805 2127 5858 ritu

503 5892 638 5945 sunt
681 5889 966 5957 maculati,
1008 5893 1089 5944 vel
1147 5889 1316 5944 etiam
1367 5890 1699 5963 circumcisi,
1747 5911 1858 5950 non
1904 5897 2127 5952 reddito

2244 1983 2382 2037 pare
2413 1967 2520 2020 hoc
2549 1966 2763 2019 malum
2793 1965 2860 2020 de
2893 1965 3241 2037 possessione
3280 1981 3382 2018 sua
3408 1961 3786 2034 neglexerint,
3820 1966 3880 2017 et

2245 2059 2473 2113 familia
2523 2058 2823 2130 prohibere
2872 2059 3182 2126 noluerint,
3213 2058 3284 2112 ab
3327 2057 3588 2129 episcopo
3617 2060 3674 2111 et
3701 2055 3810 2128 ipsi
3843 2073 3878 2109 a

2243 2152 2651 2208 communione
2677 2152 2981 2222 pellantur.

2314 2247 2462 2300 XVII.
2495 2248 2634 2301 Cum
2668 2245 2861 2299 multa
2905 2246 3152 2316 querela
3188 2244 3261 2298 ad
3300 2261 3465 2300 aures
3509 2243 3690 2298 sancti
3734 2260 3874 2298 cono

2243 2340 2358 2394 cilii
2379 2339 2757 2404 deferrentur,
2783 2338 2934 2392 inter
2953 2342 3159 2393 catera
3175 2341 3348 2392 tanta
3368 2337 3712 2392 crudelitatis
3732 2354 3877 2408 opus

2244 2431 2556 2499 nuntiatur,
2577 2434 2854 2503 quantum
2880 2431 3287 2486 conﬁdentium
3318 2448 3482 2486 aures
3512 2430 3875 2485 sacerdotum

2243 2543 2361 2581 non
2403 2529 2632 2596 possent
2675 2525 2976 2592 sustinere,
3013 2529 3073 2579 ut
3101 2525 3160 2578 in
3205 2525 3544 2596 quibusdam
3590 2523 3877 2595 Hispania

2240 2619 2497 2690 partibus
2525 2619 2672 2673 ﬁlios
2696 2635 2825 2672 suos
2843 2621 3105 2688 parentes
3131 2619 3458 2673 interimant
3484 2617 3879 2672 fornicationis

2240 2713 2408 2781 avidi,
2439 2712 2660 2783 pietatis
2695 2712 2886 2780 alieni,
2916 2712 3119 2783 quibus
3147 2712 3191 2765 si
3218 2712 3450 2766 tadium
3480 2714 3563 2766 est
3589 2710 3736 2765 ﬁlios
3764 2728 3875 2765 nu-

2240 2805 2520 2860 merosius
2560 2821 2749 2876 agere,
2791 2805 2948 2875 prius
2987 2805 3204 2877 seipsos
3252 2805 3464 2860 debent
3507 2804 3793 2875 castigare
3841 2821 3876 2857 a

2240 2899 2630 2968 fornicatione,
2678 2915 2810 2952 nam
2857 2898 2994 2952 dum
3041 2916 3209 2953 causa
3263 2897 3646 2971 propaganda
3693 2897 3878 2969 prolis

2238 2993 2521 3047 sociantur
2546 2991 2827 3062 conjugia,
2858 2991 3164 3062 parricidio
3194 2997 3250 3046 et
3281 2991 3650 3046 fornicatione
3677 2996 3881 3045 tenen-

2239 3089 2332 3140 tur
2356 3085 2586 3140 obnoxii
2629 3085 2724 3156 qui
2767 3084 2912 3138 ﬁlios
2949 3084 3207 3138 necando
3247 3084 3528 3156 proprios,
3558 3084 3773 3138 docent
3815 3100 3877 3138 se

2238 3196 2352 3233 non
2375 3196 2479 3250 pro
2508 3178 2654 3248 ﬁliis,
2684 3179 2780 3232 sed
2806 3195 2910 3248 pro
2938 3178 3174 3231 libidine
3205 3194 3411 3233 uxores
3442 3177 3690 3232 duxisse.
3738 3179 3877 3232 Pro-

2241 3273 2371 3327 inde
2404 3278 2595 3326 tamen
2622 3272 2776 3326 nefas
2801 3272 2868 3326 ad
2899 3271 3286 3342 cognitionem
3332 3271 3716 3342 gloriosissimi
3760 3273 3874 3326 Do-

2239 3366 2381 3420 mini
2408 3366 2588 3420 nostri
2619 3364 2925 3420 Reccaredi
2952 3364 3103 3436 regis
3129 3365 3413 3435 perlatum
3445 3369 3546 3432 est,
3564 3364 3729 3435 cujus
3751 3365 3872 3436 glo-

2240 3460 2324 3514 ria
2354 3458 2586 3529 dignata
2611 3462 2694 3513 est
2711 3458 2999 3529 judicibus
3030 3459 3362 3513 earumdem
3402 3458 3652 3529 partium
3685 3459 3873 3530 impe-

2241 3569 2388 3619 rare,
2418 3555 2484 3606 ut
2506 3551 2885 3606 amovendum
2915 3555 3138 3605 tantum
3166 3551 3387 3605 facinus
3415 3551 3721 3621 diligenter
3741 3568 3876 3606 cum

2239 3645 2526 3699 sacerdote
2547 3649 2872 3716 procurent,
2889 3648 2948 3699 et
2967 3644 3159 3700 habita
3180 3644 3478 3699 severitate
3501 3643 3869 3715 prohibeant.

2239 3741 2386 3810 Ergo
2419 3741 2476 3793 et
2515 3738 2833 3793 sacerdotes
2882 3738 3141 3792 locorum
3183 3737 3515 3792 eorumdem
3559 3737 3618 3791 in
3667 3738 3876 3809 quibus

2239 3831 2463 3886 sceleris
2487 3831 2660 3902 hujus
2686 3831 3018 3886 immunitas
3058 3831 3373 3903 peragitur,
3393 3836 3586 3886 sancta
3617 3831 3874 3903 synodus

2239 3925 2622 3997 pracipiendo
2665 3925 2945 3993 convenit,
2973 3928 3036 3980 ut
3078 3925 3233 3980 idem
3278 3925 3458 3980 scelus
3503 3941 3636 3980 cum
3673 3925 3873 3996 judice

2238 4019 2512 4073 curiosius
2543 4022 2822 4090 quarant,
2851 4022 2909 4072 et
2937 4019 3058 4073 sine
3105 4018 3333 4090 capitali
3367 4018 3616 4074 vindicta
3663 4019 3873 4074 acriori

2241 4112 2535 4184 disciplina
2558 4113 2918 4184 prohibeant.
2992 4106 3053 4261 Σ

2308 4209 2478 4261 XVIII.
2508 4206 2782 4261 Pracenit
2808 4207 2930 4261 hac
2951 4223 3012 4260 sa

2308 4209 2478 4262 XVIII.
2508 4206 2782 4278 Pracepit
2808 4207 2930 4261 hac
2951 4205 3142 4262 sancta
3164 4211 3221 4262 et
3245 4205 3576 4262 universalis
3592 4207 3866 4278 synodus,

2240 4306 2300 4357 ut
2337 4306 2519 4356 stante
2553 4302 2805 4372 priorum
2837 4300 3168 4356 auctoritate
3197 4317 3502 4369 canonum,
3536 4317 3665 4372 qua
3695 4301 3784 4356 bis
3808 4302 3868 4356 in

2237 4413 2388 4449 anno
2415 4395 2687 4466 pracepit
2713 4395 3049 4466 congregari
3077 4395 3316 4450 concilia
3356 4394 3573 4449 itineris
3610 4395 3867 4466 longitu-

2237 4489 2387 4558 dine,
2414 4490 2472 4541 et
2513 4493 2845 4560 paupertate
2883 4488 3251 4544 ecclesiarum
3281 4488 3584 4560 Hispania,
3606 4490 3781 4544 semel
3808 4489 3869 4545 in

2236 4599 2385 4636 anno
2412 4582 2471 4637 in
2495 4582 2616 4637 loco
2640 4598 2813 4654 quem
2839 4582 3309 4652 metropolitanus
3335 4581 3594 4654 elegerit,
3620 4582 3872 4655 episcopi

2237 4679 2680 4748 congregentur,
2713 4676 2935 4746 judices
2974 4692 3107 4731 vero
3157 4677 3412 4730 locorum
3461 4679 3560 4729 aut
3605 4679 3873 4731 auctores

2236 4771 2514 4826 ﬁscalium
2543 4769 3021 4842 patrimoniorum
3048 4786 3114 4824 ex
3155 4770 3381 4824 decreto
3426 4769 3643 4823 domini
3689 4771 3872 4825 nostri

2235 4865 2403 4920 simul
2429 4882 2558 4919 cum
2590 4864 2946 4919 sacerdotum
2973 4863 3214 4918 concilio
3250 4863 3568 4918 autumnali
3608 4867 3869 4936 tempore

2235 4959 2324 5014 die
2347 4959 2728 5014 Calendarum
2760 4957 3166 5013 Novembrium
3193 4957 3252 5012 in
3279 4973 3456 5012 unum
3500 4957 3863 5028 conveniant,

2235 5056 2299 5106 ut
2344 5052 2579 5119 discant,
2629 5069 2800 5123 quam
2852 5051 2963 5122 pie,
3003 5051 3179 5121 juste,
3229 5056 3284 5107 et
3338 5051 3684 5120 humaniter,
3735 5066 3869 5106 cum

2233 5145 2459 5217 populis
2513 5162 2684 5217 agere
2729 5145 2994 5212 debeant,
3043 5161 3149 5199 nec
3193 5145 3417 5216 injustis
3473 5144 3862 5216 vectigalibus,

2232 5243 2288 5294 et
2341 5239 2733 5294 immoderatis
2780 5238 3171 5294 exactionibus
3230 5239 3378 5310 ipsos
3431 5242 3713 5310 premant,
3765 5237 3866 5293 sed

2231 5331 2421 5404 potius
2448 5349 2550 5404 per
2574 5332 3000 5387 miserationem
3027 5333 3439 5404 compatientes
3460 5349 3492 5387 a
3513 5331 3863 5402 gravaminio

2229 5427 2334 5481 bus
2363 5426 2687 5496 defendant,
2709 5431 2774 5480 ut
2801 5426 2976 5480 bonos
3006 5426 3202 5498 populi
3229 5429 3444 5481 tutores
3461 5425 3644 5480 facere
3675 5425 3862 5493 decet,

2229 5537 2332 5576 nec
2359 5521 2418 5574 in
2443 5520 2712 5590 angariis,
2733 5525 2831 5574 aut
2848 5519 2908 5573 in
2942 5519 3371 5590 operationibus
3399 5518 3722 5590 superﬂuis,
3745 5518 3862 5573 sive

2230 5614 2516 5684 privatum
2548 5618 2804 5683 onerent,
2829 5614 2946 5668 sive
2977 5613 3227 5668 ﬁscalem
3261 5618 3516 5684 gravent.
3540 5612 3684 5667 Sunt
3703 5612 3861 5666 enim

2228 5712 2672 5779 perspectatores
2699 5707 2950 5779 episcopi
2977 5707 3291 5762 secundum
3323 5706 3474 5778 regis
3504 5705 3863 5760 ammonitio-

2228 5819 2385 5871 nem,
2419 5801 2660 5873 qualiter
2693 5802 2914 5872 judices
2957 5819 3087 5856 cum
3132 5801 3355 5873 populis
3389 5803 3582 5872 agant,
3617 5803 3679 5854 ut
3704 5799 3862 5871 ipsos

2228 5895 2592 5968 pramonitos
2626 5895 2929 5964 corrigant,
2963 5900 3062 5950 aut
3103 5894 3435 5950 insolentias
3466 5909 3664 5948 eorum
3695 5894 3857 5970 prin.
