4054 6296
231 301 333 359 457

1447 305 1920 362 DECRETALIUM
1959 305 2348 362 COLLECTIO.

3487 311 3587 368 438

229 411 425 482 cipum
494 408 724 465 auribus
792 409 1168 467 innotescant.
1236 411 1401 476 Quod
1468 414 1514 468 si
1573 418 1862 486 correptos
1883 413 2256 498 AReligiosis
2314 416 2540 468 tantum
2589 413 2925 471 Christianis
2983 414 3219 471 omnino
3249 414 3412 474 aliter
3464 418 3588 476 fieri

228 504 538 559 emendare
569 504 950 576 nequiverint,
980 509 1039 560 et
1062 505 1131 560 ab
1167 505 1400 560 ecclesia
1442 512 1498 562 et
1540 525 1574 561 a
1611 525 1863 563 commu-

225 599 408 652 nione
453 599 821 670 suspendant,
871 615 903 652 a
947 599 1236 653 sacerdote
1280 616 1412 654 vero
1456 605 1514 655 et
1549 602 1862 657 senioribus

227 691 602 760 deliberetur,
632 692 769 763 quid
807 709 912 763 per
947 691 1268 762 provincias
1303 693 1362 746 in
1389 710 1489 749 suo
1521 695 1862 750 detrimento

224 787 502 856 prastare
549 784 792 839 debeant
825 785 1064 855 judices,
1098 785 1144 839 si
1172 786 1243 839 ad
1269 785 1571 840 concilium
1617 804 1734 842 non
1763 805 1860 843 ve-

225 878 441 932 nerint.
473 878 787 933 Concilium
819 893 954 932 vero
998 896 1114 933 non
1157 880 1427 948 solvatur,
1456 879 1566 934 nisi
1601 881 1758 951 prius
1787 881 1863 935 lo-

227 988 361 1025 cum
391 971 677 1042 elegerint
720 989 834 1043 quo
879 973 1214 1054 supcedente
1243 975 1519 1043 tempore,
1553 973 1761 1028 iterum
1788 974 1861 1028 ad

225 1064 530 1118 concilium
559 1064 948 1134 conveniatur,
973 1069 1034 1119 ut
1056 1065 1178 1135 jam
1225 1082 1342 1120 non
1385 1082 1613 1119 necesse
1654 1066 1864 1120 habeat

225 1157 701 1229 metropolitanus
727 1158 1026 1230 episcopus
1052 1175 1156 1229 pro
1189 1160 1593 1230 congregando
1622 1159 1859 1214 concilio

222 1252 440 1306 litteras
468 1252 772 1320 destinare,
801 1251 846 1306 si
873 1252 934 1306 in
961 1252 1147 1322 priore
1165 1252 1400 1307 concilio
1430 1256 1656 1324 tempus
1680 1253 1861 1307 omni-

225 1345 332 1399 bus
361 1345 738 1400 denuntiatur
770 1350 826 1400 et
853 1345 1027 1400 locus.

293 1440 421 1494 XIX.
476 1439 717 1504 Quidam
762 1443 958 1493 contra
1008 1455 1238 1494 omnem
1293 1440 1718 1508 auctoritatem,
1780 1440 1859 1494 sic

170 1521 177 1527 ’
223 1531 487 1586 ecclesias
526 1549 665 1603 quas
711 1531 1132 1602 adiﬁcaverint,
1185 1533 1478 1603 postulant
1521 1532 1854 1600 consecrari,

221 1631 288 1680 ut
309 1626 502 1680 dotem
537 1642 707 1696 quam
733 1625 921 1680 eidem
955 1626 1204 1680 ecclesia
1229 1627 1574 1680 contulerint
1597 1629 1859 1681 censeant

223 1719 293 1772 ad
346 1719 597 1790 episc0pi
642 1718 1060 1773 ordinationem
1097 1735 1212 1773 non
1255 1719 1566 1790 pertinere,
1601 1719 1755 1789 quod
1780 1719 1858 1774 fa-

1964 523 2078 560 non
2107 507 2319 562 debere
2349 523 2668 562 censemus.
2698 509 2786 564 Sic
2823 509 2978 564 enim
3006 509 3457 567 Christianorum
3484 529 3589 584 per

1964 616 2200 654 omnem
2253 601 2538 655 mundum
2587 602 2815 657 humari
2845 605 3069 676 oportet
3095 620 3339 675 corpora
3384 605 3584 662 defun-

1962 695 2204 748 ctorum.

2031 788 2203 842 XXIII.
2253 787 2573 858 lrreligiosa
2614 790 2962 844 consuetudo
3011 795 3113 858 est,
3163 807 3336 862 quam
3386 792 3586 864 vulgus

1961 896 2064 950 per
2088 883 2416 934 sanctorum
2441 881 2832 936 solemnitates
2857 899 3026 954 agere
3054 884 3361 938 consuevit.
3384 886 3604 956 Populi'

1959 972 2058 1043 qui
2088 973 2296 1027 debent
2343 974 2526 1027 ofﬁcia
2567 974 2759 1028 divina
2802 975 3118 1045 attendere,
3151 977 3584 1032 salutationibus

1959 1065 2218 1137 turpibus
2241 1066 2558 1137 invigilant,
2591 1067 2810 1122 cantica
2839 1084 2956 1123 non
2987 1070 3171 1124 solum
3200 1071 3349 1124 mala
3372 1087 3578 1126 canen-

1959 1161 2064 1226 tes,
2095 1159 2194 1213 sed
2226 1163 2283 1214 et
2310 1159 2706 1230 religiosorum
2748 1160 2946 1214 officiis
2984 1167 3428 1234 perstrepentes.
3471 1165 3582 1218 Hoc

1959 1252 2117 1307 enim
2144 1256 2206 1306 ut
2235 1253 2306 1308 ab
2337 1253 2496 1308 omni
2535 1252 2804 1324 Hispania
2840 1254 3173 1324 depellatur,
3204 1257 3583 1327 sacerdotum,

1959 1349 2018 1400 et
2034 1345 2317 1416 judicium
2346 1363 2378 1400 a
2404 1345 2644 1401 concilio
2672 1350 2878 1401 sancta
2907 1363 3057 1400 cura
3089 1348 3481 1407 committitur.
3557 1345 3608 1425 /

2170 1439 2423 1493 Edictum
2447 1441 2589 1506 regis
2629 1440 2695 1494 de
2723 1441 3116 1508 conﬁrmatione
3140 1443 3368 1496 concilii.

2027 1531 2474 1587 Gloriosissimus
2503 1531 2778 1587 Dominus
2804 1532 3157 1588 Reccaredus
3187 1549 3285 1587 rex
3304 1534 3582 1590 universis

1957 1626 2060 1679 sub
2086 1625 2367 1696 regimine
2389 1629 2599 1679 nostra
2619 1625 2911 1696 potestatis
2930 1625 3387 1680 consistentibus.
3410 1629 3579 1682 Ama-

1958 1721 2108 1773 tores
2157 1735 2258 1772 nos
2303 1719 2387 1772 sui
2431 1718 2621 1772 divina
2649 1718 2862 1772 faciens
2889 1718 3100 1772 veritas
3138 1719 3343 1774 nostris
3365 1720 3578 1791 princi-

221 1787 486 1866 ctumvest
505 1787 709 1879 taliter,
736 1812 794 1866 in
815 1812 1102 1883 praterito
1129 1787 1467 1882 corrigatur,
1499 1787 1639 1867 etin
1665 1813 1856 1866 futuro
1880 1787 1932 1860 Β
1956 1811 2163 1882 paliter
2206 1810 2464 1865 sensibus
2511 1811 2823 1882 inspiravit,
2869 1815 2932 1866 ut
2987 1828 3158 1866 causa
3199 1787 3581 1868 instauranda

223 1921 293 1958 ne
321 1906 437 1972 fiat,
470 1905 856 1977 prohibeatur,
891 1905 988 1959 sed
1019 1905 1214 1960 omnia
1245 1905 1563 1960 secundum
1590 1905 1856 1960 constitu-

222 1997 440 2053 tionem
467 1999 764 2070 antiquam
807 1999 880 2052 ad
907 1997 1154 2069 episcopi
1184 1998 1600 2053 ordinationem
1649 2000 1705 2052 et
1750 2015 1850 2068 po-

219 2095 489 2146 testatem
522 2093 864 2162 pertineant.

292 2187 400 2241 XX.
455 2186 594 2249 Quia
645 2179 1012 2257 cognovimus
1063 2185 1359 2257 episcopos
1410 2201 1512 2256 per
1557 2185 1854 2256 parochias

221 2296 350 2332 suas
409 2295 527 2333 non
579 2279 998 2334 sacerdotaliter
1049 2279 1348 2345 deservire,
1403 2278 1502 2332 sed
1554 2278 1853 2333 crudeliter

219 2373 526 2441 deservire,
555 2377 611 2427 et
638 2373 778 2427 dum
811 2373 1083 2443 scriptum
1114 2372 1204 2426 sit.
1240 2373 1442 2426 Forma
1468 2374 1642 2426 estote
1666 2372 1848 2441 gregi,

215 2483 334 2521 non
361 2471 426 2521 ut
452 2466 814 2521 dominantes
839 2466 899 2520 in
930 2465 1099 2532 clero,
1124 2465 1554 2534 exactionesque
1597 2465 1850 2519 dioecesis

216 2577 356 2626 sua,
387 2561 476 2614 vel
503 2560 711 2614 damna
733 2559 1012 2629 inﬂigant,
1039 2559 1275 2629 ideoque
1298 2574 1594 2612 censemus
1616 2563 1849 2628 excepto

217 2653 374 2725 quod
403 2656 662 2707 veterum
683 2653 1111 2707 constitutiones
1125 2651 1407 2723 parochiis
1424 2651 1636 2705 habere
1645 2651 1851 2722 jubent

216 2748 536 2818 episcopos,
591 2751 649 2800 ut
696 2746 807 2800 alia
851 2745 960 2799 illis
1003 2763 1130 2817 qua
1173 2745 1463 2816 hucusque
1499 2747 1849 2815 prasumpta

217 2844 349 2895 sunt
375 2841 745 2910 denegentur,
767 2841 874 2894 hoc
905 2843 1004 2908 est,
1037 2855 1224 2909 neque
1252 2838 1310 2891 in
1334 2837 1583 2908 angariis
1612 2838 1844 2908 presby-

214 2935 324 2989 teri
367 2938 468 2988 aut
503 2935 786 3001 diacones,
840 2949 1029 3004 neque
1077 2932 1135 2986 in
1188 2931 1472 3003 aliquibus
1531 2931 1848 3001 fatigentur

213 3028 568 3100 ajudicibus,
596 3044 668 3082 ne
692 3027 987 3082 videamur
1029 3025 1090 3080 in
1141 3025 1377 3080 ecclesia
1421 3025 1520 3080 Dei
1560 3030 1845 3079 exactores

213 3123 405 3194 potius
429 3138 602 3193 quam
630 3120 728 3176 Dei
755 3119 1046 3192 pontiﬁces
1070 3119 1372 3188 nominari,
1408 3119 1467 3172 hi
1496 3135 1628 3174 vero
1655 3118 1844 3173 clerici
1866 3147 1920 3220 Ο

213 3221 331 3270 tam
374 3216 601 3283 locales,
652 3231 824 3285 quam
874 3213 1172 3268 diacesani
1217 3213 1315 3284 qui
1361 3229 1420 3266 se
1463 3213 1532 3266 ab
1581 3211 1844 3283 episcopo

215 3309 434 3381 gravari
462 3309 854 3379 cognoverint,
888 3308 1146 3378 querelas
1187 3323 1314 3360 suas
1347 3307 1417 3360 ad
1448 3305 1842 3376 metropolita-

209 3421 352 3459 num
379 3403 600 3457 deferre
640 3418 754 3455 non
801 3401 1080 3467 differant,
1130 3403 1191 3454 ut
1233 3399 1701 3469 metropolitanus
1729 3415 1845 3453 non

211 3500 476 3552 moretur
511 3494 790 3566 ejusmodi
820 3494 1295 3565 praesumptiones
1323 3508 1602 3546 coercere.

281 3591 409 3644 XXI.
475 3588 850 3644 Ecclesiarum
915 3604 1122 3654 servos,
1187 3593 1244 3641 et
1305 3586 1698 3660 episcoporum
1755 3586 1841 3639 vel

212 3683 475 3738 omnium
502 3682 839 3736 clericorum
859 3699 892 3734 a
913 3680 1204 3752 judicibus
1229 3680 1316 3734 vel
1346 3677 1628 3732 actoribus
1652 3677 1859 3748 publi-.

209 3778 289 3832 cis
331 3777 393 3831 in
433 3775 666 3831 diversis
715 3773 963 3846 angariis
1012 3774 1237 3845 fatigari
1285 3772 1562 3838 dolemus,
1609 3774 1844 3842 propter

210 3871 363 3942 quod
390 3886 559 3924 omne
585 3868 886 3924 concilium
913 3885 946 3920 a
972 3868 1180 3938 pietate
1209 3865 1598 3938 gloriosissimi
1626 3864 1843 3918 domini

210 3963 397 4018 nostri
426 3962 678 4034 paposcit
704 3966 768 4015 ut
797 3961 938 4015 tales
967 3960 1234 4030 deinceps
1255 3976 1424 4013 ausus
1451 3957 1724 4024 inhibeat,
1743 3956 1840 4010 sed

209 4057 359 4112 servi
400 4055 917 4127 suprascriptorum
947 4053 1266 4108 ofﬁciorum
1311 4052 1372 4106 in
1407 4068 1607 4106 eorum
1645 4050 1840 4104 usibus

207 4153 295 4206 vel
348 4149 598 4205 ecclesia
652 4149 930 4203 laborent.
983 4147 1038 4202 Si
1091 4147 1188 4218 qui
1233 4163 1366 4201 vero
1407 4145 1690 4216 judicum,
1744 4148 1844 4198 aut

207 4249 468 4300 actorum
492 4242 783 4311 clericum,
813 4245 912 4296 aut
929 4257 1154 4294 servum
1181 4240 1365 4294 clerici
1391 4238 1478 4293 vel
1508 4237 1755 4292 ecclesia
1782 4237 1840 4290 in

203 4337 451 4410 publicis
499 4353 563 4390 ac
607 4335 841 4408 privatis
885 4333 1123 4404 negotiis
1161 4349 1440 4404 occupare
1493 4331 1754 4396 voluerit,
1809 4347 1842 4383 a

205 4429 607 4486 communione
634 4428 1004 4506 ecclesiastica
1032 4426 1136 4494 (cui
1179 4425 1659 4496 impedimentum
1690 4422 1838 4492 facit)

206 4523 487 4579 efficiatur
511 4517 895 4667 extraneus.\'

280 4617 434 4667 XXII.
478 4616 583 4667 Oui
628 4615 819 4667 divina

280 4617 434 4671 XXII.
478 4616 583 4679 Qui
628 4615 819 4668 divina
863 4609 1152 4668 Vocatione
1181 4612 1251 4665 ab
1281 4612 1384 4665 hac
1419 4610 1530 4663 vita
1566 4609 1842 4663 recedunt

209 4726 344 4764 cum
373 4708 605 4780 psalmis
647 4707 1058 4773 tantummodo,
1115 4710 1170 4760 et
1213 4702 1576 4775 psallentium
1613 4702 1841 4756 vocibus

211 4802 424 4857 debere
455 4802 524 4855 ad
556 4801 811 4872 sepulcra
841 4799 1071 4866 deferri,
1121 4815 1255 4852 nam
1299 4795 1515 4852 funeris
1539 4810 1839 4865 precamen

210 4895 366 4967 quod
395 4895 565 4964 vulgo
599 4893 878 4948 defunctis
902 4892 1118 4947 cantari
1145 4892 1303 4958 solet,
1332 4889 1418 4944 vel
1444 4887 1766 4959 pectoribus
1784 4903 1843 4942 se

213 4991 315 5042 aut
342 4987 652 5058 proximos,
677 4991 774 5041 aut
799 4985 1042 5040 familias
1071 4983 1322 5039 ecclesia
1366 4981 1602 5036 omnino
1647 4979 1840 5051 prohi-

209 5081 435 5135 bemus.
469 5079 722 5134 Sufficiat
747 5082 941 5133 autem
981 5077 1132 5149 quod
1179 5077 1240 5131 in
1280 5092 1380 5146 spe
1416 5073 1845 5129 resurrectionis

211 5173 668 5228 Christianorum
698 5171 1026 5243 corporibus
1052 5171 1363 5225 famulatus
1389 5167 1714 5223 divinorum
1743 5167 1846 5220 im-

212 5266 483 5337 penditur
511 5265 882 5320 canticorum.
922 5264 1190 5319 Prohibet
1232 5262 1385 5318 enim
1423 5278 1524 5316 nos
1551 5261 1847 5331 Apostolus

211 5363 440 5413 sanctus
468 5361 666 5430 lugere
691 5358 1004 5425 defunctos,
1022 5356 1249 5412 dicens:
1274 5374 1300 5407 «
1321 5356 1400 5409 De
1429 5353 1847 5409 dormientibus

211 5459 407 5507 autem
434 5453 570 5507 nolo
595 5469 694 5506 vos
713 5450 1056 5518 contristari,
1087 5449 1231 5504 sicut
1256 5453 1313 5504 et
1338 5448 1530 5502 cateri
1556 5447 1654 5518 qui
1686 5463 1848 5517 spem

216 5561 329 5599 non
358 5545 575 5599 habent
605 5544 655 5616 (Ι
679 5547 857 5600 Thess.
892 5561 969 5614 1v,
1003 5542 1110 5614 l2).
1141 5561 1170 5595 »
1198 5544 1265 5597 Et
1295 5541 1572 5596 Dominus
1598 5556 1716 5594 non
1743 5538 1845 5594 ﬂe-

214 5638 295 5692 vit
322 5639 595 5692 Lazarum
622 5643 933 5705 mortuum,
962 5636 1062 5692 sed
1100 5635 1172 5691 ad
1215 5635 1346 5689 vita
1389 5635 1562 5705 hujus
1606 5632 1851 5705 ploravit

217 5748 504 5786 arumnas
532 5732 951 5786 resuscitatum.
978 5730 1033 5785 Si
1053 5729 1206 5783 enim
1225 5731 1411 5800 potest
1431 5728 1538 5781 hoc
1558 5727 1851 5798 episcopus

218 5841 421 5883 omnes
457 5824 806 5882 Christianos
854 5823 1172 5899 prohibere,
1205 5837 1381 5895 agere
1425 5837 1544 5879 non
1574 5822 1849 5878 moretur.

1956 1904 2108 1971 fidei,
2162 1920 2227 1958 ac
2276 1904 2586 1975 disciplina
2617 1904 3026 1972 ecclesiastica,
3060 1905 3356 1976 episcopos
3387 1922 3584 1961 omnes

1953 1996 2235 2067 Hispania
2289 2002 2480 2051 nostro
2533 1997 2866 2068 praesentari
2928 1997 3165 2051 culmini
3225 1998 3578 2068 juberemus.

1953 2090 2315 2145 Pracedente
2347 2093 2538 2143 autem
2570 2089 2827 2160 diligenti
2865 2094 2922 2143 et
2946 2092 3110 2144 cauta
3147 2089 3577 2158 deliberatione,

1952 2182 2066 2237 sive
2094 2199 2223 2253 qua
2253 2183 2326 2236 ad
2357 2182 2531 2236 ﬁdem
2556 2181 2920 2249 conveniunt,
2963 2198 3061 2237 seu
3099 2199 3227 2253 qua
3255 2183 3326 2236 ad
3354 2200 3578 2238 morum

1952 2276 2373 2347 correptionem
2423 2275 2750 2346 respiciunt,
2798 2291 2996 2330 sensus
3035 2275 3363 2331 maturitate
3402 2281 3459 2331 et
3487 2276 3576 2331 in-

1950 2368 2286 2438 telligentia
2333 2368 2609 2439 gravitate
2655 2372 2916 2423 constant
2945 2384 3066 2424 esse
3111 2368 3350 2439 digesta.
3383 2369 3579 2424 Nostra

1950 2461 2188 2532 proinde
2220 2460 2525 2515 auctoritas
2567 2461 2677 2515 hoc
2720 2460 2988 2515 omnibus
3026 2461 3359 2515 hominibus
3387 2461 3462 2515 ad
3491 2477 3577 2515 re-

1949 2571 2129 2624 gnum
2161 2557 2414 2608 nostrum
2447 2553 2862 2624 pertinentibus
2897 2553 3084 2622 jubet,
3117 2555 3180 2606 ut
3209 2553 3254 2606 si
3285 2569 3394 2624 qua
3426 2553 3570 2607 defi-

1951 2647 2068 2700 nita
2092 2652 2242 2716 sunt,
2281 2646 2340 2700 in
2380 2647 2490 2700 hoc
2517 2651 2708 2700 sancto
2737 2645 2973 2700 concilio
3001 2648 3124 2700 acto
3155 2645 3216 2700 in
3240 2645 3382 2700 urbe
3409 2645 3569 2700 Tole-

1948 2743 2082 2794 tana
2121 2755 2272 2794 anno
2326 2739 2488 2810 regni
2531 2739 2711 2793 nostri
2749 2738 2989 2794 feliciter
3017 2740 3220 2809 quarto
3261 2738 3406 2792 nulli
3432 2755 3570 2793 con-

1947 2837 2210 2887 temnere
2232 2833 2416 2900 liceat,
2436 2831 2626 2886 nullus
2653 2831 2944 2902 praterire
2965 2833 3299 2902 prasumat.
3319 2831 3574 2901 Capitula

1947 2927 2104 2980 enim
2153 2943 2280 2996 qua
2327 2925 2532 2980 nostris
2575 2925 2830 2980 sensibus
2872 2925 3098 2995 placita,
3158 2928 3214 2978 et
3263 2923 3572 2995 disciplina

1946 3036 2219 3090 congrua,
2233 3036 2296 3073 ac
2313 3018 2583 3090 prasenti
2603 3017 2918 3088 conscripta
2931 3022 3062 3072 sunt
3081 3016 3321 3088 synodo,
3337 3017 3395 3071 in
3417 3017 3572 3072 omni

1944 3113 2296 3178 auctoritate,
2354 3112 2467 3166 sive
2519 3111 2872 3177 clericorum,
2907 3110 3020 3164 sive
3078 3126 3571 3181 quorumcumque

1944 3205 2204 3259 omnium
2237 3205 2622 3272 observentur,
2650 3208 2706 3258 et
2731 3207 3017 3271 maneant,
3047 3202 3107 3256 id
3149 3207 3252 3272 est,
3279 3203 3349 3257 de
3381 3203 3568 3257 obser-

1943 3299 2162 3354 vatione
2188 3298 2444 3369 priorum
2475 3313 2783 3362 canonum,
2831 3295 2902 3349 de
2945 3295 3196 3367 symbolo
3225 3296 3569 3402 profereqdo

1945 3409 1979 3446 a
2004 3391 2232 3462 populis
2259 3391 2317 3444 in
2343 3390 2600 3457 ecclesia,
2630 3390 2698 3444 de
2725 3388 2997 3459 episcopis
3039 3393 3104 3442 ut
3153 3389 3234 3442 eis
3268 3405 3383 3443 non
3407 3388 3572 3444 licéat
3620 3441 3641 3462 Α

1943 3501 2065 3539 rem
2091 3484 2338 3538 alienare
2363 3482 2632 3548 ecclesia,
2666 3484 2728 3534 ut
2772 3480 3040 3551 episcopo
3073 3480 3238 3534 liceat
3278 3497 3455 3536 unam
3500 3482 3568 3535 de
3592 3447 3640 3592 Ι

1943 3576 2300 3648 parochianis
2327 3573 2574 3629 ecclesiis
2603 3573 3014 3628 monasterium
3037 3573 3245 3642 facere,
3267 3576 3334 3627 ut
3358 3573 3569 3644 episco-

1942 3671 2046 3741 pis,
2081 3673 2137 3723 et
2162 3668 2523 3740 presbyteris,
2551 3672 2607 3722 et
2634 3665 2964 3720 diaconibus
2993 3682 3063 3720 ex
3101 3665 3303 3720 haresi
3331 3682 3563 3720 conver-

1943 3763 2016 3817 sis
2032 3763 2156 3834 jam
2183 3778 2300 3816 non
2319 3761 2489 3816 liceat
2517 3759 2742 3814 misceri
2771 3758 3055 3826 uxoribus,
3086 3759 3176 3813 vel
3202 3759 3354 3829 quod
3381 3758 3442 3812 hi
3468 3761 3566 3830 qui

1942 3872 2165 3928 semper
2193 3854 2450 3910 catholici
2476 3853 2693 3908 fuerint
2720 3852 2781 3907 in
2811 3852 3027 3906 cellulis
3059 3852 3172 3906 suis
3201 3868 3332 3906 cum
3361 3853 3564 3908 mulie-

1940 3950 2097 4004 ribus
2126 3947 2411 4004 extraneis
2437 3964 2554 4002 non
2599 3950 2915 4013 morentur,
2944 3945 3094 4016 quod
3123 3944 3311 3999 liberti
3343 3945 3414 4000 ab
3447 3946 3567 4017 epi-

1942 4043 2121 4114 sc0pis
2167 4042 2254 4096 vel
2302 4041 2373 4095 ab
2423 4040 2546 4094 aliis
2591 4039 2747 4109 facti,
2781 4043 2839 4094 et
2881 4037 3126 4093 ecclesiis
3182 4039 3569 4094 commendati

1940 4151 2288 4207 permanere
2322 4133 2569 4188 debeant
2595 4132 2782 4198 liberi,
2815 4131 2967 4202 quod
2993 4131 3157 4186 lectio
3202 4131 3261 4185 in
3305 4131 3571 4187 omnibus

1941 4227 2382 4284 sacerdotalibus
2429 4225 2644 4279 mensis
2689 4225 2802 4295 legi
2849 4223 3087 4290 debeat,
3142 4225 3293 4295 quod
3342 4225 3570 4280 clericos

1943 4343 2011 4380 ex
2039 4324 2270 4379 familiis
2299 4323 2418 4376 ﬁsci
2444 4322 2622 4376 nostri
2652 4337 2902 4390 unquam
2936 4319 3049 4390 11
3068 4319 3116 4391 1
3161 4320 3353 4375 nullus
3397 4337 3568 4392 agere

1943 4421 2270 4488 prasumat,
2298 4419 2354 4470 et
2384 4415 2481 4485 qui
2515 4413 2797 4484 acceperit
2826 4413 2985 4467 irrita
3015 4413 3142 4468 talis
3186 4412 3417 4468 donatio
3456 4431 3569 4467 ma-

1859 4513 1918 4586 D
1942 4514 2094 4578 neat,
2124 4509 2193 4564 de
2222 4508 2470 4563 ecclesiis
2515 4507 2586 4561 ab
2635 4506 2836 4561 haresi
2868 4505 3154 4560 translatis
3181 4510 3241 4560 ut
3265 4506 3337 4560 ad
3361 4505 3569 4577 episco-

1939 4621 2042 4676 pos
2069 4604 2129 4657 in
2167 4617 2417 4673 quorum
2443 4605 2573 4655 sunt
2602 4598 2883 4670 parochiis
2913 4598 3254 4669 pertineant,
3289 4599 3357 4653 de
3386 4597 3570 4652 viduis

1940 4697 2090 4768 quod
2133 4711 2261 4766 qua
2304 4693 2587 4748 voluerint
2627 4691 3035 4746 continentiam
3083 4694 3335 4757 teneant,
3363 4693 3420 4744 et
3444 4707 3570 4762 qua

1940 4790 2157 4844 nubere
2197 4787 2494 4859 elegerint,
2531 4784 2736 4856 quibus
2776 4783 3082 4850 voluerint,
3127 4781 3362 4851 nubant,
3405 4799 3568 4854 aque

1943 4885 2013 4939 de
2043 4881 2360 4953 virginibus
2406 4879 2559 4952 quod
2602 4878 2937 4949 panitentes
2980 4875 3294 4930 secundum
3332 4876 3569 4932 modum

1944 4991 2231 5031 canonum
2259 4973 2626 5044 antiquorum
2677 4971 2921 5026 debeant
2947 4985 3118 5040 agere
3150 4968 3570 5040 panitentiam,

1943 5070 2098 5142 quod
2128 5067 2225 5140 qui
2268 5066 2551 5122 voluerint
2589 5081 2758 5136 agere
2804 5061 3195 5134 paenitentiam
3247 5062 3406 5133 prius
3443 5067 3572 5119 ton-

1946 5164 2207 5230 deantur,
2250 5163 2350 5215 aut
2379 5160 2639 5214 habitum
2678 5159 2920 5225 mutent,
2954 5155 3105 5227 quod
3141 5172 3260 5210 non
3286 5155 3454 5211 liceat
3476 5158 3572 5212 Ju-

1946 5256 2084 5311 dais
2125 5256 2195 5310 de
2243 5252 2574 5310 Christianis
2619 5251 2826 5304 ducere
2860 5265 3068 5304 uxores
3097 5249 3184 5303 vel
3214 5249 3574 5320 concubinas,

1947 5351 1992 5404 si
2021 5363 2353 5419 comparare
2400 5344 2690 5414 mancipia
2728 5342 3068 5413 Christiana,
3117 5345 3174 5397 et
3212 5343 3420 5399 Judais
3458 5361 3574 5398 non

1947 5442 2112 5498 liceat
2155 5441 2246 5495 vel
2293 5438 2518 5510 publica
2567 5435 2753 5492 ofﬁcia
2793 5451 3093 5507 peragere,
3145 5436 3298 5508 quod
3347 5451 3578 5490 manere

1949 5537 2153 5591 debeat
2180 5534 2434 5600 ﬁrmum,
2481 5529 2528 5584 si
2570 5528 2715 5584 servi
2751 5529 2869 5583 fisci
2908 5528 3089 5584 nostri
3127 5528 3388 5584 ecclesias
3433 5529 3579 5582 fece-

1949 5629 2082 5695 rint,
2116 5642 2325 5698 easque
2371 5625 2440 5679 de
2471 5623 2695 5695 peculio
2725 5639 2824 5678 suo
2855 5622 3186 5690 dotaverint,
3221 5619 3376 5690 quod
3404 5619 3580 5673 idolo-

1949 5721 2131 5778 latria
2161 5719 2384 5774 cultura
2428 5735 2462 5772 a
2503 5717 2886 5772 sacerdotibus
2928 5717 3015 5770 vel
3057 5713 3341 5785 judicibus
3380 5711 3576 5781 exqui-

1951 5815 2132 5875 renda
2158 5813 2228 5870 sit
2245 5816 2417 5891 atque
2439 5809 2896 5881 exterminanda,
2916 5806 3071 5882 quod
3091 5804 3187 5880 qui
3206 5802 3386 5865 filium
3411 5820 3580 5862 suum
