4054 6294
487 295 587 350 453

1371 291 1649 345 APPEND.
1692 289 1777 342 AD
2019 286 2105 338 IX.
2143 313 2210 322 -ο
2251 283 2494 336 ιδιυυιλιι
2533 280 2957 335 MERCATORIS

3752 285 3857 338 460

490 399 819 466 necaverit,
877 415 911 454 a
965 397 1348 454 sacerdotibus
1407 397 1496 449 vel
1546 393 1832 464 judicibus
1891 390 2120 446 distrin-
2139 389 2582 479 Asanctionum
2608 387 2876 442 obediens
2920 388 3251 442 observator
3295 404 3415 443 esse
3453 388 3726 456 noluerit,
3770 408 3860 444 su-

490 499 679 566 gatur,
713 494 865 565 quod
887 493 1058 548 semel
1086 491 1144 545 in
1169 506 1320 545 anno
1341 489 1416 544 ad
1443 487 1747 542 concilium
1775 485 2115 552 sacerdotes,

492 591 549 642 et
569 587 806 658 judices,
838 591 1005 657 atque
1043 588 1262 640 actores
1301 581 1634 655 patrimonii
1660 577 1845 635 nostri
1873 578 2120 632 debeant

492 681 793 735 convenire
835 681 987 749 quod
1018 677 1377 732 ecclesiarum
1409 675 1668 728 omnium
1715 688 1884 726 causa
1911 671 1980 726 ad
2006 670 2122 741 epi-

491 773 645 843 scopi
693 772 1110 826 ordinationem
1156 769 1449 840 pertinere
1487 767 1705 835 debeat,
1745 765 1898 836 quod
1941 780 2122 818 sacer-

468 867 655 922 ‘dotes
708 865 1069 920 moderanter
1121 878 1293 934 agere
1341 861 1584 915 debeant
1635 875 1737 930 per
1801 857 2116 928 parochias,

493 958 650 1030 quod
699 957 846 1012 servi
886 956 1135 1011 ecclesiae
1177 955 1290 1010 sive
1331 953 1672 1008 clericorum
1713 968 1828 1004 non
1874 951 2121 1004 debeant

495 1068 530 1106 a
557 1051 762 1106 nostris
787 1049 1067 1104 actoribus
1104 1048 1165 1102 in
1209 1047 1442 1118 angaria
1467 1046 1654 1116 aliqua
1691 1043 1932 1114 fatigari.
1961 1041 2120 1106 Quod

493 1144 894 1214 religiosorum
923 1159 1163 1212 corpora
1178 1157 1309 1194 cum
1324 1138 1554 1210 hymnis
1572 1140 1630 1192 et
1644 1137 1874 1192 canticis
1893 1140 2118 1190 tantum

497 1237 806 1292 deferenda
847 1235 960 1290 sint
1002 1235 1073 1288 ad
1117 1234 1390 1304 sepulcra.
1440 1231 1600 1296 Quod
1640 1229 2017 1285 Ballimathi'ce
2065 1230 2122 1282 et

493 1330 681 1400 turpia
709 1329 930 1384 cantica
955 1325 1314 1398 prohibenda
1363 1343 1397 1380 a
1440 1328 1768 1379 sanctorum
1806 1321 2117 1378 solemniis.

496 1425 602 1478 Has
631 1439 827 1477 omnes
864 1420 1293 1477 constitutiones
1338 1418 1738 1472 ecclesiasticas
1788 1432 1926 1487 quas
1974 1431 2121 1469 sum-

497 1517 697 1573 matim
722 1515 1081 1586 breviterque
1109 1512 1543 1584 perstrinximus
1587 1510 1750 1581 (sicut
1791 1509 2013 1580 plenius
2060 1508 2121 1563 in

496 1625 710 1664 canone
755 1607 1153 1675 continentur)
1237 1621 1474 1660 manere
1523 1603 1765 1675 perenni
1819 1601 2121 1656 stabilitate

499 1702 798 1757 sancimus.
844 1701 901 1756 Si
945 1700 1071 1773 quis
1116 1700 1350 1755 clericus
1397 1714 1534 1769 ergo
1573 1700 1672 1752 aut
1707 1696 1890 1751 laicus
1914 1697 2120 1751 harum

2220 483 2398 554 perba
2426 483 2610 536 fronte
2640 482 2926 552 majorum
2956 482 3178 536 statutis
3199 498 3550 553 repugnans,
3577 483 3622 536 si
3644 485 3861 554 episco-

2221 593 2345 647 pus,
2371 576 2688 646 presbyter,
2709 575 2999 643 diaconus,
3018 580 3114 628 aut
3135 575 3375 629 clericus
3390 576 3580 643 fuerit,
3605 578 3678 630 ab
3697 578 3858 631 omni

2220 668 2458 724 concilio
2490 668 3075 722 excommunicationi
3093 669 3402 738 subjaceat,
3441 669 3485 722 si
3517 686 3648 724 vero
3684 671 3859 724 laicus

2219 763 2410 827 fuerit,
2433 766 2489 815 et
2506 760 2849 814 honestioris
2865 760 2976 815 loci
2996 777 3238 832 persona
3261 762 3452 830 fuerit,
3486 763 3857 818 medietatem

2220 854 2555 910 facultatum
2583 871 2812 907 suarum
2833 853 3057 908 amittat
3083 856 3200 909 ﬁsci
3221 856 3447 926 juribus
3470 856 3853 926 profuturam.

2220 948 2274 1003 Si
2305 937 2442 1001 vero
2465 947 2703 1001 minoris
2736 947 2842 1000 loci
2881 964 3127 1018 persona
3169 951 3254 1002 est
3297 949 3605 1003 amissione
3656 967 3856 1004 rerum

2219 1058 2447 1096 suarum
2503 1041 2775 1094 multatus
2822 1039 2881 1094 in
2939 1041 3198 1095 exsilium
3248 1042 3570 1113 deputetur.
3631 1044 3859 1097 Flavius

2220 1134 2577 1190 Reccaredus
2625 1151 2728 1187 rex
2780 1135 2925 1188 hanc
2967 1135 3442 1190 deliberationem
3493 1154 3667 1207 quam
3720 1155 3855 1192 cum

2221 1230 2418 1283 sancta
2461 1226 2824 1281 deﬁnivimus
2872 1228 3090 1297 synodo
3138 1229 3484 1283 conﬁrmans
3527 1231 3855 1300 subscripsi.

2221 1323 2484 1375 Mausona
2511 1321 2569 1374 in
2595 1321 2802 1376 Christi
2829 1322 3065 1375 nomine
3089 1322 3342 1376 ecclesia;
3362 1323 3652 1378 catholica).
3682 1325 3856 1378 Eme-

2220 1414 2466 1468 reccnsis
2496 1414 2972 1484 metropolitanus
2993 1416 3291 1486 episcopos
3317 1416 3621 1486 provinciae
3642 1418 3858 1472 Lusita—

2219 1507 2330 1562 nia
2377 1507 2466 1560 his
2506 1507 3004 1562 constitutionibus
3049 1509 3251 1579 quibus
3295 1509 3353 1564 in
3399 1511 3538 1565 urbe
3581 1512 3857 1565 Toletana

2219 1600 2472 1666 interfui,
2511 1617 2686 1654 manu
2714 1617 2846 1654 mea
2871 1601 3194 1673 subscripsi.
3230 1602 3495 1658 Similiter
3525 1607 3582 1659 et
3604 1604 3700 1658 alii
3731 1605 3854 1676 epi-

2220 1693 2376 1764 scopi
2408 1693 2882 1764 subscripserunt.

3736 1835 3839 1847 -——

1169 1946 1567 2012 INCIPIUNT
1610 1944 2003 2010 CAPITULA
2047 1941 2378 2008 CONCILII
2423 1940 2719 2019 QUARTI
2763 1939 3178 2005 TOLETANI.

575 2079 623 2131 1.
654 2077 733 2131 De
756 2075 1010 2131 oratione
1046 2079 1102 2130 et
1142 2075 1275 2130 fidei
1314 2075 1664 2130 confessione
1688 2091 1816 2146 quae
1840 2074 1900 2128 in
1928 2077 2120 2128 sancta
2140 2083 2196 2155 B
2296 2071 2380 2122 19.
2409 2068 2570 2132 Quod
2598 2068 2658 2122 in
2687 2070 2863 2124 veteri
2903 2072 3029 2140 lege
3058 2069 3127 2124 ab
3157 2086 3308 2125 anno
3337 2071 3611 2142 vigesimo
3653 2072 3854 2142 quinto

500 2169 598 2223 Dei
629 2169 871 2224 Ecclesia
897 2169 1254 2240 praedicatur.

571 2268 624 2319 2.
656 2263 819 2317 Nulla
848 2279 999 2334 pene
1025 2278 1114 2316 res
1143 2261 1327 2332 magis
1358 2262 1668 2333 disciplinae
1695 2277 1884 2317 mores
1914 2262 1983 2315 ab
2014 2262 2122 2314 Ec-

499 2357 666 2411 clesia
707 2355 910 2413 Christi
953 2355 1186 2427 depulit,
1243 2371 1416 2428 quam
1460 2354 1775 2410 inordinata
1825 2353 2124 2408 diversitas

501 2450 666 2504 ofﬁcii
677 2491 690 2504 .

567 2547 622 2598 3.
648 2545 724 2598 De
749 2542 997 2596 formula
1023 2541 1338 2596 secundum
1368 2558 1539 2614 quam
1582 2541 1782 2596 debeat
1812 2543 2004 2595 sancta
2032 2557 2121 2612 sy-

499 2637 680 2691 nodus
707 2635 766 2690 in
788 2635 888 2690 Dei
912 2635 1143 2690 nomine
1171 2636 1313 2690 ﬁeri.

566 2731 620 2783 4.
648 2730 709 2783 In
739 2728 1093 2783 solemnitate
1122 2727 1367 2799 paschali
1396 2727 1641 2799 qualiter
1667 2728 1808 2783 solet
1836 2727 1897 2783 in
1928 2727 2126 2800 Hispa-

498 2821 609 2875 niis
636 2820 875 2875 varietas
906 2821 1165 2876 existere.

573 2917 621 2966 5.
652 2914 731 2966 De
759 2913 1022 2982 baptismi
1042 2916 1424 2967 sacramento.

572 3009 622 3059 6.
656 3004 1046 3075 Comperimus
1089 3006 1244 3076 quod
1288 2998 1390 3076 per
1439 3007 1738 3061 nonnullas
1778 3007 2040 3062 ecclesias
2066 3008 2126 3062 in

501 3098 590 3152 die
612 3100 784 3152 sextae
805 3099 963 3153 feriae
992 3099 1263 3169 passionis
1286 3098 1509 3153 Domini
1536 3100 1736 3154 clausis
1765 3100 2125 3156 basilicarum

500 3191 714 3244 foribus
742 3208 854 3244 non
879 3191 1197 3246 celebretur
1224 3191 1494 3247 officium.

570 3289 622 3338 7.
653 3283 892 3347 Quidam
921 3284 979 3338 in
1008 3285 1099 3338 die
1126 3285 1386 3355 ejusdem
1415 3285 1711 3342 dominicae
1751 3287 2027 3359 passionis
2054 3287 2126 3340 ad

499 3377 704 3432 horam
736 3392 948 3432 nonam
971 3377 1259 3447 jejunium
1289 3379 1529 3433 solvunt.

2222 2161 2409 2216 levitas
2441 2162 2696 2216 ordinari
2723 2164 3086 2219 mandantur.

2294 2257 2382 2309 20.
2437 2256 2597 2320 Quod
2648 2257 2966 2311 sacerdotes
3022 2257 3122 2312 Dei
3172 2257 3693 2330 irreprehensibiles
3733 2276 3857 2316 esse

2224 2348 2453 2403 debent.

2295 2446 2384 2496 21.
2418 2443 2581 2506 Quod
2609 2443 2759 2513 apud
2784 2445 2958 2498 Deum
2976 2445 3384 2501 conscientiam
3405 2463 3607 2517 puram
3629 2451 3686 2502 et
3702 2449 3857 2518 apud

2225 2535 2490 2590 homines
2519 2537 2733 2591 famam
2768 2538 3044 2608 optimam
3075 2556 3180 2593 nos
3207 2539 3418 2594 habere
3441 2543 3722 2611 oporteat.

2294 2628 2381 2680 22.
2413 2625 2918 2689 Quemadmodum
2948 2627 3229 2682 antistites
3259 2628 3335 2683 ita
3352 2629 3669 2701 presbyteri
3699 2634 3758 2684 et
3780 2632 3859 2686 le-

2225 2719 2351 2772 vitae
2378 2718 2521 2772 sicut
2549 2719 2803 2788 nomine,
2849 2719 2927 2773 ita
2974 2724 3030 2775 et
3073 2722 3293 2777 meritis
3331 2723 3508 2778 vitam
3537 2727 3772 2780 teneant
3799 2731 3858 2780 et

2225 2812 2614 2868 testimonium
2647 2812 2797 2868 vitae.

2298 2909 2386 2962 23.
2415 2907 2577 2970 Quod
2608 2924 2791 2978 prona
2815 2907 2886 2962 sit
2913 2910 3099 2964 omnis
3125 2914 3262 2965 aetas
3289 2912 3359 2966 ab
3389 2912 3763 2968 adolescentia
3793 2913 3857 2968 in

2225 3001 2465 3056 malum.

2295 3095 2384 3148 24.
2415 3095 2572 3158 Quod
2598 3097 2848 3151 maxime
2875 3097 2933 3152 in
2965 3098 3358 3154 sacerdotibus
3384 3101 3485 3155 Dei
3522 3102 3750 3157 vitanda
3774 3108 3858 3159 est

2226 3203 2483 3242 errorum
2512 3187 2854 3258 ignorantia.

2297 3285 2385 3336 25.
2416 3283 2496 3336 De
2523 3283 2867 3354 presbyteris
2913 3286 3303 3355 parochitanis
3333 3288 3468 3343 dum
3515 3288 3858 3346 ordinantur

2225 3375 2379 3446 quod
2431 3375 2685 3432 libellum
2725 3377 3025 3434 ofﬁcialem
3061 3397 3094 3434 a
3131 3382 3418 3438 sacerdote
3456 3400 3558 3439 suo
3598 3385 3854 3457 accipere

570 3473 621 3524 8.
655 3470 903 3524 Lucerna
934 3474 992 3524 et
1021 3486 1214 3525 cereus
1243 3471 1389 3525 infra
1417 3472 1631 3543 vigilias
1665 3474 1813 3544 apud
1849 3475 2124 3545 quasdam
2146 3449 2200 3523 C
2227 3469 2452 3523 debent.

498 3563 758 3617 ecclesias
784 3579 898 3616 non
925 3563 1364 3631 benedicuntur,
1393 3569 1452 3618 et
1478 3581 1579 3619 cur
1623 3583 1658 3620 a
1701 3567 1864 3621 nobis
1901 3567 2130 3622 benedi-

497 3659 717 3722 cantur,
747 3655 1063 3726 inquirunt.

567 3753 619 3802 9.
651 3748 914 3801 Nonnulli
936 3749 1293 3802 sacerdotum
1320 3767 1422 3820 per
1447 3751 1738 3821 Hispanias
1764 3754 2128 3823 reperiuntur

500 3840 599 3909 qui
629 3839 978 3893 Dominicam
1003 3840 1314 3894 orationem
1341 3858 1512 3910 quam
1545 3843 1785 3897 salvator
1819 3849 2011 3900 noster
2036 3847 2128 3900 do-

497 3933 611 3986 cuit
638 3937 694 3985 et
722 3931 994 4002 praecepit
1020 3948 1135 3986 non
1157 3933 1428 4003 quotidie,
1453 3935 1550 3989 sed
1575 3938 1799 3991 tantum
1822 3938 1914 3992 die
1940 3940 2128 3994 Domi-

503 4024 629 4078 nico
654 4024 870 4078 dicunt.

573 4119 658 4171 10.
689 4117 850 4180 Quod
875 4117 1200 4172 sacerdotes
1227 4119 1507 4189 Hispaniae
1536 4120 1734 4176 diebus
1762 4125 2122 4196 quadragesi-

498 4225 608 4263 mae
636 4209 862 4263 alleluia
891 4210 1210 4266 decantent.

575 4305 657 4355 11.
687 4302 846 4365 Quod
878 4302 937 4355 in
956 4303 1297 4373 quibusdam
1319 4305 1713 4377 Hispaniarum
1735 4311 1983 4365 ecclesiis
2007 4311 2126 4366 lau-

497 4394 596 4449 des
623 4399 748 4464 post
775 4396 1105 4464 Apostolum
1135 4396 1454 4453 decantent.

570 4491 654 4541 12.
685 4489 762 4542 De
787 4487 1016 4557 hymnis
1045 4489 1218 4543 etiam
1249 4493 1544 4548 canendis.

567 4583 653 4633 13.
674 4582 750 4634 De
777 4581 989 4649 hymno
1006 4598 1233 4652 quoque
1254 4583 1424 4638 trium
1454 4601 1766 4655 puerorum
1784 4589 1842 4642 in
1865 4606 1977 4660 quo
1999 4590 2123 4643 uni-

490 4687 652 4726 versa
677 4672 803 4726 coeli
823 4675 1105 4743 terrisque
1136 4679 1396 4730 creatura
1421 4679 1599 4732 Deum
1627 4680 1932 4735 collaudat.

564 4766 649 4818 14.
683 4765 841 4828 Quod
887 4765 945 4818 in
992 4767 1163 4821 ﬁnem
1206 4770 1552 4838 psalmorum
1598 4789 1712 4826 non
1764 4774 1910 4828 sicut
1937 4776 2120 4845 aqui-

490 4855 728 4910 busdam
758 4857 937 4927 gloria
963 4859 1136 4927 Patri,
1184 4861 1282 4914 sed
1324 4861 1508 4916 honor
1544 4867 1601 4918 et
1632 4864 1814 4934 gloria
1857 4867 2008 4921 Patri
2037 4868 2119 4922 di-

494 4951 671 5002 catur.

567 4951 671 5002 tur.

567 4938 826 5096 15.éunt
862 5043 1096 5112 quidam
1120 5044 1222 5115 qui
1257 5044 1316 5099 in
1343 5045 1458 5100 ﬁne
1490 5050 1979 5118 responsoriorum
2008 5055 2122 5125 glo-

494 5132 638 5185 riam
664 5150 781 5188 non
814 5135 1030 5190 dicunt.

570 5229 652 5280 16.
687 5229 766 5283 De
793 5230 1127 5300 Apocalypsi
1176 5233 1338 5302 libro,
1385 5239 1451 5290 ut
1493 5240 1775 5308 teneatur,
1809 5245 1864 5293 et
1893 5244 2120 5310 quando

492 5320 736 5390 legatur.

565 5416 647 5466 17.
680 5413 839 5477 Quod
859 5416 1097 5485 quidam
1129 5421 1446 5476 sacerdotes
1475 5438 1588 5476 non
1630 5423 1735 5478 rite
1761 5429 1886 5494 post
1911 5427 2114 5484 dictam

488 5505 804 5560 orationem
860 5508 1213 5566 Dominicam
1268 5513 1459 5566 statim
1517 5517 1989 5586 communicant,
2060 5525 2117 5574 et

485 5603 677 5666 postea
704 5599 1161 5659 benedictionem
1194 5605 1251 5658 in
1279 5606 1489 5674 populo
1515 5607 1668 5662 dant.

557 5692 639 5742 18.
671 5692 828 5754 Quod
877 5695 1192 5762 perniciosa
1236 5698 1582 5753 consuetudo
1633 5717 1996 5774 nequaquam
2032 5712 2115 5761 est

478 5782 795 5836 retinenda.

2295 3566 2386 3617 26.
2417 3565 2652 3627 Quando
2682 3567 3021 3637 presbyteri,
3049 3571 3147 3623 aut
3192 3568 3415 3624 diaconi
3452 3571 3512 3625 in
3558 3576 3858 3643 parochias

2227 3656 2662 3724 constituuntur,
2726 3663 2946 3730 oportet
2991 3677 3082 3716 eos
3135 3663 3539 3733 professionem
3589 3668 3854 3742 episcopo

2228 3765 2328 3803 suo
2357 3751 2564 3805 facere.

2297 3845 2386 3896 27.
2417 3843 2471 3898 Si
2497 3845 2814 3917 episcOpus,
2840 3849 3161 3919 presbyter,
3188 3851 3478 3921 diaconus,
3501 3860 3599 3909 aut
3633 3857 3856 3912 subdia-

2227 3951 2401 3989 conus
2430 3953 2463 3990 a
2490 3940 2671 4008 gradu
2697 3957 2799 3995 suo
2825 3941 3034 4012 dejecti
3065 3945 3297 4014 fuerint,
3326 3953 3382 4000 et
3410 3947 3466 4002 in
3497 3950 3745 4005 secunda
3771 3970 3858 4023 sy-

2228 4029 2379 4083 nodo
2446 4030 2780 4088 innocentes
2829 4034 3219 4105 inveniantur,
3260 4039 3499 4110 qualiter
3535 4043 3713 4115 recipi
3749 4045 3852 4100 de-

2225 4122 2420 4178 beant.

2295 4219 2384 4271 28.
2415 4217 2473 4272 Si
2500 4219 2816 4291 episcopus,
2846 4225 3161 4295 presbyter,
3203 4243 3302 4282 seu
3337 4229 3624 4301 diaconus,
3669 4234 3759 4287 vel
3786 4252 3851 4289 ex

2225 4309 2422 4364 ordine
2446 4312 2784 4368 clericorum
2817 4332 3039 4387 magos,
3068 4321 3376 4390 aruspices,
3407 4323 3631 4392 ariolos,
3662 4343 3847 4398 augu-

2225 4419 2316 4456 res
2336 4404 2423 4457 vel
2449 4405 2746 4476 sortilegos
2774 4411 3070 4465 consulere
3102 4413 3314 4468 fuerint
3339 4415 3693 4488 deprehensi,
3710 4421 3845 4492 quid

2223 4495 2293 4548 de
2319 4496 2398 4550 eis
2421 4498 2713 4566 agendum
2740 4501 2828 4555 sit.

2294 4592 2385 4643 29.
2419 4591 2770 4648 Conﬁnitimi
2813 4596 3064 4651 hostium
3107 4601 3429 4657 sacerdotes
3475 4610 3711 4676 propter
3755 4625 3848 4662 eos

2223 4682 2321 4752 qui
2353 4699 2386 4736 a
2410 4683 2570 4753 regia
2591 4689 2869 4756 potestate
2896 4689 3184 4746 licentiam
3211 4696 3532 4766 acceperint
3555 4697 3615 4752 in
3637 4702 3845 4770 synodo

2142 4815 2201 4885 D
2224 4775 2543 4830 mundandi
2573 4782 2723 4832 sunt.

2295 4872 2382 4924 30.
2410 4870 2570 4932 Quod
2597 4887 2745 4942 saepe
2776 4873 3060 4946 principes
3103 4882 3301 4935 contra
3346 4883 3628 4952 quoslibet
3667 4886 3842 4956 maje-

2221 4962 2379 5016 statis
2430 4963 2704 5019 obnoxios
2753 4968 3139 5025 sacerdotibus
3178 4988 3277 5027 sua
3313 4976 3542 5046 negotia
3577 4979 3841 5034 commit-

2221 5057 2367 5110 tunt.

2290 5151 2378 5202 31.
2424 5150 2494 5204 Ut
2541 5150 2794 5222 episcopi
2844 5153 2901 5207 in
2957 5159 3326 5228 protegendis
3377 5163 3595 5232 populis
3646 5181 3710 5219 ac
3750 5167 3845 5220 de-

2216 5241 2516 5297 fendendis
2545 5244 2869 5316 impositam
2911 5263 2945 5301 a
2981 5249 3095 5304 Deo
3135 5250 3240 5305 sibi
3279 5269 3476 5309 curam
3520 5273 3635 5312 non
3666 5260 3844 5314 ambi-

2218 5340 2372 5404 gant.

2287 5430 2374 5482 32.
2407 5429 2564 5492 Quod
2595 5433 2828 5488 avaritia
2860 5435 3027 5490 radix
3064 5443 3400 5494 cunctorum
3423 5441 3705 5497 malorum
3734 5445 3838 5498 ali-

2217 5535 2459 5589 quorum
2489 5524 2847 5581 sacerdotum
2877 5535 3097 5584 mentes
3122 5532 3386 5587 obtineat.

2289 5615 2376 5667 33.
2408 5613 2739 5687 Quicunque
2767 5621 3064 5693 episcopus
3095 5625 3326 5680 alterius
3352 5627 3597 5698 episcopi
3628 5628 3836 5685 dioece-

2216 5704 2323 5758 sim
2371 5723 2468 5776 per
2507 5708 2740 5778 triginta
2785 5729 2969 5767 annos
3004 5716 3124 5770 sine
3169 5719 3360 5789 aliqua
3387 5719 3837 5792 interpellatione

2213 5799 2546 5872 possederit,
2577 5804 2636 5858 ut
2663 5805 2857 5861 teneat
2882 5821 3028 5866 eam.
