4054 6302
219 317 319 374 4m

1459 314 1930 371 DECItE'l'ALlL‘M
1971 314 2353 372 COLLEC'i‘lO.

3479 320 3577 375 46.2

296 429 384 485 34.
437 429 507 484 Ut
553 425 694 483 sicut
739 426 1023 483 diacesim
1065 425 1312 483 alienam
1351 427 1679 483 tricennalis
1716 444 1848 498 pos-
1872 433 1931 507 Α
2025 433 2109 482 55.
2144 427 2306 493 Quod
2335 429 2448 485 duo
2493 431 2625 485 sunt
2673 443 2887 498 genera
2930 427 3248 495 viduarum,
3279 428 3578 485 saculares

226 523 406 578 sessio
451 523 614 592 tollit,
644 523 721 578 ita
761 522 1032 577 territorii
1073 527 1418 578 conventum
1459 538 1574 576 non
1620 521 1850 576 amittit.

294 623 384 673 35.
417 618 582 683 Quod
627 617 921 690 episcopos
963 633 1062 688 per
1103 620 1328 672 cunctas
1377 617 1641 671 diaceses
1681 632 1851 687 parov

220 712 492 784 chiasque
525 729 651 767 suas
679 712 759 766 ire
791 715 1051 784 oporteat
1082 728 1185 784 per
1211 712 1466 782 singulos
1505 729 1704 768 annos.

294 811 384 862 36.
439 806 774 878 Quicunque
812 806 1063 877 episcopi
1099 805 1370 876 suffragio
1409 805 1706 876 cujuslibet
1745 808 1848 861 ali-

218 901 360 973 quid
403 902 472 955 de
511 900 900 955 ecclesiasticis
944 899 1280 955 utilitatibus
1322 899 1673 971 providerint
1716 900 1848 972 quid

221 995 513 1066 agendum
541 994 630 1048 sit.

293 1093 384 1144 37.
426 1088 800 1143 Prabendum
827 1105 859 1142 a
885 1087 1273 1142 sacerdotibus
1303 1087 1433 1141 vita
1461 1087 1725 1141 solatium
1758 1087 1848 1140 in-

220 1183 566 1254 digentibus,
604 1188 661 1238 ot
689 1182 936 1237 maxime
970 1183 1058 1236 his
1085 1181 1290 1252 quibus
1319 1181 1670 1236 restituenda
1694 1181 1851 1235 vicis-

220 1277 410 1331 situdo
438 1282 541 1332 est.

292 1375 382 1426 38.
416 1372 677 1425 Nonnulli
705 1371 968 1425 diacones
995 1370 1052 1425 in
1074 1372 1293 1424 tantam
1321 1373 1632 1440 erumpunt
1657 1385 1849 1440 super-

218 1465 395 1532 biam,
430 1469 492 1519 ut
515 1464 860 1536 presbyteris
889 1481 947 1518 se
979 1464 1306 1533 praeferant.

292 1559 382 1614 39.
419 1559 474 1614 Si
513 1576 629 1614 non
662 1559 790 1613 licet
816 1558 1112 1629 episcopis,
1141 1574 1246 1611 nec
1283 1557 1625 1628 presbyteris
1665 1556 1850 1610 oraria

221 1653 336 1708 duo
398 1653 575 1719 indui,
625 1657 838 1724 quanto
890 1651 1079 1722 magis
1146 1650 1396 1706 diaconis
1448 1650 1546 1721 qui
1600 1649 1849 1704 ministri

221 1764 422 1803 eorum
454 1752 604 1801 sunt.
665 1742 700 1794 Ι

1955 524 2010 576 et
2039 523 2508 580 sanctimoniales.

2025 621 2110 672 56.
2144 619 2220 672 De
2247 618 2454 676 Judais
2481 635 2553 676 ne
2582 619 2634 674 vi
2663 617 2736 674 ad
2762 617 3110 674 credendum
3137 621 3434 688 cogantur.

2024 715 2111 767 57.
2140 714 2214 769 De
2235 713 2540 784 cupiditate
2570 712 2834 784 episcopi,
2866 711 3198 783 presbyteri,
3238 711 3324 766 vel
3355 711 3577 766 diaconi

1952 806 2065 861 sive
2095 807 2429 862 clericorum
2478 806 2574 877 qui
2619 809 2816 861 contra
2855 805 3027 860 ﬁdem
3065 804 3440 861 Christianam
3477 807 3572 860 Ju-

1952 900 2088 954 dais
2116 900 2453 971 suffragium
2479 905 2772 971 prastant.

2024 998 2110 1048 58.
2141 996 2214 1048 De
2247 993 2707 1064 praevaricatione
2737 1009 2934 1048 eorum
2961 992 3060 1064 qui
3089 992 3306 1047 dudum
3329 992 3398 1048 ad
3421 992 3575 1046 Chri-

1951 1089 2192 1143 stianam
2225 1089 2396 1143 ﬁdem
2427 1087 2677 1158 promoti
2705 1092 2853 1141 sunt.

2025 1186 2111 1237 59.
2141 1184 2220 1236 De
2263 1181 2592 1236 Judaorum
2622 1181 2751 1234 ﬁliis
2778 1181 2864 1234 vel
2905 1180 3144 1248 filiabus,
3169 1197 3242 1236 ne
3272 1186 3570 1252 parentum

1949 1278 2094 1333 ultra
2118 1276 2476 1330 involvantur
2501 1274 2810 1329 erroribus.

2021 1375 2108 1426 60.
2166 1372 2242 1426 De
2285 1369 2494 1424 Judais
2533 1368 2848 1439 baptizatis,
2895 1367 2940 1422 si
2986 1373 3175 1439 postea
3221 1367 3572 1440 pravaricati

1948 1465 2160 1520 fuerint
2183 1465 2242 1518 in
2271 1462 2514 1520 Christo.

2020 1563 2106 1614 61.
2159 1560 2234 1613 De
2281 1558 2562 1613 malorum
2611 1555 2931 1627 consortiis,
2968 1557 3120 1629 quod
3167 1556 3337 1612 etiam
3393 1557 3572 1613 bonos

1949 1656 2346 1724 corrumpunt.

2020 1751 2106 1802 62.
2141 1748 2216 1802 De
2246 1745 2455 1801 Judais
2486 1745 2586 1817 qui
2615 1745 2963 1801 Christianas
2991 1745 3256 1800 mulieres
3283 1745 3342 1800 in
3374 1745 3570 1817 conju-

292 1843 380 1896 40.
415 1843 485 1896 Ut
518 1857 715 1896 omnes
760 1839 948 1897 clerici
987 1841 1071 1894 vel
1112 1841 1348 1894 lectores
1391 1839 1535 1893 sicut
1575 1837 1760 1891 levita
1793 1842 1850 1892 et
1871 1807 1924 1878 Β
1949 1842 2043 1913 gio
2075 1841 2311 1896 habent.

219 1939 544 1994 sacerdotes
584 1940 822 1994 detonso
873 1938 1135 2009 superius
1167 1937 1349 2008 capite
1389 1936 1623 1991 inferius
1667 1937 1845 1990 solam

219 2034 417 2090 circuli
445 2050 712 2088 coronam
739 2032 1083 2103 relinquant.

291 2135 380 2188 4t.
412 2135 479 2188 Ut
524 2135 807 2187 extranea
836 2131 1067 2186 femina
1107 2147 1237 2184 cum
1265 2128 1480 2183 clericis
1525 2144 1638 2183 non
1681 2126 1843 2180 habi-

219 2230 363 2282 tent.

290 2323 378 2376 42.
416 2323 492 2374 De
517 2319 730 2375 clericis
766 2319 862 2390 qui
895 2335 1009 2372 non
1047 2317 1321 2371 habentes
1363 2315 1687 2386 legitimum
1713 2331 1842 2369 con-

208 2415 443 2486 jugium
469 2417 866 2470 extranearum
891 2411 1218 2478 mulierum,
1248 2411 1332 2464 vel
1359 2410 1696 2464 ancillarum
1723 2426 1847 2464 sua~

216 2525 370 2577 rum,
403 2508 704 2563 interdicta
728 2506 834 2561 sibi
863 2505 1145 2561 consortia
1173 2507 1470 2576 appetunt.

287 2605 377 2657 43.
411 2604 488 2656 De
519 2601 734 2656 clericis
755 2600 853 2674 qui
880 2600 1001 2654 sine
1033 2599 1290 2654 consultu
1321 2597 1567 2670 episcopi
1595 2597 1681 2651 sui
1706 2614 1843 2651 uxo-

214 2714 339 2752 rem
372 2696 682 2750 duxerunt.

287 2791 375 2848 44.
409 2790 484 2845 De
521 2788 737 2845 clericis
771 2789 869 2860 qui
903 2789 964 2844 in
1002 2802 1341 2860 quacunque
1377 2785 1650 2840 seditione
1689 2801 1845 2840 arma

212 2887 470 2941 volentes
495 2887 879 2955 sumpserunt.

285 2981 374 3034 45.
413 2979 473 3034 Si
499 2979 622 3049 quis
652 2977 885 3035 clericus
925 2976 983 3034 in
1017 2973 1387 3032 demoliendis
1422 2973 1692 3046 sepulcris
1720 2974 1840 3028 fue-

212 3075 286 3129 rit
311 3073 720 3146 deprehensus.

2020 1938 2106 1990 63.
2138 1936 2260 1989 Non
2286 1937 2473 2005 potest
2514 1951 2651 2005 erga
2679 1934 2946 1990 homines
2972 1950 3092 1988 esse
3120 1934 3322 2002 ﬁdelis,
3351 1935 3450 2006 qui
3475 1951 3568 1989 ex-

1947 2029 2124 2083 titerit
2150 2028 2360 2100 impius
2387 2029 2446 2082 in
2473 2029 2675 2082 Deum.

2019 2124 2106 2178 64.
2159 2122 2524 2193 Praecipiente
2565 2109 2826 2189 Domino,
2879 2125 3049 2193 atque
3099 2122 3568 2178 excellentissimo

1949 2217 2260 2273 Sisenando
2287 2233 2445 2288 rege,
2479 2221 2539 2270 ut
2567 2216 2749 2270 Judai
2793 2219 2893 2270 aut
2935 2216 3032 2287 qui
3076 2232 3144 2270 ex
3187 2216 3396 2271 Judais
3439 2221 3572 2272 sunt

1947 2311 2128 2366 ofﬁcia
2156 2311 2378 2382 publica
2401 2310 2726 2364 nullatenus
2752 2315 3042 2381 appetant.

2019 2409 2102 2460 65.
2137 2407 2204 2462 Ut
2229 2403 2576 2460 Christianos
2624 2419 2815 2458 servos
2862 2420 2975 2457 non
3017 2403 3179 2459 liceat
3214 2404 3423 2460 Judais
3468 2406 3569 2460 ha-

1945 2501 2098 2554 bere.

2017 2597 2104 2648 66.
2133 2594 2209 2647 De
2257 2592 2344 2646 his
2374 2591 2472 2663 qui
2509 2593 2578 2647 de
2627 2591 2795 2646 rebus
2825 2589 2940 2644 suis
2985 2589 3330 2662 pauperibus
3366 2591 3570 2649 Christi

1944 2687 2270 2742 nullatenus
2308 2686 2677 2741 distribuunt.

2015 2785 2102 2836 67.
2147 2784 2222 2836 De
2264 2780 2544 2851 episcopis
2583 2780 2680 2851 qui
2727 2777 3076 2850 mancipium
3120 2779 3266 2849 juris
3320 2780 3570 2835 ecclesia

1943 2893 2058 2931 non
2097 2876 2320 2931 retento
2357 2873 2736 2929 ecclesiastico
2766 2871 3080 2944 patrocinio
3107 2872 3440 2929 manumitti
3469 2873 3567 2928 de-

1943 2969 2213 3025 siderant.

2016 3067 2102 3119 68.
2136 3065 2207 3118 Ut
2235 3062 2549 3117 sacerdotes
2577 3060 2676 3132 qui
2707 3063 2807 3116 aut
2834 3077 2926 3114 res
2951 3077 3078 3114 suas
3118 3061 3367 3116 ecclesia
3393 3063 3565 3117 relin-

284 3169 372 3228 46.
418 3169 498 3224 De
550 3172 834 3240 pracepto
885 3165 1098 3222 domini
1156 3163 1333 3222 nostri
1388 3162 1689 3234 Sisenangi
1750 3179 1916 3256 re-C
1944 3161 2146 3230 quunt,
2198 3160 2297 3212 aut
2338 3155 2480 3210 nihil
2514 3155 2786 3209 habentes
2835 3153 3026 3225 aliqua
3061 3155 3274 3226 pradia
3322 3156 3572 3210 ecclesiis

215 3283 322 3337 gis.

285 3362 375 3414 47.
409 3359 483 3412 De
513 3357 790 3428 eligendis
815 3355 1146 3411 oeconomis.

286 3454 373 3508 48.
410 3453 486 3506 De
533 3451 887 3523 professione
925 3448 1211 3514 monachi,
1248 3450 1308 3501 ut
1349 3443 1628 3517 quidquid
1671 3443 1844 3498 fuerit

216 3547 528 3618 allegatum
561 3547 770 3600 teneat.

284 3642 374 3696 49.
405 3642 483 3694 De
515 3639 732 3694 clericis
763 3638 860 3710 qui
889 3637 1300 3692 monachorum
1340 3631 1696 3705 propositum
1737 3646 1837 3700 ap-

213 3739 437 3806 petunt.

286 3833 374 3884 50.
429 3828 605 3892 Quale
646 3826 741 3897 jus
802 3823 1053 3896 episc0pi
1108 3824 1165 3878 in
1213 3819 1570 3877 monasteriis
1633 3819 1840 3873 habere

214 3923 481 3978 debeant.

284 4023 370 4072 5t.
401 4019 476 4072 De
506 4014 801 4070 monachis
847 4014 942 4085 qui
973 4011 1333 4083 egredientes
1377 4009 1446 4064 de
1495 4007 1839 4062 monasterio

209 4130 326 4168 non
354 4112 538 4166 solum
569 4111 638 4164 ad
666 4109 938 4164 saculum
971 4108 1356 4173 revertuntur,
1381 4103 1481 4157 sed
1507 4102 1678 4158 etiam
1704 4118 1842 4156 uxo-

213 4225 304 4261 res
333 4204 639 4275 accipiunt.

287 4303 375 4354 52.
409 4300 480 4353 De
510 4297 785 4367 religiosis
828 4292 1073 4366 prepria
1121 4291 1367 4363 regionis
1410 4290 1506 4362 qui
1549 4306 1652 4343 nec
1694 4288 1842 4342 inter

215 4393 470 4457 clericos,
503 4409 608 4446 nec
635 4391 787 4444 inter
811 4388 1119 4443 monachos
1146 4386 1445 4440 habentur.

290 4491 375 4543 53.
406 4488 484 4540 De
514 4485 593 4540 eis
623 4485 722 4556 qui
758 4484 815 4538 in
866 4480 1190 4537 discrimine
1229 4477 1516 4532 constituti
1560 4476 1837 4548 paniten-

211 4583 352 4636 tiam
391 4579 693 4651 accipiunt.

285 4675 371 4728 54.
403 4675 479 4727 De
522 4671 882 4726 sacularibus
924 4687 1021 4740 qui
1069 4666 1411 4737 accipientes
1449 4662 1839 4734 paenitentiam

208 4786 269 4824 se
296 4766 670 4824 totonderant
705 4768 762 4820 et
792 4781 985 4819 rursus
1034 4759 1469 4833 pravaricantes
1498 4755 1624 4811 laici
1654 4755 1836 4810 effecti

209 4867 362 4917 sunt.

1944 3253 2058 3307 suis
2098 3251 2466 3322 conquirunt,
2517 3248 2562 3302 si
2603 3247 2890 3302 voluerint
2938 3252 3174 3319 possunt
3216 3249 3287 3304 de
3325 3250 3570 3305 ecclesia

1942 3345 2170 3402 famulis
2199 3344 2415 3415 aliquos
2440 3343 2670 3397 libertos
2696 3342 2906 3396 facere.

2015 3443 2103 3494 69.
2136 3440 2213 3492 De
2253 3436 2469 3492 libertis
2510 3435 2779 3500 ecclesia,
2809 3434 2941 3504 quia
2987 3452 3281 3506 nunquam
3326 3437 3572 3492 moritur

1944 3550 2143 3590 eorum
2202 3536 2459 3604 patrona,
2519 3546 2552 3584 a
2602 3527 2914 3599 patrocinio
2964 3528 3219 3598 ejusdem
3273 3546 3564 3601 nunquam

1944 3627 2255 3682 discedant.

2013 3725 2101 3778 ‘70.
2132 3721 2209 3775 De
2238 3717 2458 3774 libertis
2483 3714 2736 3772 ecclesia
2761 3715 2859 3786 qui
2903 3732 2934 3769 a
2963 3714 3279 3786 patrocinio
3309 3715 3564 3787 ejusdem

1943 3815 2257 3873 discedunt.

2011 3914 2098 3966 71.
2143 3910 2222 3964 De
2274 3906 2489 3961 libertis
2541 3903 2638 3976 qui
2677 3920 2712 3958 a
2757 3903 3192 3974 quibuscunque
3236 3903 3568 3958 manumissi

1943 4010 2074 4060 sunt
2129 4008 2302 4075 atque
2341 3998 2592 4055 ecclesia
2645 3997 2958 4069 patrocinio
3018 3996 3410 4052 commendati
3460 3997 3572 4052 exi-

1941 4103 2117 4155 stunt.

2011 4197 2099 4248 72.
2128 4193 2198 4247 Ut
2238 4190 2334 4261 qui
2378 4190 2697 4244 libertatem
2741 4204 2775 4240 a
2822 4185 3066 4239 dominis
3110 4184 3222 4238 suis
3268 4185 3346 4240 ita
3388 4185 3571 4255 perci-

1941 4287 2126 4358 piunt,
2154 4291 2219 4339 ut
2246 4283 2465 4337 nullum
2497 4281 2554 4334 in
2588 4280 2668 4334 eis
2693 4279 3027 4350 obsequium
3056 4282 3330 4349 patronus
3364 4277 3566 4332 deten-

1941 4383 2042 4446 tet,
2071 4377 2450 4448 suscipiantur
2474 4374 2545 4427 ad
2577 4374 2812 4427 clerum.

2010 4476 2095 4526 73.
2131 4473 2206 4524 De
2251 4467 2480 4523 famulis
2524 4466 2771 4521 ecclesia
2817 4463 3162 4519 constituere
3208 4465 3567 4534 presbyteros

1860 4551 1918 4623 D
1942 4567 2026 4620 vel
2052 4565 2314 4620 diaconos
2340 4577 2443 4632 per
2470 4558 2766 4631 parochias
2791 4558 2940 4612 licet.

2009 4661 2097 4714 '74.
2131 4659 2208 4712 De
2240 4652 2598 4710 ecclesiastici
2640 4651 2856 4706 ordinis
2884 4650 3156 4704 institutis
3184 4650 3270 4705 vel
3299 4648 3560 4716 decretis,

1939 4769 2067 4826 qua
2087 4752 2155 4806 ad
2187 4747 2567 4823 quorumdam
2602 4745 2893 4819 pertinent
2923 4743 3299 4816 disciplinam.

614 5111 1024 5203 INCIPIT
1109 5104 1724 5202 CONCILIUM
1811 5096 2504 5195 TOLETANUM
2571 5091 3156 5207 QUARTUM.

286 5329 335 5401 1
353 5329 402 5400 1
419 5327 481 5400 2
502 5327 866 5382 ΟΑΡ.1.Αῐιηο
887 5323 1056 5378 tertio
1077 5324 1355 5392 regnante
1381 5318 1628 5374 Domino
1652 5321 1840 5371 nostro

215 5421 626 5494 gloriosissimo
657 5417 912 5488 principe
939 5413 1269 5482 Sisenando,
1291 5413 1379 5467 die
1411 5427 1592 5466 nonas
1612 5411 1841 5464 Decem~

212 5517 351 5584 bris,
395 5530 512 5568 ara
559 5526 802 5576 DCLXXXI,
861 5509 1000 5562 dum
1049 5506 1234 5561 studio
1277 5504 1485 5559 amoris
1531 5501 1738 5556 Christi
1779 5517 1841 5554 ac

215 5606 513 5678 diligentia.
568 5601 976 5674 religiosissimi
1022 5598 1314 5654 Sisenandi
1367 5596 1519 5667 regis
1562 5593 1840 5665 Hispania

213 5704 386 5770 atque
408 5697 685 5754 Gallacia
701 5693 1020 5749 sacerdotes
1043 5691 1196 5762 apud
1210 5691 1539 5746 Toletanam
1562 5687 1762 5741 urbem
1784 5685 1842 5738 in

213 5793 446 5847 nomine
477 5788 697 5845 Domini
724 5785 1205 5850 convenissemus,
1235 5786 1301 5837 ut
1330 5783 1450 5852 ejus
1478 5779 1731 5850 imperiis
1755 5783 1841 5832 at-

1942 5313 2190 5367 ecclesia
2231 5310 2538 5382 disciplinis
2585 5311 2879 5363 tractatus.
2909 5307 3162 5361 Primum
3190 5305 3400 5376 gratias
3443 5306 3565 5360 Sal-

1938 5405 2120 5460 vatori
2172 5407 2366 5458 nostro
2426 5404 2534 5456 Deo
2583 5400 2957 5471 omnipotenti
3011 5399 3231 5470 egimus
3255 5441 3268 5468 ,
3320 5399 3568 5469 posthac

1939 5499 2188 5553 antefato
2232 5495 2492 5550 ministro
2540 5492 3011 5548 excellentissimo
3044 5498 3100 5547 et
3143 5491 3386 5562 glorioso
3419 5490 3563 5559 regi,

1941 5591 2102 5660 cujus
2129 5594 2288 5644 tanta
2322 5604 2459 5659 erga
2493 5589 2674 5642 Deum
2696 5587 2922 5641 devotio
2950 5590 3151 5651 exstat,
3168 5590 3230 5639 ut
3249 5599 3361 5637 non
3385 5581 3566 5635 solum

1940 5683 2000 5738 in
2028 5683 2196 5738 rebus
2221 5680 2507 5749 humanis,
2539 5680 2635 5735 sed
2667 5680 2842 5734 etiam
2873 5679 2930 5732 in
2957 5678 3138 5732 causis
3161 5674 3362 5730 divinis
3409 5673 3562 5726 solli-

1941 5777 2082 5830 citus
2102 5777 2348 5843 maneat,
2374 5774 2468 5828 hic
2496 5774 2706 5845 quippe
2731 5774 2865 5828 dum
2894 5771 2950 5826 in
2978 5769 3201 5824 basilica
3225 5765 3565 5819 beatissima

219 5903 330 5962 que
353 5883 526 5964 jussis
545 5880 814 5939 commoti
841 5897 874 5939 a
901 5878 1060 5936 nobis
1081 5878 1396 5951 agitaretur
1417 5874 1486 5929 de
1508 5871 1845 5947 quibusdam
1945 5870 2003 5928 et
2031 5872 2236 5928 sancta
2264 5867 2530 5944 martyris
2560 5865 2848 5925 Leocadia
2881 5861 3137 5920 omnium
3182 5861 3436 5913 nostrum
3465 5873 3560 5933 pa.

3573 1993 3718 2109 <’\
