4054 6294
457 326 558 385 463

1344 326 1627 380 APPEND.
1668 324 1754 377 AD
1792 323 1950 378 SfEC.
1993 322 2079 376 IX.
2108 351 2174 360 ——
2215 322 2464 377 lSlDORl
2505 322 2930 378 MERCATORIS

3717 319 3824 380 464

458 437 596 493 riter
609 437 735 508 jam
759 440 932 491 coetus
950 435 1186 502 adesset,
1201 450 1304 506 pro
1323 435 1526 490 merito
1548 433 1677 489 ﬁdei
1693 450 1808 487 suae
1820 449 1950 487 cum
1967 449 2088 487 ma-
2109 442 2168 516 Α
2189 432 2289 487 Dei
2328 431 2575 488 Ecclesia
2615 432 2978 504 praadicatur,
3010 431 3224 503 placuit
3263 448 3461 487 omnes
3502 433 3826 490 sacerdotes

463 530 946 603 gniﬁcentissimis
987 535 1044 584 et
1071 527 1441 584 nobilissimis
1469 527 1606 582 viris
1637 527 1943 597 ingressus,
1970 526 2087 597 pri-

460 642 623 681 mum
653 641 845 680 coram
875 623 1259 678 sacerdotibus
1284 621 1382 677 Dei
1415 621 1575 675 humi
1602 624 1935 692 prostratus,
1958 636 2089 674 cum

461 719 725 790 lacrymis
741 723 798 773 et
816 717 1116 789 gemitibus
1134 733 1235 787 pro
1254 733 1313 770 se
1335 714 1837 771 interveniendum
1850 714 2091 768 Domino

461 813 782 884 postulavit.
815 811 1021 867 Deinde
1071 810 1339 879 religiosa
1384 809 1780 880 persecutione
1810 807 2091 879 synodum

464 906 791 961 exhortatus
836 910 935 970 est,
964 908 1029 959 ut
1058 906 1435 975 paternorum
1467 902 1831 956 decretorum
1869 917 2089 956 memo-

463 1016 553 1055 res
577 1000 648 1053 ad
681 998 1075 1054 conﬁrmanda
1124 997 1182 1051 in
1210 996 1374 1051 nobis
1391 996 1526 1066 jura
1556 995 1934 1049 ecclesiastica
1981 1000 2093 1050 stu-

465 1093 623 1148 dium
671 1093 1080 1163 praeberemus,
1116 1096 1173 1146 et
1214 1090 1308 1144 illa
1353 1089 1638 1159 corrigere
1667 1105 1795 1159 quae
1821 1089 1956 1143 dum
1991 1105 2094 1159 per

462 1185 880 1257 negligentiam
903 1184 961 1239 in
984 1201 1149 1238 usum
1171 1185 1452 1237 venerunt
1477 1185 1670 1236 contra
1692 1181 2094 1236 eeclesiasticos

467 1296 655 1334 mores
698 1278 987 1334 licentiam
1041 1277 1148 1330 sibi
1216 1275 1761 1346 usurpationemque
1814 1275 2090 1329 fecerunt.

463 1373 684 1428 Talibus
712 1388 848 1443 ergo
871 1371 992 1442 ejus
1008 1369 1238 1424 monitis
1265 1369 1692 1440 congaudentes
1714 1369 2095 1424 necessarium

467 1466 727 1535 exstitit,
781 1466 946 1536 juxta
986 1464 1108 1534 ejus
1175 1466 1545 1534 nostrumque
1612 1467 1804 1516 votum
1855 1466 2095 1517 tractare

463 1576 592 1633 quae
641 1563 975 1630 competunt
1026 1557 1139 1613 sive
1187 1556 1247 1611 in
1294 1556 1660 1611 sacramentis
1709 1556 1931 1624 divinis,
1970 1573 2096 1628 qua:

463 1654 682 1709 diverso
713 1657 881 1723 atque
927 1650 1120 1705 illicito
1162 1649 1333 1704 modo
1373 1649 1433 1704 in
1472 1649 1868 1720 Hispaniarum
1917 1649 2095 1704 eccle-

464 1747 560 1802 siis
613 1746 990 1815 celebrantur,
1019 1760 1120 1800 seu
1147 1761 1275 1816 quae
1326 1742 1384 1797 in
1415 1743 1669 1797 moribus
1713 1759 1883 1814 prave
1927 1759 2094 1797 usur-

2191 527 2290 598 qui
2333 526 2618 581 catholicae
2661 526 2796 581 fidei
2826 526 3046 581 unitate
3087 527 3538 598 complectimur,
3573 531 3635 582 ut
3679 527 3826 582 nihil

2188 621 2337 675 ultra
2365 620 2655 675 diversum
2686 624 2786 675 aut
2815 620 3108 675 dissonum
3139 621 3198 675 in
3226 620 3614 675 ecclesiasticis
3638 639 3828 676 sacra-

2190 715 2398 768 mentis
2427 731 2682 786 agamus,
2718 732 2788 769 ne
2819 715 3092 787 quaslibet
3119 719 3312 770 nostra
3337 715 3630 770 diversitas
3671 717 3826 787 apud

2191 809 2402 879 ignitos
2447 825 2544 863 seu
2575 809 2827 863 carnales
2859 808 3230 863 schismaticis
3272 825 3526 864 errorem
3568 810 3832 864 videatur

2193 901 2514 970 ostendere,
2543 907 2600 956 et
2635 902 2829 956 multis
2858 905 3040 957 exstet
3079 902 3413 957 scandalum
3462 903 3704 958 varietas
3743 921 3832 957 ec-

2194 996 2515 1050 clesiarum.
2546 998 2698 1052 Unus
2724 1012 2861 1067 ergo
2895 996 3036 1050 ordo
3068 997 3266 1051 orandi
3290 1001 3459 1068 atque
3487 996 3770 1068 psallendi
3799 1015 3832 1050 a

2193 1090 2354 1144 nobis
2380 1107 2485 1161 per
2512 1106 2746 1144 omnem
2783 1089 3108 1161 Hispaniam
3138 1093 3306 1162 atque
3344 1090 3669 1146 Gallazciam
3700 1108 3833 1146 con-

2196 1187 2469 1254 servetur,
2501 1200 2648 1238 unus
2686 1184 2892 1238 modus
2929 1184 2987 1238 in
3013 1183 3323 1238 missarum
3351 1185 3827 1254 solemnitatibus,

2194 1294 2344 1331 unus
2377 1277 2439 1332 in
2467 1277 2800 1348 vespertinis
2848 1277 3066 1345 ofﬁciis,
3097 1294 3200 1332 nec
3231 1278 3451 1333 diversa
3481 1279 3552 1334 sit
3581 1281 3733 1334 ultra
3770 1281 3832 1334 in

2195 1371 2360 1425 nobis
2388 1371 2762 1427 ecclesiastica
2790 1371 3161 1442 consuetudo,
3193 1372 3329 1443 quia
3358 1391 3471 1428 una
3496 1373 3609 1429 fide
3651 1374 3834 1429 conti-

2196 1482 2404 1519 nemur
2433 1468 2491 1520 et
2520 1482 2718 1536 regno.
2752 1468 2864 1520 Hoc
2895 1467 3052 1522 enim
3086 1469 3142 1521 et
3171 1466 3389 1538 antiqui
3425 1469 3618 1522 Patres
3642 1468 3834 1524 decre-

2193 1560 2420 1624 verunt,
2485 1560 2540 1610 et
2583 1572 2940 1627 unaquaeque
2985 1555 3279 1628 provincia
3325 1558 3382 1610 et
3422 1555 3725 1628 psallendi,
3774 1560 3835 1612 et

2195 1649 2561 1704 ministrandi
2588 1665 2787 1720 parem
2817 1650 3293 1706 consuetudinem
3323 1653 3534 1706 teneat.

2271 1745 2352 1797 ΙΙΙ.
2384 1743 2543 1797 Nulla
2586 1759 2734 1814 pene
2774 1760 2866 1797 res
2901 1744 3208 1816 disciplinae
3248 1761 3438 1799 mores
3479 1744 3549 1799 ab
3592 1744 3835 1800 ecclesia

464 1843 597 1912 pata
621 1841 951 1894 noscuntur.
977 1812 1048 1892 Et
1070 1812 1344 1909 qudniam
1366 1836 1632 1907 generale
1653 1812 1955 1891 concilium
1981 1835 2097 1907 agi-
2115 1812 2174 1884 B
2198 1837 2406 1891 Christi
2432 1812 2618 1908 magis
2638 1837 2873 1908 depulit,
2889 1812 3064 1909 quam
3094 1838 3453 1893 sacerdotum
3477 1839 3835 1910 negligentia

467 1951 614 2002 mus,
648 1937 876 2005 oportet
915 1931 1170 2003 primum
1213 1934 1425 1985 nostra:
1473 1930 1622 1984 vocis
1670 1947 1996 1984 sermonem
2025 1930 2094 1984 de

466 2031 578 2083 Deo
609 2043 750 2094 esse,
773 2030 838 2080 ut
860 2028 989 2097 post
1008 2023 1420 2096 professionem
1447 2023 1578 2078 ﬁdei
1600 2022 1893 2095 sequentia
1911 2023 2097 2095 operis

465 2120 644 2176 nostri
669 2122 816 2188 vota,
850 2119 1008 2190 quasi
1035 2134 1204 2189 super
1229 2117 1674 2172 fundamentum
1701 2116 2098 2171 firmissimum

467 2215 860 2285 disponantur.
897 2210 1394 2276 Quemadmodum
1420 2228 1450 2264 a
1481 2211 1691 2264 sanctis
1718 2210 1978 2264 Patribus
2004 2227 2094 2264 ac-

466 2307 740 2378 cepimus,
795 2308 1021 2360 Patrem
1066 2309 1122 2360 et
1166 2304 1394 2371 Filium,
1425 2307 1481 2358 et
1521 2303 1810 2382 Spiritum.
1841 2307 2098 2358 sanctum

469 2401 636 2455 unius
677 2399 902 2455 deitatis
933 2403 1105 2469 atque
1133 2397 1462 2452 substantiae
1493 2397 1846 2464 confitemur,
1880 2398 1938 2450 in
1966 2413 2097 2468 per-

467 2510 736 2549 sonarum
785 2491 1103 2547 diversitate
1143 2490 1473 2545 Trinitatem
1526 2490 1837 2560 credentes,
1868 2489 1926 2544 in
1965 2490 2102 2544 divi-

464 2589 640 2643 nitate
680 2586 969 2641 unitatem
999 2584 1394 2657 praedicantes,
1427 2600 1533 2637 nec
1572 2600 1844 2654 personas
1869 2585 2102 2638 confun-

468 2682 674 2749 dimus,
703 2697 811 2735 nec
837 2679 1209 2734 substantiam
1243 2693 1590 2748 separamus.
1619 2679 1843 2732 Patrem
1874 2694 1907 2731 a
1940 2677 2099 2732 nullo

467 2777 682 2830 factum
730 2774 816 2828 vel
863 2773 1123 2844 genitum
1155 2771 1414 2839 dicimus,
1456 2770 1663 2825 Filium
1707 2788 1740 2824 a
1779 2772 1944 2825 Patre
1988 2787 2102 2826 non

469 2869 703 2937 factum,
737 2866 835 2922 sed
891 2865 1153 2936 genitum
1182 2864 1509 2919 asserimus.
1541 2863 1814 2935 Spiritum
1845 2865 2099 2919 sanctum

468 2978 599 3017 vero
631 2976 734 3016 nec
761 2964 1040 3029 creatum,
1075 2975 1179 3012 nec
1232 2957 1515 3029 genitum,
1549 2957 1648 3012 sed
1692 2957 2102 3029 procedentem

469 3072 535 3109 ex
563 3057 720 3108 Patre
747 3056 804 3108 et
828 3053 966 3107 Filio
987 3026 1554 3123 proﬁtem—urilpsum
1582 3026 1777 3106 autem
1798 3050 2101 3106 Dominum

2195 1931 2293 2002 qui
2319 1931 2661 2002 contemptis
2685 1932 2998 1986 canonibus
3022 1932 3094 1986 ad
3121 1932 3485 2004 corrigendos
3505 1931 3836 1988 ecclesiasti-

2196 2041 2288 2079 cos
2317 2041 2503 2079 mores
2528 2025 2810 2096 synodum
2830 2025 3018 2081 facere
3044 2027 3367 2098 negligunt,
3385 2025 3457 2081 ob
3483 2027 3588 2082 hoc
3615 2026 3834 2081 anobis

2198 2118 2585 2173 universaliter
2602 2118 2900 2174 deﬁnitum
2919 2122 3024 2187 est,
3040 2125 3104 2174 ut
3120 2120 3253 2191 quia
3261 2120 3427 2191 juxta
3442 2122 3673 2175 Patrum
3689 2119 3835 2176 anti-

2199 2229 2312 2282 qua
2327 2211 2550 2266 decreta
2562 2211 2648 2264 bis
2669 2211 2727 2264 in
2741 2229 2890 2266 anno
2912 2212 3209 2267 difﬁcultas
3221 2213 3491 2285 temporis
3508 2213 3633 2268 ﬁeri
3650 2214 3836 2268 conci-

2199 2305 2341 2359 lium
2362 2321 2475 2359 non
2497 2304 2647 2372 sinit,
2664 2305 2869 2359 saltem
2881 2305 2972 2360 vel
2988 2307 3167 2360 semel
3179 2324 3213 2360 a
3226 2306 3387 2362 nobis
3402 2307 3735 2376 celebretur,
3751 2307 3835 2363 ita

2203 2402 2399 2452 tamen
2426 2401 2525 2452 aut
2551 2399 2598 2452 si
2620 2399 2753 2453 ﬁdei
2783 2416 2954 2454 causa
2974 2403 3076 2468 est,
3104 2404 3200 2454 aut
3226 2401 3498 2472 quaelibet
3521 2401 3628 2456 alia
3651 2401 3831 2456 eccle-

2202 2492 2284 2546 sia
2310 2493 2634 2546 communis
2661 2493 2957 2584 generalis,
2982 2493 3152 2548 totius
3171 2493 3451 2565 Hispaniae
3474 2499 3530 2549 et
3555 2494 3834 2550 Gallaacise

2203 2585 2449 2656 synodus
2500 2564 2970 2728 convoceturfJSi
3018 2603 3147 2641 vero
3195 2604 3299 2642 nec
3339 2588 3411 2642 de
3449 2587 3581 2653 ﬁde,
3619 2604 3723 2642 nec
3762 2588 3833 2644 de

2203 2675 2495 2728 communi
2545 2675 2794 2728 ecclesia:
2842 2692 2880 2728 u
2911 2675 3088 2728 ilitate
3148 2676 3518 2728 tractabitur.
3571 2677 3666 2728 sed
3714 2693 3833 2728 sne-

2203 2675 2495 2731 communi
2545 2675 2794 2730 ecclesia:
2842 2675 3088 2730 utilitate
3148 2676 3518 2746 tractabitur,
3571 2677 3667 2731 sed
3714 2693 3836 2749 spe.

2202 2769 2339 2824 ciale
2374 2770 2480 2824 erit
2504 2769 2826 2836 concilium,
2856 2773 3024 2840 prout
3054 2769 3497 2841 uniuscujusque
3527 2771 3836 2842 provincia:

2201 2863 2672 2933 metropolitanus
2721 2862 2962 2934 elegerit
3003 2863 3400 2934 peragendum
3453 2879 3594 2919 esse.
3625 2865 3838 2919 Omnes

2202 2961 2392 3012 autem
2435 2956 2534 3028 qui
2571 2972 2764 3010 causas
2803 2959 3000 3012 contra
3042 2957 3355 3028 episcopos,
3385 2974 3448 3011 ac
3487 2957 3730 3028 judices,
3772 2975 3838 3014 ac

2202 3053 2460 3122 potentes
2500 3052 2599 3104 aut
2622 3055 2816 3105 contra
2846 3051 3127 3122 quoslibet
3160 3051 3299 3105 alios
3325 3051 3541 3106 honore
3581 3069 3830 3107 noscun-

469 3151 658 3204 Jesum
678 3146 965 3202 Christum
991 3145 1094 3200 Dei
1135 3143 1373 3212 Filium,‘
1391 3149 1448 3200 et
1487 3147 1808 3200 creatorem
1837 3145 2096 3200 omnium
2123 3181 2179 3257 Ο
2203 3148 2315 3212 tur,
2332 3143 2570 3199 adidem
2591 3143 2893 3199 concilium
2913 3149 3836 3217 concurrant,etquaecunqueexa-

471 3259 537 3298 ex
565 3239 880 3296 substantia
921 3239 1104 3294 Patris
1141 3244 1270 3295 ante
1318 3239 1519 3294 saecula
1573 3239 1831 3310 genitum
1879 3239 2106 3294 descen-

473 3335 619 3390 disse
646 3335 851 3389 ultimo
877 3337 1137 3404 tempore
1164 3350 1267 3404 pro
1296 3333 1696 3404 redemptione
1719 3332 1922 3388 mundi
1948 3349 1980 3386 a
2005 3335 2107 3388 Pa-

471 3433 576 3499 tre,
605 3428 704 3500 qui
741 3443 1028 3498 nunquam
1062 3426 1269 3481 desinit
1317 3443 1436 3482 esse
1465 3443 1597 3481 cum
1641 3428 1824 3481 Patre.
1851 3427 2108 3481 lncarna-

470 3527 560 3578 tus
611 3523 695 3576 est
740 3521 892 3576 enim
927 3537 990 3575 ex
1037 3521 1246 3591 Spiritu
1299 3525 1492 3576 sancto
1537 3525 1594 3575 et
1627 3519 1874 3591 gloriosa
1919 3524 2108 3575 sancta

471 3616 569 3672 Dei
599 3614 870 3687 genitrice
918 3614 1140 3686 virgine
1169 3614 1362 3684 Maria,
1393 3617 1451 3668 et
1497 3619 1661 3669 natus
1697 3631 1766 3669 ex
1806 3614 1926 3686 ipsa
1955 3616 2107 3669 solus

472 3710 631 3764 idem
659 3709 930 3764 Dominus
952 3710 1107 3763 Jesus
1130 3707 1404 3777 Christus,
1438 3725 1584 3762 unus
1616 3707 1676 3762 in
1704 3711 1895 3763 sancta
1921 3708 2104 3763 Trini-

469 3806 602 3871 tate,
647 3801 836 3855 anima
865 3806 921 3855 et
956 3816 1124 3854 carne
1171 3801 1476 3870 perfectus,
1510 3799 1631 3854 sine
1678 3805 1910 3871 peccato
1939 3801 2108 3856 susci-

473 3894 634 3966 piens
665 3893 978 3961 hominem,
1004 3909 1244 3947 manens
1273 3893 1427 3963 quod
1456 3897 1596 3962 erat,
1629 3910 1924 3948 assumens
1954 3896 2106 3967 quod

474 4005 592 4043 non
641 3989 780 4054 erat,
810 3985 1039 4056 aequalis
1070 3985 1220 4040 Patri
1249 3986 1564 4041 secundum
1603 3986 1978 4056 divinitatem,
2007 3989 2108 4042 mi-

477 4097 583 4135 nor
611 4082 777 4135 Patre
803 4079 1115 4134 secundum
1151 4079 1593 4149 humanitatem,
1625 4080 1840 4135 habens
1889 4081 1946 4135 in
1990 4099 2108 4137 una

477 4190 720 4245 persona
763 4173 1005 4228 duarum
1053 4175 1388 4228 naturarum
1426 4173 1850 4245 proprietatem.
1883 4176 2108 4230 Natura

481 4267 637 4322 enim
685 4267 747 4321 in
797 4266 893 4321 illo
922 4267 1070 4336 duae,
1101 4269 1246 4322 Deus
1295 4273 1351 4322 et
1385 4267 1579 4322 homo.
1610 4269 1733 4322 Non
1763 4271 1954 4346 autem
1997 4270 2108 4324 duo

478 4360 600 4432 filii,
632 4377 738 4416 nec
763 4359 841 4415 dii
881 4361 1012 4429 duo,
1041 4361 1139 4416 sed
1164 4360 1318 4416 idem
1344 4377 1456 4415 una
1487 4377 1733 4434 persona
1775 4363 1834 4417 in
1867 4345 2106 4435 utraque

478 4459 683 4511 natura
709 4455 1002 4527 perferens
1031 4455 1374 4526 passionem,
1409 4459 1465 4510 et
1504 4460 1747 4511 mortem
1779 4473 1882 4528 pro
1917 4461 2109 4512 nostra

2204 3239 2358 3294 mine
2375 3237 2628 3309 synodali
2649 3255 2683 3291 a
2703 3237 3046 3309 quibuslibet
3065 3256 3239 3310 prave
3255 3243 3528 3311 usurpata
3540 3239 3843 3294 inveniun-

2204 3336 2297 3387 tur
2324 3331 2466 3403 regii
2497 3332 2838 3387 exsecutoris
2883 3333 3155 3388 instantia
3173 3333 3484 3404 justissime
3511 3332 3599 3388 his
3630 3333 3840 3405 quibus

2199 3427 2330 3497 jura
2377 3428 2510 3480 sunt
2561 3425 2978 3497 reformentur,
3031 3426 3109 3482 ita
3151 3431 3213 3481 ut
3259 3444 3364 3499 pro
3427 3428 3838 3499 compellendis

2198 3519 2484 3592 judicibus
2526 3520 2613 3575 vel
2661 3520 3026 3574 saecularibus
3080 3520 3214 3575 viris
3276 3521 3343 3576 ad
3389 3521 3675 3592 synodum
3719 3538 3840 3576 me-

2206 3613 2536 3685 tropolitani
2569 3612 2756 3668 studio
2797 3614 3027 3685 quidam
3066 3619 3364 3670 exsecutor
3389 3632 3422 3669 a
3450 3614 3704 3686 principe
3734 3632 3836 3687 po-

2207 3707 2468 3762 stuletur.

2279 3800 2712 3866 Quintadecima
2739 3803 2932 3856 autem
2963 3801 3349 3856 Kalendarum
3379 3801 3676 3858 Juniarum
3705 3821 3838 3859 con-

2210 3896 2496 3967 greganda
2522 3898 2605 3950 est
2631 3895 2690 3950 in
2720 3912 3060 3967 quacunque
3100 3895 3388 3967 provincia
3424 3892 3674 3968 synodus
3704 3915 3834 3970 pro-

2207 3994 2333 4060 pter
2365 3990 2596 4044 vernale
2629 3994 2874 4060 tempus,
2902 3989 3134 4060 quando
3167 3988 3354 4044 herbis
3388 3993 3538 4046 terra
3576 3993 3836 4060 vestitur,

2209 4090 2264 4138 et
2288 4083 2496 4154 pabula
2531 4083 2852 4155 germinum
2899 4083 3288 4139 inveniuntur.
3323 4085 3472 4139 Hora
3505 4084 3700 4157 itaque
3728 4087 3839 4142 diei

2206 4176 2396 4248 prima
2422 4181 2553 4231 ante
2583 4177 2712 4230 solis
2741 4181 2927 4232 ortum
2951 4177 3248 4248 ejiciantur
3267 4195 3464 4232 omnes
3485 4179 3555 4234 ab
3582 4181 3836 4244 ecclesia,

2208 4271 2586 4341 obseratisque
2617 4269 2834 4324 foribus
2879 4271 3114 4340 cunctis,
3145 4271 3217 4325 ad
3249 4288 3424 4326 unam
3459 4273 3702 4343 januam
3736 4293 3839 4346 per

2207 4381 2379 4436 quam
2410 4363 2728 4418 sacerdotes
2771 4363 2992 4434 ingredi
3040 4367 3286 4435 oportet,
3318 4366 3529 4420 ostiarii
3577 4368 3833 4422 sedeant.

2208 4460 2276 4512 Et
2305 4457 2704 4513 convenientes
2737 4474 2936 4512 omnes
2978 4457 3225 4530 episcopi
3286 4460 3494 4530 pariter
3533 4461 3838 4531 introeant,

481 4549 676 4618 salute,
714 4565 829 4604 non
861 4547 919 4602 in
951 4547 1161 4604 virtute
1188 4548 1516 4619 divinitatis,
1548 4550 1643 4605 sed
1697 4551 1753 4604 in
1781 4550 2190 4631 inﬁrmita'teD
2215 4555 2272 4605 et
2312 4551 2617 4607 secundum
2653 4551 3021 4606 ordinationis
3066 4569 3181 4608 suae
3227 4556 3486 4624 tempora
3528 4555 3833 4611 resideant.

478 4642 872 4698 humanitatis.
927 4642 1225 4698 Descendit
1257 4643 1327 4697 ad
1376 4643 1612 4714 inferos,
1644 4648 1708 4698 ut
1737 4649 1958 4699 sanctos
2011 4645 2110 4716 qui

483 4736 560 4792 ibi
590 4737 954 4806 tenebantur,
988 4741 1236 4806 erueret,
1271 4741 1330 4790 et
1381 4737 1601 4792 devicto
1633 4738 1832 4792 mortis
1869 4738 2108 4810 imperio

483 4830 811 4886 resurrexit.
860 4833 1196 4899 Assumptus
1259 4829 1316 4883 in
1361 4830 1516 4884 caelis
1565 4834 1836 4884 venturus
1895 4835 1980 4884 est
2051 4833 2110 4887 in

483 4925 745 4977 futurum
791 4923 864 4977 ad
897 4921 1178 4993 judicium
1210 4922 1464 4977 vivorum
1496 4927 1553 4977 et
1599 4928 1976 4979 mortuorum.
2003 4925 2109 4978 Cu-

479 5017 574 5087 jus
623 5019 810 5071 morte
843 5020 899 5070 et
941 5015 1215 5087 sanguine
1251 5016 1527 5086 mundati,
1561 5016 1956 5071 remissionem
1990 5034 2114 5089 pec-

484 5113 739 5164 catorum
763 5108 1051 5163 consecuti
1077 5126 1293 5178 sumus,
1325 5110 1698 5165 resuscitandi
1726 5110 1797 5165 ab
1828 5127 1892 5164 eo
1919 5110 1977 5164 in
2022 5111 2113 5165 die

483 5202 810 5270 novissima,
841 5202 898 5256 in
930 5218 994 5257 ea
1023 5219 1136 5274 qua
1163 5220 1313 5258 nunc
1363 5203 1604 5258 vivimus
1647 5220 1816 5259 carne
1860 5207 1915 5258 et
1956 5203 2015 5257 in
2049 5221 2115 5258 ea

485 5312 598 5368 qua
623 5295 938 5350 resurrexit
964 5295 1119 5352 idem
1165 5296 1443 5351 Dominus
1471 5298 1656 5350 forma
1692 5296 2012 5368 percepturi
2043 5297 2112 5351 ab

482 5391 630 5461 ipso,
663 5389 758 5444 alii
786 5406 891 5461 pro
937 5389 1174 5461 justitiaa
1223 5388 1442 5444 meritis
1471 5389 1644 5444 vitam
1696 5396 1991 5456 aeternam,
2019 5389 2114 5443 alii

480 5499 586 5555 pro
616 5483 856 5554 peccatis
898 5483 1159 5555 supplicii
1205 5483 1404 5537 aeterni
1453 5483 1816 5537 sententiam.
1862 5484 1988 5536 Haec
2032 5485 2116 5536 est

482 5577 742 5632 Ecclesiae
770 5577 1066 5632 catholicae
1094 5575 1256 5644 fides,
1293 5575 1439 5630 hanc
1476 5576 1886 5631 confessionem
1930 5592 2116 5630 serva-

483 5686 612 5724 mus
641 5674 813 5742 atque
844 5676 1104 5725 tenemus
1131 5684 1301 5740 quam
1321 5669 1558 5740 quisque
1588 5669 1915 5724 ﬁrmissime
1937 5673 2116 5724 custo-

483 5761 652 5816 dierit
676 5767 1013 5832 perpetuam
1042 5761 1282 5815 salutem
1315 5761 1566 5815 habebit.

556 5855 616 5906 ll.
646 5857 772 5908 Post
809 5859 976 5910 rectae
1022 5852 1154 5908 ﬁdei
1180 5853 1597 5910 confessionem
1647 5871 1774 5925 quae
1824 5855 1882 5910 in
1924 5857 2115 5912 sancta

2209 4648 2341 4700 Post
2379 4645 2701 4716 ingressum
2752 4645 3012 4700 omnium
3055 4647 3447 4718 episcoporum
3484 4653 3654 4719 atque
3698 4666 3835 4704 con-

2211 4755 2448 4806 sessum,
2477 4742 2746 4793 vocentur
2769 4738 2976 4793 deinde
3005 4740 3321 4810 presbyteri
3351 4758 3492 4812 quos
3522 4758 3694 4796 causa
3713 4759 3838 4813 pro-

2209 4833 2427 4887 baverit
2455 4832 2710 4886 introire.
2743 4832 2940 4886 Nullus
2971 4849 3029 4886 se
3074 4833 3224 4888 inter
3254 4850 3350 4888 eos
3391 4835 3618 4906 ingerat
3647 4835 3833 4891 diaco-

2211 4943 2436 4981 norum.
2471 4928 2603 4980 Post
2647 4926 2749 4980 hos
2775 4925 3176 4996 ingrediantur
3205 4927 3464 4982 diacones
3492 4928 3834 4999 probabiles,

2215 5036 2356 5090 quos
2386 5020 2522 5074 ordo
2551 5018 2871 5090 peposcerit
2917 5019 3203 5074 interesse.
3234 5021 3301 5074 Et
3343 5037 3549 5076 corona
3592 5022 3739 5077 facta
3769 5023 3837 5078 de

2213 5113 2438 5167 sedibus
2458 5111 2878 5183 episcoporum,
2895 5113 3210 5183 presbyteri
3237 5131 3270 5167 a
3298 5117 3462 5186 tergo
3490 5132 3692 5169 eorum
3711 5116 3841 5170 resi-

2215 5205 2404 5271 deant,
2440 5205 2663 5260 diaconi
2688 5205 2745 5258 in
2775 5210 3076 5276 conspectu
3107 5223 3308 5261 eorum
3339 5213 3506 5275 stent,
3535 5208 3741 5264 deinde
3761 5210 3841 5263 in-

2217 5298 2548 5369 grediantur
2596 5298 2725 5353 laici
2749 5341 2763 5367 ,
2825 5298 2924 5370 qui
2983 5299 3240 5354 electioni
3301 5300 3522 5361 concilii
3569 5301 3839 5357 interesse

2214 5394 2564 5445 meruerunt.
2610 5393 2764 5446 Tunc
2792 5407 3025 5463 quoque
3072 5398 3128 5447 et
3169 5393 3377 5448 notarii
3421 5410 3565 5465 quos
3610 5395 3682 5450 ad
3708 5395 3844 5451 reci-

2221 5484 2461 5538 tandum
2492 5485 2577 5537 vel
2610 5485 3008 5556 excipiendum
3036 5486 3174 5540 ordo
3201 5487 3458 5558 requirit,
3490 5491 3549 5542 et
3575 5488 3841 5543 obseren-

2215 5580 2307 5631 tur
2328 5577 2543 5647 januae.
2569 5576 3026 5650 Sedentibusque
3053 5579 3112 5633 in
3133 5579 3401 5635 diuturno
3425 5580 3648 5636 silentio
3668 5597 3845 5636 sacer-

2214 5669 2460 5736 dotibus,
2491 5672 2547 5723 et
2590 5687 2685 5724 cor
2715 5674 2936 5725 tantum
2979 5672 3315 5727 habentibus
3358 5673 3428 5728 ad
3459 5674 3657 5743 Deum,
3690 5674 3844 5728 dicat

2214 5761 2688 5817 archidiaconus:
2739 5763 2927 5831 Orate,
2958 5765 3257 5837 statimque
3290 5783 3488 5822 omnes
3523 5767 3580 5821 in
3627 5769 3840 5821 terram

2215 5857 2664 5928 prosternamur,
2697 5861 2755 5912 et
2779 5857 3073 5914 orantibus
3099 5858 3310 5916 diutius
3339 5859 3506 5917 tacite
3536 5877 3666 5916 cum
3692 5860 3839 5938 ﬂeti-
