4054 6294
221 319 324 377 465

1454 327 1923 384 DECRETALIUM
1963 326 2348 385 COLLECTIO.

3483 333 3584 391 466

219 433 328 489 bus
361 435 533 504 atque
563 432 884 505 gemitibus,
917 439 1052 489 tunc
1084 451 1230 490 unus
1255 452 1323 490 ex
1352 436 1633 508 episcopis
1677 438 1855 493 senio-
1877 455 1935 528 Α
1955 439 2308 493 consuetudo
2337 437 2582 494 diversa.
2611 441 2723 495 Nos
2754 445 2949 496 autem
2973 442 3122 512 quod
3166 441 3335 497 tertio
3367 444 3580 514 mergi.

220 528 380 582 ribus
417 544 676 599 surgens,
700 527 1018 584 orationem
1046 529 1233 600 palam
1273 531 1344 586 ad
1383 530 1692 586 Dominum
1731 532 1857 587 fun-

222 622 340 685 dat,
369 623 587 677 cunctis
611 623 797 678 adhuc
823 624 882 678 in
917 627 1070 679 terra
1083 624 1421 695 jacentibus.
1454 625 1640 681 Finita
1664 631 1855 681 autem

222 716 505 784 oratione,
551 719 608 772 et
646 735 920 790 responso
970 719 1041 773 ab
1092 718 1396 774 omnibus:
1434 721 1632 789 Amen,
1663 737 1855 774 rursus

221 810 498 866 diaconus
547 811 743 868 dicat:
776 812 985 889 Erigite
1038 830 1155 878 vos,
1219 816 1274 866 et
1317 813 1614 868 confestim
1659 830 1855 868 omnes

220 909 480 977 surgant,
514 911 570 960 et
594 922 725 960 cum
754 906 960 961 timore
994 906 1152 962 omni
1175 912 1229 962 et
1254 907 1570 978 disciplina,
1604 911 1720 962 tam
1743 908 1856 979 epi-

219 1000 374 1070 scopi
418 1017 594 1070 quam
652 1000 964 1072 presbyteri
1022 1001 1273 1056 sedeant.
1330 1001 1537 1074 Sicque
1589 1001 1854 1057 omnibus

219 1092 278 1147 in
307 1093 425 1147 suis
453 1094 591 1148 locis
615 1094 672 1148 in
702 1093 926 1149 silentio
953 1094 1397 1162 considentibus,
1426 1095 1696 1150 diaconus
1727 1095 1855 1150 alba

219 1187 457 1242 indutus
477 1188 730 1243 codicem
749 1205 1031 1243 canonum
1056 1188 1114 1242 in
1133 1189 1324 1243 medio
1352 1189 1670 1260 proferens,
1693 1189 1849 1260 capi-

217 1282 336 1337 tula
368 1283 440 1337 de
473 1283 722 1337 conciliis
751 1283 988 1352 agendis
1015 1277 1363 1354 pronuntiet.
1385 1283 1699 1354 Finitisque
1725 1283 1854 1338 titu-

217 1376 288 1431 lis
313 1375 789 1448 metropolitanus
818 1377 1112 1448 episcopus
1159 1375 1462 1430 concilium
1512 1377 1849 1448 alloquatur,

221 1469 416 1525 dicens
448 1487 460 1525 :
491 1472 653 1538 Ecce,
689 1470 1025 1525 sanctissimi
1067 1471 1404 1540 sacerdotes,
1436 1471 1687 1525 recitatae
1723 1473 1854 1525 sunt

220 1581 289 1619 ex
308 1564 620 1620 canonibus
636 1564 946 1636 priscorum
960 1567 1191 1620 Patrum
1208 1564 1507 1620 sententia
1523 1565 1591 1619 de
1611 1565 1850 1620 concilio

217 1659 584 1714 celebrando.
607 1659 666 1714 Si
686 1676 799 1730 qua
818 1675 952 1731 ergo
974 1658 1302 1730 quempiam
1319 1658 1507 1713 virum
1535 1658 1682 1714 actio
1705 1676 1852 1713 com-

217 1755 411 1807 movet
453 1769 644 1806 coram
689 1752 804 1806 suis
853 1751 1119 1807 fratribus
1159 1754 1455 1822 proponat.
1489 1753 1644 1805 Tunc
1671 1751 1711 1805 si
1747 1752 1847 1805 ali-

1955 547 2081 586 mus
2113 531 2391 587 triduana
2433 533 2738 604 sepultura
2786 539 3142 590 sacramenta
3175 535 3493 606 signemus,
3520 540 3588 591 ut

1957 625 2094 680 dum
2121 624 2291 679 tertio
2321 625 2510 680 infans
2539 627 2609 681 ab
2641 627 2803 699 aquis
2830 627 3109 716 educitur,
3133 630 3468 685 resurrectio
3491 629 3588 685 tri-

1954 718 2131 773 duani
2163 720 2436 790 temporis
2468 736 2530 773 ex
2537 721 2853 824 primatum;
2869 723 3027 786 Quod
3046 723 3088 777 si
3106 723 3230 794 quis
3250 723 3395 778 forte
3411 723 3584 782 etiam

1953 830 2056 884 pro
2099 829 2337 867 summa
2379 814 2661 869 Trinitatis
2702 814 3062 870 veneratione
3103 816 3385 872 existimet
3435 818 3579 886 ﬁeri,

1956 921 2140 977 neque
2168 906 2237 961 ad
2267 906 2370 960 hoc
2402 907 2620 978 aliquid
2652 908 2872 964 obsistit
2888 910 3293 988 baptizandum
3325 912 3497 967 semel
3522 912 3582 966 in

1952 1015 2126 1070 aquas
2152 1015 2438 1070 mergere,
2471 1000 2606 1071 quia
2624 1001 2762 1055 dum
2787 1001 2847 1056 in
2871 1002 3050 1058 tribus
3073 994 3448 1060 subsistentiis
3470 1022 3583 1060 una

1954 1093 2272 1148 substantia
2317 1097 2420 1160 est,
2480 1097 2669 1165 potest
2714 1095 2989 1151 infantem
3034 1096 3092 1150 in
3143 1097 3486 1168 baptismate
3522 1099 3581 1154 in

1952 1203 2158 1258 aquam
2204 1189 2292 1242 vel
2334 1191 2441 1255 ter,
2492 1189 2576 1242 vel
2626 1189 2801 1243 semel
2848 1206 3125 1262 mergere,
3171 1192 3400 1263 quando
3438 1193 3581 1248 etin

1952 1280 2132 1335 tribus
2158 1281 2535 1336 mersionibus
2567 1298 2938 1353 personarum
2981 1283 3222 1353 trinitas,
3273 1288 3330 1340 et
3366 1284 3424 1340 in
3467 1303 3582 1341 una

1951 1377 2142 1446 potest
2157 1374 2464 1430 divinitatis
2480 1375 2843 1447 singularitas
2859 1376 3168 1448 designari.
3187 1379 3292 1434 Sed
3310 1379 3464 1450 quod
3479 1380 3583 1434 hu-

1953 1485 2163 1541 cusque
2189 1469 2258 1525 ab
2279 1469 2563 1525 hareticis
2588 1469 2779 1526 infans
2803 1471 2862 1525 in
2886 1471 3222 1542 baptismate
3243 1473 3412 1527 tertio
3435 1489 3584 1530 mer-

1953 1564 2216 1634 gebatur,
2265 1563 2591 1619 faciendum
2640 1565 2792 1636 apud
2819 1581 2914 1619 vos
2950 1582 3069 1620 esse
3111 1582 3225 1620 non
3259 1583 3479 1637 censeo,
3511 1585 3582 1624 ne

1953 1657 2088 1711 dum
2146 1658 2462 1712 mersiones
2515 1663 2858 1728 numerant,
2908 1658 3262 1716 divinitatem
3310 1661 3580 1731 dividant,

1951 1752 2201 1823 dumque
2228 1752 2380 1823 quod
2406 1752 2709 1820 faciebant,
2738 1752 2976 1821 faciunt,
2999 1770 3221 1809 morem
3246 1757 3506 1810 nostrum
3525 1771 3584 1811 se

219 1846 346 1917 quis
408 1863 808 1918 quamcunque
859 1845 1150 1918 querelam
1183 1863 1308 1917 qua
1335 1848 1529 1900 contra
1567 1861 1849 1900 canonem
1871 1828 1926 1901 Β
1951 1845 2146 1899 fecisse
2175 1846 2879 1918 glorientur.Quapropter
2899 1847 3034 1918 quia
3055 1848 3124 1902 de
3143 1851 3386 1920 utroque
3406 1864 3586 1903 sacra-

220 1942 343 2010 agit
392 1939 451 1994 in
508 1939 860 1995 audientiam
915 1940 1323 1995 sacerdotalem
1374 1939 1693 2010 protulerit,
1734 1956 1851 1994 non

218 2035 378 2106 prius
417 2034 491 2090 ad
531 2034 684 2089 aliud
723 2036 1046 2089 transeatur
1084 2033 1417 2105 capitulum,
1454 2033 1560 2088 nisi
1600 2033 1852 2104 primum

217 2128 373 2199 quod
401 2128 690 2199 proposita
722 2132 806 2183 est
832 2128 978 2184 actio
1007 2127 1364 2183 terminetur.
1394 2128 1535 2182 Nam
1562 2132 1619 2182 et
1644 2127 1688 2181 si
1719 2143 1850 2198 pre-

217 2221 416 2292 sbyter
443 2221 667 2293 aliquis,
712 2227 808 2277 aut
851 2222 1142 2289 diaconus,
1183 2222 1268 2275 vel
1300 2221 1559 2291 clericus,
1600 2220 1715 2275 sive
1744 2220 1848 2275 lai-

218 2332 336 2383 cus,
365 2316 433 2370 de
463 2315 553 2370 his
598 2315 695 2387 qui
742 2315 880 2370 foris
928 2315 1206 2382 steterint,
1239 2314 1548 2370 concilium
1579 2330 1682 2386 pro
1709 2331 1846 2386 qua-

215 2409 358 2464 libet
401 2427 464 2464 re
496 2409 799 2464 crediderit
825 2409 1252 2481 appellandum,
1281 2409 1528 2464 ecclesia
1559 2411 1848 2480 metropo-

214 2504 408 2558 litanae
454 2502 851 2558 arehidiacono
896 2520 1125 2558 causam
1173 2519 1334 2557 suam
1379 2502 1622 2570 intimet,
1656 2507 1714 2557 et
1754 2502 1850 2557 ille

216 2597 458 2652 concilio
489 2597 804 2652 denuntiet.
840 2599 906 2652 Et
934 2600 1070 2651 tunc
1096 2596 1176 2651 illi
1206 2599 1263 2650 et
1288 2596 1616 2651 introeundi
1644 2600 1700 2651 et
1722 2613 1852 2667 pro-

214 2691 472 2763 ponendi
498 2690 727 2746 licentia
757 2691 1119 2746 concedatur.
1171 2691 1367 2745 Nullus
1409 2694 1601 2744 autem
1633 2690 1846 2761 episco-

214 2801 419 2857 porum
467 2802 500 2839 a
549 2789 692 2839 coetu
736 2784 1031 2839 communi
1080 2784 1304 2839 secedat
1351 2787 1661 2855 antequam
1706 2784 1849 2839 hora

216 2878 506 2950 generalis
519 2878 844 2933 secessionis
857 2877 1140 2933 adveniat.
1155 2877 1464 2932 Concilium
1485 2894 1713 2949 quoque
1728 2879 1851 2932 nul-

215 2975 304 3028 lus
333 2973 552 3028 solvere
582 2972 809 3039 audeat,
840 2971 947 3026 nisi
973 2972 1190 3026 fuerint
1217 2976 1417 3027 cuncta
1448 2971 1843 3040 determinata,

215 3068 295 3122 ita
321 3070 387 3121 ut
416 3083 770 3138 quacunque
798 3065 1198 3120 deliberationi
1224 3065 1516 3120 communi
1547 3065 1844 3133 ﬁniuntur,

215 3161 609 3234 episcoporum
640 3160 1003 3232 singulorum
1031 3159 1294 3213 manibus
1324 3159 1661 3214 scribantur.
1692 3160 1846 3213 Tunc
1866 3199 1920 3274 Ο

225 3255 360 3274 -_!,-_
419 3255 561 3274 n____
612 3270 832 3274 ___-_._____
889 3253 1236 3274 ______J-L____
1300 3252 1523 3274 --__-2‘IS_
1576 3251 1841 3274 2_L-_.-__-

217 3255 368 3309 enim
415 3255 563 3310 Deus
606 3270 840 3308 suorum
884 3253 1244 3308 sacerdotum
1293 3252 1530 3307 concilio
1576 3251 1846 3307 interesse

217 3347 531 3403 credendus
574 3351 675 3414 est,
724 3348 770 3401 si
819 3348 1066 3402 tumultu
1114 3346 1271 3401 omni
1318 3347 1560 3417 abjecto,
1607 3346 1846 3402 sollicite

215 3445 384 3512 atque
413 3441 714 3514 tranquille
755 3441 1129 3496 ecclesiastica
1174 3440 1405 3511 negotia
1440 3439 1843 3496 terminentur.

288 3537 372 3590 ιν,
403 3535 556 3590 Solet
585 3535 642 3590 in
672 3534 954 3606 Hispaniis
989 3535 1058 3589 de
1085 3533 1443 3589 solemnitate
1472 3532 1722 3604 paschali
1745 3550 1843 3587 va-

214 3629 385 3684 rietas
427 3628 662 3684 existere
707 3628 1140 3700 pradicationis,
1177 3629 1400 3684 diversa
1445 3626 1598 3682 enim
1649 3626 1843 3681 obser-

214 3722 402 3778 vantia
442 3723 864 3777 Laterculorum
903 3722 1180 3792 paschalis
1209 3721 1523 3776 festivitatis
1557 3720 1844 3776 interdum

217 3832 474 3870 errorem
528 3794 1080 3896 parturit.\Proinde
1144 3815 1374 3886 placuit,
1430 3820 1492 3870 ut
1545 3819 1678 3870 ante
1729 3818 1846 3871 tres

217 3926 446 3965 menses
492 3909 933 3981 Epiphaniorum
974 3909 1400 3980 metropolitani
1431 3909 1747 3964 sacerdotes
1775 3909 1844 3963 li-

216 4003 333 4057 bris
358 4021 420 4057 se
446 4002 684 4057 invicem
716 4003 1024 4073 inquirant,
1073 4007 1135 4056 ut
1171 4002 1461 4057 communi
1490 4002 1726 4058 scientia
1750 4003 1849 4058 do-

217 4096 311 4165 cti,
347 4096 501 4150 diem
547 4095 975 4150 resurrectionis
1025 4095 1231 4150 Christi
1274 4095 1847 4166 comprovincialibus

217 4191 333 4245 suis
363 4189 660 4245 insinuent
685 4192 750 4243 ut
776 4206 888 4244 uno
909 4194 1167 4260 tempore
1198 4189 1599 4244 celebrandum
1627 4207 1850 4245 annun-

214 4285 384 4340 tient.

286 4380 352 4433 ν.
386 4378 465 4432 De
494 4376 768 4448 baptismi
793 4379 1170 4442 sacramento,
1199 4379 1431 4447 propter
1469 4377 1622 4447 quod
1659 4376 1718 4430 in
1751 4377 1847 4431 Hi-

217 4471 430 4544 spaniis
460 4470 694 4542 quidam
719 4469 1044 4525 sacerdotes
1065 4469 1299 4538 trinam,
1322 4469 1581 4540 simplam
1613 4469 1848 4540 quidam

1953 1945 2146 1994 mento
2173 1940 2323 2011 quod
2353 1939 2418 1994 fit
2451 1940 2509 1994 in
2539 1943 2734 1994 sancto
2760 1941 3046 2012 baptismo
3074 1959 3108 1996 a
3134 1946 3292 1998 tanto
3315 1943 3434 1997 viro
3459 1943 3583 1997 red-

1954 2033 2071 2087 dita
2109 2035 2195 2087 est
2235 2034 2400 2101 ratio,
2445 2034 2598 2105 quod
2640 2038 2948 2106 utrumque
2987 2034 3484 2107 irreprehensibile
3522 2035 3582 2091 in

1952 2131 2142 2181 sancta
2173 2125 2267 2181 Dei
2295 2127 2542 2182 Ecclesia
2567 2127 2862 2196 habeatur,
2893 2133 3127 2200 propter
3155 2129 3449 2184 vitandum
3478 2146 3582 2184 au-

1951 2225 2065 2274 tem
2124 2219 2446 2276 schismatis
2484 2221 2835 2292 scandalum,
2876 2223 2962 2278 vel
3012 2223 3264 2278 haretici
3300 2223 3584 2294 dogmatis

1950 2330 2119 2368 usum
2159 2313 2421 2386 simplam
2462 2320 2759 2370 teneamus
2794 2315 3064 2387 baptismi
3101 2317 3467 2385 mersionem,
3509 2335 3583 2372 ne

1951 2406 2250 2462 videantur
2277 2408 2431 2480 apud
2448 2425 2555 2464 nos
2576 2409 2672 2481 qui
2692 2410 2862 2465 tertio
2892 2415 3163 2482 mergunt
3186 2411 3583 2467 hareticorum

1949 2501 2266 2572 approbare
2306 2502 2703 2570 assertionem,
2735 2503 2873 2558 dum
2913 2508 3232 2575 sequuntur
3257 2507 3314 2559 et
3338 2521 3579 2561 morem.

1949 2596 2016 2648 Et
2043 2611 2116 2649 ne
2149 2594 2292 2649 forte
2319 2595 2584 2666 cuiquam
2608 2596 2680 2650 sit
2707 2596 2946 2652 dubium
2972 2597 3143 2668 hujus
3163 2597 3354 2670 simpli
3377 2603 3582 2670 myste-

1949 2687 2097 2742 rium
2126 2689 2487 2758 ‘sacramenti,
2518 2689 2703 2746 videat
2730 2689 2786 2744 in
2817 2707 2885 2745 eo
2913 2695 3179 2760 mortem,
3231 2695 3288 2747 et
3325 2708 3577 2747 resurre-

1948 2781 2220 2851 ctionem,
2253 2782 2390 2836 dum
2430 2788 2750 2855 sequuntur
2775 2788 2830 2838 et
2856 2800 3077 2840 morem
3115 2784 3320 2840 Christi
3358 2785 3578 2857 signiﬁ-

1948 2891 2090 2930 care.
2124 2877 2260 2930 Nam
2291 2876 2351 2930 in
2383 2879 2557 2948 aquas
2583 2877 2792 2932 mersio
2843 2879 3009 2950 quasi
3038 2878 3112 2932 ad
3142 2878 3432 2934 infernum
3479 2879 3582 2934 de-

1947 2969 2165 3024 scensio
2223 2975 2308 3025 est
2336 2974 2393 3025 et
2418 2988 2612 3026 rursus
2650 2972 2720 3025 ab
2762 2971 2926 3043 aquis
2969 2972 3216 3027 emersio
3244 2975 3581 3028 resurrectio

1951 3067 2053 3117 est.
2085 3065 2226 3118 Item
2253 3063 2442 3119 videat
2470 3064 2528 3119 in
2560 3081 2628 3120 eo
2656 3064 2940 3120 unitatem
2972 3065 3302 3134 divinitatis,
3330 3070 3387 3121 et
3414 3066 3577 3122 trini-

1945 3160 2125 3211 tatem
2173 3173 2548 3228 personarum
2594 3158 2816 3214 ostendi
2849 3175 2862 3213 :
2896 3159 3197 3226 unitatem,
3243 3160 3380 3214 dum
3407 3161 3584 3216 semel

1947 3250 2295 3320 mergimus;
2325 3251 2660 3318 trinitatem,
2686 3251 2821 3305 dum
2844 3252 2901 3306 in
2922 3253 3159 3308 nomine
3181 3253 3359 3308 Patris
3380 3259 3437 3308 et
3456 3253 3585 3308 Filii

1946 3347 2002 3398 et
2031 3343 2275 3414 Spiritus
2301 3343 2478 3399 sancti
2520 3343 2894 3415 baptizamus.
2941 3346 3214 3400 Panditur
3247 3346 3417 3418 hujus
3460 3346 3579 3400 sin-

1946 3436 2161 3507 gularis
2215 3436 2485 3508 baptismi
2540 3439 2876 3509 mysterium
2934 3439 3110 3492 etiam
3160 3439 3580 3510 Scripturarum

1946 3533 2273 3585 sanctarum
2333 3530 2624 3602 exemplis,
2677 3532 2849 3586 Paulo
2907 3533 3162 3602 apostolo
3217 3535 3519 3588 attestante
3561 3550 3575 3590 :

1949 3651 1975 3679 «
2003 3629 2142 3684 Nolo
2167 3645 2264 3683 vos
2293 3628 2584 3700 ignorare,
2614 3628 2834 3697 fratres,
2863 3629 3137 3701 quoniam
3167 3634 3366 3701 patres
3403 3631 3580 3686 nostri

1947 3745 2149 3783 omnes
2174 3728 2276 3782 sub
2296 3727 2449 3782 nube
2473 3727 2722 3795 fuerunt,
2741 3732 2795 3783 et
2816 3745 3014 3784 omnes
3034 3745 3191 3784 mare
3203 3729 3576 3801 transierunt,

1947 3826 2006 3876 et
2058 3838 2258 3877 omnes
2314 3821 2371 3876 in
2427 3822 2609 3892 Moyse
2659 3821 2927 3894 baptizati
2965 3825 3099 3877 sunt
3135 3822 3196 3877 in
3232 3822 3384 3878 nube
3425 3827 3481 3878 et
3518 3824 3579 3879 in

1945 3917 2091 3971 mari
2127 3916 2174 3986 (Ι
2198 3918 2315 3974 Cor.
2350 3932 2401 3982 Χ,
2431 3916 2502 3982 l).
2537 3937 2565 3965 »
2594 3916 2743 3971 Mare
2770 3916 2981 3988 quippe
3007 3917 3266 3972 Rubrum
3299 3917 3582 3988 signiﬁcat

1945 4009 2294 4081 baptismum
2362 4009 2570 4066 Christi
2636 4009 2913 4082 sanguine
2975 4016 3371 4067 consecratum
3401 4054 3414 4081 ,
3479 4028 3582 4082 per

1946 4104 2099 4175 quod
2157 4105 2403 4176 populus
2442 4104 2541 4158 Dei
2603 4104 2706 4158 sub
2768 4106 3035 4159 columna
3096 4105 3248 4175 ignis
3303 4108 3362 4161 et
3415 4105 3582 4161 nubis

1947 4198 2127 4252 semel
2151 4197 2393 4264 transiit,
2424 4197 2522 4250 ubi
2549 4199 2739 4252 tamen
2768 4201 2888 4252 tota
2937 4205 3060 4252 erat
3101 4198 3339 4254 Trinitas
3367 4215 3578 4270 prace-

1948 4291 2114 4345 dente
2147 4289 2338 4362 113
2366 4292 2641 4360 populum
2684 4291 2948 4346 columna
2996 4291 3149 4362 ignis
3204 4296 3261 4346 et
3303 4292 3488 4346 nubis.
3517 4295 3582 4348 In

1948 4382 2081 4453 igne
2105 4382 2317 4453 quippe
2339 4382 2690 4453 signiﬁcatur
2716 4385 2902 4451 Pater,
2933 4384 2993 4438 in
3019 4385 3286 4439 columna
3307 4385 3495 4451 Filius,
3521 4385 3580 4440 in

1947 4474 2098 4528 nube
2160 4475 2401 4546 Spiritus
2463 4478 2712 4530 sanctus.
2769 4476 3029 4530 Jordanis
3085 4493 3308 4547 quoque
3362 4477 3580 4531 fluenta

217 4565 571 4622 mersionem
592 4564 829 4631 faciunt,
851 4581 884 4617 a
913 4562 1202 4618 nonnullis
1217 4563 1464 4616 schisma
1485 4578 1604 4617 esse
1626 4563 1928 4640 conspi-D
1951 4584 2081 4621 cum
2117 4583 2245 4621 arca
2299 4568 2546 4638 populus
2602 4567 2703 4621 Dei
2759 4569 2935 4622 semel
2987 4569 3230 4637 transiit,
3272 4585 3376 4638 per
3426 4569 3580 4640 quod

218 4660 384 4728 citur,
419 4663 477 4714 et
506 4657 693 4713 unitas
718 4657 852 4712 ﬁdei
879 4656 1060 4711 scindi
1079 4656 1322 4710 videtur.
1345 4655 1482 4708 Nam
1507 4655 1644 4708 dum
1661 4659 1852 4725 partes

221 4753 458 4808 diversa
484 4751 543 4806 in
569 4751 928 4823 baptizandis
947 4750 1138 4822 aliqua
1157 4748 1438 4803 contrario
1459 4748 1629 4802 modo
1649 4753 1849 4819 agunt,

222 4849 295 4903 ab
349 4845 476 4901 aliis
531 4861 648 4900 non
685 4845 1000 4916 baptizatos
1040 4860 1162 4898 esse
1202 4841 1569 4898 contendunt.
1610 4840 1851 4895 Proinde

223 4941 360 5012 quid
381 4958 414 4995 a
436 4939 601 4995 nobis
623 4938 683 4993 in
704 4936 1044 4993 sacramenti
1075 4935 1397 4991 diversitate
1422 4933 1738 4988 ﬁniendum
1759 4933 1849 5000 sit,

223 5032 549 5106 apostolica
579 5031 734 5087 Sedis
754 5031 1141 5086 informemur
1160 5029 1475 5100 praceptis,
1501 5043 1616 5081 non
1634 5029 1848 5097 nostra,

223 5129 319 5183 sed
349 5130 654 5200 paternam
694 5123 1114 5180 institutionem
1148 5123 1468 5194 sequentes.
1502 5121 1686 5175 Beata
1715 5136 1851 5191 ergo

220 5220 515 5276 memoria
552 5217 856 5290 Gregorius
893 5219 1164 5273 Romana
1193 5215 1440 5270 ecclesia
1472 5213 1724 5285 pontifex
1756 5214 1854 5284 qui

220 5331 337 5369 non
372 5312 561 5367 solum
590 5316 780 5382 partes
806 5310 976 5365 Italia
1006 5309 1330 5375 illustravit,
1350 5308 1446 5362 sed
1473 5312 1530 5362 et
1548 5307 1719 5377 longe
1741 5306 1855 5360 exi-

219 5410 432 5463 stentes
462 5404 724 5460 ecclesias
742 5420 846 5458 sua
873 5402 1131 5458 doctrina
1155 5399 1470 5472 perdocuit,
1499 5399 1852 5470 efﬂagitante

221 5497 577 5554 sanctissimo
602 5496 857 5551 Leandro
887 5495 1152 5566 episcopo
1198 5493 1268 5548 de
1316 5493 1425 5546 hac
1459 5490 1739 5563 Hispania
1763 5489 1851 5545 di-

219 5592 490 5646 versitate
521 5590 659 5661 quid
683 5589 876 5661 potius
906 5592 1056 5643 esset
1083 5586 1456 5659 sequendum,
1481 5584 1631 5640 inter
1653 5588 1856 5639 caetera

219 5685 563 5750 rescribens,
614 5683 693 5737 sic
738 5682 858 5737 ait:
890 5683 967 5736 De
997 5679 1147 5735 trina
1191 5695 1323 5734 vero
1359 5679 1643 5734 mersione
1668 5676 1852 5749 bapti-

224 5777 417 5831 smatis
444 5776 584 5830 nihil
613 5775 946 5846 responderi
973 5773 1163 5827 verius
1185 5777 1387 5844 potest,
1411 5788 1580 5841 quam
1601 5770 1705 5841 ipsi
1727 5788 1852 5825 seu-

224 5870 392 5939 sistis,
442 5868 575 5941 quia
617 5869 676 5924 in
707 5885 817 5925 una
846 5868 957 5924 ﬁde
990 5866 1132 5924 nihil
1158 5865 1333 5924 ofﬁcit
1360 5866 1570 5921 sancta
1600 5863 1855 5922 Ecclesia

1952 4659 2300 4730 signiﬁcatur
2346 4659 2552 4730 simpla
2597 4659 2806 4714 mersio
2851 4661 3232 4731 baptismatis,
3283 4661 3445 4732 cujus
3491 4678 3577 4714 sa-

1951 4755 2245 4806 cramento
2275 4751 2515 4806 Ecclesia
2543 4750 2811 4820 abluitur,
2844 4756 2902 4805 et
2929 4752 2997 4806 de
3026 4752 3160 4807 ﬁdei
3203 4752 3374 4822 hujus
3420 4752 3578 4808 labo-

1941 4845 2108 4920 ribus
2138 4861 2242 4916 per
2267 4844 2616 4916 baptismum
2638 4843 2798 4915 quasi
2824 4861 2927 4915 per
2948 4844 3256 4900 Jordanem
3273 4845 3344 4900 ad
3365 4848 3581 4901 terram

1952 4938 2193 4993 calestis
2224 4937 2677 5009 repromissionis
2706 4937 3044 5008 ingreditur.

2023 5033 2103 5085 VI.
2135 5031 2535 5103 Comperimus
2565 5030 2717 5103 quod
2744 5047 2846 5100 per
2872 5030 3181 5085 nonnullas
3222 5031 3480 5087 ecclesias
3519 5033 3579 5087 in

1953 5123 2046 5178 die
2073 5129 2242 5179 sexta
2270 5124 2426 5179 feria
2449 5123 2722 5195 passionis
2750 5123 2976 5177 Domini
3002 5123 3202 5179 clausis
3220 5124 3581 5180 basilicarum

1951 5216 2166 5271 foribus
2193 5233 2312 5271 non
2342 5217 2655 5272 celebratur
2681 5215 2956 5284 ofﬁcium,
2991 5233 3098 5272 nec
3137 5217 3318 5288 passio
3352 5218 3582 5273 Domini

1950 5310 2177 5381 populis
2208 5309 2568 5380 praedicatur,
2597 5309 2734 5362 dum
2761 5308 2914 5363 idem
2944 5309 3198 5365 Salvator
3227 5314 3421 5366 noster
3448 5329 3582 5382 apo-

1952 5400 2109 5456 stolis
2139 5400 2253 5454 suis
2282 5400 2550 5471 pracepit
2578 5400 2791 5470 dicens,
2819 5401 3140 5471 passionem
3170 5407 3228 5457 et
3251 5406 3496 5458 mortem
3523 5405 3582 5456 et

1952 5493 2426 5548 resurrectionem
2456 5507 2642 5546 meam
2671 5493 2935 5548 omnibus
2972 5495 3304 5565 pradicate.
3333 5495 3577 5564 Ideoque

1955 5588 2179 5657 oportet
2193 5586 2393 5641 eodem
2413 5584 2505 5640 die
2522 5585 2858 5656 mysterium
2882 5586 3063 5642 crucis
3079 5587 3250 5658 (quod
3273 5587 3395 5656 ipse
3417 5601 3581 5638 cunc-

1951 5679 2024 5733 tis
2049 5677 2508 5733 annuntiandum
2535 5678 2730 5749 voluit)
2758 5678 3056 5756 pradicari
3082 5682 3251 5748 atque
3275 5677 3576 5746 indulgen-

1954 5771 2091 5833 tiam
2121 5771 2429 5826 criminum
2458 5771 2606 5826 clara
2627 5788 2762 5826 voce
2791 5787 3021 5826 omnem
3047 5769 3321 5840 populum
3352 5772 3583 5838 prasto-

1953 5864 2079 5936 lari,
2105 5869 2172 5922 ut
2193 5864 2542 5937 pauitantia
2579 5863 3016 5938 compunctione
3045 5859 3306 5919 mundati
3336 5875 3576 5918 venera-
