4054 6306
483 329 585 388 467

1384 334 1663 392 ΛΡΡΕΝΙ).
1705 335 1791 390 ΑΙ)
1827 335 1987 392 δᾸΞΟ.
2025 334 2110 392 IX.
2146 364 2212 378 -η
2249 332 2487 391 ISlDUltI
2521 332 2945 391 MEHCATUIUS

3748 338 3850 392 tua}

481 439 596 495 bile
631 438 842 497 festum
883 439 1186 497 Dominica:
1223 442 1650 498 resurrectionis
1699 443 1950 499 remissis
1998 444 2106 500 ini-
2131 457 2190 530 Α
2211 444 2357 515 Ergo
2382 443 2529 498 sicut
2552 443 2807 499 Christus
2839 441 3131 516 praecepit,
3162 441 3241 498 sic
3271 441 3572 515 Apostolus
3601 442 3848 499 monuit.

488 534 797 607 quitatibus
851 537 1136 608 suscipere
1186 553 1533 604 mereamur,
1585 538 1951 611 corporisque
1990 540 2110 611 ejus

486 632 544 684 et
593 630 889 702 sanguinis
936 634 1354 688 sacramentum
1407 631 1610 689 mundi
1659 651 1692 689 a
1743 639 1974 705 peccato
2012 652 2108 689 su-

484 739 730 781 mamus.

556 819 662 873 νη.
696 818 937 883 Quidam
970 821 1028 875 in
1075 822 1163 876 die
1192 821 1445 893 ejusdem
1493 824 1773 895 passionis
1804 824 2112 879 Dominicas

480 911 549 966 ab
587 911 731 968 hora
762 930 915 970 nona
943 916 1233 986 jejunium
1257 918 1500 984 solvunt,
1536 918 1803 973 conviviis
1830 918 2108 974 adhiben-

480 1010 593 1074 tur,
626 1012 683 1062 et
709 1007 845 1064 dum
877 1009 959 1063 sol
1003 1009 1125 1081 ipse
1152 1010 1354 1064 eadem
1400 1011 1491 1065 die
1528 1012 1780 1067 tenebris
1827 1013 2105 1083 palluerit,

479 1098 671 1155 lumen
703 1101 1053 1171 subduxerit,
1093 1105 1329 1176 ipsaque
1377 1105 1663 1161 elementa
1703 1106 1935 1162 turbata
1965 1123 2106 1163 moe-

480 1194 689 1249 stitiam
715 1196 887 1252 totius
916 1198 1115 1253 mundi
1146 1199 1517 1270 ostenderint,
1539 1200 1623 1255 illi
1645 1200 1931 1272 jejunium
1961 1202 2107 1257 tanti

478 1288 589 1344 diei
618 1289 904 1360 polluunt,
938 1292 1235 1363 epulisque
1279 1292 1611 1349 inserviunt.
1645 1297 1710 1349 Et
1753 1295 1885 1367 quia
1925 1299 2106 1351 totum

476 1383 745 1439 eumdem
774 1383 924 1440 diem
943 1386 1273 1442 universalis
1287 1388 1529 1443 ecclesia
1539 1393 1771 1460 propter
1783 1389 2107 1462 passionem

477 1476 703 1533 Domini
725 1478 784 1532 in
813 1495 1055 1535 maerore
1076 1484 1133 1536 et
1150 1482 1492 1538 abstinentia
1516 1483 1759 1555 peragit,
1780 1483 2107 1556 quicunque

475 1570 534 1625 in
566 1587 635 1626 eo
658 1571 947 1643 jejunium
976 1578 1186 1645 praeter
1209 1576 1477 1647 parvulos
1517 1592 1679 1631 senes
1715 1581 1772 1632 et
1804 1578 2107 1650 languidos

475 1669 608 1720 ante
638 1671 894 1737 peractas
925 1668 1293 1740 indulgentiae
1321 1687 1514 1742 preces
1550 1672 1904 1744 persolverit,
1932 1690 1967 1729 a
1997 1690 2103 1746 pa—

477 1759 652 1815 schali
696 1761 910 1831 gaudio
952 1763 1288 1835 depellatur,
1332 1782 1437 1820 nec
1477 1765 1536 1821 in
1576 1783 1642 1822 eo
1685 1771 2105 1822 sacramentum

2210 538 2279 591 Et
2329 538 2821 609 quemadmodum
2870 537 3130 593 doctores
3177 536 3535 592 ecclesiastici
3580 536 3847 592 institue-

2210 634 2363 697 runt,
2392 631 2529 703 quia
2558 631 2814 703 quotidie
2836 632 2923 688 vel
2949 631 3320 703 cogitatione,
3352 631 3442 686 vel
3462 630 3637 686 verbo
3670 630 3854 685 delino

2209 724 2437 796 quimus
2465 724 2721 796 quotidie
2742 728 2799 780 et
2822 725 2969 780 hanc
2989 724 3305 780 orationem
3326 724 3615 779 effundere
3640 724 3700 780 in
3719 740 3852 779 con-

2211 822 2404 890 spectu
2433 818 2536 874 Dei
2562 818 2859 874 debemus.
2891 819 3157 891 Quisquis
3183 835 3321 889 ergo
3368 818 3733 874 sacerdotum
3757 818 3850 874 vel

2210 911 2624 983 subjacentium
2666 913 3001 968 clem’corum
3044 913 3189 968 hanc
3227 912 3542 968 orationem
3592 912 3851 968 Domini-

2209 1022 2332 1060 cam
2364 1006 2639 1077 quotidie,
2673 1012 2773 1061 aut
2813 1007 2873 1061 in
2912 1006 3160 1078 publico,
3190 1009 3291 1061 aut
3319 1006 3379 1061 in
3404 1006 3624 1078 privato
3655 1006 3847 1062 ofﬁcio

2208 1099 2547 1171 praeterierit
2569 1105 2809 1172 prOpter
2832 1100 3181 1173 superbiam,
3204 1100 3490 1174 judicatus
3516 1100 3736 1156 ordinis
3756 1099 3847 1156 sui

2206 1194 2426 1250 honore
2451 1193 2725 1266 privetur.

2278 1289 2337 1343 X.
2368 1290 2529 1356 Item,
2558 1288 2929 1359 cognovimus
2954 1289 3238 1360 quosdam
3262 1290 3548 1361 Hispaniae
3570 1288 3845 1345 sacerdo-

2206 1386 2312 1449 tes,
2346 1382 2447 1454 qui
2474 1383 2536 1438 in
2565 1382 3026 1455 quadragesimae
3056 1383 3255 1439 diebus
3289 1384 3516 1440 alleluia
3538 1384 3846 1440 decantant

2205 1482 2415 1548 praeter
2440 1476 2498 1532 in
2524 1476 2725 1532 ultima
2748 1477 3108 1533 hebdomada
3134 1478 3378 1547 Pascha,
3396 1478 3550 1550 quod
3572 1478 3844 1550 deinceps

2205 1570 2328 1625 ﬁeri
2361 1571 2771 1639 interdicimus,
2805 1576 3121 1627 statuentes
3166 1576 3233 1627 ut
3276 1573 3335 1627 in
3382 1573 3651 1628 omnibus
3687 1589 3841 1645 pras-

2208 1664 2368 1720 dictis
2410 1665 2874 1737 Quadragesimae
2902 1665 3101 1722 diebus
3147 1666 3301 1739 (quia
3332 1669 3559 1738 tempus
3600 1683 3720 1722 non
3756 1671 3846 1723 est

2206 1758 2417 1829 gaudii,
2447 1759 2548 1815 sed
2585 1760 2868 1833 maeroris)
2898 1760 3120 1816 alleluia
3157 1777 3272 1816 non
3305 1761 3652 1817 decantetur.
3684 1763 3844 1816 Tunc

475 1854 727 1925 corporis
777 1859 834 1909 et
877 1857 1174 1928 sanguinis
1212 1858 1438 1914 Domini
1475 1860 1772 1933 percipiat,
1812 1861 1911 1934 qui
1951 1850 2182 1923 diemB
2207 1853 2361 1908 enim
2393 1870 2536 1925 OPDS
2580 1858 2668 1909 est
2710 1855 2937 1910 ﬂetibus
2967 1872 3033 1910 ac
3055 1855 3290 1927 jejuniis
3323 1855 3601 1923 ίηείεῖθνθν
3633 1872 3843 1927 οοιῬιη

474 1947 751 2019 passionis
781 1949 902 2020 ejus
926 1967 1035 2022 per
1059 1951 1463 2008 abstinentiam
1492 1971 1610 2010 non
1640 1956 1958 2011 honoravit.

547 2039 679 2094 Vlll.
706 2040 961 2096 Lucerna
1006 2045 1063 2096 et
1104 2059 1300 2098 cereus
1326 2043 1476 2099 infra
1500 2044 1725 2116 vigilias
1752 2046 1905 2117 apud
1931 2063 2103 2117 quas-

478 2132 611 2187 dam
642 2134 901 2189 ecclesias
928 2152 1045 2191 non
1071 2137 1447 2208 benedicitur,
1475 2144 1531 2195 et
1554 2156 1587 2193 a
1612 2139 1777 2195 nobis
1805 2156 1906 2195 cur
1928 2141 2101 2195 bene-

478 2225 715 2294 dicatur,
749 2228 1065 2300 inquirunt.
1109 2234 1348 2303 Propter
1386 2233 1694 2305 gloriosum
1734 2234 1888 2289 enim
1924 2235 2104 2290 noctis

472 2320 650 2392 ipsius
676 2328 1100 2380 sacramentum
1118 2326 1241 2381 haec
1262 2327 1592 2383 solemniter
1606 2328 2018 2397 benedicimus,
2039 2333 2105 2385 ut

474 2430 644 2470 sacrae
674 2418 1105 2473 resurrectionis
1141 2419 1348 2474 Christi
1390 2420 1725 2491 mysterium
1761 2422 1914 2494 quod
1953 2426 2100 2477 tem-

470 2524 609 2579 pore
639 2509 810 2581 hujus
837 2512 1017 2566 noctis
1054 2512 1236 2568 votive
1280 2514 1508 2569 advenit
1542 2515 1934 2571 benedictione
1966 2534 2100 2572 san-

473 2602 699 2657 ctificati
728 2604 965 2660 luminis
994 2606 1385 2678 suscipiamus.
1416 2609 1483 2663 Et
1509 2608 1642 2681 quia
1671 2610 1795 2665 haec
1841 2610 2103 2667 observa-

470 2696 550 2751 tio
582 2713 686 2767 per
716 2698 1029 2754 multarum
1068 2700 1191 2755 loca
1216 2706 1520 2773 terrarum,
1553 2703 1931 2777 regionesque
1975 2705 2097 2761 His-

470 2790 657 2859 punias
676 2791 735 2846 in
758 2792 1016 2848 Ecclesiis
1034 2795 1491 2866 commendatur,
1511 2796 1751 2867 dignum
1768 2803 1852 2854 est
1869 2803 2103 2871 propter

472 2883 750 2939 unitatem
785 2886 956 2956 pacis,
1001 2891 1067 2942 ut
1110 2887 1169 2944 in
1198 2889 1492 2944 Gallicanis
1520 2891 1768 2946 ecclesiis
1797 2909 2097 2949 conserve-

473 2979 588 3031 tur.
614 2978 767 3045 _Nulli
794 2982 985 3036 autem
1009 2980 1245 3053 impune
1274 2984 1384 3037 erit
1411 2983 1511 3054 qui
1538 2984 1642 3039 hoc
1671 2988 2097 3059 contempserit,

474 3070 573 3125 sed
600 3075 831 3143 patrum
855 3074 1069 3146 regulis
1097 3076 1431 3148 subjacebit.

540 3166 622 3220 IX.
647 3167 920 3223 Nonnulli
949 3170 1302 3226 sacerdotum
1323 3172 1382 3226 in
1406 3172 1689 3244 Hispaniis
1710 3175 2077 3246 reperiuntur

2205 1947 2385 2003 cilicio
2398 1953 2454 2003 et
2465 1947 2654 2005 cinere
2664 1949 2927 2019 induere,
2945 1949 3205 2005 animum
3218 1949 3555 2005 maeroribus
3567 1949 3837 2020 dejicere,

2206 2042 2480 2113 gaudium
2508 2042 2567 2096 in
2591 2042 2885 2098 tristitiam
2910 2048 3136 2099 vertere
3155 2060 3455 2115 quousque
3475 2042 3667 2099 veniat
3690 2049 3836 2099 tem-

2204 2152 2309 2206 pus
2340 2136 2770 2191 resurrectionis
2798 2136 3023 2205 Christi,
3058 2137 3285 2209 quando
3328 2140 3592 2209 oporteat
3626 2137 3749 2208 jam
3776 2137 3836 2192 in

2202 2229 2396 2284 laetitia
2437 2246 2693 2299 manere,
2734 2236 2791 2285 et
2834 2247 3138 2286 maerorem
3180 2231 3239 2286 in
3284 2230 3559 2303 gaudium
3588 2236 3837 2287 mutare.

2203 2324 2315 2378 Hoc
2340 2324 2496 2378 enim
2523 2324 2785 2380 Ecclesiae
2809 2325 3144 2380 universalis
3176 2325 3475 2381 consensio
3519 2325 3579 2380 in
3623 2325 3843 2382 cunctis

2202 2422 2486 2472 terrarum
2516 2418 2774 2490 partibus
2793 2418 3105 2490 roboravit,
3135 2420 3291 2492 quod
3314 2422 3371 2475 et
3398 2437 3433 2474 a
3454 2418 3617 2475 nobis
3649 2418 3836 2475 omni~

2200 2512 2306 2566 bus
2339 2517 2400 2566 ut
2428 2516 2791 2568 conservetur
2816 2529 2921 2585 per
2947 2513 3243 2585 Hispanias
3281 2513 3679 2586 Gallmciasque
3703 2530 3837 2586 pro-

2203 2604 2417 2659 vincias
2439 2606 2743 2677 oportebit.
2771 2608 2829 2661 In
2849 2607 3203 2679 temporibus
3230 2624 3366 2663 vero
3387 2606 3642 2680 reliquis,
3671 2607 3731 2662 id
3755 2611 3841 2663 est

2200 2699 2428 2755 Calend.
2459 2700 2736 2768 Januarii,
2769 2717 2897 2773 quae
2930 2706 3163 2773 prepter
3209 2719 3462 2758 errorem
3502 2701 3839 2773 gentilitatis

2199 2798 2465 2864 aguntur,
2500 2794 2735 2850 omnino
2767 2794 2998 2850 alleluia
3025 2812 3138 2851 non
3165 2796 3581 2866 decantabitur,
3610 2796 3673 2850 in
3702 2796 3833 2868 qui-

2200 2888 2305 2942 bus
2327 2888 2501 2944 etiam
2522 2893 2733 2960 praeter
2759 2888 2974 2961 piscem
3002 2895 3060 2945 et
3080 2890 3225 2960 olus,
3244 2890 3389 2946 sicut
3406 2895 3463 2946 et
3480 2890 3539 2945 in
3556 2890 3668 2945 illis
3689 2907 3832 2962 qua-

2200 2981 2464 3053 draginta
2507 2982 2707 3037 diebus
2749 2983 2968 3038 caeteris
3007 2983 3274 3039 carnibus
3317 2984 3652 3052 abstinetur,
3698 2988 3756 3040 et
3799 3002 3834 3038 a

2199 3075 2539 3148 quibusdam
2569 3076 2744 3131 etiam
2778 3093 2881 3133 nec
2926 3078 3121 3132 vinum
3163 3077 3395 3133 bibitur.
3443 3078 3498 3133 Si
3536 3078 3665 3149 quis
3694 3094 3832 3150 ergo

2200 3169 2518 3241 episcopus,
2543 3174 2641 3225 aut
2666 3170 2983 3243 presbyter,
3014 3176 3114 3227 aut
3141 3171 3429 3241 diaconus,
3460 3175 3559 3226 aut
3592 3172 3834 3244 quilibet

2082 3220 2095 3247 ν

1503 3227 1521 3244 ι
1676 3227 1681 3228 γ
1751 3227 1795 3246 κε
1829 3227 2095 3247 κ--α--ν-,
2236 3227 2249 3240 ι
2392 3227 2409 3241 ι
2505 3227 2516 3240 ι
2667 3227 2684 3242 ι
2837 3227 2857 3243 υ
2971 3227 2982 3239 ι
3416 3227 3429 3241 ι
3608 3227 3629 3244 ι
3822 3227 3825 3228 ⁷

471 3259 569 3330 qui
597 3260 951 3318 Dominicam
979 3264 1299 3321 orationem
1325 3282 1497 3338 quam
1521 3267 1777 3323 Salvator
1804 3268 2013 3338 docuit,
2045 3276 2100 3327 et
2120 3227 2174 3301 Ο
2200 3280 2263 3318 ex
2282 3263 2481 3319 ordine
2512 3263 2850 3319 Clericorum
2890 3264 3066 3320 fuerit
3103 3269 3363 3336 repertus
3393 3264 3493 3336 qui
3521 3264 3828 3321 arbitrium

472 3354 747 3425 praecepit
775 3372 888 3412 non
919 3358 1190 3430 quotidie,
1221 3360 1318 3414 sed
1347 3362 1569 3417 tantum
1598 3362 1690 3417 die
1719 3362 2006 3419 Dominica
2019 3364 2098 3420 di-

467 3450 622 3504 cunt.
658 3450 723 3504 Et
749 3451 882 3522 quia
905 3452 1027 3507 sine
1056 3452 1479 3510 intermissione
1504 3460 1571 3511 ut
1594 3473 1840 3526 oremus,
1870 3462 2095 3531 aposto-

464 3541 551 3596 lus
576 3541 787 3614 docuit,
820 3546 1067 3617 qualiter
1091 3551 1285 3603 autem
1308 3566 1557 3621 oremus,
1592 3552 1846 3608 Christus
1884 3570 2092 3625 praece-

466 3635 552 3707 pit
577 3637 787 3707 dicens,
810 3656 941 3695 cum
967 3644 1161 3697 autem
1190 3643 1381 3712 oratis,
1412 3643 1581 3699 dicito
1612 3662 1625 3701 :
1662 3668 1691 3696 «
1718 3648 1882 3702 Pater
1904 3652 2097 3702 noster

463 3730 561 3802 qui
589 3748 649 3785 es
674 3732 734 3787 in
764 3734 916 3788 caelis
952 3736 1164 3803 (Matth.
1198 3754 1273 3805 vr,
1306 3740 1378 3807 9).
1409 3758 1436 3790 ››
1462 3738 1760 3802 Quomodo
1791 3757 1929 3813 ergo
1960 3759 2096 3813 quo-

465 3822 603 3878 tidie
634 3842 751 3880 non
781 3826 1008 3895 dicitur,
1038 3829 1188 3900 quod
1219 3830 1341 3884 sine
1373 3830 1790 3887 intermissione
1810 3833 1920 3889 dici
1932 3835 2096 3905 jube-

464 3917 597 3971 tur?
627 3919 766 3972 Nam
790 3919 850 3972 in
879 3924 1105 3975 tantum
1120 3922 1377 3993 quotidie
1391 3924 1516 3977 haec
1532 3926 1714 3980 oratio
1730 3926 1963 3983 dicenda
1988 3934 2090 3997 est,

464 4014 528 4063 ut
554 4010 722 4064 etiam
754 4011 876 4082 ipso
904 4013 1068 4068 titulo
1094 4019 1304 4071 utatur.
1329 4017 1470 4070 Nam
1489 4024 1722 4073 vocatur
1748 4020 1927 4076 oratio
1956 4038 2094 4092 quo-

464 4101 697 4170 tidiana,
732 4105 809 4159 sic
836 4122 961 4160 eam
996 4108 1173 4163 sancti
1200 4111 1395 4164 Patres
1416 4118 1912 4184 nuncupaverunt,
1942 4116 2091 4186 quod

465 4195 640 4251 etiam
667 4199 817 4269 apud
846 4200 1123 4271 doctores,
1153 4219 1394 4275 quorum
1438 4204 1671 4261 illustris
1700 4206 1958 4263 doctrina
1986 4215 2086 4279 est,

462 4289 770 4346 invenitur.
804 4293 1040 4349 Sanctus
1065 4312 1295 4368 quoque
1335 4299 1648 4370 Cyprianus
1685 4299 1819 4356 dicit
1847 4318 1859 4356 :
1894 4304 2087 4373 Itaque

462 4383 522 4437 in
579 4385 835 4441 oratione
891 4388 1205 4458 Dominica,
1266 4409 1478 4462 panem
1538 4397 1819 4463 nostrum,
1888 4395 1944 4449 id
2004 4400 2089 4450 est

459 4476 745 4532 Christum
788 4479 913 4534 dari
950 4482 1115 4536 nobis
1153 4484 1403 4555 quotidie
1441 4486 1705 4556 petimus,
1759 4491 1825 4541 ut
1879 4488 1976 4558 qui
2026 4490 2085 4543 in

458 4570 677 4625 Christo
718 4588 1017 4628 manemus
1073 4579 1131 4630 et
1184 4576 1445 4644 vivimus,
1479 4595 1512 4631 a
1550 4579 1989 4635 sanctiﬁcatione
2029 4586 2086 4636 et

456 4678 697 4734 corpore
719 4666 841 4735 ejus
872 4683 985 4721 non
1009 4669 1361 4724 recedamus.
1389 4671 1629 4726 Sanctus
1650 4672 1888 4727 Hilarius
1911 4673 2081 4729 dicit:

462 4775 490 4804 ‹‹
528 4757 743 4811 Panem
799 4763 1061 4815 nostrum
1121 4763 1521 4832 quotidianum
1575 4765 1647 4818 da
1701 4765 1864 4819 nobis
1918 4766 2085 4822 hodie

458 4847 677 4917 (Matth.
705 4866 778 4917 vx,
810 4852 915 4921 Η).
945 4873 973 4900 ››
1010 4854 1155 4916 Quid
1199 4854 1353 4908 enim
1394 4859 1517 4909 tam
1564 4858 1684 4910 vult
1725 4857 1870 4912 Deus
1910 4874 2085 4929 quam

456 4942 523 4992 ut
550 4941 800 5010 quotidie
828 4945 1085 4999 Christus
1114 4945 1331 5000 habitet
1367 4946 1427 5001 in
1465 4947 1651 5017 nobis,
1683 4948 1781 5020 qui
1811 4954 1896 5005 est
1923 4952 2086 5022 panis

456 5030 585 5084 vitae
615 5037 672 5086 et
696 5034 859 5103 panis
885 5051 916 5089 e
942 5036 1103 5105 cmlo,
1132 5042 1188 5093 et
1216 5039 1351 5109 quia
1385 5039 1720 5109 quotidiana
1750 5041 1931 5097 oratio
1978 5048 2081 5112 est,

458 5123 710 5193 quotidie
735 5143 959 5198 quoque
982 5135 1047 5183 ut
1070 5131 1240 5184 detur
1265 5137 1463 5186 oratur
1482 5133 1510 5187 *ἲ
1541 5133 1782 5200 Sanctus
1824 5135 2083 5207 Augusti-

455 5230 564 5269 nus
589 5216 724 5271 dicit
753 5234 766 5271 :
798 5220 876 5272 De
909 5221 1253 5290 quotidianis
1301 5229 1497 5279 autem
1543 5226 1920 5299 brevibusque
1946 5245 2079 5299 pec-

455 5306 593 5361 catis
637 5309 755 5364 sine
803 5312 1007 5381 quibus
1033 5314 1148 5369 vita
1182 5316 1305 5370 haec
1334 5334 1446 5372 non
1475 5318 1721 5388 ducitur,
1748 5320 2081 5391 quotidiana

453 5400 635 5455 oratio
660 5401 912 5458 fidelium
943 5406 1227 5462 satisfecit.
1267 5410 1480 5463 Eorum
1526 5415 1611 5466 est
1648 5412 1800 5466 enim
1840 5413 2026 5468 dicere
2062 5430 2075 5468 :

450 5494 619 5548 Pater
644 5500 840 5551 noster
879 5497 978 5568 qui
1021 5516 1081 5554 es
1125 5500 1183 5553 in
1231 5500 1403 5567 caelis,
1449 5503 1585 5571 quia
1606 5503 1728 5573 jam
1764 5504 1914 5559 Patri
1941 5508 2080 5561 tales

450 5589 778 5657 regenerati
823 5594 957 5645 sunt
1004 5607 1071 5645 ex
1116 5608 1266 5661 aqua
1315 5595 1375 5644 et
1418 5592 1633 5663 Spiritu
1669 5601 1882 5651 sancto.
1923 5599 2081 5653 Delet

452 5694 587 5748 ergo
613 5680 738 5734 haac
766 5682 1097 5751 quotidiana
1126 5683 1310 5737 oratio
1335 5683 1579 5739 minima
1607 5689 1938 5757 quotidiana
1955 5707 2080 5759 pec-

454 5772 598 5833 cata,
629 5771 778 5825 delet
805 5772 898 5825 illa
943 5789 977 5825 a
1011 5773 1220 5841 quibus
1260 5773 1374 5826 vita
1426 5774 1698 5843 ﬁdelium,
1743 5780 1911 5833 etiam
1956 5797 2074 5838 sce-

454 5857 636 5916 lerate
666 5865 841 5932 gesta,
873 5862 1205 5935 paenitendo
1246 5863 1305 5921 in
1341 5865 1547 5922 melius
1574 5867 1810 5926 discedit
1836 5875 2072 5931 mutata.

2197 3374 2361 3412 suum
2390 3357 2522 3413 huic
2549 3358 2942 3414 constitutioni
2980 3357 3223 3415 aestimet
3265 3358 3710 3430 praeferendum,
3743 3375 3831 3415 or-

2196 3451 2344 3506 dinis
2368 3452 2553 3508 officio
2580 3469 2771 3508 carere
2787 3458 3045 3525 cogatur,
3071 3458 3128 3508 et
3147 3452 3554 3510 communione
3570 3453 3825 3525 ejusdem

2195 3547 2415 3618 pascha:
2440 3528 2786 3696 ΡιῆγεεῐιιιοέΑ⁸

2264 3641 2345 3695 Xl.
2363 3643 2424 3696 1n
2448 3640 2691 3696 auibusd

2264 3641 2345 3695 Xl.
2363 3643 2424 3697 ln
2448 3640 2786 3712 quibusda‘m
2796 3657 3028 3716 quoque
3042 3641 3436 3713 Hispaniarum
3454 3641 3827 3697 ecclesiislau-

2196 3733 2292 3788 des
2312 3734 2441 3806 post
2463 3736 2800 3807 Apostolum
2817 3734 3195 3790 decantantur
3218 3736 3548 3807 priusquam
3574 3737 3828 3806 Evange-

2193 3828 2331 3882 lium
2348 3829 2709 3901 praedicetur,
2725 3828 2863 3883 dum
2877 3828 3211 3901 praecipiant
3220 3833 3349 3900 post
3361 3828 3694 3900 Apostolum
3708 3846 3826 3884 non

2189 3922 2386 3977 laudes
2411 3922 2510 3977 sed
2539 3922 2907 3994 Evangelium
2930 3922 3293 3990 annuntiare,
3337 3923 3714 3993 praesumptio
3740 3928 3830 3978 est

2193 4015 2348 4069 enim
2366 4019 2426 4070 ut
2439 4020 2860 4086 anteponantur
2878 4032 2945 4070 ea
2961 4032 3089 4087 quae
3104 4015 3264 4086 sequi
3281 4015 3505 4070 debent.
3520 4017 3661 4070 Nam
3678 4017 3821 4070 Lau-

2191 4109 2291 4162 des
2303 4109 2430 4164 ideo
2442 4109 2811 4179 Evangelium
2830 4113 3143 4181 sequuntur
3163 4113 3395 4179 propter
3408 4108 3649 4179 gloriam
3664 4109 3826 4165 Chri-

2189 4203 2279 4272 sti,
2295 4219 2422 4274 quaa
2435 4218 2540 4274 per
2556 4202 2714 4257 idem
2726 4203 3093 4273 Evangelium
3108 4201 3452 4272 praedicatur
3461 4202 3610 4256 circa
3619 4219 3824 4258 omnes

2190 4301 2405 4366 gentes.
2428 4298 2474 4349 A
2501 4294 2886 4349 sacerdotibus
2906 4294 2997 4349 hic
3019 4295 3156 4349 ordo
3183 4295 3451 4367 deinceps
3475 4296 3817 4366 retineatur,

2188 4391 2795 4447 excommunicationis
2844 4409 3069 4463 poenam
3115 4393 3480 4463 suscepturis,
3521 4394 3618 4465 qui
3663 4394 3817 4450 hunc

2188 4485 2446 4540 ordinem
2472 4485 2944 4555 perturbaverint.

2256 4579 2365 4632 XII.
2412 4579 2488 4633 De
2535 4578 2766 4649 hymnis
2793 4579 2963 4634 etiam
2994 4579 3270 4634 canendis
3310 4583 3369 4634 et
3411 4580 3714 4636 Salvatoris
3756 4585 3818 4636 et

2186 4672 2575 4742 apostolorum
2600 4672 2879 4726 habemus
2909 4674 3254 4744 exemplum.
3288 4674 3429 4728 Nam
3470 4678 3526 4728 et
3554 4675 3674 4745 ipse
3701 4676 3814 4730 Do-

2184 4764 2372 4819 minus
2421 4766 2704 4836 hymnum
2756 4765 2959 4820 dixisse
2993 4766 3332 4838 perhibetur
3369 4768 3629 4822 Matthaao
3666 4771 3812 4824 atte-

2184 4862 2368 4913 stante
2403 4875 2415 4913 :
2451 4879 2478 4909 ‹‹
2504 4859 2570 4913 Et
2598 4859 2815 4929 hymno
2848 4859 2998 4914 dicto
3029 4859 3290 4915 exierunt
3316 4860 3375 4915 in
3405 4864 3665 4916 montem
3695 4862 3811 4917 Oli-

2184 4951 2295 5004 veti
2329 4952 2538 5019 (Matth.
2568 4967 2714 5021 xxvr,
2746 4950 2897 5022 30),»
2918 4957 2972 5007 et
2999 4953 3201 5007 Paulus
3226 4954 3514 5025 apostolus
3526 4954 3601 5009 ad
3621 4955 3811 5026 Ephe-

2183 5044 2291 5098 sios
2316 5044 2538 5115 scripsit
2574 5044 2768 5099 dicens
2800 5063 2813 5099 :
2848 5067 2874 5094 «
2911 5045 3231 5116 lmplemini
3268 5046 3469 5117 spiritu
3512 5048 3814 5119 loquentes

2182 5136 2240 5190 in
2294 5136 2550 5207 psalmis,
2612 5142 2669 5193 et
2716 5138 2970 5208 hymnis,
3024 5142 3081 5193 et
3132 5138 3368 5194 canticis
3425 5140 3810 5211 spiritualibus

2186 5230 2393 5299 (Ephes.
2416 5246 2469 5300 v,
2500 5231 2606 5300 19).
2636 5251 2665 5279 ››
2695 5232 2763 5286 Et
2789 5231 2921 5301 quia
2949 5247 2981 5283 a
3008 5231 3295 5286 nonnullis
3323 5232 3525 5303 hymni
3558 5234 3809 5289 humano

2182 5321 2365 5376 studio
2394 5321 2454 5376 in
2482 5323 2711 5377 laudem
2741 5323 2843 5377 Dei
2873 5328 3043 5395 atque
3070 5324 3457 5395 apostolorum
3498 5330 3556 5381 et
3590 5331 3803 5398 marty-

2178 5431 2308 5468 rum
2329 5414 2651 5485 triumphos
2680 5415 2980 5486 compositi
3009 5432 3129 5471 esse
3174 5419 3511 5484 noscuntur,
3556 5419 3703 5473 sicut
3745 5420 3806 5473 hi

2180 5522 2322 5575 quos
2349 5506 2657 5560 beatissimi
2683 5507 2945 5562 doctores
2979 5507 3220 5563 Hilarius
3264 5513 3436 5580 atque
3478 5509 3808 5565 Ambrosius

2178 5597 2498 5664 ediderunt,
2515 5614 2657 5668 quos
2676 5602 2873 5654 tamen
2889 5600 3122 5671 quidam
3138 5601 3460 5672 specialiter
3473 5604 3803 5674 reprobant,

2176 5706 2280 5759 pro
2307 5705 2374 5744 eo
2402 5690 2557 5760 quod
2588 5690 2656 5745 de
2684 5691 2978 5762 scripturis
3023 5699 3347 5749 sanctorum
3396 5711 3678 5750 canonum
3716 5696 3805 5751 vel

2178 5782 2481 5851 apostolica
2509 5782 2813 5839 traditione
2842 5801 2957 5840 non
2984 5785 3251 5841 existunt.
3276 5787 3566 5858 Respuant
3589 5804 3727 5860 ergo
3748 5794 3803 5843 et

2176 5873 2336 5931 illum
2386 5876 2667 5953 hymnum
2710 5876 2782 5933 ab
2825 5877 3160 5941 hominibus
3197 5880 3592 5956 compositum,
3627 5896 3799 5954 queui
