4054 6292
249 302 356 360 469

1516 303 1990 359 DECRE'I‘ALIUM
2028 303 2414 360 (SULLECTIO.
3527 306 3609 364 iit

247 409 506 484 quotidie
533 411 757 486 publico
790 413 1124 488 privatoque
1159 414 1346 470 ofﬁcio
1379 414 1436 468 in
1476 415 1588 469 ﬁne
1627 413 1884 468 omnium
1906 423 1966 496 Α
1987 415 2205 470 tionem
2228 417 2284 470 in
2313 415 2523 487 populo
2555 415 2715 484 dant,
2735 415 2890 487 quod
2915 415 3180 488 deinceps
3206 416 3616 487 interdicimus,

247 508 602 579 psalmorum
633 509 912 565 dicimus:
942 509 1129 565 Gloria
1168 513 1225 564 et
1258 509 1444 564 honor
1463 507 1616 565 Patri
1635 511 1692 562 et
1722 507 1880 569 Filio,

247 605 308 655 et
357 601 588 672 Spiritui
642 609 854 670 sancto,
902 603 960 657 in
1007 603 1209 658 saecula
1274 603 1634 657 saeculorum.
1682 605 1879 656 Amen.

248 695 393 749 Nam
424 701 481 750 et
506 696 601 750 ille
627 697 874 767 hymnus
895 714 1068 769 quem
1096 702 1230 751 nato
1257 696 1315 750 in
1344 713 1514 751 carne
1541 697 1764 751 Christo
1788 713 1885 750 an-

248 788 364 858 geli
412 788 744 845 cecinerunt
790 808 802 844 :
853 813 879 839 ‹‹
930 791 1118 845 Gloria
1165 790 1222 844 in
1267 789 1499 844 excelsis
1538 792 1670 857 Deo,
1719 794 1776 844 et
1824 789 1881 842 in

245 885 403 936 terra
426 900 537 954 pax
563 884 892 938 hominibus
919 884 1085 945 bona).
1113 884 1413 938 voluntatis
1444 886 1585 953 (Luc.
1615 900 1673 950 11,
1708 885 1812 948 14).
1850 905 1876 932 ››

243 976 491 1048 Reliqua
537 994 666 1048 quze
724 978 803 1032 ibi
856 981 1175 1049 sequuntur
1220 977 1579 1032 ecclesiastici
1625 978 1880 1032 doctores

244 1077 712 1140 composuerunt.
753 1073 902 1140 Ergo
935 1088 1039 1125 ncc
1083 1071 1188 1142 ipsi
1232 1072 1292 1125 in
1343 1071 1591 1124 ecclesiis
1635 1071 1879 1125 canendi

244 1167 399 1230 sunt,
433 1164 567 1234 quia
607 1163 667 1218 in
712 1171 1039 1219 sanctarum
1086 1165 1509 1235 Scripturarum
1554 1164 1713 1219 libris
1763 1181 1878 1219 non

243 1257 636 1313 inveniuntur.
677 1259 1116 1330 Componuntur
1152 1258 1340 1312 missas
1383 1258 1497 1314 sive
1543 1275 1759 1329 preces,
1789 1260 1876 1313 vel

244 1350 552 1418 orationes,
585 1351 697 1407 sive
729 1353 1253 1408 commendationes
1299 1369 1399 1406 seu
1443 1369 1650 1407 manus
1689 1352 1873 1423 impo-

241 1443 497 1512 sitiones,
530 1462 600 1500 ex
630 1447 837 1516 quibus
875 1447 919 1501 si
964 1447 1117 1500 nulla
1163 1448 1495 1502 decantetur
1523 1447 1581 1500 in
1621 1447 1872 1515 ecclesia,

243 1541 447 1592 vacant
471 1537 656 1593 oflicia
675 1540 862 1593 omnia
883 1540 1277 1596 ecclesiastica.
1307 1541 1592 1595 Admonet
1611 1540 1734 1595 haec
1753 1540 1874 1594 fieri

241 1636 415 1702 atque
443 1632 701 1686 hortatur
729 1633 1094 1688 Timotheum
1123 1634 1426 1704 Apostolus
1458 1633 1678 1688 dicens:
1706 1654 1734 1683 «
1758 1634 1870 1688 0b-

241 1741 404 1779 secro
437 1742 576 1796 ergo
607 1726 792 1797 primo
822 1727 1083 1782 omnium
1112 1727 1236 1782 ﬁeri
1271 1727 1711 1795 obsecrationes,
1743 1744 1870 1782 ora-

1984 509 2084 566 sed
2111 515 2238 580 post
2267 509 2588 564 orationem
2618 510 2974 566 Dominicam
3005 509 3328 566 benedictio
3349 510 3408 564 in
3433 527 3615 582 popu-

1982 604 2099 657 lum
2129 607 2419 674 sequatur,
2448 609 2504 659 et
2533 609 2664 659 tunc
2690 604 2922 660 demum
2952 604 3202 676 corporis
3235 608 3293 658 et
3327 605 3618 676 sanguinis

1985 697 2209 751 Domini
2240 701 2661 752 sacramentum
2706 702 2984 765 sumatur,
3019 714 3086 752 eo
3121 697 3379 752 videlicet
3416 697 3614 754 ordine

1983 796 2047 846 ut
2070 791 2386 846 sacerdotes
2417 795 2474 845 et
2501 792 2684 846 levitas
2717 797 2847 847 ante
2875 793 3053 846 altare
3082 791 3523 862 communicent,
3552 793 3613 847 in

1981 885 2156 940 choro
2181 885 2382 954 clerus,
2412 889 2572 940 extra
2605 886 2848 940 chorum
2878 886 3142 958 populus.

2053 980 2227 1033 XVIII.
2255 978 2577 1033 Perniciosa
2607 979 2958 1034 consuetudo
2995 996 3360 1051 nequaquam
3397 984 3483 1035 est
3521 998 3610 1035 re-

1981 1071 2241 1143 cipienda
2273 1089 2401 1143 qute
2432 1072 2717 1143 majorum
2747 1077 2957 1127 statuta
2987 1073 3342 1144 praeteriens,
3379 1091 3611 1129 omnem

1980 1165 2229 1221 ecclesiae
2274 1165 2538 1220 ordinem
2579 1165 3010 1237 perturbaverit,
3041 1167 3178 1221 dum
3209 1167 3304 1221 alii
3353 1185 3457 1239 per
3483 1186 3606 1224 am-

1977 1260 2129 1314 bitus
2172 1260 2486 1315 sacerdotia
2531 1263 2831 1330 appetunt,
2883 1259 2977 1315 alii
3028 1260 3228 1315 oblatis
3271 1263 3609 1316 muneribus

1978 1354 2372 1424 pontiﬁcatum
2416 1357 2736 1420 assumunt,
2783 1353 3043 1408 nonnulli
3088 1355 3260 1409 etiam
3301 1356 3608 1410 sceleribus

1976 1447 2268 1519 implicati,
2319 1448 2406 1503 vel
2452 1447 2708 1502 saeculari
2752 1447 2969 1502 militias
3015 1447 3212 1516 dediti,
3258 1448 3480 1520 indigni
3531 1451 3604 1505 ad

1976 1542 2253 1598 honorem
2295 1542 2505 1596 summi
2541 1558 2606 1596 ac
2652 1542 2797 1597 sacri
2843 1541 3056 1597 ordinis
3106 1545 3508 1614 pervenerunt,
3537 1544 3605 1599 de

1973 1652 2221 1708 quorum
2263 1635 2473 1692 scilicet
2516 1653 2680 1696 causa
2723 1641 2894 1708 atque
2933 1637 3250 1691 remotione
3279 1640 3608 1708 oportuerat

1971 1730 2205 1802 quidem
2250 1734 2517 1798 statuere,
2564 1731 2660 1786 sed
2698 1746 2772 1786 ne
2815 1731 3138 1801 pertubatio
3184 1731 3604 1802 quamplurima

240 1818 443 1888 tiones,
488 1821 915 1890 postulationes,
949 1821 1265 1892 gratiarum
1303 1821 1555 1876 actiones
1597 1839 1698 1892 pro
1743 1839 1869 1876 om-
1892 1796 1947 1868 B
1975 1823 2224 1879 ecclesiae
2249 1824 2494 1879 oriretur
2517 1824 2819 1896 praeteritis
2837 1823 3056 1900 omissis
3085 1823 3352 1896 deinceps
3369 1825 3465 1896 qui
3488 1842 3605 1882 non

241 1912 410 1967 nibus
437 1913 784 1982 hominibus,
809 1931 910 1986 pro
941 1915 1168 1985 regibus
1199 1921 1256 1970 et
1281 1933 1383 1987 pro
1414 1915 1677 1970 omnibus
1696 1915 1874 1987 quiin

239 2006 683 2080 sublimitatibus
712 2013 844 2062 sunt
881 2010 927 2077 (Ι
959 2011 1097 2063 Tim.
1125 2026 1185 2077 ιι,
1218 2013 1288 2078 1).
1320 2031 1345 2058 ››
1389 2010 1540 2064 Sicut
1570 2026 1708 2080 ergo
1742 2027 1870 2064 ora-

237 2079 441 2169 tidnes,
463 2101 540 2154 ita
561 2107 616 2156 et
644 2103 889 2173 hymnos
911 2102 968 2156 in
990 2103 1154 2157 laude
1184 2103 1286 2157 Dei
1315 2079 1659 2174 compositos
1680 2103 1871 2158 nullus

238 2201 501 2248 nostrum
529 2195 767 2249 ulterius
800 2195 1101 2266 improbet,
1131 2197 1226 2251 sed
1270 2197 1390 2267 pari
1432 2197 1603 2251 modo
1645 2197 1703 2251 in
1749 2197 1871 2251 Gal—

234 2287 395 2342 lsecia
423 2288 805 2360 Hispaniaque
832 2289 1106 2358 celebret;
1129 2291 1718 2362 excommunicatione
1746 2291 1864 2362 ple-

235 2381 426 2436 ctendi
456 2382 551 2453 qui
581 2383 826 2454 hymnos
854 2384 1089 2454 rejicere
1119 2383 1326 2440 fuerint
1351 2349 1547 2459 ausi./

305 2476 438 2530 XIII.
473 2477 759 2546 Hymnum
807 2494 1031 2549 quoque
1075 2477 1249 2532 trium
1297 2495 1608 2548 puerorum
1651 2479 1708 2533 in
1751 2496 1866 2550 quo

236 2569 499 2623 universa
524 2570 647 2624 coeli
677 2574 953 2641 terraeque
991 2578 1252 2626 creatura
1292 2573 1473 2625 Deum
1509 2573 1787 2627 collaudat
1812 2577 1868 2626 et

235 2678 407 2733 quem
457 2663 703 2717 Ecclesia
744 2663 1022 2718 catholica
1068 2682 1172 2735 par
1202 2669 1386 2720 totum
1425 2665 1627 2719 orbem
1667 2665 1868 2720 diffusa

236 2757 504 2825 celebrat,
537 2756 769 2827 quidam
793 2758 1114 2812 sacerdotes
1140 2759 1200 2812 in
1230 2759 1399 2813 missa
1442 2759 1867 2814 Dominicorum

236 2849 486 2916 dierum,
520 2855 577 2904 et
603 2851 661 2904 in
699 2851 1149 2906 solemnitatibus
1181 2856 1498 2922 martyrum
1529 2869 1730 2908 canere
1762 2871 1862 2908 ne-

235 2941 484 3012 gligunt.
537 2944 776 2998 Proinde
830 2948 1087 2999 sanctum
1139 2945 1448 3001 concilium
1489 2945 1753 3015 instituit,
1805 2951 1867 3002 ut

233 3053 338 3106 per
350 3052 548 3091 omnes
564 3036 842 3108 Hispanias
857 3038 1120 3093 ecclesias
1135 3038 1225 3093 vel
1244 3039 1520 3094 Gallaacize
1531 3039 1590 3094 in
1607 3040 1865 3095 omnium

1972 1921 2418 1990 promoveantur
2445 1919 2517 1973 ad
2543 1918 2920 1973 sacerdotium
2962 1935 3032 1973 ex
3060 1919 3272 1989 regulis
3298 1935 3600 1988 canonum,

1972 2012 2287 2067 necessario
2316 2013 2598 2068 credimus
2643 2012 3037 2081 inserendum,
3067 2011 3124 2067 id
3150 2017 3254 2081 est,
3284 2013 3381 2084 qui
3407 2013 3468 2066 in
3497 2013 3600 2068 ali-

1972 2123 2084 2178 quo
2109 2106 2347 2161 crimine
2373 2106 2580 2161 detecti
2611 2111 2763 2174 sunt,
2795 2105 2894 2176 qui
2924 2105 3178 2160 infamias
3209 2109 3349 2161 nota
3386 2107 3602 2177 aspersi

1971 2204 2122 2268 sunt,
2153 2201 2249 2272 qui
2293 2201 2507 2255 scelera
2554 2199 2788 2270 antiqua
2833 2216 2939 2270 per
2982 2199 3268 2271 publicam
3319 2200 3599 2271 pceniten-

1969 2295 2110 2348 tiam
2141 2294 2437 2349 admisisse
2465 2294 2707 2348 confessi
2736 2296 2890 2362 sunt,
2923 2294 3021 2365 qui
3060 2294 3122 2348 in
3153 2294 3421 2348 haeresim
3458 2295 3602 2367 lapsi

1969 2393 2118 2456 sunt,
2152 2389 2249 2459 qui
2298 2388 2354 2442 in
2405 2387 2608 2442 haeresi
2651 2387 2917 2458 baptizati
2960 2391 3057 2443 aut
3103 2387 3434 2459 rebaptizati
3480 2405 3600 2444 esse

1967 2488 2301 2550 noscuntur,
2333 2482 2430 2552 qui
2458 2482 2795 2552 semctipsos
2828 2481 3207 2549 absciderunt,
3239 2484 3336 2536 aut
3361 2485 3594 2537 natura-

1966 2576 2093 2630 liter
2121 2575 2339 2630 defectu
2369 2575 2758 2656 membrorum
2799 2579 2897 2628 aut
2935 2575 3217 2629 decisione
3242 2575 3454 2647 aliquid
3482 2575 3592 2629 mi-

1965 2686 2072 2723 nus
2102 2669 2335 2736 habere,
2366 2657 2829 2746 noscuntur,,’qui
2873 2669 3135 2724 secundas
3175 2669 3362 2724 uxoris
3404 2669 3594 2742 cogni-

1965 2762 2184 2816 tionem
2205 2761 2386 2816 sortiti
2406 2767 2555 2831 sunt,
2584 2766 2682 2816 aut
2698 2749 3015 2817 ‘humerosa
3043 2761 3308 2833 conjugia
3331 2761 3596 2834 frequen-

1965 2860 2246 2924 taverunt,
2263 2855 2360 2926 qui
2375 2856 2716 2924 viduam,vel
2731 2873 2764 2910 a
2779 2857 2987 2911 marito
3008 2855 3267 2910 relictam
3285 2855 3591 2924 duxerunt,

1965 2953 2064 3004 aut
2089 2953 2486 3022 corruptarum
2513 2949 2704 3004 mariti
2729 2951 2980 3018 fuerunt,
2999 2950 3098 3022 qui
3118 2950 3480 3019 concubinas,
3497 2955 3595 3005 aut

1962 3044 2296 3098 fornicarias
2322 3043 2668 3113 habuerunt,
2687 3043 2784 3115 qui
2805 3044 2994 3099 servili
3022 3044 3335 3100 conditioni
3363 3045 3592 3100 obnoxii

231 3129 534 3185 missarum
565 3130 916 3187 solemnitate
943 3132 1095 3188 idem
1144 3132 1203 3186 in
1246 3133 1474 3204 publico
1508 3133 1859 3204 decantetur,
1883 3169 1937 3242 Ο
1965 3137 3277 3210 sunt,quiignotisunt,quineophyti,vellaici1
3296 3138 3343 3211 1
3361 3139 3588 3210 4sunt,

230 3225 696 3279 communionem
742 3224 1006 3280 amissuri
1035 3225 1132 3297 qui
1160 3227 1459 3298 antiquam
1491 3226 1661 3297 hujus
1692 3227 1859 3298 hym-

230 3317 293 3373 ni
319 3318 809 3386 consuetudinem,
842 3323 1214 3392 nostramque
1245 3319 1638 3376 deﬁnitionem
1669 3336 1857 3376 exces-

230 3413 429 3468 serint.

301 3508 426 3562 XIV.
460 3508 518 3562 In
557 3507 671 3563 ﬁne
702 3509 1064 3579 psalmorum,
1091 3526 1208 3564 non
1255 3508 1399 3563 sicut
1439 3525 1471 3562 a
1517 3508 1859 3580 quibusdam

228 3603 523 3673 hucusque
561 3602 744 3657 Gloria
768 3603 940 3670 Patri,
975 3603 1072 3658 sed
1097 3602 1276 3673 gloria
1305 3606 1361 3658 et
1387 3603 1567 3657 honor
1592 3603 1739 3657 Patri
1771 3603 1854 3657 di-

225 3702 406 3763 catur,
440 3697 613 3751 David
653 3697 934 3768 pr0pheta
979 3696 1200 3752 dicente
1235 3715 1247 3752 :
1289 3718 1316 3746 «
1359 3697 1567 3753 Aﬁ‘erte
1611 3696 1856 3752 Domino

226 3791 466 3861 gloriam
523 3795 578 3844 et
632 3791 911 3845 honorem
955 3790 1120 3862 (Psal.
1171 3808 1294 3858 xcv,
1338 3790 1412 3861 7),
1464 3813 1490 3839 ››
1543 3795 1597 3846 et
1640 3793 1856 3846 Joanne

225 3883 574 3955 evangelista
597 3901 610 3938 :
645 3906 672 3933 «
698 3885 984 3939 Exercitus
1014 3885 1350 3953 dicentium,
1373 3885 1562 3940 honor
1589 3889 1647 3940 et
1676 3886 1855 3956 gloria

224 3979 338 4031 Deo
371 3982 565 4032 nostro
596 3977 816 4033 sedenti
845 3979 904 4032 in
929 3979 1137 4032 throno
1166 3979 1355 4049 (Apoc.
1384 3995 1438 4045 γ,
1469 3980 1574 4049 t3).
1598 4001 1624 4027 η
1653 3982 1726 4033 Ac
1752 3996 1855 4050 per

222 4073 345 4125 haec
374 4071 490 4126 duo
520 4072 598 4126 sic
625 4075 846 4143 oportet
875 4072 932 4125 in
964 4072 1128 4128 terris
1173 4072 1284 4127 dici
1325 4072 1468 4126 sicut
1496 4073 1554 4126 in
1585 4072 1733 4127 caelis
1758 4090 1850 4127 re-

223 4168 447 4219 sonant.
483 4164 765 4220 Universis
797 4182 934 4236 ergo
971 4165 1356 4220 ecclesiasticis
1401 4167 1549 4221 hanc
1590 4166 1848 4221 observa-

219 4259 443 4314 tionem
471 4259 690 4326 damus,
719 4275 891 4330 quam
938 4259 1175 4330 quisque
1219 4260 1558 4330 praeterierit
1592 4276 1849 4315 commu-

220 4351 408 4406 nionis
426 4353 712 4422 jacturam
743 4352 992 4407 habebit.

291 4446 400 4499 XV.
432 4445 574 4499 Sunt
597 4445 830 4515 quidam
859 4445 958 4516 qui
982 4445 1040 4499 in
1072 4446 1186 4500 ﬁne
1211 4446 1699 4516 responsoriorum
1727 4448 1847 4516 glo-

1964 3232 2062 3302 qui
2090 3231 2346 3286 saeculari
2375 3231 2593 3285 militia:
2619 3231 2799 3286 dediti
2828 3235 2982 3299 sunt,
3016 3233 3113 3304 qui
3141 3233 3314 3287 curia:
3354 3232 3591 3287 nexibus

1962 3325 2196 3395 obligati
2241 3329 2392 3392 sunt,
2423 3324 2520 3395 qui
2566 3324 2724 3378 inscii
2767 3324 3080 3380 litterarum
3127 3329 3276 3393 sunt,
3308 3327 3406 3397 qui
3438 3344 3586 3382 non-

1960 3420 2096 3474 dum
2120 3419 2191 3473 ad
2217 3418 2452 3489 triginta
2476 3434 2654 3472 annos
2681 3418 3066 3488 pervenerint,
3098 3419 3198 3490 qui
3243 3436 3348 3490 per
3377 3421 3588 3490 gradus

1959 3511 2357 3567 ecclesiasticos
2386 3527 2500 3564 non
2529 3515 2904 3578 accesserunt,
2932 3511 3030 3581 qui
3057 3512 3277 3566 ambitu
3305 3512 3585 3567 honorem

1959 3607 2239 3678 quaerunt,
2263 3605 2359 3676 qui
2390 3604 2723 3660 muneribus
2747 3605 3026 3659 honorem
3052 3605 3308 3660 obtinere
3335 3605 3580 3660 moliun-

1958 3705 2068 3768 tur,
2094 3698 2191 3772 qui
2233 3716 2267 3754 a
2314 3698 2698 3754 decessoribus
2738 3697 2799 3752 in
2842 3698 3219 3754 sacerdotium
3266 3699 3578 3770 eliguntur.

1955 3794 2063 3850 Sed
2089 3809 2195 3848 nec
2222 3793 2316 3848 ille
2342 3793 2607 3865 deinceps
2631 3792 2889 3848 sacerdos
2919 3791 3045 3860 erit,
3068 3809 3239 3864 quem
3269 3810 3371 3848 nec
3400 3795 3582 3849 clerus

1955 3905 2061 3943 nec
2089 3887 2334 3959 populus
2375 3887 2624 3959 propriae
2663 3886 2901 3942 civitatis
2933 3886 3122 3958 elegit,
3151 3887 3238 3942 vel
3278 3889 3582 3943 auctoritas

1954 3981 2398 4053 metropolitani,
2422 3982 2511 4035 vel
2533 3981 3095 4052 comprovincialium
3124 3982 3476 4037 sacerdotum
3501 4000 3584 4036 as-

1954 4075 2138 4131 sensio
2169 4075 2486 4147 exquisivit.
2518 4075 2850 4146 Quicunque
2875 4091 3012 4146 ergo
3043 4075 3304 4146 deinceps
3326 4077 3397 4131 ad
3425 4076 3578 4131 ordi-

1953 4186 2084 4224 nem
2129 4169 2430 4223 sacerdotii
2480 4169 2817 4239 postulatus,
2848 4173 2906 4222 et
2932 4169 2990 4222 in
3016 4169 3102 4222 his
3139 4185 3268 4241 quae
3309 4169 3582 4240 praedicta

1952 4266 2083 4317 sunt
2110 4262 2420 4332 exquisitus
2451 4261 2510 4315 in
2536 4262 2694 4315 nullo
2725 4261 2933 4316 horum
2965 4262 3350 4332 deprehensus
3384 4264 3575 4330 fuerit,

1952 4360 2008 4410 et
2032 4355 2388 4409 examinatus
2415 4353 2696 4424 probabili
2725 4354 2834 4409 vita
2879 4357 3049 4425 atque
3076 4355 3332 4410 doctrina
3361 4357 3579 4411 exstite-

1950 4450 2040 4515 rit,
2073 4453 2210 4502 tunc
2239 4446 2550 4501 secundum
2580 4447 2868 4518 synodica,
2901 4449 2985 4502 vel
3027 4449 3330 4504 decretalia
3364 4449 3574 4502 consti-

225 4537 370 4591 riam
397 4554 516 4591 non
546 4537 758 4605 dicunt,
791 4544 1021 4608 propter
1057 4539 1213 4609 quod
1253 4539 1545 4593 interdum
1581 4540 1845 4595 inconve-
1867 4536 1927 4608 D
1952 4545 2071 4596 tuta
2100 4557 2230 4595 cum
2257 4539 2514 4594 omnium
2544 4540 2879 4595 clericorum
2908 4542 2999 4594 vel
3041 4541 3246 4595 civium
3289 4541 3576 4596 voluntate

223 4630 450 4684 nienter
486 4633 735 4699 resonat,
765 4631 860 4684 sed
907 4632 1030 4685 haec
1061 4637 1144 4686 est
1182 4631 1462 4700 discretio,
1493 4636 1560 4686 ut
1599 4632 1658 4686 in
1708 4633 1852 4688 laetis

224 4726 500 4793 sequatur
550 4723 750 4793 gloria,
802 4723 860 4777 in
905 4724 1248 4778 tristioribus
1299 4728 1590 4795 repetatur
1640 4725 1848 4796 princi-

220 4815 401 4886 pium.
414 4827 425 4884 ξ,

291 4895 859 4982 XVI.‘Apocalypsim
891 4911 1101 4964 librum
1136 4912 1450 4966 multorum
1478 4911 1847 4967 conciliorum

219 5001 526 5056 auctoritas
553 5007 611 5057 et
635 5003 906 5074 synodica
936 5008 1259 5058 sanctorum
1303 5005 1607 5074 praesulum
1637 5005 1847 5060 Roma—

221 5111 429 5148 norum
450 5095 676 5149 decreta
689 5096 921 5150 Joannis
938 5096 1299 5167 evangelista:
1322 5113 1441 5151 esse
1455 5097 1846 5167 praescribunt,

220 5193 278 5242 et
298 5188 450 5242 inter
471 5188 693 5242 divinos
719 5189 889 5243 libros
913 5189 1298 5260 recipiendam
1328 5191 1759 5246 constituerunt.
1781 5193 1851 5245 Et

217 5280 351 5350 quia
380 5280 614 5350 plurimi
647 5281 900 5352 suntqui
939 5283 1062 5353 ejus
1103 5282 1504 5337 auctoritatem
1545 5300 1658 5337 non
1703 5284 1847 5340 reci-

216 5372 407 5442 piunt,
436 5388 673 5444 eamque
718 5375 777 5428 in
827 5375 1078 5429 Ecclesia
1107 5375 1207 5430 Dei
1244 5374 1557 5445 praedicare
1586 5380 1844 5430 contem-

215 5468 385 5519 nunt.
419 5465 479 5519 Si
508 5467 634 5536 quis
663 5483 796 5520 eum
829 5466 1094 5538 deinceps
1136 5470 1235 5522 aut
1263 5484 1379 5521 non
1419 5467 1721 5538 receperit,
1752 5475 1849 5524 aut

212 5573 246 5609 a
271 5558 485 5612 Pascha
511 5574 689 5629 usque
708 5559 781 5614 ad
809 5561 1184 5615 Pentecosten
1214 5560 1275 5614 in
1295 5560 1541 5614 Ecclesia
1565 5577 1679 5614 non
1706 5577 1848 5631 pras-

215 5649 506 5718 dicaverit,
545 5652 1151 5708 excommunicationis
1192 5653 1542 5708 sententiam
1590 5653 1843 5709 habebit.

285 5743 442 5798 XVII.
474 5743 744 5799 Nonnulli
771 5746 1095 5800 sacerdotes
1121 5749 1247 5816 post
1280 5745 1490 5800 dictam
1531 5746 1845 5801 orationem

216 5833 574 5893 Dominicam
602 5837 796 5893 statim
823 5838 1266 5911 communicant,
1287 5843 1343 5895 et
1355 5841 1551 5913 postea
1575 5839 1842 5897 benedic-

1953 4635 2022 4688 ab
2049 4633 2326 4687 universis
2357 4632 2924 4703 comprovincialibus
2966 4632 3261 4704 episcopis,
3292 4637 3390 4688 aut
3423 4635 3573 4687 certe

1951 4743 1984 4779 a
2013 4726 2191 4779 tribus
2217 4726 2276 4779 in
2305 4725 2660 4780 sacerdotem
2688 4725 2780 4780 die
2805 4725 3097 4780 Dominica
3125 4725 3568 4794 consecrabitur,

1950 4818 2416 4873 convenientibus
2477 4819 2698 4873 caeteris
2745 4818 2846 4890 qui
2889 4818 3150 4874 absentes
3197 4822 3328 4874 sunt
3368 4817 3572 4873 litteris

1949 4912 2083 4979 suis,
2112 4915 2169 4966 et
2194 4911 2378 4982 magis
2403 4911 2738 4967 auctoritate
2768 4913 2853 4966 vel
2885 4911 3185 4982 praesentia
3214 4911 3335 4982 ejus
3361 4911 3460 4982 qui
3489 4917 3573 4966 est

1949 5004 2250 5075 metropoli
2299 5005 2657 5060 constitutus.
2710 5005 3016 5077 Episcopus
3069 5008 3262 5060 autem
3301 5021 3568 5076 compro-

1947 5097 2198 5152 vincialis
2242 5097 2323 5152 ibi
2364 5099 2780 5153 consecrandus
2827 5103 2927 5166 est,
2958 5098 3058 5153 ubi
3103 5099 3572 5170 metropolitanus

1950 5189 2202 5261 elegerit.
2251 5189 2714 5260 Metropolitanus
2753 5196 2942 5246 autem
2973 5207 3091 5245 non
3120 5191 3227 5245 nisi
3256 5191 3318 5245 in
3345 5191 3569 5247 civitate

1946 5281 2249 5352 metropoli
2276 5285 2333 5335 et
2358 5283 2928 5352 comprovincialibus
2956 5284 3168 5340 ibidem
3189 5283 3570 5339 convenienti-

1946 5374 2070 5427 bus.
2100 5374 2154 5429 Si
2188 5373 2313 5444 quis
2341 5378 2532 5429 autem
2565 5375 2825 5447 deinceps
2863 5383 3062 5433 contra
3103 5377 3374 5449 praadicta
3401 5377 3570 5431 vetita

1945 5481 2229 5520 canonum
2254 5467 2322 5520 ad
2349 5466 2590 5536 gradum
2617 5468 2973 5523 sacerdotum
3015 5471 3285 5542 indignus
3313 5470 3565 5540 aspirare

1945 5558 2316 5627 contenderit,
2348 5575 2478 5612 cum
2504 5558 2925 5616 ordinatoribus
2951 5563 3067 5617 suis
3094 5563 3288 5634 adepti
3335 5559 3566 5615 honoris

1944 5649 2196 5722 periculo
2227 5649 2551 5720 subjacebit.

2013 5744 2143 5798 XIX.
2175 5744 2238 5797 In
2262 5743 2436 5798 veteri
2476 5744 2602 5816 lege
2647 5747 2717 5801 ab
2759 5764 2906 5802 anno
2931 5748 3203 5819 vigesimo
3231 5743 3446 5815 quinto,
3475 5742 3559 5798 Ie-

1946 5835 2072 5902 vitae
2093 5834 2152 5895 in
2169 5835 2531 5899 tabernaculo
2550 5839 2757 5898 servire
2775 5841 3137 5912 mandantur,
3155 5837 3312 5909 cujus
3325 5835 3563 5897 auctori-
