4054 6310
477 325 572 385 471

1370 329 1652 384 ΑΡΡΕΝΙ).
1692 326 1783 382 ΑΙ)
1823 328 1984 382 ὃίΕΟ.
2026 327 2114 380 1X.
2147 355 2214 366 --
2244 327 2489 382 lSIDORl
2525 326 2948 382 MERCATORJS

3741 325 3851 383 472

476 441 654 492 tatem
685 433 745 491 in
775 436 1090 492 canonibus
1117 438 1172 491 et
1199 436 1378 491 sancti
1404 437 1597 490 Patres
1623 435 1800 490 secuti
1825 439 1976 490 sunt.
2003 436 2110 489 Nos
2130 447 2190 521 Α
2209 438 2428 489 sanctas
2456 437 2513 489 et
2533 451 2781 490 canones
2807 434 3180 503 meditantur,
3201 438 3263 490 ut
3284 451 3458 490 omne
3479 450 3620 506 opus
3641 451 3850 489 eorum

481 535 540 586 et
565 529 774 585 divinae
793 530 936 602 legis
959 535 1017 585 et
1033 529 1402 585 conciliorum
1427 529 1698 601 pracepti
1719 529 2107 598 immemores,

479 623 723 679 infantes
750 628 806 679 et
833 641 1039 696 pueros
1081 623 1277 679 levitas
1328 623 1565 678 facimus
1607 628 1739 678 ante
1787 623 2108 694 legitimam

481 721 728 784 atatem,
749 721 882 772 ante
906 717 1315 789 experientiam
1340 717 1485 772 vita.
1504 717 1752 788 Ideoque
1779 733 1850 772 ne
1875 716 2110 772 ulterius

477 810 627 866 flata
647 811 830 880 nobis,
855 814 911 866 et
934 811 1137 866 divinae
1168 811 1309 882 legis
1334 813 1393 864 et
1417 827 1706 866 canonum
1731 811 2111 866 admonemur

479 903 792 974 sententiis,
822 904 920 958 sed
942 903 1141 975 viginti
1161 905 1415 976 quinque
1436 920 1720 959 annorum
1743 909 1907 959 atate
1928 904 2110 959 levita

478 1002 900 1066 consecrentur,
931 1001 988 1052 et
1017 998 1257 1070 triginta
1295 997 1616 1070 presbyteri
1645 997 2002 1064 ordinentur,
2032 998 2110 1053 ita

475 1095 540 1145 ut
564 1091 877 1146 secundum
911 1095 1265 1165 praeceptum
1294 1092 1607 1163 probentur
1641 1091 1920 1164 primum,
1949 1096 2004 1146 et
2031 1091 2109 1145 sic

474 1183 801 1240 ministrent
826 1186 1047 1240 nullum
1073 1185 1292 1240 crimen
1316 1185 1608 1241 habentes.

545 1279 650 1333 XX.
684 1278 1021 1350 Quicunque
1051 1280 1110 1333 in
1157 1279 1470 1334 sacerdotio
1515 1279 1615 1334 Dei
1654 1278 1820 1350 positi
1845 1281 1995 1347 sunt,
2030 1278 2106 1332 ir-

472 1372 952 1443 reprehensibiles
969 1389 1088 1428 esse
1103 1373 1332 1440 debent,
1348 1373 1521 1428 Paulo
1537 1377 1838 1428 attestante
1854 1390 1866 1427 :
1889 1395 1916 1423 ‹‹
1935 1373 2112 1444 Opor-

473 1469 555 1521 tet
575 1465 907 1537 episcopum
938 1465 1497 1539 irreprehensibilem
1519 1482 1641 1521 esse
1657 1467 1703 1535 (Ι
1723 1469 1858 1521 Tim.
1885 1483 1964 1534 III,
1985 1467 2057 1538 2).
2078 1485 2105 1519 »

477 1559 786 1614 lnoffensos
812 1576 950 1630 ergo
970 1564 1027 1615 et
1046 1559 1442 1615 immaculatos
1468 1560 1630 1615 decet
1660 1559 1902 1615 existere
1930 1577 2110 1616 sacer-

474 1653 654 1720 dotes,
682 1669 788 1708 nec
816 1653 986 1707 ullius
1027 1670 1121 1708 eos
1157 1653 1552 1709 fornicationis
1599 1654 1857 1725 contagio
1910 1655 2106 1725 pollui,

473 1747 572 1801 sed
605 1751 754 1800 caste
782 1747 1053 1818 viventes,
1085 1747 1332 1803 mundos
1375 1748 1708 1818 semetipsos
1757 1747 2108 1804 celebrandis

2209 529 2270 584 in
2300 528 2702 599 praedicatione
2735 529 2926 583 divina
2968 532 3028 583 et
3067 528 3324 583 doctrina
3362 527 3645 596 consistat,
3674 534 3852 600 atque

2210 622 2492 677 adiﬁcent
2518 625 2750 677 cunctos
2775 627 2893 678 tam
2919 621 3052 677 fidei
3085 621 3340 690 scientia,
3371 639 3548 693 quam
3579 623 3854 694 operibus

2209 715 2528 786 disciplina.

2278 811 2426 864 XXV.
2454 809 2689 874 Quando
2735 809 3052 880 presbyteri
3078 809 3137 863 in
3169 808 3454 881 parochiis
3482 809 3848 876 ordinantur,

2208 902 2465 958 libellum
2508 903 2808 958 officialem
2834 920 2867 956 a
2906 919 3007 957 suo
3047 903 3336 958 sacerdote
3375 903 3650 973 accipiant
3682 910 3743 957 ut
3777 902 3852 958 ad

2210 996 2471 1050 ecclesias
2505 996 2613 1051 sibi
2645 997 2940 1067 deputatas
2980 996 3241 1050 instructi
3283 996 3601 1066 succedant,
3632 1013 3707 1050 ne
3742 1013 3853 1068 per

2209 1090 2595 1162 ignorantiam
2616 1090 2785 1145 etiam
2808 1090 2864 1144 in
2884 1089 3019 1160 ipsis
3045 1089 3249 1144 divinis
3272 1089 3638 1144 sacramentis
3659 1090 3849 1144 offen-

2208 1184 2367 1251 dant,
2390 1188 2454 1238 ut
2484 1184 2713 1256 quando
2733 1185 2820 1238 vel
2853 1183 2925 1238 ad
2953 1183 3202 1254 litanias,
3226 1185 3310 1239 vel
3333 1184 3402 1238 ad
3431 1182 3733 1238 concilium
3757 1201 3852 1239 ve-

2207 1277 2420 1346 nerint,
2453 1277 2730 1333 rationem
2765 1277 3030 1349 episcopo
3057 1277 3318 1346 reddant,
3352 1277 3594 1349 qualiter
3619 1293 3851 1350 suscep-

2208 1381 2332 1426 tum
2360 1371 2614 1426 officium
2637 1371 2925 1426 celebrent
2951 1372 3036 1426 vel
3067 1371 3373 1443 baptizent.

2279 1466 2450 1521 XXVI.
2481 1464 2716 1529 Quando
2758 1465 3075 1536 presbyteri
3121 1468 3221 1520 aut
3264 1465 3488 1520 diaconi
3530 1481 3633 1536 per
3674 1482 3846 1536 paro-

2211 1559 2365 1614 chias
2388 1559 2832 1628 constituuntur,
2866 1563 3091 1630 Oportet
3119 1575 3216 1614 eos
3247 1559 3498 1630 primum
3533 1559 3846 1630 professio-

2208 1669 2341 1707 nem
2368 1652 2636 1723 episcopo
2683 1670 2782 1706 suo
2826 1652 3008 1708 facere
3037 1658 3096 1708 ut
3127 1657 3278 1708 caste
3306 1658 3361 1707 et
3387 1653 3480 1724 pie
3511 1653 3697 1707 vivant
3739 1654 3846 1708 sub

2211 1746 2305 1801 Dei
2331 1745 2557 1814 timore,
2587 1750 2648 1800 ut
2673 1745 2810 1800 dum
2840 1761 2934 1800 eos
2959 1746 3053 1800 tali
3089 1746 3444 1817 professione
3486 1745 3844 1817 obligaverit,

472 1840 780 1895 exhibeant
823 1842 1220 1896 sacramentis.
1264 1841 1661 1897 Abstineamus
1708 1859 1844 1912 ergo
1895 1858 1998 1896 nos
2034 1822 2183 1896 abB
2208 1843 2463 1895 sanctam
2494 1839 2852 1911 disciplinam
2885 1840 3195 1895 retineant.

472 1933 630 1988 omni
661 1950 833 2004 opere
860 1935 1010 1989 malo
1047 1938 1105 1990 et
1135 1935 1205 1990 ab
1242 1936 1399 1990 omni
1444 1935 1876 2007 inquinamento
1922 1936 2106 1990 carnis

470 2027 638 2082 liberi
665 2044 1015 2096 maneamus,
1045 2033 1109 2082 ut
1138 2030 1343 2083 mundi
1370 2046 1628 2100 corpore,
1661 2029 1886 2100 purgati
1914 2032 2107 2084 mente

467 2121 753 2192 possimus
781 2122 850 2176 ad
893 2121 1228 2176 sacrificium
1275 2123 1480 2177 Christi
1527 2122 1689 2192 digni
1732 2123 2018 2192 accedere,
2050 2127 2108 2178 et

473 2140 753 2192 posmmus
781 2140 850 2176 aa
893 2140 1228 2176 sacrmcnum
1275 2140 1480 2177 UDI‘lSLl
1527 2140 1689 2192 mgni

473 2215 650 2270 Deum
680 2232 785 2286 pro
813 2215 1028 2270 delictis
1059 2216 1317 2270 omnium
1357 2217 1673 2288 deprecari.
1711 2140 1764 2363 ἱ

542 2309 666 2362 XXI.
715 2308 980 2363 Ouamvis
1029 2309 1434 2363 conscientiam
1478 2327 1680 2363 nuram
1759 2327 1764 2363 1

542 2309 666 2362 XXI.
715 2308 980 2373 Quamvis
1029 2309 1434 2364 conscientiam
1478 2327 1680 2381 puram
1711 2308 1876 2380 hpud
1924 2311 2104 2365 Deum

471 2418 576 2456 nos
600 2401 814 2457 habere
843 2405 1119 2473 oporteat,
1144 2405 1336 2457 tamen
1357 2406 1414 2458 et
1438 2402 1592 2474 apud
1612 2403 1874 2458 homines
1890 2403 2104 2458 famam

470 2495 743 2566 optimam
790 2495 1074 2550 custodire
1119 2495 1400 2565 convenit,
1437 2500 1504 2552 ut
1542 2497 1709 2568 juxta
1752 2503 2104 2568 praceptum

466 2589 838 2659 apostolicum
862 2606 977 2644 non
1008 2592 1234 2645 tantum
1265 2607 1456 2644 coram
1495 2591 1629 2660 Deo,
1657 2589 1757 2644 sed
1791 2591 1968 2644 etiam
2005 2607 2100 2644 co-

467 2699 591 2736 ram
617 2683 947 2737 hominibus
964 2683 1095 2738 vita
1124 2686 1327 2738 sancta
1355 2684 1746 2738 testimonium
1767 2684 2098 2738 habeamus.

468 2776 711 2840 Quidam
739 2777 892 2830 enim
917 2777 1030 2830 huc
1059 2793 1239 2848 usque
1265 2777 1630 2832 sacerdotum
1656 2793 1769 2831 non
1811 2777 2104 2832 modicum

472 2869 801 2923 scandalum
851 2876 1206 2939 creaverunt,
1236 2870 1374 2924 dum
1413 2870 1473 2924 in
1524 2870 1944 2925 conversatione
1973 2872 2101 2925 vita

469 2979 585 3017 non
609 2962 778 3016 bonae
805 2963 976 3016 fama
1019 2962 1286 3017 existunt.
1317 2965 1386 3018 Ut
1413 2979 1550 3034 ergo
1578 2963 1910 3018 excludatur
1938 2963 2099 3018 dein-

470 3073 603 3127 ceps
627 3055 813 3110 omnis
838 3056 1088 3110 nefanda
1116 3055 1454 3126 suspicionis
1483 3056 1720 3124 occasio,
1750 3062 1806 3111 et
1829 3073 1902 3111 ne
1935 3057 2103 3112 detur

469 3149 618 3204 ultra
647 3149 1012 3204 sacularibus
1040 3150 1194 3204 locus
1219 3149 1592 3217 obtrectandi,
1624 3153 1848 3220 oportet
1877 3150 2096 3221 episco-

467 3260 573 3315 pos
593 3243 981 3298 testimonium
1002 3243 1380 3315 probabilium
1408 3259 1784 3314 personarum
1805 3260 2102 3298 conversa-

469 3337 639 3392 tionis
666 3341 722 3391 et
741 3337 868 3392 vita
890 3337 950 3391 in
977 3337 1229 3392 conclavi
1256 3353 1355 3392 suo
1377 3338 1610 3404 habere,
1634 3341 1696 3392 ut
1714 3339 1829 3392 Deo
1843 3338 2102 3408 placeant

465 3447 572 3502 per
600 3430 1080 3486 conversationem
1108 3431 1338 3502 bonam,
1362 3432 1419 3486 et
1439 3430 1688 3486 ecclesia
1716 3448 1819 3502 per
1840 3431 2099 3486 omnium

466 3525 701 3580 famam.

535 3620 686 3674 XXII.
719 3617 844 3673 Non
870 3618 1037 3674 aliter
1069 3617 1300 3689 placuit,
1325 3622 1390 3672 ut
1415 3619 1907 3690 quemadmodum
1927 3619 2100 3672 antis-

465 3713 611 3778 tites,
630 3712 708 3766 ita
727 3711 1041 3783 presbyteri
1061 3717 1231 3783 atque
1252 3711 1434 3766 levita
1461 3729 1599 3783 quos
1625 3713 1771 3766 forte
1799 3713 2099 3768 infirmitas

463 3811 633 3876 atque
661 3806 843 3859 atatis
871 3803 1119 3874 gravitas
1149 3804 1209 3858 in
1240 3805 1490 3859 conclavi
1509 3822 1611 3859 suo
1637 3822 1871 3860 manere
1890 3823 2006 3861 non
2033 3807 2100 3861 si-

467 3898 574 3964 nit,
601 3903 664 3952 ut
687 3898 860 3952 iidem
887 3897 947 3950 in
975 3897 1189 3951 cellulis
1228 3897 1341 3951 suis
1369 3901 1540 3952 testes
1563 3898 1691 3953 vita
1721 3899 1991 3969 habeant,
2015 3900 2098 3954 vi-

465 3996 702 4062 tamque
730 4006 893 4049 suam
920 3989 1062 4044 sicut
1085 3989 1340 4060 nomine,
1375 3991 1455 4046 ita
1488 3991 1708 4047 meritis
1733 3997 1988 4048 teneant.

539 4085 714 4138 XXIII.
746 4085 934 4138 Prona
966 4088 1050 4138 est
1087 4084 1274 4138 omnis
1316 4087 1450 4138 atas
1493 4085 1564 4139 ab
1612 4085 1991 4141 adolescentia
2038 4087 2098 4142 in

467 4178 701 4246 malum,
711 4176 855 4231 nihil
871 4177 1021 4232 enim
1036 4177 1309 4232 incertius
1323 4195 1494 4248 quam
1507 4179 1620 4232 vita
1631 4179 2095 4251 adolescentium;

470 4271 542 4325 ob
589 4271 692 4325 hoc
738 4271 1197 4326 constituendum
1243 4272 1517 4342 oportuit,
1547 4277 1611 4327 ut
1637 4272 1684 4326 si
1719 4273 1816 4344 qui
1854 4273 1914 4328 in
1951 4274 2099 4330 clero

468 4365 631 4434 pueri
659 4368 757 4418 aut
787 4364 1175 4419 adolescentes
1202 4365 1467 4433 existunt,
1497 4382 1694 4422 omnes
1728 4367 1787 4420 in
1817 4385 1931 4422 uno
1961 4385 2096 4422 con-

466 4457 604 4512 clavi
653 4458 782 4512 atrii
830 4461 1272 4525 commorentur,
1318 4463 1384 4513 ut
1425 4459 1656 4514 lubricae
1700 4460 1878 4515 atatis
1921 4478 2100 4516 annos

2120 3192 2174 3266 C

2277 1935 2470 1988 XXVII.
2513 1933 2844 2005 Episcopus,
2891 1933 3212 2005 presbyter,
3261 1938 3359 1989 aut
3407 1934 3675 1989 diaconus
3714 1936 3761 1989 si
3811 1952 3846 1989 a

2208 2027 2388 2098 gradu
2415 2043 2515 2082 suo
2544 2027 2755 2096 injuste
2796 2027 3044 2099 dejectus
3073 2027 3132 2082 in
3173 2033 3365 2082 sancta
3410 2028 3624 2099 synodo
3671 2029 3842 2083 inno-

2207 2137 2338 2176 cens
2369 2120 2704 2192 reperiatur,
2737 2138 2855 2176 non
2901 2124 3088 2192 potest
3133 2137 3253 2176 esse
3296 2121 3448 2192 quod
3493 2122 3698 2188 fuerat,
3732 2123 3845 2177 nisi

2205 2214 2414 2284 gradus
2467 2214 2701 2268 amissos
2755 2213 2990 2284 recipiat
3061 2229 3253 2268 coram
3301 2214 3502 2269 altario
3546 2216 3614 2270 de
3665 2232 3843 2270 manu

2204 2307 2620 2379 episcoporum,
2653 2307 2697 2362 si
2725 2307 3020 2379 episcopus
3048 2312 3152 2375 est,
3183 2307 3454 2375 orarium,
3477 2309 3753 2364 annulum
3785 2314 3846 2363 et

2201 2399 2490 2470 baculum,
2520 2399 2565 2454 si
2592 2400 2904 2471 presbyter,
2939 2401 3189 2454 orarium
3223 2406 3279 2455 et
3317 2405 3605 2471 patenam,
3640 2401 3686 2456 si
3717 2402 3841 2456 dia-

2203 2510 2398 2561 conus,
2427 2493 2683 2548 orarium
2728 2499 2784 2548 et
2829 2494 3037 2561 albam,
3074 2494 3120 2548 si
3169 2493 3546 2548 subdiaconus
3576 2499 3841 2565 patenarn

2204 2591 2262 2641 et
2302 2586 2554 2655 calicem,
2606 2587 2684 2641 sic
2728 2591 2784 2642 et
2830 2587 3036 2659 reliqui
3083 2587 3296 2658 gradus
3347 2605 3476 2641 cum
3524 2589 3840 2659 reparatio-

2202 2696 2333 2734 nem
2359 2680 2442 2734 sui
2473 2681 2755 2752 recipiant
2780 2697 2954 2752 quem
2979 2675 3108 2735 cum
3137 2681 3536 2736 ordinarentur
3562 2698 3838 2753 percepe-

2202 2779 2348 2828 rant.
3277 2770 3280 2774 ’

2272 2869 2491 2922 XXVIII.
2521 2868 2575 2924 Si
2603 2868 2898 2939 episcopus
2922 2872 3020 2922 aut
3043 2869 3358 2939 presbyter,
3389 2868 3504 2924 sive
3536 2869 3836 2938 diaconus,

2200 2961 2289 3015 vel
2315 2961 2556 3032 quilibet
2579 2977 2643 3016 ex
2672 2962 2869 3016 ordine
2897 2961 3232 3016 clericorum
3260 2978 3459 3034 magos
3484 2966 3581 3017 aut
3609 2963 3838 3034 aruspi-

2203 3073 2312 3124 ces,
2351 3061 2448 3112 aut
2487 3057 2714 3124 ariolos,
2747 3061 2846 3112 aut
2886 3062 3038 3112 certe
3083 3073 3352 3128 augures,
3385 3059 3473 3112 vel
3515 3059 3834 3131 sortilegos,

2201 3152 2286 3204 vel
2316 3167 2410 3205 eos
2439 3150 2536 3222 qui
2561 3151 2902 3222 proﬁtentur
2924 3156 3109 3205 artem
3145 3151 3413 3222 aliquam,
3437 3155 3538 3206 aut
3578 3152 3836 3223 aliquem

2200 3261 2400 3298 eorum
2423 3244 2633 3298 similia
2663 3247 3024 3298 exercentem
3049 3243 3397 3298 consuluisse
3426 3245 3600 3298 fuerit
3641 3245 3840 3316 depre-

2201 3339 2430 3403 hensus,
2453 3337 2522 3391 ab
2545 3337 2762 3391 honore
2782 3336 3076 3407 dignitatis
3103 3354 3220 3392 sua
3248 3338 3533 3408 depositus
3553 3342 3842 3393 monaste-

2199 3431 2269 3484 rii
2294 3447 2492 3485 curam
2518 3430 2777 3502 excipiat,
2810 3430 3003 3500 ibique
3033 3436 3326 3502 perpetua
3352 3431 3705 3502 poenitentia
3734 3433 3834 3486 de-

2200 3524 2349 3579 ditus
2374 3525 2554 3578 scelus
2584 3523 2897 3578 admissum
2927 3524 3208 3594 sacrilegii
3249 3526 3448 3579 solvat.

2269 3619 2440 3673 XXIX.
2473 3616 2820 3674 Conﬁnitimi
2860 3618 3107 3671 hostium
3147 3618 3460 3673 sacerdotes
3505 3625 3712 3690 prater
3738 3637 3835 3676 eos

2198 3712 2352 3782 quia
2380 3711 2553 3782 regia
2582 3711 2878 3780 potestatis
2914 3710 3143 3765 sublimi
3183 3712 3518 3766 auctoritate
3546 3713 3834 3768 licentiam

2197 3808 2558 3875 acceperunt,
2573 3822 2606 3858 a
2621 3804 2872 3875 quolibet
2887 3805 3216 3858 mandatum
3234 3810 3475 3877 agentes
3499 3813 3830 3862 extraneum

2201 3897 2433 3953 occulta
2459 3898 2710 3968 accipere
2737 3898 2820 3951 vel
2863 3897 3107 3967 dirigere
3155 3915 3269 3952 non
3320 3904 3708 3970 prasumant;
3734 3901 3833 3972 qui

2201 3996 2392 4047 autem
2419 3991 2891 4062 deprehenditur,
2921 3994 3021 4045 aut
3066 3992 3419 4047 convincitur
3457 3993 3832 4049 donuntiatus

2199 4085 2439 4157 principi
2467 4085 2618 4156 apud
2646 4084 2952 4140 concilium
3013 4085 3296 4156 condigna
3341 4086 3830 4143 animadversione

2201 4179 2558 4234 multabitur.

2270 4275 2416 4327 XXX.
2467 4273 2628 4343 Sape
2670 4271 2956 4343 principes
2999 4277 3196 4327 contra
3237 4273 3520 4344 quoslibet
3566 4275 3826 4345 majesta-

2199 4367 2269 4422 tis
2303 4366 2582 4420 obnoxios
2609 4365 2998 4420 sacerdotibus
3035 4367 3264 4438 negotia
3301 4383 3405 4421 sua
3442 4369 3826 4434 committunt,

2199 4465 2256 4515 et
2284 4460 2420 4530 quia
2445 4459 2759 4514 sacerdotes
2785 4476 2819 4512 a
2849 4459 3072 4514 Christo
3109 4460 3182 4514 ad
3222 4460 3604 4515 ministerium
3635 4462 3827 4516 salutis

468 4567 585 4605 non
610 4551 669 4606 in
689 4551 930 4619 luxuria,
954 4552 1052 4606 sed
1071 4552 1132 4606 in
1153 4551 1468 4624 disciplinis
1496 4553 1887 4609 ecclesiasticis
1904 4558 2093 4625 agant,
2117 4561 2176 4632 D
2200 4552 2363 4607 electi
2392 4557 2542 4621 sunt,
2565 4551 2643 4606 ibi
2672 4552 3034 4607 consentiunt
3065 4553 3294 4624 regibus
3320 4554 3444 4608 fieri
3465 4555 3707 4625 judices,
3733 4555 3826 4609 ubi

469 4645 740 4716 deputato
769 4645 1164 4716 probatissimo
1197 4647 1440 4716 seniore,
1467 4664 1641 4718 quem
1669 4651 1727 4701 et
1756 4647 2098 4718 magistrum

467 4737 780 4809 disciplina
825 4744 880 4793 et
923 4744 1127 4794 testem
1167 4740 1297 4794 vitae
1343 4730 1618 4795 habeant.
1654 4741 1817 4804 Quod
1849 4741 1896 4794 si
1925 4741 2100 4812 aliqui

469 4847 539 4883 ex
563 4831 652 4883 his
675 4830 876 4901 pupilli
909 4831 1179 4898 existunt,
1212 4832 1543 4886 sacerdotali
1570 4834 1745 4886 tutela
1779 4833 2095 4904 foveantur,

467 4926 530 4975 ut
561 4925 616 4976 et
646 4922 756 4976 vita
787 4939 988 4977 eorum
1019 4941 1052 4977 a
1079 4923 1408 4978 criminibus
1449 4925 1657 4978 intacta
1686 4924 1776 4992 sit,
1809 4929 1866 4979 et
1906 4942 1998 4979 res
2029 4927 2099 4981 ab

465 5013 674 5083 injuria
699 5016 1090 5086 reproborum.
1111 5015 1216 5080 Qui
1231 5021 1423 5071 autem
1439 5017 1526 5071 his
1545 5018 1844 5088 praceptis
1864 5020 2101 5074 resulta-

465 5105 670 5173 vcrint,
701 5109 1064 5163 monasteriis
1090 5109 1457 5181 deputentur,
1475 5114 1535 5164 ut
1554 5114 1830 5181 vagantes
1850 5111 2026 5166 animi
2044 5115 2102 5167 et

467 5198 698 5268 superbi
729 5201 994 5254 severiori
1016 5203 1216 5273 regula
1239 5203 1674 5274 distringantur.

535 5291 705 5344 XXIV.
773 5293 1101 5362 Ignorantia
1161 5299 1344 5351 mater
1406 5299 1744 5352 cunctorum
1814 5313 2096 5363 errorum,

464 5382 712 5438 maxime
738 5383 800 5438 in
829 5387 1206 5442 sacerdotibus
1237 5388 1335 5442 Dei
1362 5388 1592 5443 vitanda
1621 5395 1723 5459 est,
1741 5390 1839 5461 qui
1858 5390 2098 5444 docendi

470 5476 726 5532 officium
746 5477 806 5532 in
836 5480 1062 5550 populis
1094 5484 1486 5550 susceperunt,
1514 5483 1830 5537 sacerdotes
1853 5482 2004 5536 enim
2027 5484 2101 5537 le-

469 5586 606 5640 gere
633 5575 852 5625 sanctas
881 5572 1198 5642 Scripturas
1227 5573 1557 5642 frequenter
1586 5576 1861 5629 admonet
1894 5576 2098 5628 Paulus

465 5663 744 5731 apostolus
779 5663 972 5718 dicens
997 5665 1067 5718 ad
1100 5664 1460 5719 Timotheum
1495 5683 1508 5720 :
1544 5688 1571 5715 «
1607 5668 1836 5722 Intende
1875 5667 2098 5722 lectioni

467 5757 523 5804 et
568 5753 946 5808 exhortationi
979 5755 1025 5822 (Ι
1067 5758 1203 5809 Tim.
1239 5772 1314 5822 1v,
1346 5757 1451 5825 l3).
1483 5778 1509 5805 ››
1559 5759 1824 5813 Doctores
1876 5775 2100 5830 semper

469 5857 701 5898 manere
731 5845 790 5898 in
816 5845 906 5899 his
933 5862 993 5900 se
1014 5845 1210 5902 sciant.
1237 5847 1418 5919 Igitur
1443 5849 1758 5905 sacerdotes
1785 5851 2098 5924 Scripturas

2190 4645 2338 4716 jurej
2346 4645 2561 4698 urando
2573 4645 2836 4717 supplicii
2851 4645 3206 4716 indulgentia
3220 4647 3589 4717 promittitur,
3606 4664 3720 4701 non
3735 4647 3823 4702 ubi

2199 4737 2537 4791 discriminis
2577 4737 2861 4792 sententia
2903 4741 3275 4809 praparatur.
3311 4739 3368 4793 Si
3412 4739 3538 4810 quis
3566 4755 3704 4810 ergo
3734 4757 3824 4794 sa-

2198 4831 2494 4885 cerdotum
2529 4833 2729 4884 contra
2757 4830 2866 4884 hoc
2909 4833 3314 4886 communione
3358 4833 3677 4888 consultum
3719 4833 3827 4887 dis-

2197 4940 2388 4978 cussor
2422 4924 2480 4976 in
2514 4923 2714 4978 alienis
2744 4923 3012 4994 periculis
3057 4925 3355 4994 exstiterit,
3385 4926 3449 4979 ﬁt
3491 4942 3623 4980 reus
3667 4925 3825 4980 effusi

2196 5016 2488 5088 sanguinis
2515 5018 2667 5088 apud
2691 5017 3002 5084 Christum,
3031 5019 3094 5085 et
3120 5017 3271 5088 apud
3306 5018 3598 5072 ecclesiam
3627 5018 3827 5089 perdat

2200 5109 2495 5181 proprium
2521 5110 2780 5180 gradum.

2270 5137 2495 5180 υνι-ιιιω
2521 5137 2780 5180 grauuui.

2268 5203 2436 5256 XXXI.
2474 5203 2733 5273 Episcopi
2759 5137 2819 5256 iri
2854 5203 3227 5274 protegendis
3270 5204 3498 5274 populis
3534 5221 3598 5258 ac
3641 5204 3830 5258 defen-

2199 5295 2400 5350 dendis
2429 5296 2751 5366 impositam
2783 5313 2817 5350 a
2847 5298 2958 5351 Deo
2985 5296 3091 5350 sibi
3133 5313 3329 5351 curam
3364 5314 3480 5351 non
3515 5297 3825 5368 ambigant,

2197 5389 2440 5460 ideoque
2485 5390 2623 5442 dum
2666 5388 3022 5459 conspiciunt
3053 5389 3273 5460 judices
3299 5407 3362 5443 ac
3393 5395 3649 5460 potentes
3685 5407 3826 5461 pau-

2195 5498 2394 5552 perum
2425 5497 2784 5550 oppressores
2813 5482 3075 5549 existere,
3105 5487 3162 5536 et
3189 5483 3344 5552 prius
3371 5499 3466 5536 eos
3492 5481 3830 5537 sacerdotali

2199 5573 2584 5628 admonitione
2610 5573 2973 5643 redarguant,
2993 5579 3050 5630 et
3079 5575 3125 5628 si
3154 5575 3611 5646 contempserint
3628 5591 3828 5630 emen-

2198 5665 2338 5735 dari,
2372 5682 2575 5720 eorum
2601 5665 2966 5720 insolentiam
2994 5667 3142 5738 regis
3188 5667 3421 5721 auribus
3451 5668 3740 5736 intiment,
3770 5673 3831 5722 ut

2195 5774 2337 5829 quos
2366 5758 2730 5813 sacerdotalis
2756 5758 3069 5813 admonitio
3097 5777 3211 5814 non
3245 5760 3423 5814 ﬂectit
3453 5761 3522 5814 ad
3543 5759 3826 5830 justitiam

2196 5851 2404 5924 regalis
2449 5854 2696 5924 potestas
2744 5852 2814 5908 ab
2866 5851 3227 5925 improbitate
3280 5859 3554 5909 coerceat.
3605 5853 3658 5909 Si
3704 5851 3830 5924 quis
