4054 6302
217 339 322 404 473

1474 336 1946 399 DECRETALIUM
1985 325 2372 398 COLLECTIO.

3492 335 3598 400 474

221 459 426 510 autem
477 453 872 527 episcoporum
943 453 998 508 id
1063 452 1423 524 neglexerit,
1475 451 1712 506 concilio
1761 450 1871 506 erit
1890 449 2378 535 Asustinentibus
2421 463 2525 520 pro
2568 449 2686 503 solo
2731 444 3024 521 religionis
3071 447 3282 504 intuitu
3323 448 3382 503 in
3433 467 3600 504 usum

233 565 388 603 I'CllS.

298 643 494 696 XXXII.
539 641 790 697 Avaritia
832 639 991 696 radix
1042 643 1126 694 est
1175 641 1512 693 cunctorum
1555 639 1862 704 malorum,

227 736 393 806 cujus
423 735 546 789 sitis
573 735 748 790 etiam
789 734 1148 789 sacerdotum
1187 736 1414 786 mentes
1447 731 1682 786 obtinet.
1710 730 1866 785 Multi

224 829 484 884 ﬁdelium
511 829 570 882 in
600 845 790 882 amore
817 826 1022 882 Christi
1055 832 1112 880 et
1141 829 1463 896 martyrum
1492 826 1551 879 in
1581 823 1866 896 parochiis

224 923 621 994 episcoporum
643 920 902 976 basilicas
923 925 1283 989 construunt,
1307 919 1624 973 oblationes
1646 921 1867 972 sanctas

223 1009 871 1084 tribuunt,\sacerdotes
913 1015 1036 1068 hac
1085 1013 1372 1080 auferunt,
1413 1018 1583 1084 atque
1630 1013 1691 1065 in
1735 1027 1867 1065 usus

224 1126 360 1162 suos
406 1088 766 1174 condertunt,
803 1107 932 1162 inde
977 1111 1062 1161 est
1100 1107 1252 1177 quod
1284 1106 1532 1160 cultores
1575 1121 1865 1159 sacrorum

227 1202 523 1270 deficiunt,
544 1202 683 1255 dum
703 1201 990 1272 stipendia
1007 1217 1108 1254 sua
1123 1201 1389 1271 perdunt,
1405 1199 1535 1254 inde
1552 1199 1865 1253 labentium

223 1295 591 1350 basilicarum
620 1295 804 1348 ruinas
832 1311 951 1349 non
982 1297 1342 1364 reparantur,
1363 1292 1495 1363 quia
1515 1291 1752 1346 avaritia
1775 1308 1862 1345 sa-

225 1384 503 1438 cerdotali
551 1383 744 1438 omnia
791 1383 1152 1437 auferuntur.
1202 1384 1307 1436 Pre
1375 1397 1490 1452 qua
1539 1397 1601 1434 re
1657 1380 1862 1434 consti-

225 1482 418 1533 tutum
469 1482 554 1532 est
588 1494 622 1531 a
665 1477 930 1548 przesenti
987 1475 1227 1530 concilio
1269 1474 1562 1545 episcopos
1605 1474 1681 1528 ita
1722 1474 1860 1528 dice-

226 1588 384 1626 ceses
425 1588 553 1626 suas
591 1587 810 1640 regere,
840 1573 901 1623 ut
945 1569 1086 1623 nihil
1134 1586 1204 1622 ex
1250 1585 1447 1623 earum
1484 1567 1616 1638 jure
1647 1584 1862 1639 praesu-

227 1671 395 1720 mant
418 1665 662 1731 auferre,
692 1663 790 1719 sed
811 1664 980 1734 juxta
1021 1663 1275 1734 priorum
1303 1661 1699 1716 auctoritatem
1726 1678 1862 1715 con-

225 1759 516 1825 ciliorum,
547 1762 665 1812 tam
695 1758 764 1812 de
792 1757 1168 1811 oblationibus
1214 1772 1386 1827 quam
1427 1755 1498 1808 de
1527 1754 1770 1820 tributis,
1800 1771 1863 1807 ac

1969 559 2057 598 res
2101 542 2488 597 ecclesiastica:
2539 541 2879 614 largiuntur,
2911 546 3127 615 quanto
3169 542 3356 614 magis
3398 559 3600 598 consu-

1968 637 2202 690 lendum
2229 641 2332 704 est,
2369 635 2572 707 quibus
2600 636 2898 691 retributio
2919 637 3077 708 justa
3104 636 3365 690 debetur.

2038 731 2302 784 XXXVIII.
2335 730 2603 784 Nonnulli
2647 730 2916 785 diacones
2944 731 3003 784 in
3033 734 3248 784 tantam
3293 735 3604 801 erumpunt

1968 823 2309 894 superbiam,
2356 828 2416 878 ut
2460 840 2578 878 sese
2629 825 2972 895 presbyteris
3017 827 3393 895 anteponant,
3431 830 3604 895 atque

1966 915 2025 970 in
2054 916 2239 986 primo
2269 915 2377 987 ipsi
2404 916 2623 987 priores
2655 921 2805 971 stare
2856 923 3226 989 praesumant,
3255 918 3603 989 presbyteris

1966 1010 2026 1064 in
2055 1009 2306 1064 secundo
2351 1011 2528 1064 choro
2572 1010 2910 1066 constitutis.
2942 1013 3089 1082 Ergo
3137 1015 3204 1066 ut
3244 1011 3604 1066 sublimiores

1967 1103 2070 1156 sibi
2119 1103 2474 1174 presbyteros
2523 1108 2866 1174 agnoscant,
2917 1110 3037 1160 tam
3089 1105 3146 1159 bi
3196 1121 3368 1176 quam
3415 1104 3496 1160 illi
3543 1106 3602 1160 in

1966 1201 2212 1267 utroque
2241 1197 2413 1251 choro
2443 1198 2775 1252 consistant.

2035 1290 2248 1345 XXXIX.
2281 1289 2334 1344 Si
2367 1290 2553 1344 oraria
2585 1290 2696 1344 duo
2741 1307 2843 1346 nec
2876 1291 3142 1362 episcopo
3190 1291 3427 1347 induere
3475 1291 3600 1363 qui-

1967 1383 2098 1437 dem
2123 1383 2256 1438 licet
2283 1399 2385 1438 nec
2406 1383 2760 1456 presbytero,
2783 1385 2983 1455 utique
3013 1385 3190 1438 multo
3214 1384 3403 1440 minus
3419 1385 3606 1441 diaco-

1964 1493 2038 1531 no
2061 1477 2158 1548 qui
2180 1477 2438 1532 minister
2459 1493 2655 1532 eorum
2681 1481 2783 1547 est,
2800 1495 2980 1532 unum
3007 1494 3144 1548 ergo
3167 1478 3416 1532 orarium
3439 1495 3606 1551 opor-

1964 1575 2044 1624 tet
2068 1571 2291 1625 levitam
2319 1576 2540 1641 gestare
2569 1571 2626 1625 in
2654 1571 2883 1625 sinistro
2909 1572 3171 1639 humero,
3193 1575 3427 1643 propter
3450 1573 3604 1644 quod

1967 1661 2015 1734 1
2035 1663 2082 1734 1
2099 1663 2156 1736 5
2179 1667 2323 1730 orat,
2338 1664 2393 1718 id
2415 1668 2499 1719 est
2523 1665 2808 1735 praadicat.
2825 1666 3124 1720 Dexteram
3156 1668 3348 1720 autem
3376 1669 3605 1736 oportet

1967 1757 2176 1812 habere
2209 1758 2473 1825 liberam,
2497 1762 2562 1812 ut
2583 1757 2898 1829 expeditius
2924 1759 2995 1813 ad
3019 1758 3402 1813 ministerium
3428 1775 3606 1814 sacer-

223 1852 492 1924 frugibus
537 1851 768 1906 tertiam
811 1855 1232 1922 consequantur
1257 1891 1271 1918 ,
1320 1849 1473 1919 quod
1529 1848 1574 1901 si
1619 1848 1866 1917 amplius
1885 1834 1942 1905 Β
1966 1850 2150 1904 dotale
2177 1851 2474 1905 discurrat.
2491 1854 2735 1908 Caveant
2761 1868 2898 1922 ergo
2926 1853 3135 1907 amodo
3165 1852 3350 1906 levitze
3377 1853 3607 1924 gemino

227 1945 529 2016 quidpiam
558 1946 628 1999 ab
658 1945 740 1998 eis
770 1949 1185 2016 praesumptum
1214 1942 1507 2009 exstiterit,
1538 1958 1640 2012 per
1673 1942 1850 1995 conci-

225 2039 371 2093 lium
404 2043 779 2105 restauretur,
806 2037 1223 2109 appellantibus
1242 2039 1435 2090 autem
1465 2035 1599 2106 ipsis
1619 2035 1868 2089 condito-

224 2133 402 2201 ribus,
423 2135 524 2186 aut
544 2135 695 2187 certe
713 2131 1052 2203 propinquis
1073 2147 1292 2197 eorum,
1307 2129 1354 2183 si
1367 2130 1492 2200 jam
1514 2129 1596 2183 illi
1615 2129 1865 2182 aszeculo

226 2227 611 2281 decesserunt.
647 2225 920 2279 Noverint
961 2241 1098 2295 ergo
1145 2223 1467 2278 conditores
1506 2222 1866 2276 basilicarum

227 2319 289 2373 in
320 2319 492 2373 rebus
520 2335 661 2389 quas
682 2319 894 2373 eisdem
927 2317 1176 2372 ecclesiis
1201 2317 1504 2372 conferunt
1531 2317 1749 2370 nullam
1771 2332 1867 2386 po-

224 2416 495 2466 testatem
521 2411 759 2479 habere,
790 2411 887 2465 sed
925 2411 1094 2481 juxta
1116 2425 1401 2464 canonum
1428 2408 1686 2463 instituta
1725 2408 1869 2462 sicut

229 2505 488 2574 ecclesia,
519 2506 596 2559 ita
638 2510 694 2559 et
737 2505 838 2560 dos
887 2504 1008 2575 ejus
1036 2504 1107 2558 ad
1153 2501 1568 2558 ordinationem
1619 2501 1867 2573 episcopi

230 2599 544 2670 pertineat.

303 2693 519 2747 XXXIII.
572 2691 907 2762 Quicunque
971 2690 1269 2762 episcopus
1329 2689 1565 2745 alterius
1615 2687 1868 2760 episcopi

233 2784 524 2840 dimcesim
551 2801 656 2857 per
685 2785 919 2856 triginta
949 2801 1126 2838 annos
1155 2784 1276 2838 sine
1321 2783 1514 2854 aliqua
1546 2783 1870 2854 interpella-

231 2879 392 2935 tione
421 2878 738 2949 possiderit,
761 2878 896 2950 quia
919 2878 1230 2932 secundum
1255 2877 1351 2948 jus
1378 2876 1522 2948 legis
1562 2877 1682 2947 ejus
1712 2875 1866 2932 vide-

231 2979 328 3029 tur
362 2990 483 3027 esse
522 2972 792 3040 dioecesis,
823 2971 1179 3026 admittenda
1222 2988 1340 3026 non
1372 2974 1458 3024 est
1500 2975 1694 3024 contra
1736 2986 1868 3024 eum

233 3067 383 3122 actio
429 3066 782 3137 reposcendi,
823 3065 919 3120 sed
969 3065 1074 3119 hoc
1126 3065 1275 3119 intra
1319 3081 1490 3119 unam
1540 3064 1869 3135 parochiam

1965 1944 2048 1998 uti
2096 1945 2300 2014 orario,
2335 1946 2428 1999 sed
2465 1962 2644 1999 unum
2689 1950 2916 2000 tantum
2963 1950 3019 2000 et
3063 1962 3297 2016 purum,
3331 1963 3437 2001 nec
3481 1947 3607 2002 ullis

1965 2038 2247 2093 coloribus
2269 2042 2368 2093 aut
2391 2055 2424 2092 a
2450 2043 2574 2110 tyro
2604 2041 2870 2092 ornatum
2904 2039 3113 2093 ferant.

2038 2135 2144 2188 XL.
2195 2133 2405 2187 Omnes
2457 2132 2645 2186 clerici
2699 2133 2786 2187 vel
2839 2132 3080 2187 lectores
3129 2132 3276 2187 sicut
3321 2133 3502 2188 levita:
3550 2135 3608 2188 et

1967 2225 2288 2280 sacerdotes
2350 2225 2582 2280 detonso
2639 2225 2898 2297 superius
2948 2226 3138 2298 capite
3185 2228 3306 2281 toto
3367 2227 3605 2282 inferius

1967 2318 2141 2372 solam
2185 2317 2380 2372 circuli
2418 2335 2686 2374 coronam
2732 2319 3080 2391 relinquant,
3131 2337 3250 2375 non
3299 2320 3443 2375 sicut
3493 2321 3606 2377 huc

1968 2428 2144 2483 usque
2173 2412 2232 2466 in
2253 2412 2526 2466 Callaecia}
2553 2411 2811 2483 partibus
2839 2413 3025 2468 facere
3054 2414 3292 2469 lectores
3312 2414 3602 2483 videntur,

1967 2507 2064 2577 qui
2108 2505 2355 2576 prolixis,
2407 2511 2469 2560 ut
2511 2505 2659 2572 laici,
2710 2505 2887 2559 comis
2929 2506 2988 2559 in
3041 2507 3158 2559 solo
3203 2507 3399 2578 capitis
3447 2509 3605 2578 apice

1965 2599 2258 2654 modicum
2329 2598 2603 2653 circulum
2669 2600 2943 2667 tondent,
2995 2599 3138 2653 ritus
3183 2600 3340 2654 enim
3387 2600 3491 2655 iste
3543 2601 3604 2655 in

1966 2692 2250 2765 Hispaniis
2294 2693 2584 2764 hucusque
2613 2692 3012 2747 haereticorum
3044 2693 3170 2760 fuit,
3196 2693 3350 2747 unde
3381 2699 3605 2764 oportet

1965 2791 2031 2842 ut
2059 2804 2165 2858 pro
2196 2787 2548 2858 amputando
2575 2786 2644 2840 ab
2673 2786 2924 2840 ecclesiis
2944 2787 3211 2841 seandalo
3237 2787 3346 2842 hoc
3376 2787 3605 2858 signum

1967 2880 2258 2935 dedecoris
2304 2880 2614 2950 auferatur,
2645 2883 2702 2933 et
2731 2879 2803 2932 sit
2835 2896 2945 2934 una
2975 2883 3207 2934 tonsura
3246 2881 3331 2934 vel
3378 2880 3605 2936 habitus

1967 2973 2116 3027 sicut
2143 2973 2314 3028 totius
2345 2972 2626 3044 Hispania).
2653 2976 2739 3026 est
2761 2989 2916 3027 usus.
2951 2973 3060 3037 Qui
3108 2976 3300 3027 autem
3334 2974 3441 3028 hoc
3485 2991 3602 3029 non

1972 3067 2327 3134 custodierit,
2356 3066 2488 3120 ﬁdei
2515 3065 2804 3120 catholicae
2835 3082 2963 3120 reus
2995 3067 3120 3120 erit.

234 3167 396 3216 extra
421 3177 553 3216 vero
581 3160 736 3214 nullo
761 3160 948 3226 modo,
977 3175 1048 3213 ne
1080 3159 1217 3213 dum
1245 3158 1497 3214 dioecesis
1521 3157 1864 3214 defenditur.
1888 3201 1944 3275 Ο
2039 3159 2164 3215 XLI.
2220 3163 2360 3216 Cum
2406 3158 2624 3214 clericis
2668 3163 2955 3214 extranea:
3003 3159 3232 3214 femina:
3285 3160 3608 3217 nullatenus

234 3254 659 3275 _____3__2-_.____
695 3253 922 3275 A-__-2_-2
961 3253 1384 3275 --..Ω--...]..-ι--..
1970 3253 2227 3275 I__1.21-_L
2275 3253 2378 3275 __2_2
2410 3258 2629 3275 A__1-___
2660 3256 2774 3275 ____l.
2801 3270 2844 3275 ...
2885 3259 2933 3275 -L
2968 3269 3122 3275 _-___
3172 3254 3280 3275 ηιξ-
3336 3272 3393 3275 --κ
3429 3255 3490 3275 fl,
3548 3255 3596 3275 3,,

231 3254 666 3326 provinciarum
695 3253 925 3308 termini
957 3253 1404 3308 confundantur.

303 3350 521 3404 XXXIV.
546 3349 698 3404 Sicut
725 3347 1013 3402 dioecesim
1041 3347 1282 3402 alienam
1307 3345 1634 3402 tricennalis
1661 3362 1872 3417 posses-

232 3443 315 3498 sio
342 3442 512 3509 tollit,
545 3443 620 3497 ita
650 3441 924 3497 territorii
950 3445 1297 3496 conventum
1325 3457 1441 3494 non
1467 3440 1697 3506 amittit,
1721 3440 1872 3494 ideo-

232 3557 346 3613 que
396 3540 660 3607 basilicae,
690 3556 816 3612 quin
863 3556 1025 3594 novre
1066 3538 1312 3594 conditze
1361 3538 1593 3608 fuerint,
1624 3538 1696 3592 ad
1738 3553 1870 3592 eum

235 3635 434 3707 procul
460 3634 631 3689 dubio
659 3634 989 3705 episcopum
1019 3633 1400 3705 pertinebant,
1436 3633 1598 3704 cujus
1621 3649 1868 3688 conven-

233 3734 325 3784 tus
358 3745 480 3783 esse
504 3727 840 3782 constiterit.

304 3823 502 3878 XXXV.
568 3820 908 3893 Episcopum
949 3837 1054 3892 per
1101 3823 1331 3876 cunctas
1361 3820 1646 3892 dioeceses,
1701 3837 1869 3893 paro-

235 3916 508 3988 chiasque
552 3931 682 3970 suas
730 3932 833 3986 per
877 3915 1134 3987 singulos
1172 3933 1352 3970 annos
1397 3915 1480 3969 ire
1523 3917 1765 3987 oportet,
1809 3918 1874 3970 ut

237 4010 500 4083 exquirat
524 4010 663 4082 quid
690 4026 1052 4082 unaquaeque
1079 4009 1313 4064 basilica
1355 4009 1414 4064 in
1452 4009 1872 4080 reparationem

236 4103 326 4160 sui
354 4103 598 4176 indiget,
630 4104 783 4175 quod
811 4103 858 4158 si
879 4103 997 4175 ipse
1029 4108 1126 4158 aut
1155 4103 1434 4174 languore
1467 4102 1748 4173 detentus,
1776 4105 1875 4158 aut

234 4197 361 4253 aliis
393 4197 830 4268 ocupationibus
857 4197 1178 4269 implicatus
1204 4197 1258 4251 id
1279 4197 1587 4269 adimplere
1611 4197 1874 4268 nequive-

235 4287 331 4354 rit,
362 4287 723 4358 presbyteros
754 4286 1078 4358 probabiles
1119 4291 1217 4340 aut
1248 4286 1509 4341 diacones
1538 4287 1746 4352 mittat,
1776 4283 1874 4356 qui

238 4384 297 4436 et
327 4380 578 4436 redditus
597 4380 958 4435 basilicarum
980 4383 1038 4435 et
1060 4379 1446 4452 reparationes
1473 4382 1529 4433 ct
1550 4379 1874 4434 ministran-

239 4474 387 4530 tium
411 4473 590 4530 vitam
618 4473 930 4546 inquirant.

1969 3253 2249 3325 habitent,
2275 3253 2383 3307 nisi
2410 3258 2635 3308 tantum
2660 3256 2936 3320 mater,et
2965 3269 3142 3321 soror,
3171 3254 3308 3322 ﬁlia,
3331 3255 3523 3325 amita,
3547 3255 3605 3310 in

1970 3347 2176 3419 quibus
2230 3346 2488 3418 personis
2564 3346 2706 3400 nihil
2771 3346 2997 3400 sceleris
3051 3347 3323 3402 aestimari
3383 3353 3605 3404 natura:

1969 3441 2152 3496 foedus
2177 3440 2474 3512 permittit,
2516 3439 2576 3494 id
2603 3440 2758 3494 enim
2788 3444 2844 3495 et
2865 3440 3199 3495 constitutio
3230 3442 3602 3513 antiquorum

1969 3536 2204 3589 Patrum
2231 3533 2500 3588 decrevit.

2039 3629 2188 3684 XLII.
2224 3626 2472 3691 Quidam
2501 3625 2691 3682 clerici
2715 3626 2976 3698 legitime
3023 3645 3138 3684 non
3168 3626 3442 3685 habentes
3469 3647 3604 3687 con-

1963 3723 2214 3794 jugium,
2240 3723 2643 3776 extranearum
2672 3721 2982 3777 mulierum
3009 3722 3094 3776 vel
3124 3723 3458 3779 ancillarum
3485 3743 3609 3780 sua-

1972 3834 2100 3871 rum
2135 3814 2439 3870 interdicta
2481 3815 2585 3870 sibi
2622 3816 2910 3871 consortia
2958 3819 3255 3888 appetunt,
3303 3816 3433 3873 ideo
3478 3835 3608 3891 quae

1971 3911 2270 3983 conjuncte
2328 3909 2514 3965 taliter
2556 3926 2687 3964 cum
2738 3909 2958 3965 clericis
3015 3915 3148 3965 sunt
3191 3911 3260 3965 ab
3313 3908 3598 3985 episcopo,

1973 4005 2306 4061 auferantur
2334 4009 2390 4058 et
2417 4003 2842 4074 venundentur,
2877 4003 2984 4058 illis
3016 4021 3120 4075 pro
3166 4007 3422 4077 tempore
3473 4008 3605 4062 reli-

1975 4100 2120 4171 gatis
2160 4099 2230 4153 ad
2272 4097 2668 4169 paenitentiam
2697 4115 2841 4170 quos
2877 4115 2977 4153 sua
3011 4098 3247 4154 libidine
3272 4100 3606 4157 iniecerunt.

2043 4194 2222 4248 XLIII.
2267 4188 2466 4247 Clerici
2525 4192 2622 4263 qui
2687 4191 2810 4247 sine
2867 4192 3130 4247 consultu
3203 4191 3458 4267 episcopi
3523 4194 3611 4251 sui

1975 4304 2178 4341 uxores
2228 4285 2515 4353 duxerint,
2546 4289 2643 4339 aut
2683 4284 2935 4353 viduam,
2981 4285 3066 4340 vel
3109 4285 3496 4358 tripudiatam,
3524 4287 3612 4345 vel

1974 4380 2336 4434 meretricem
2365 4379 2424 4432 in
2446 4378 2780 4449 conjugium
2806 4377 3147 4450 acceperint,
3173 4381 3423 4453 separari
3453 4398 3548 4437 eos
3577 4399 3612 4438 a

1973 4473 2205 4546 proprio
2237 4469 2503 4545 episcopo
2533 4472 2836 4544 oportebit.

312 4569 533 4624 XXXVI.
583 4567 918 4640 Quicunque
961 4567 1213 4640 episcopi
1262 4566 1531 4638 suffragio
1575 4566 1951 4648 cujuslibetD
2044 4568 2214 4622 XLIV.
2258 4565 2457 4620 Clerici
2500 4566 2599 4638 qui
2640 4565 2700 4620 in
2747 4583 3084 4638 quacunque
3133 4568 3406 4623 seditione
3447 4585 3608 4628 arma

241 4661 463 4734 aliquid
491 4661 879 4717 ecclesiasticae
911 4661 1162 4717 utilitatis
1192 4660 1567 4732 providerint,
1599 4665 1655 4715 et
1681 4677 1784 4731 pro
1811 4677 1876 4716 eo

239 4755 627 4829 quodcunque
649 4756 1017 4811 commodum
1042 4755 1098 4810 in
1120 4754 1648 4810 remunerationem
1667 4753 1879 4825 promi-

240 4849 444 4917 serint,
477 4850 743 4921 promissi
774 4849 1118 4904 solutionem
1143 4866 1242 4904 eos
1267 4849 1548 4904 exsolvere
1568 4847 1875 4919 oportebit,

239 4943 320 5000 ita
345 4947 412 4998 ut
437 4943 497 4998 id
529 4944 601 4998 ad
625 4944 928 5000 concilium
968 4943 1318 5016 provinciale
1347 4942 1653 5010 deferatur,
1688 4945 1750 4997 ut
1780 4958 1876 4996 eo-

241 5055 374 5094 rum
395 5037 758 5094 conniventia
790 5038 1160 5093 conﬁrmetur
1187 5035 1322 5109 quia
1349 5037 1492 5092 sicut
1518 5035 1722 5091 Paulus
1751 5033 1828 5090 ait
1859 5053 1874 5091 :

245 5154 274 5182 ‹‹
306 5132 532 5203 Dignus
552 5137 636 5188 est
656 5132 952 5204 operarius
977 5131 1244 5187 mercede
1271 5148 1375 5186 sua
1406 5132 1451 5201 (Ι
1478 5133 1613 5186 Tim.
1643 5147 1694 5200 v,
1719 5133 1818 5200 l8).
1845 5151 1874 5180 »

313 5227 555 5282 XXXVII.
584 5226 960 5282 Proebendum
995 5229 1079 5280 est
1118 5243 1151 5280 a
1204 5225 1588 5280 sacerdotibus
1632 5223 1761 5279 vitae
1788 5241 1876 5278 so-

241 5318 448 5376 latium
494 5319 905 5391 indigentibus,
937 5326 993 5375 et
1036 5319 1285 5374 maxime
1333 5319 1421 5373 his
1461 5315 1668 5390 quibus
1711 5312 1876 5372 resti-

243 5415 461 5470 tuenda
492 5414 819 5470 vicissitudo
849 5418 950 5469 est.
995 5413 1327 5485 Quicunque
1359 5428 1497 5484 ergo
1521 5412 1781 5466 ﬁdelium
1811 5411 1880 5465 de

242 5507 610 5565 facultatibus
641 5508 756 5562 suis
784 5507 1035 5563 ecclesiae
1063 5506 1280 5578 aliquid
1307 5506 1610 5562 devotione
1651 5504 1882 5576 propria

245 5602 613 5670 contulerint,
627 5602 674 5656 si
694 5603 841 5658 forte
861 5602 966 5674 ipsi
991 5607 1090 5656 aut
1104 5601 1206 5655 tilii
1224 5615 1422 5656 eorum
1445 5601 1654 5655 redacti
1671 5599 1884 5670 fuerint

248 5695 321 5750 ad
346 5690 623 5768 inopiam,
656 5695 724 5750 ab
753 5695 954 5750 eadem
997 5694 1230 5750 ecclesia
1256 5695 1588 5765 suffragium
1618 5693 1748 5748 vitae
1778 5708 1881 5763 pro

246 5789 524 5861 temporis
555 5805 660 5844 usu
684 5789 1022 5861 percipiant.
1051 5789 1104 5845 Si
1133 5787 1288 5844 enim
1313 5787 1531 5843 clericis
1561 5805 1662 5842 seu
1693 5803 1884 5842 mona-

250 5882 370 5943 chis
410 5883 504 5938 vel
562 5883 882 5959 peregrinis
945 5888 1043 5938 aut
1115 5882 1433 5955 quamlibet
1489 5880 1884 5938 necessitatem

1974 4662 2227 4716 volentes
2251 4660 2617 4732 sumpserint,
2633 4663 2730 4714 aut
2750 4665 3134 4731 sumpserunt,
3150 4663 3381 4734 reperti,
3398 4664 3608 4721 amisso

1977 4753 2193 4811 ordinis
2247 4754 2332 4809 sui
2386 4755 2571 4825 gradu
2633 4753 2692 4807 in
2738 4753 3148 4809 monasterium
3195 4757 3606 4813 contradantur

1977 4848 2346 4921 poenitentiae.

2046 4943 2193 4998 XLV.
2244 4941 2299 4998 Si
2347 4940 2444 5014 qui
2503 4941 2744 4998 clericus
2808 4940 2865 4998 in
2911 4940 3283 4999 demoliendis
3332 4941 3608 5017 sepulcris

1977 5036 2156 5092 fuerit
2182 5035 2593 5108 deprehensus,
2623 5037 2757 5108 quia
2789 5032 3006 5092 facinus
3047 5032 3154 5093 hoc
3184 5053 3286 5110 pro
3319 5040 3612 5113 sacrilegio

1979 5131 2205 5201 legibus
2230 5129 2475 5203 publicis
2501 5131 2780 5202 sanguine
2807 5130 3151 5200 vindicatur,
3183 5136 3413 5204 oportet
3443 5152 3610 5190 cano-

1978 5224 2145 5279 nibus
2178 5225 2239 5279 in
2284 5224 2381 5279 tali
2434 5225 2644 5278 scelere
2682 5224 2970 5294 proditum
3004 5242 3038 5279 a
3077 5226 3370 5283 clericatus
3411 5229 3611 5286 ordine

1981 5316 2318 5384 submoveri,
2353 5322 2410 5372 et
2439 5317 2786 5388 poenitentiae
2813 5316 3060 5374 triennio
3088 5319 3372 5392 deputari.

2049 5412 2223 5466 XLVI.
2255 5410 2620 5481 Praecipiente
2648 5410 2884 5466 domino
2915 5418 3108 5469 nostro
3144 5417 3316 5487 atque
3342 5415 3614 5472 excellen-

1979 5503 2195 5560 tissimo
2225 5504 2539 5560 Sisenando
2569 5501 2796 5574 rege,id
2831 5507 3124 5574 constituit
3147 5513 3404 5564 sanctum
3433 5509 3614 5564 conci«

1982 5598 2141 5665 lium,
2169 5602 2234 5652 ut
2259 5614 2460 5651 omnes
2486 5597 2724 5668 ingenui
2750 5599 2943 5654 clerici
2971 5618 3076 5671 pro
3103 5603 3290 5656 ofﬁcio
3321 5602 3611 5672 religionis

1981 5692 2052 5745 ab
2082 5691 2240 5746 omni
2277 5689 2505 5762 publica
2534 5690 2845 5748 indictione
2877 5695 3049 5764 atque
3076 5694 3267 5749 labore
3294 5693 3612 5752 habeantur

1984 5782 2290 5853 immunes,
2322 5787 2388 5840 ut
2412 5783 2573 5840 liberi
2599 5785 2713 5841 Deo
2753 5785 3022 5855 serviant,
3048 5787 3316 5857 nullaque
3359 5787 3614 5876 praedicti

1983 5876 2311 5936 necessitate
2333 5878 2404 5934 ab
2429 5878 2821 5936 ecclesiasticis
2847 5879 3044 5934 ofﬁciis
3082 5879 3464 5945 retrahantur.
3495 5879 3558 6022 /
