4054 6342
462 406 562 463 173
1343 394 1630 461 APPEND.
1673 404 1761 459 AD
1801 402 1965 460 SEC.
2010 402 2097 459 IX.

535 517 727 572 XLVII.
774 516 882 570 Eos
930 530 1070 586 quos
1115 529 1435 569 oeconomos
1478 513 1654 569 Graeci
1696 516 1940 580 vocant,
1989 513 2095 567 hoc

462 616 565 681 est,
581 611 679 683 qui
704 610 825 664 vice
857 608 1256 680 episcoporum
1284 624 1375 662 res
1400 606 1802 662 ecclesiasticas
1829 609 2093 674 tractant,

461 706 606 760 sicut
625 707 822 758 sancta
844 703 1097 775 synodus
1116 700 1591 757 Chalcedonensis
1612 700 1876 768 instituit,
1896 716 2096 754 omnes

463 799 756 870 episcopos
795 797 864 851 de
907 795 1138 868 proprio
1186 795 1338 849 clero
1384 794 1457 848 ad
1501 795 1785 865 regendas
1832 793 2098 848 ecclesias

460 892 673 947 habere
722 893 964 961 oportet,
994 888 1093 960 qui
1122 892 1314 943 autem
1361 888 1626 959 deinceps
1665 886 2092 959 contempserit,

461 984 744 1040 obnoxius
773 983 1032 1054 ejusdem
1059 982 1258 1054 magni
1288 982 1508 1036 concilii
1537 981 1662 1036 erit.

360 1148 365 1153 ι
530 1079 731 1134 XLVII.
767 1077 1105 1132 Monachum
1144 1080 1243 1130 aut
1285 1078 1520 1147 paterna
1555 1075 1801 1142 devotio,
1832 1077 1931 1129 aut
1958 1092 2091 1147 pro-
2120 1058 2129 1071 ’

457 1172 579 1244 pria
628 1171 902 1243 professio
930 1170 1086 1237 facit,
1117 1168 1399 1242 quidquid
1428 1169 1636 1223 horum
1674 1169 1850 1223 fuerit
1891 1169 2090 1239 alliga-

459 1272 583 1320 tum
614 1264 852 1332 tenebit,
884 1263 1122 1336 proinde
1153 1262 1241 1317 his
1269 1263 1338 1316 ad
1364 1262 1647 1317 mundum
1678 1262 1886 1316 reverti
1915 1262 2091 1317 inter-

457 1358 738 1414 cludimus
784 1358 1027 1425 aditum,
1062 1359 1119 1412 et
1144 1372 1343 1411 omnes
1372 1357 1443 1411 ad
1491 1357 1761 1410 saeculum
1799 1355 2091 1411 interdici-

462 1470 592 1508 mus
621 1469 932 1524 regressus.

527 1547 695 1601 XLIX.
720 1545 922 1601 Clerici
950 1545 1046 1617 qui
1076 1544 1494 1600 monachorum
1528 1542 1883 1616 propositum
1913 1560 2089 1616 appe-

455 1643 604 1710 tunt,
634 1639 770 1712 quia
798 1639 1093 1694 meliorem
1117 1638 1293 1693 vitam
1323 1639 1478 1709 sequi
1507 1637 1746 1709 cupiunt
1764 1637 1993 1708 liberos,
2013 1637 2091 1692 eis

454 1734 525 1788 ab
543 1733 813 1806 episcopo
846 1733 905 1787 in
931 1731 1272 1787 monasteris
1302 1731 1497 1803 largiri
1527 1734 1756 1803 oportet
1780 1731 2087 1802 ingressus,

455 1844 562 1882 nec
588 1825 846 1881 interdici
876 1824 1235 1897 prepositum
1267 1841 1466 1879 eorum
1494 1825 1590 1897 qui
1615 1824 1685 1879 ad
1729 1824 2087 1895 contempla-

454 1919 624 1975 tionis
653 1918 996 1975 desiderium
1024 1919 1266 1974 transire
1292 1898 1609 1974 nituntur.i

2225 394 2464 460 ISIDORI
2501 395 2930 459 MERCATORIS
3446 454 3452 460 .
3728 393 3827 457 476

2197 513 2282 568 sia
2305 512 2689 568 anathematis
2712 512 2997 567 sententia
3024 512 3501 567 condemnentur.
3524 511 3643 565 Non
3669 512 3830 565 aliter

2198 607 2256 660 1ιί
2273 607 2369 678 qui
2389 623 2423 660 a
2436 606 2771 677 parentibus
2789 605 3013 659 detonsi
3031 606 3266 660 fuerunt
3282 607 3379 658 aut
3396 606 3600 675 sponte
3614 603 3829 658 amissis

2183 700 2525 771 parentibus
2562 700 2779 771 seipsos
2821 698 3089 770 religioni
3128 698 3497 765 devoverunt,
3535 701 3592 751 et
3635 700 3829 769 postea

2197 793 2455 848 habitum
2472 794 2801 848 saecularem
2820 797 3208 863 sumpserunt,
3225 797 3282 848 et
3303 791 3477 847 iidem
3491 808 3525 845 a
3541 792 3828 846 sacerdote

2195 885 2591 957 comprehensi
2628 886 2700 939 ad
2727 886 2944 940 cultum
2974 885 3266 956 religionis
3296 890 3417 939 acta
3459 884 3616 955 prius
3646 884 3825 956 pomi-

2193 980 2374 1035 tentia
2426 982 2783 1035 revocentur.
2833 979 2996 1043 Quod
3036 978 3083 1032 si
3139 978 3388 1032 converti
3432 994 3547 1032 non
3588 981 3830 1049 possunt

2193 1074 2346 1129 velut
2369 1075 2640 1145 apostatae
2677 1072 3056 1128 anathematis
3091 1071 3390 1126 sententiae
3434 1070 3824 1141 subjiciantur,

2195 1184 2323 1239 quas
2369 1167 2555 1222 forma
2597 1166 2910 1223 servabitur
2959 1167 3132 1221 etiam
3176 1165 3235 1220 in
3283 1164 3483 1234 viduis,
3512 1164 3829 1235 virginibus

2194 1260 2382 1329 sacris,
2430 1277 2494 1315 ac
2535 1260 2939 1332 paenitentibus
2977 1259 3224 1325 feminis,
3252 1275 3382 1331 quas
3414 1257 3824 1313 sanctimonia-

2194 1356 2308 1409 lem
2336 1353 2591 1409 habitum
2635 1355 2965 1422 induerunt,
2995 1357 3054 1408 et
3090 1356 3287 1425 postea
3317 1355 3655 1425 aut_vestem
3692 1367 3822 1406 mu-

2192 1451 2477 1517 taverunt,
2509 1452 2609 1503 aut
2632 1448 2701 1503 ad
2728 1414 2961 1519 nuptias
2993 1414 3364 1501 transierunt.
3402 1414 3437 1540 }

2263 1548 2366 1601 LV.
2412 1549 2530 1602 Duo
2592 1550 2726 1601 sunt
2781 1562 2997 1616 genera
3044 1545 3375 1612 viduarum,
3421 1543 3713 1599 saeculares
3766 1548 3824 1598 et

2191 1640 2671 1708 sanctimoniales,
2714 1640 3013 1695 seculares
3058 1639 3247 1694 viduas
3294 1642 3429 1694 sunt
3464 1654 3593 1711 quas
3637 1637 3822 1692 adhuc

2191 1722 2555 1806 disponentes
2593 1732 2812 1788 nubere
2855 1733 3115 1788 laiealem
3156 1732 3420 1787 habitum
3465 1748 3580 1785 non
3644 1730 3818 1802 depo—

2190 1831 2446 1896 suerunt,
2463 1826 2922 1882 sanctimoniales
2941 1830 3075 1881 sunt
3097 1843 3225 1898 quas
3240 1826 3361 1897 jam
3382 1829 3599 1880 mutato
3619 1823 3820 1879 habitu

2107 1910 2165 1984 Β
2190 1922 2446 1977 saeculari
2472 1922 2575 1976 sub
2606 1920 2874 1992 religioso
2904 1921 3060 1975 cultu
3091 1921 3149 1975 in
3175 1922 3483 1990 conspectu
3508 1918 3821 1973 sacerdotis

526 2014 586 2069 L.
621 2013 955 2068 Nuntiatum
990 2015 1072 2067 est
1097 2012 1366 2084 praesenti
1398 1978 1658 2082 concilib,
1692 2028 1757 2067 eo
1782 2011 1935 2084 quod
1961 2028 2083 2066 mo-
2110 1978 2153 1984 —
2188 2018 2244 2070 et
2267 2013 2515 2070 ecclesiae
2539 1978 2946 2087 apparuerunt,
2964 2014 3056 2068 hae
3077 2014 3123 2068 si
3148 2014 3218 2068 ad
3236 1978 3466 2085 nuptias
3491 2010 3822 2068 transierint

452 2107 619 2163 nachi
647 2106 950 2178 episcOpali
988 2106 1235 2178 imperio
1262 2106 1451 2161 servili
1479 2122 1648 2178 opere
1685 2105 2089 2177 mancipentur

456 2205 513 2257 et
544 2203 679 2274 jura
739 2200 1219 2256 monasteriorum
1264 2204 1463 2254 contra
1502 2200 1761 2255 instituta
1804 2215 2087 2255 canonum

453 2295 649 2351 illicita
700 2293 1151 2366 praesumptione
1200 2298 1566 2366 usurpentur,
1605 2293 1685 2349 ita
1724 2296 1790 2347 ut
1829 2309 1977 2364 pene
2017 2309 2086 2346 ex

453 2389 710 2445 coenobio
736 2387 1018 2460 possessio
1046 2387 1167 2457 fiat,
1202 2391 1375 2459 atque
1412 2387 1645 2442 illustris
1668 2386 1853 2459 portio
1882 2385 2085 2441 Christi

450 2483 525 2538 ad
536 2482 917 2538 inanitionem
940 2480 1381 2552 servitutemque
1394 2481 1703 2552 perveniat.
1721 2480 2086 2552 Quapropter

452 2592 757 2632 monemus
789 2592 882 2630 eos
912 2574 1012 2647 qui
1056 2574 1303 2629 ecclesiis
1345 2579 1617 2645 praesunt,
1648 2579 1710 2629 ut
1761 2575 1909 2628 ultra
1954 2574 2084 2629 talia

451 2684 567 2721 non
595 2669 965 2738 praesumant,
994 2665 1094 2719 sed
1126 2664 1231 2719 hoc
1260 2669 1486 2719 tantum
1518 2664 1624 2717 sibi
1652 2664 1713 2718 in
1740 2663 2082 2718 monasterio

448 2760 754 2815 vendicent
772 2759 1089 2814 sacerdotes
1106 2758 1258 2830 quod
1279 2757 1620 2829 praecipiunt
1638 2774 1905 2827 canones,
1920 2755 1977 2811 id
1998 2759 2085 2811 est

449 2854 759 2909 monachos
785 2852 857 2906 ad
899 2851 1391 2907 conversationem
1431 2854 1684 2905 sanctam
1724 2866 2083 2922 praemonere

447 2948 701 3011 abbates,
729 2945 953 3017 aliaque
992 2944 1176 3000 ofﬁcia
1201 2948 1554 3012 construere,
1583 2949 1754 3017 atque
1797 2949 1957 3000 extra
1988 2960 2081 2999 re-

449 3042 642 3113 gulam
674 3040 821 3094 facta
847 3039 1156 3110 corrigere,
1188 3037 1339 3110 quod
1370 3037 1416 3092 si
1446 3037 1663 3109 aliquid
1698 3037 1758 3092 in
1788 3037 2084 3092 monachis

447 3133 758 3188 canonibus
779 3132 1147 3187 interdictum
1176 3131 1665 3204 praesumpserint,
1683 3136 1781 3186 aut
1807 3148 2080 3203 usurpare

445 3227 742 3300 quidpiam
789 3225 860 3279 de
907 3225 1234 3279 monasterii
1296 3226 1467 3280 rebus
1530 3225 1912 3292 tantaverint,
1962 3241 2080 3279 non

2181 2109 2350 2180 juxta
2386 2110 2724 2180 Apostolum
2766 2125 2885 2163 non
2925 2108 3046 2162 sine
3077 2107 3439 2162 damnatione
3465 2110 3654 2173 erunt,
3682 2103 3821 2177 quia

2187 2221 2245 2258 se
2283 2203 2537 2275 primum
2574 2203 2687 2257 Deo
2718 2208 2987 2258 voventes
3028 2203 3226 2273 postea
3254 2199 3524 2256 castitatis
3559 2198 3818 2271 proposi-

2186 2300 2307 2351 tum
2332 2297 2677 2368 abjecerunt.

2257 2391 2385 2446 LVI.
2428 2392 2507 2446 De
2552 2389 2760 2446 Judzeis
2789 2395 2981 2446 autem
3026 2389 3296 2462 praacepit
3335 2393 3528 2444 sancta
3567 2387 3821 2459 synodus

2185 2485 2405 2539 nemini
2450 2484 2716 2557 deinceps
2758 2484 2831 2539 ad
2877 2484 3225 2539 credendum
3272 2482 3386 2537 vim
3428 2482 3662 2537 inferre.
3712 2481 3819 2538 Cui

2185 2578 2339 2634 enim
2384 2580 2505 2634 vult
2547 2579 2695 2633 Deus
2738 2578 3060 2647 miseretur,
3100 2583 3157 2633 et
3197 2592 3370 2649 quem
3414 2577 3535 2631 vult
3564 2575 3815 2645 indurat,

2184 2689 2298 2727 non
2325 2672 2481 2727 enim
2510 2650 2648 2727 tales
2679 2671 2841 2726 inviti
2871 2671 3124 2725 salvandi
3165 2676 3315 2741 sunt,
3329 2669 3430 2725 sed
3467 2669 3821 2735 volentes,ut

2183 2766 2405 2836 integra
2434 2766 2509 2819 sit
2530 2765 2719 2820 forma
2736 2764 2992 2837 justitiae.
3022 2765 3175 2820 Sicut
3200 2764 3353 2819 enim
3382 2763 3554 2818 homo
3578 2762 3817 2834 propria

2180 2859 2399 2914 arbitrii
2441 2860 2732 2914 voluntate
2773 2848 3031 2931 serpenti
3070 2857 3338 2913 obediens
3379 2855 3569 2929 periit,
3601 2855 3679 2911 sic
3714 2872 3814 2910 vo-

2181 2956 2345 3008 cante
2398 2969 2456 3007 se
2506 2953 2689 3023 gratia
2740 2952 2843 3008 Dei
2887 2952 3132 3024 propria;
3174 2951 3383 3007 mentis
3424 2949 3815 3020 conversione,

2180 3043 2353 3097 homo
2377 3042 2619 3114 quisque
2646 3042 2934 3097 credendo
2980 3042 3242 3096 salvatur.
3275 3041 3425 3112 Ergo
3456 3056 3574 3095 non
3602 3040 3676 3108 vi,
3714 3040 3816 3094 sed

2180 3137 2358 3191 libera
2392 3135 2612 3190 arbitrii
2647 3136 2961 3204 voluntate,
2988 3140 3054 3190 ut
3082 3136 3493 3221 ponvertantur
3534 3132 3818 3188 suadendi

2180 3233 2312 3285 sunt
2336 3246 2453 3284 non
2498 3229 2684 3301 potius
2719 3220 3206 3315 impellendijlui
3239 3230 3434 3283 autem
3459 3226 3813 3298 jampridem

445 3320 628 3376 deerit
671 3320 741 3374 ab
772 3318 883 3373 illis
914 3318 1197 3373 sententia
1240 3318 1864 3387 excommunicationis,
1894 3318 1990 3390 qui
2023 3284 2154 3373 seC
2179 3324 2248 3379 ad
2300 3322 2771 3379 christianitatem
2826 3322 3008 3379 coacti
3063 3284 3194 3378 simi;
3260 3323 3406 3377 sicut
3467 3321 3678 3376 factum
3726 3324 3817 3375 est

451 3413 721 3486 deinceps
745 3428 1113 3485 nequaquam
1142 3412 1433 3468 sustulerit
1461 3412 1533 3467 ab
1562 3412 1788 3468 illicitis.

515 3510 600 3564 LI.
629 3508 897 3563 Nonnulli
945 3506 1363 3563 monachorum
1402 3507 1762 3578 egredientes
1800 3523 1835 3562 a
1872 3523 2072 3563 mona-

443 3604 614 3661 sterio
644 3619 759 3658 non
786 3602 968 3658 solum
991 3602 1063 3657 ad
1081 3601 1349 3657 saeculum
1374 3605 1754 3673 revertuntur,
1779 3601 1879 3656 sed
1899 3602 2074 3657 etiam

437 3700 494 3754 et
524 3714 730 3753 uxores
758 3697 1060 3769 accipiunt,
1080 3694 1255 3767 igitur
1282 3696 1528 3751 revocati
1552 3696 1613 3750 in
1642 3697 1846 3752 eodem
1883 3712 2076 3751 mona-

439 3793 612 3848 sterio
639 3810 671 3846 a
697 3807 812 3863 quo
839 3790 1479 3861 exierant,poenitentim
1497 3790 1864 3861 deputentur,
1880 3790 2074 3862 ibique

441 3885 691 3940 deﬂeant
717 3883 957 3938 crimina
983 3898 1086 3936 sua
1115 3883 1267 3938 unde
1296 3880 1754 3981 discesserunti\

513 3978 624 4033 LII.
657 3974 928 4047 Religiosi
952 3975 1201 4046 proprize
1242 3974 1494 4047 regionis
1521 3975 1619 4047 qui
1647 3974 1754 4031 nec
1784 3976 1934 4032 inter
1959 3978 2072 4033 cle-

440 4070 591 4126 ricos
618 4085 722 4124 nec
746 4068 898 4123 inter
927 4067 1238 4122 monachos
1264 4067 1572 4136 habentur,
1600 4068 1715 4123 sive
1744 4068 1805 4125 hi
1848 4070 1946 4142 qui
1971 4087 2075 4142 per

440 4164 662 4219 diversa
688 4162 813 4217 loca
848 4161 974 4233 vagi
1010 4162 1292 4229 feruntur,
1321 4162 1390 4217 ab
1426 4162 1704 4235 episcOpis
1733 4163 1792 4217 in
1818 4180 2071 4236 quorum

441 4259 720 4313 conventu
767 4256 1112 4311 commorari
1175 4261 1488 4311 noscuntur
1518 4298 1532 4327 ,
1580 4257 1806 4312 licentia
1872 4273 2071 4312 eorum

441 4355 786 4418 coerceatur,
818 4353 883 4405 ut
905 4354 1003 4404 aut
1028 4351 1087 4405 in
1116 4351 1266 4405 clero
1297 4354 1396 4405 aut
1421 4350 1481 4405 in
1514 4352 1862 4407 monasterio
1890 4351 2068 4424 depu-

437 4448 635 4503 tentur
657 4436 897 4517 propter
923 4461 1017 4499 eos
1044 4444 1144 4515 qui
1175 4444 1246 4498 ab
1276 4444 1540 4516 episcopo
1577 4461 1677 4500 suo
1710 4449 1810 4500 aut
1836 4450 2073 4519 propter

435 4541 774 4612 languorem
801 4537 1018 4593 fuerint
1043 4537 1307 4593 absoluti.

505 4634 638 4691 LIII.
666 4634 726 4690 Si
749 4632 848 4707 qui
884 4633 942 4687 in
972 4631 1298 4687 discrimine
1343 4632 1633 4688 constituti
1673 4635 2066 4706 paenitentiam
2086 4661 2145 4734 D

436 4727 725 4801 accipiunt
758 4728 919 4783 nulla
962 4726 1258 4781 manifesta
1304 4728 1514 4782 scelera
1556 4728 1893 4784 confitentes
1916 4772 1929 4798 ,
1971 4731 2067 4785 sed

431 4828 661 4878 tantum
688 4839 746 4877 se
772 4824 1104 4895 peccatores
1132 4837 1253 4876 esse
1266 4821 1660 4893 praedicantes,
1677 4822 2004 4894 hujusmodi
2024 4825 2068 4879 si

435 4916 830 4984 revelaverint,
857 4920 1095 4987 possunt
1120 4914 1294 4971 etiam
1331 4932 1433 4987 per
1468 4932 1696 4971 morum
1725 4917 2067 4988 probitatem

437 5008 510 5063 ad
555 5008 766 5080 gradus
820 5008 1231 5063 ecclesiasticos
1282 5009 1601 5080 pervenire.
1645 5010 1749 5074 Qui
1798 5027 1930 5066 vero
1985 5012 2069 5067 ita

433 5100 823 5174 pmnitentiam
849 5102 1152 5173 accipiunt,
1173 5105 1239 5156 ut
1263 5101 1493 5173 aliquod
1512 5104 1749 5159 mortale
1773 5108 2067 5177 peccatum

434 5198 790 5268 perpetrasse
816 5195 1040 5267 publice
1059 5196 1363 5266 fateantur,
1383 5196 1455 5251 ad
1480 5196 1693 5252 clerum
1712 5199 1799 5254 vel
1817 5199 2067 5255 honores

437 5288 841 5345 ecclesiasticos
870 5288 1166 5360 pervenire
1195 5289 1519 5345 nullatenus
1547 5296 1837 5363 poterunt,
1856 5293 1989 5365 quia
2008 5310 2067 5349 se

434 5382 792 5439 confessione
820 5382 1054 5455 propria
1080 5387 1440 5440 notaverunt.

504 5478 635 5533 LIV.
666 5475 1005 5547 Quicunque
1050 5492 1115 5532 ex
1160 5478 1520 5534 saecularibus
1562 5479 1901 5553 accipientes
1943 5498 2062 5554 pea-

432 5570 738 5627 nitentiam
770 5569 1142 5626 tetenderunt
1181 5587 1258 5642 se,
1287 5576 1345 5627 et
1388 5589 1584 5629 rursus
1628 5575 2064 5646 praevaricantes

430 5664 558 5720 laici
598 5664 782 5721 effecti
825 5666 977 5735 sunt,
1021 5666 1420 5736 comprehensi
1460 5668 1530 5722 ab
1567 5669 1831 5741 episcopo
1861 5688 1961 5726 suo
1991 5672 2064 5727 ad

430 5757 826 5828 paenitentiam
868 5773 937 5813 ex
976 5775 1085 5830 qua
1124 5763 1482 5815 recesserunt
1515 5768 1870 5819 revocentur.
1901 5764 2063 5829 Quod

430 5850 477 5905 si
525 5850 696 5923 aliqui
744 5867 851 5923 per
893 5852 1297 5925 paenitentiam
1340 5853 1737 5910 irrevocabiles
1784 5861 1919 5913 sunt
1960 5874 2064 5914 nec

432 5941 711 6000 admoniti
737 5950 1122 6021 revertuntur,
1145 5952 1208 6005 ut
1231 5963 1365 6004 vere
1385 5949 1657 6026 apostatae
1677 5967 1871 6007 coram
1895 5955 2065 6009 eccle-

2177 3417 2532 3491 temporibus
2578 3416 2987 3489 religiosissimi
3028 3416 3299 3489 principis
3357 3415 3630 3484 Sisebuti,
3677 3413 3815 3486 quia

2170 3513 2294 3585 jam
2336 3517 2552 3569 constat
2595 3529 2690 3567 eos
2749 3510 3120 3567 sacramentis
3172 3508 3378 3565 divinis
3417 3508 3714 3565 associatos
3753 3512 3816 3563 et

2175 3605 2448 3678 baptismi
2487 3607 2733 3677 gratiam
2775 3605 3116 3676 suscepisse,
3162 3607 3219 3659 et
3261 3603 3564 3658 chrismate
3610 3606 3814 3657 unctos

2176 3718 2332 3770 esse,
2375 3707 2433 3755 et
2497 3700 2748 3771 corporis
2797 3699 3025 3754 Domini
3078 3704 3135 3754 et
3194 3697 3484 3770 sanguinis
3527 3696 3812 3752 exstitisse

2176 3794 2499 3867 participes,
2530 3796 2752 3866 oportet
2780 3796 2844 3847 ut
2871 3792 3045 3848 ﬁdem
3089 3792 3264 3847 etiam
3288 3807 3464 3864 quam
3489 3790 3545 3845 vi
3577 3791 3662 3846 vel
3705 3802 3808 3845 ne-

2175 3889 2428 3944 Cessitate
2469 3891 2860 3960 susceperunt,
2898 3891 3097 3942 tenere
3140 3889 3438 3958 cogantur,
3478 3901 3551 3940 ne
3595 3899 3810 3939 nomen

2175 3981 2396 4037 Domini
2436 3982 2884 4054 blasphemetur,
2927 3983 2986 4035 et
3027 3980 3169 4035 ﬁdes
3219 3996 3392 4051 quam
3437 3981 3813 4051 susceperunt

2172 4076 2296 4131 vilis
2323 4091 2387 4130 ac
2414 4074 2855 4147 contemptibilis
2884 4073 3178 4130 habeatur.

2242 4170 2391 4226 LVII.
2409 4170 2585 4226 Tanta
2601 4172 2685 4224 est
2703 4169 3082 4241 quorumdam
3105 4190 3133 4219 ‹‹
3160 4167 3462 4240 cupiditas,
3477 4172 3541 4222 ut
3563 4166 3809 4240 quidam

2174 4283 2304 4321 eam
2334 4268 2666 4338 appetentes
2695 4263 2874 4335 (juxta
2908 4263 3057 4335 quod
3100 4263 3179 4319 ait
3214 4263 3525 4334 Apostolus)
3556 4261 3731 4316 etiam
3773 4278 3811 4316 a

2173 4360 2285 4416 fide
2310 4362 2640 4415 erraverunt
2672 4359 2715 4427 (1
2753 4359 2889 4414 Tim.
2922 4372 2997 4425 v1,
3044 4357 3149 4428 lO).
3181 4376 3209 4408 »
3248 4356 3405 4411 Multi
3442 4355 3655 4428 quippe
3692 4355 3806 4410 hu-

2172 4471 2380 4526 cusque
2423 4470 2490 4509 ex
2538 4450 2924 4507 sacerdotibus
2962 4456 3131 4523 atque
3182 4449 3341 4505 laicis
3383 4449 3729 4521 accipientes
3772 4466 3810 4504 a

2169 4549 2376 4604 Judwis
2410 4563 2690 4615 munera,
2734 4544 3031 4617 perﬁdiam
3095 4560 3296 4600 eorum
3343 4560 3445 4598 suo
3487 4542 3808 4615 patrocinio

2168 4641 2495 4714 fovent,qui
2526 4657 2641 4695 non
2664 4639 2954 4695 immerito
2974 4655 3041 4694 ex
3063 4654 3300 4710 corpore
3330 4636 3658 4693 Antichristi
3679 4652 3803 4693 esse

2167 4741 2500 4806 noscuntur,
2536 4734 2669 4805 quia
2709 4737 2909 4788 contra
2954 4732 3242 4788 Christum
3287 4731 3523 4787 faciunt.
3556 4730 3806 4795 Quicun-

2169 4847 2278 4902 que
2305 4846 2443 4902 ergo
2472 4829 2743 4899 deinceps
2763 4826 3061 4899 episcopus
3088 4826 3201 4881 sive
3222 4826 3457 4881 clericus
3478 4825 3593 4879 sive
3620 4840 3804 4880 saecu-

2168 4925 2300 4979 laris
2325 4923 2435 4978 illis
2477 4925 2680 4978 contra
2706 4920 2882 4975 ﬁdem
2909 4920 3292 4976 Christianam
3323 4918 3678 4992 suffragium,
3712 4919 3808 4973 vel

2167 5035 2403 5073 munere
2433 5017 2519 5072 vel
2547 5016 2741 5070 favore
2771 5014 3121 5086 praestiterit,
3155 5016 3219 5069 ut
3241 5013 3518 5086 profanus
3543 5016 3601 5067 et
3628 5011 3804 5067 sacri-

2165 5112 2326 5183 legus
2396 5111 2708 5165 anathema
2761 5106 2993 5163 effectus
3051 5108 3123 5163 ab
3192 5107 3443 5162 Ecclesia
3518 5104 3807 5161 catholica

2165 5204 2445 5261 habeatur
2474 5207 2798 5271 extraneas,
2827 5202 2959 5274 quia
2999 5201 3208 5274 dignus
3250 5204 3354 5272 est,
3388 5204 3452 5256 ut
3491 5218 3526 5255 a
3559 5216 3804 5273 corpore

2164 5299 2366 5354 Christi
2426 5300 2726 5381 separetur
2747 5340 2762 5366 ,
2813 5298 2910 5370 qui
2962 5296 3208 5351 inimicis
3262 5294 3469 5351 Christi
3524 5299 3805 5366 patronus

2166 5384 2470 5541 efficitur.L

2235 5487 2412 5541 LVIII.

2235 5487 2412 5543 LVIII.
2432 5480 2689 5559 Plerique
2719 5487 2818 5560 qui
2852 5504 2919 5543 ex
2944 5483 3151 5542 Judaais
3181 5483 3400 5541 dudum
3424 5480 3497 5539 ad
3524 5482 3801 5541 Christiao

2163 5597 2300 5636 nam
2342 5581 2517 5635 tidem
2566 5583 2819 5652 promoti
2855 5587 3007 5651 sunt,
3036 5597 3189 5636 nunc
3232 5578 3702 5651 blaSphemantes
3740 5579 3806 5633 in

2162 5674 2406 5742 Christo,
2436 5691 2554 5729 non
2580 5674 2769 5730 solum
2792 5674 3052 5746 judaicos
3076 5674 3222 5729 ritus
3256 5678 3613 5744 perpetrasse
3662 5688 3801 5727 nos-

2163 5771 2372 5822 cuntur
2396 5809 2409 5835 ,
2460 5769 2558 5823 sed
2625 5768 2811 5845 etiam,
2860 5767 3270 5823 abominandas
3333 5765 3804 5823 circumcisiones

2164 5877 2429 5917 exercere
2451 5864 2961 5935 presumpserunt,
2995 5861 3068 5915 de
3102 5861 3311 5933 quibus
3347 5860 3610 5915 consultu
3652 5858 3800 5933 piis-

2163 5955 2289 6013 simi
2315 5972 2378 6010 ac
2403 5955 2817 6030 religiosissimi
2841 5954 3060 6013 domini
3107 5953 3284 6010 nostri
3314 5952 3616 6012 Sisenandi
3645 5951 3802 6033 regis
