4054 6302
212 324 311 381 477
1442 329 1915 394 DECRETALIUM
1953 332 2340 398 conserto.
3246 388 3249 395 .
3468 356 3563 416 £78

201 436 311 489 hoc
369 441 627 492 sanctum
682 439 930 495 decrevit
989 441 1325 513 concilium,
1388 448 1449 499 ut
1501 446 1834 517 hujusmodi
1857 452 2089 532 Actum
2122 452 2293 522 elegit
2321 452 2732 521 concilium,ut
2753 454 3089 516 Judaeisnon
3118 460 3283 518 liceat
3302 466 3566 522 Christia-

200 534 651 602 transgressores
714 534 1019 605 pontiﬁcali
1085 538 1419 594 auctoritate
1471 541 1709 595 correcti
1765 543 1835 596 ad
1935 559 2037 597 nos
2063 561 2269 612 servos,
2298 563 2403 601 nec
2428 547 2745 603 Christiana
2778 553 3060 625 mancipia
3089 572 3303 627 emere,
3332 576 3434 615 nec
3466 578 3561 617 cu-

195 623 420 678 cultum
463 625 769 681 Christiani
807 627 1095 700 dogmatis
1123 637 1462 688 revocentur
1488 640 1547 689 ut
1571 652 1712 706 quos
1735 652 1835 691 vo—
1927 636 2202 709 jusquam
2249 641 2521 712 consequi
2571 643 2915 715 largitatem.
2950 648 3113 703 Nefas
3156 651 3311 706 enim
3359 659 3463 723 cst,
3503 662 3565 712 ut

194 716 388 771 luntas
425 720 652 791 propria
683 738 802 776 non
831 724 1098 779 emendat
1124 725 1542 782 animadversio
1573 730 1831 784 sacerdo-
1933 731 2196 786 membra
2261 734 2467 789 Christi
2541 736 2787 793 serviant
2858 741 3190 798 Antichristi
3264 746 3560 818 ministris,

194 810 327 864 talis
357 816 631 868 coerceat.
662 816 766 870 Eos
791 821 984 872 autem
1020 834 1163 889 quos
1191 820 1625 890 circumcidunt,
1657 823 1703 876 si
1728 823 1833 878 ﬁlii
1934 824 2083 894 quod
2113 825 2158 879 si
2188 826 2457 898 deinceps
2485 846 2674 885 servos
2699 832 3048 891 Christianos
3076 838 3165 892 vel
3200 841 3432 896 ancillas
3461 844 3558 898 Ju-

193 920 397 959 eorum
441 910 593 977 sunt,
621 925 656 962 a
700 915 1007 981 parentum
1049 914 1331 969 consortio
1387 919 1741 987 separentur,
1785 916 1831 970 si
1931 916 2037 971 dazi
2063 918 2274 973 habere
2303 925 2786 996 praesumpserint,
2819 927 3027 983 sublati
3054 930 3124 985 ab
3152 948 3351 996 eorum
3380 935 3562 992 domi-

192 998 361 1066 servi,
390 1014 495 1070 pro
524 1000 735 1072 injuria
760 1004 1011 1075 corporis
1043 1006 1129 1061 sui
1158 1007 1408 1063 libertati
1438 1009 1755 1065 tradantur.

262 1091 395 1147 LIX.
427 1094 751 1150 Iudaeorum
785 1097 934 1153 ﬁlios
957 1101 1044 1154 vel
1085 1100 1226 1155 ﬁlias
1250 1118 1323 1156 ne
1354 1108 1657 1174 parentum
1685 1104 1831 1159 ultra

188 1184 554 1242 involvantur
580 1190 885 1262 erroribus,
916 1193 986 1247 ab
1017 1210 1215 1249 eorum
1257 1196 1542 1252 consortio
1573 1199 1828 1269 separari

188 1278 550 1336 decernimus
601 1282 918 1355 deputatos,
968 1291 1068 1342 aut
1117 1289 1471 1345 monasteriis
1521 1296 1617 1345 aut
1661 1291 1825 1347 Chri-

188 1372 387 1429 stianis
411 1375 565 1444 viris,
588 1380 688 1432 aut
706 1365 1042 1435 mulieribus
1062 1382 1244 1437 Deum
1266 1383 1618 1452 timentibus,
1636 1390 1705 1439 ut
1723 1386 1825 1440 sub

187 1481 391 1521 eorum
424 1471 850 1527 conversatione
896 1474 1112 1529 cultum
1148 1475 1280 1530 ﬁdei
1307 1476 1540 1544 discant,
1568 1480 1737 1549 atque
1766 1479 1822 1533 in

183 1560 393 1616 melius
418 1563 683 1633 instituti,
711 1569 834 1621 tam
865 1567 923 1621 in
955 1568 1228 1639 moribus,
1260 1586 1434 1641 quam
1458 1570 1517 1624 in
1550 1570 1659 1625 ﬁde
1690 1589 1820 1643 pro-

183 1653 403 1711 ﬁciant.

1928 1015 2064 1065 natu
2094 1012 2412 1069 libertatem
2443 1033 2476 1069 a
2503 1016 2758 1090 principe
2795 1028 3233 1095 consequantur.
3245 1046 3261 1118 ί

2001 1105 2170 1159 LXVI.
2201 1107 2269 1160 Et
2298 1107 2344 1161 si
2371 1108 2455 1162 illi
2486 1109 2583 1181 qui
2624 1113 2776 1167 nulla
2821 1132 2889 1168 ex
2934 1117 3103 1171 rebus
3135 1105 3261 1174 suis.
3290 1125 3557 1194 pauperi-

1928 1196 2031 1251 bus
2077 1199 2279 1253 Christi
2322 1201 2693 1270 distribuunt,
2726 1207 2923 1261 mterni
2965 1210 3175 1280 judicis
3206 1230 3337 1269 voce
3386 1215 3442 1270 in
3474 1218 3558 1272 fu-

1926 1295 2054 1345 turo
2081 1294 2636 1364 condemnabuntur,
2669 1305 2884 1369 quanto
2929 1303 3112 1374 magis
3147 1305 3204 1363 hi
3251 1308 3347 1378 qui
3393 1312 3554 1366 aufe-

1928 1390 2061 1439 runt
2079 1387 2427 1458 pauperibus
2445 1406 2573 1461 quae
2594 1407 2707 1446 non
2723 1392 3052 1450 dederunt?
3070 1398 3428 1472 Quapropter
3441 1405 3558 1476 epi-

1926 1478 2079 1549 scOpi
2107 1479 2207 1550 qui
2235 1480 2375 1535 nihil
2407 1497 2475 1536 ex
2504 1484 2735 1555 proprio
2764 1503 2863 1540 suo
2891 1489 3142 1545 ecclesiae
3164 1493 3370 1549 Christi
3396 1512 3552 1551 com-

1922 1579 2326 1640 pensaverunt,
2354 1574 2497 1629 hanc
2526 1576 2776 1633 divinam
2814 1582 3152 1637 sententiam
3192 1591 3468 1657 metuant,
3500 1596 3556 1646 et

1922 1663 2158 1719 libertos
2204 1683 2270 1720 ex
2320 1667 2554 1723 familiis
2604 1671 2856 1727 ecclesiae
2901 1675 2973 1729 ad
3020 1677 3555 1739 condemnationem

256 1749 362 1803 LX.
402 1750 585 1805 Judaei
626 1751 911 1823 baptizati,
965 1755 1011 1809 si
1052 1757 1246 1827 postea
1287 1758 1720 1829 praevaricantes
1764 1759 1823 1814 in
1923 1773 2084 1811 suam
2114 1760 2298 1815 facere
2338 1777 2453 1815 non
2497 1768 2868 1834 prtesumant,
2899 1766 3144 1840 impium
3182 1776 3269 1827 est
3311 1775 3463 1830 enim
3494 1783 3555 1833 ut

180 1841 474 1898 Christum
497 1843 750 1915 qualibet
766 1864 936 1919 poena
961 1849 1217 1904 damnati
1240 1851 1575 1919 exstiterint,
1603 1869 1636 1907 a
1654 1853 1822 1907 rebus
1841 1837 1899 1908 B
1923 1850 2024 1921 qui
2044 1868 2133 1906 res
2152 1870 2279 1907 suas
2302 1856 2550 1910 ecclesize
2569 1874 2681 1912 non
2705 1861 3011 1918 contulerit
3033 1864 3306 1922 damnum
3327 1868 3553 1939 inferat,

180 1952 385 1991 eorum
441 1937 639 1993 ﬁdeles
681 1939 827 1995 ﬁlios
874 1942 1097 1997 excludi
1145 1960 1263 1998 non
1322 1946 1629 2015 oportebit,
1685 1947 1819 2018 quia

178 2029 457 2101 scriptum
482 2035 585 2087 est.
609 2053 637 2081 »
661 2033 833 2090 Filius
851 2052 964 2091 non
985 2037 1233 2108 portabit
1249 2038 1433 2110 patris
1454 2038 1817 2111 iniquitatem

178 2123 389 2194 (Ezech.
420 2141 577 2193 xvm,
610 2127 721 2199 20).
763 2151 791 2177 ι)

249 2218 381 2273 LXI.
411 2218 572 2290 Sepe
608 2218 907 2277 malorum
938 2225 1224 2281 consortia
1258 2225 1430 2282 etiam
1469 2227 1654 2283 bonos
1691 2246 1814 2283 cor-

178 2315 477 2383 rumpunt,
508 2317 725 2385 quanto
753 2317 938 2388 magis
966 2334 1063 2373 eos
1089 2319 1189 2391 qui
1212 2320 1286 2375 ad
1312 2319 1448 2375 vitia
1469 2322 1638 2393 proni
1662 2326 1812 2379 sunt.

176 2404 339 2459 Nulla
385 2422 524 2477 ergo
569 2410 899 2466 communio
942 2413 1092 2469 ultra
1131 2413 1203 2469 sit
1244 2414 1492 2470 Hebrzeis
1530 2416 1605 2471 ad
1643 2416 1815 2472 ﬁdem

174 2498 557 2556 Christianam
587 2504 875 2560 translatis
903 2522 1035 2561 cum
1062 2506 1151 2561 his
1193 2507 1291 2580 qui
1336 2508 1523 2564 adhuc
1549 2510 1609 2564 in
1641 2511 1815 2566 veteri

173 2591 289 2647 ritu
330 2594 665 2663 consistunt,
697 2614 768 2652 ne
806 2599 951 2654 forte
994 2617 1197 2656 eorum
1243 2601 1544 2675 participio
1591 2603 1815 2660 subver-

169 2688 385 2741 tantur.
416 2687 753 2762 Quicunque
793 2708 933 2764 ergo
959 2695 1170 2750 amodo
1198 2713 1266 2750 ex
1300 2695 1389 2750 his
1419 2696 1516 2768 qui
1546 2696 1811 2770 baptizati

170 2783 307 2834 sunt
330 2780 653 2839 inﬁdelium
678 2787 962 2841 consortia
990 2805 1103 2843 non
1129 2789 1447 2859 vitaverint,
1478 2794 1535 2846 et
1559 2791 1621 2846 hi
1647 2792 1810 2848 Chri-

169 2872 371 2928 stianis
399 2875 706 2946 donentur,
730 2882 787 2932 et
804 2880 888 2935 illi
909 2882 1149 2952 publicis
1167 2883 1417 2938 caedibus
1437 2885 1805 2956 deputentur.

242 2967 394 3023 LXII.
422 2969 602 3024 Judaei
632 2971 728 3043 qui
764 2973 1111 3030 Christianas
1156 2977 1426 3032 mulieres
1456 2978 1513 3032 in
1540 2980 1808 3052 conjugio

170 3061 401 3130 habent,
435 3063 848 3122 admoneantur
876 3068 946 3123 ab
977 3069 1240 3142 episcopo
1265 3070 1504 3127 civitatis
1525 3073 1722 3145 ipsius,
1748 3079 1809 3131 ut

170 3156 215 3209 si
234 3172 366 3211 cum
393 3156 475 3211 eis
501 3174 844 3229 permanere
872 3162 1130 3234 cupiunt,
1148 3164 1446 3220 Christiani
1468 3166 1803 3237 efﬁciantur,

168 3250 326 3321 quod
362 3249 412 3304 si
458 3251 735 3309 admoniti
789 3255 1101 3324 noluerint,
1128 3262 1479 3329 separentur,
1510 3261 1642 3333 quia
1688 3279 1803 3316 non

164 3348 354 3415 potest
378 3344 623 3401 inﬁdelis
648 3347 708 3401 in
729 3347 850 3419 ejus
868 3366 1213 3420 permanere
1235 3353 1657 3425 conjunctione,
1676 3373 1804 3427 quae

156 3437 278 3509 jam
307 3439 371 3493 in
396 3430 779 3497 Christianam
818 3445 1089 3500 translata
1132 3448 1219 3500 est
1251 3448 1444 3517 ﬁdem,
1477 3448 1573 3502 ﬁlii
1607 3453 1801 3504 autem

164 3533 261 3605 qui
291 3549 364 3589 ex
390 3533 598 3589 talibus
637 3536 755 3590 nati
800 3536 1047 3594 existunt
1084 3539 1260 3595 ﬁdem
1303 3545 1474 3613 atque
1518 3543 1799 3599 conditio-

163 3644 299 3683 nem
330 3628 532 3683 matris
556 3634 887 3701 sequantur,
918 3631 1181 3689 similiter
1210 3638 1267 3690 et
1295 3635 1354 3689 hi
1381 3635 1480 3707 qui
1518 3638 1801 3708 procreati

162 3727 294 3777 sunt
348 3721 422 3777 de
476 3723 805 3780 inﬁdelibus
859 3726 1195 3783 mulieribus
1251 3730 1310 3782 et
1358 3729 1622 3785 ﬁdelibus
1668 3731 1800 3787 viris

158 3815 543 3872 Christianam
591 3818 932 3890 religionem
973 3824 1305 3894 sequantur,
1351 3840 1465 3878 non
1508 3825 1800 3881 Iudaicam

160 3910 653 3983 superstitionem.

232 4005 406 4061 LXIII.
438 4005 561 4060 Non
592 4008 783 4078 potest
828 4023 966 4080 erga
1008 4009 1266 4067 homines
1316 4027 1434 4067 esse
1477 4011 1655 4068 ﬁdelis
1701 4013 1799 4086 qui

160 4100 272 4155 Deo
334 4099 618 4154 exstiterit
678 4099 941 4157 inﬁdelis.
1003 4103 1185 4159 Jndzei
1234 4122 1373 4176 ergo
1427 4105 1523 4177 qui
1580 4106 1798 4163 dudum

159 4192 466 4249 Christiani
514 4192 695 4249 effecti
743 4198 895 4265 sunt,
927 4201 984 4251 ct
1011 4214 1167 4252 nunc
1208 4199 1410 4253 Christi
1458 4201 1627 4255 ﬁdem
1661 4218 1798 4273 prae

157 4287 394 4342 varicati
450 4293 601 4356 sunt,
647 4289 717 4343 ad
773 4290 1167 4346 testimonium
1230 4292 1534 4349 dicendum
1603 4293 1793 4368 116

158 4379 387 4436 admitti
436 4397 553 4436 non
597 4381 830 4450 debent,
875 4384 1131 4455 quamvis
1185 4402 1306 4440 esse
1349 4404 1406 4442 se
1449 4387 1795 4444 Christianos

159 4474 529 4545 annuntient,
561 4475 695 4547 quia
722 4476 871 4532 sicut
897 4476 956 4532 in
983 4478 1094 4533 ﬁde
1132 4479 1338 4534 Christi
1365 4481 1609 4552 suspecti
1640 4487 1790 4552 sunt,

1922 1947 1977 1997 et
1996 1944 2092 2015 jus
2118 1946 2369 2002 ecclesim
2398 1948 2647 2006 alienare
2678 1954 3001 2011 contendat.
3030 1958 3187 2013 Tales
3214 1977 3352 2032 ergo
3380 1963 3552 2021 liber-

1917 2041 2003 2091 tos
2030 2055 2320 2096 successor
2355 2041 2656 2116 episcopus
2700 2046 2916 2118 absque
2960 2049 3153 2122 aliqua
3193 2057 3551 2126 oppositione

1918 2131 1990 2186 ad
2013 2132 2107 2203 jus
2134 2134 2382 2189 ecclesiae
2408 2137 2714 2208 revocabit,
2742 2141 2874 2211 quia
2901 2158 2996 2197 eos
3025 2160 3139 2199 non
3170 2149 3427 2220 aequitas,
3450 2153 3549 2209 sed

1917 2223 2252 2297 improbitas
2275 2229 2533 2286 absolvit.

1996 2323 2195 2379 LXVII.
2237 2323 2542 2396 Episcopus
2570 2326 2669 2398 qui
2713 2328 3065 2403 mancipium
3104 2333 3254 2405 juris
3299 2339 3548 2398 ecclesia:

1916 2436 2035 2475 non
2062 2421 2285 2473 retento
2311 2418 2685 2474 ecclesiastico
2711 2424 3024 2493 patrocinio
3051 2432 3379 2487 manumitti
3409 2435 3550 2491 desi-

1916 2512 2097 2582 derat,
2120 2512 2259 2566 duos
2280 2511 2470 2566 meriti
2488 2512 2742 2583 ejusdem
2770 2518 2827 2569 et
2844 2520 3055 2588 peculii
3079 2538 3272 2579 coram
3303 2529 3545 2585 concilio

1913 2605 2163 2662 ecclesiae
2192 2604 2282 2659 cui
2307 2605 2643 2676 praeeminet
2660 2625 2762 2680 per
2775 2614 3283 2673 commutationem
3307 2621 3546 2678 subscri-

1911 2700 2174 2756 bentibus
2204 2698 2590 2755 sacerdotibus
2622 2702 2842 2774 offerat,
2869 2710 2934 2761 ut
2963 2712 3089 2763 rata
3120 2713 3179 2764 et
3194 2711 3353 2782 justa
3384 2714 3541 2773 inve-

1913 2794 2107 2849 niatur
2134 2792 2392 2848 deﬁnitio
2438 2797 2864 2853 commutantis.
2907 2800 3061 2856 Tunc
3108 2804 3263 2860 enim
3304 2808 3539 2866 liberam

1909 2887 2436 2958 manumissionem,
2466 2887 2584 2944 sine
2608 2891 2925 2961 patrocinio
2951 2896 3203 2952 ecclesiae
3229 2904 3542 2961 concedere

1908 2982 2141 3053 poterit,
2181 2981 2276 3053 qui
2323 2997 2455 3035 eum
2499 2999 2671 3054 quem
2709 2983 2954 3041 libertati
2999 2990 3225 3047 tradere
3265 2994 3535 3067 disponit,

1900 3075 2025 3146 jam
2040 3075 2159 3146 juri
2175 3074 2411 3147 proprio
2431 3076 2748 3147 acquisivit.
2770 3079 3108 3149 Hujusmodi
3127 3090 3319 3142 autem
3336 3090 3539 3147 liberto

1827 3210 1882 3285 Ο
1906 3168 2173 3223 adversus
2197 3168 2495 3223 ecclesiam
2524 3169 2683 3240 cujus
2702 3170 2847 3241 juris
2875 3175 3089 3231 exstitit
3120 3183 3423 3239 accusandi
3450 3188 3538 3242 vel

1907 3262 2238 3285 l..-l£[!--_.‘l!
2278 3262 2587 3285 Δ-..,.....ι--..
2616 3263 2835 3285 12--_1!_
2907 3269 2977 3285 rx,
3041 3269 3057 3285 ει
3120 3270 3130 3281 ι

1907 3262 2242 3317 testiﬁcandi
2273 3262 2587 3333 denegetur
2616 3263 2863 3351 licentia.
2904 3269 3061 3335 Quod
3088 3270 3132 3324 si
3160 3289 3537 3351 praesumpse-

1905 3355 1998 3423 rit,
2020 3357 2204 3427 placet
2218 3360 2277 3410 ut
2291 3358 2475 3410 stante
2497 3358 2945 3416 commutatione
2970 3361 3029 3417 in
3056 3366 3386 3426 servitutem
3407 3390 3537 3444 pro-

1903 3448 2087 3520 priam
2111 3452 2403 3503 revocetur
2426 3449 2517 3504 cui
2549 3467 2753 3507 nocere
2782 3457 3041 3511 conatur.

1974 3543 2195 3597 LXVIII.
2229 3545 2544 3598 Consensus
2573 3544 2747 3599 totius
2784 3548 3004 3603 concilii
3041 3550 3315 3626 deﬁnivit,
3348 3561 3412 3615 ut
3436 3578 3530 3617 sa-

1902 3635 2158 3691 cerdotes
2185 3635 2283 3707 qui
2322 3640 2420 3691 aut
2461 3653 2552 3691 res
2593 3654 2723 3693 suas
2764 3641 3012 3697 ecclesiae
3057 3645 3406 3724 relinquunt,
3433 3662 3533 3712 aut

1902 3729 2046 3785 nihil
2087 3729 2383 3799 habentes,
2416 3730 2608 3802 aliqua
2644 3736 2837 3788 tamen
2882 3737 3120 3809 praedia,
3147 3750 3246 3798 aut
3284 3744 3530 3804 familias

1900 3823 2146 3880 ecclesiis
2170 3823 2284 3879 suis
2309 3825 2676 3897 conquirunt,
2704 3826 2900 3883 licebit
2950 3830 3058 3886 illis
3095 3834 3314 3909 aliquos
3340 3840 3409 3895 de
3438 3844 3528 3899 fa—

1898 3917 2066 3973 mulis
2094 3918 2353 3989 ejusdem
2382 3918 2633 3973 ecclesize
2664 3922 3075 3980 manumittere
3103 3926 3267 3998 juxta
3306 3934 3389 3989 rei
3423 3938 3531 3993 col-

1898 4012 2024 4067 latae
2045 4012 2276 4067 modum
2304 4028 2474 4084 quem
2505 4013 2728 4086 antiqui
2755 4032 2998 4073 canones
3030 4018 3426 4097 decreverunt,
3452 4029 3530 4088 ita

1899 4109 1961 4160 ut
1987 4123 2115 4161 cum
2138 4105 2357 4178 peculio
2381 4108 2439 4161 et
2464 4107 2791 4178 posteritate
2819 4128 2920 4165 sua
2944 4112 3181 4184 ingenui
3206 4119 3309 4175 sub
3331 4126 3529 4193 patro-

1897 4199 2045 4254 cinio
2067 4200 2319 4255 ecclesiae
2340 4205 2627 4270 maneant,
2645 4202 2920 4260 utilitates
2942 4207 3225 4277 injunctas
3245 4214 3351 4269 sibi
3363 4216 3530 4288 juxta

1897 4294 2049 4364 quod
2074 4293 2364 4364 potuerint
2387 4300 2810 4366 prosequentes.

1964 4387 2129 4442 LXIX.
2169 4386 2378 4441 Liberti
2431 4387 2682 4443 ecclesiae
2728 4390 2881 4462 (quia
2938 4410 3230 4468 nunquam
3283 4402 3526 4463 moritur

1895 4495 2097 4534 eorum
2126 4479 2392 4551 patrona)
2421 4498 2454 4535 a
2483 4481 2800 4552 patrocinio
2833 4485 3088 4556 ejusdem
3116 4508 3409 4566 nunquam
3435 4499 3523 4554 di-

158 4569 239 4623 ita
266 4564 330 4623 in
353 4567 683 4625 testimonio
708 4570 961 4626 humano
987 4571 1144 4627 dubii
1181 4572 1487 4628 habentur.
1519 4576 1795 4631 Inﬁrmari
1816 4585 1876 4657 D
1899 4574 2149 4642 scedant,
2180 4591 2283 4629 nec
2310 4574 2608 4645 posteritas
2633 4575 2866 4647 quidem
2906 4596 3104 4637 eorum
3137 4584 3280 4643 sicut
3311 4588 3525 4661 priores

158 4678 295 4733 ergo
339 4664 567 4734 oportet
608 4679 811 4719 eorum
864 4664 1251 4720 testimonium
1291 4665 1389 4737 qui
1430 4667 1491 4721 in
1529 4668 1638 4723 ﬁde
1670 4669 1795 4724 falsi

162 4755 463 4826 docentur,
491 4772 595 4811 nec
623 4756 704 4812 eis
733 4773 856 4813 esse
887 4759 1241 4814 credendum
1271 4759 1369 4830 qui
1399 4761 1649 4816 veritatis
1682 4780 1714 4817 a
1738 4779 1794 4817 sc

158 4848 331 4907 ﬁdem
356 4849 710 4921 abjecerunt.

164 4962 167 4965 λ
231 4943 406 4999 LXIV.
436 4944 805 5017 Praecipiente
833 4945 1079 5002 Domino
1110 4949 1280 5020 atque
1321 4949 1796 5005 excellentissimo

160 5037 471 5095 Siseuando
497 5054 635 5110 rege
661 5039 952 5095 constituit
972 5040 1034 5095 id
1077 5044 1334 5098 sanctum
1381 5044 1703 5115 concilium,
1734 5047 1797 5100 ut

158 5130 339 5187 Judaei
364 5134 466 5187 aut
481 5131 542 5187 hi
564 5132 665 5204 qui
689 5150 755 5188 ex
780 5133 989 5189 Iudaeis
1007 5139 1139 5191 sunt
1164 5136 1352 5192 ofﬁcia
1370 5137 1600 5209 publica
1618 5138 1796 5194 nulla-

159 5228 327 5281 tenus
351 5231 650 5298 appetant,
682 5226 818 5298 quia
846 5228 950 5283 sub
978 5228 1085 5284 hac
1126 5230 1418 5286 occasione
1460 5232 1794 5288 Christianis

158 5319 433 5392 injuriam
455 5319 695 5389 faciunt,
712 5320 958 5393 ideoque
979 5322 1200 5394 judices
1219 5326 1643 5396 provinciarum
1663 5344 1791 5381 cum

158 5412 551 5469 sacerdotibus
579 5429 781 5469 eorum
809 5414 1202 5487 subreptiones
1242 5418 1628 5474 fraudulenter
1659 5420 1789 5475 reli-

156 5512 274 5561 ctas
310 5507 682 5579 suspendant,
711 5510 768 5563 et
811 5507 996 5563 ofﬁcia
1042 5510 1270 5581 publica
1316 5529 1414 5567 eos
1464 5529 1635 5584 agere
1678 5530 1793 5568 non

159 5601 516 5670 permittant.
546 5600 599 5656 Si
628 5600 757 5672 quis
781 5605 972 5657 autem
1000 5602 1121 5657 haec
1164 5605 1514 5675 permiserit,
1545 5607 1701 5662 velut
1736 5607 1794 5662 in

157 5694 500 5765 sacrilegum
550 5694 1065 5750 excommunicatio
1119 5698 1461 5767 proferatur,
1503 5704 1561 5755 et
1601 5700 1649 5755 is
1696 5701 1795 5773 qui

156 5787 509 5861 subrepserit
540 5787 777 5859 publicis
804 5788 1055 5845 czedibus
1081 5790 1406 5861 deputetur.

164 5913 169 5919 ι
231 5882 383 5941 LXV.
416 5883 493 5938 Ex
518 5881 745 5939 decreto
790 5881 1177 5957 gloriosissimi
1221 5885 1494 5961 principis
1524 5888 1629 5945 hoc
1659 5905 1792 5945 san-

1898 4684 2139 4723 canones
2164 4668 2554 4723 decreverunt.
2576 4671 2651 4723 Ac
2677 4686 2749 4724 ne
2774 4671 3005 4728 libertas
3031 4692 3228 4733 eorum
3248 4680 3307 4735 in
3328 4682 3523 4742 futura

1897 4762 2054 4833 prole
2070 4778 2187 4817 non
2203 4764 2414 4834 pateat,
2431 4762 2665 4834 ipsaque
2683 4763 2982 4835 posteritas
3005 4771 3243 4827 naturali
3262 4773 3526 4846 ingenui-

1894 4857 2013 4910 tate
2041 4855 2301 4911 obnitens
2336 4872 2453 4911 sese
2481 4856 2553 4911 ab
2581 4858 2834 4914 ecclesiae
2868 4863 3182 4932 patrocinio
3222 4867 3525 4930 subtrahat

1897 4965 2124 5004 necesse
2152 4952 2256 5018 est,
2281 4955 2343 5005 ut
2368 4952 2483 5004 tam
2512 4949 2571 5004 hi
2597 4950 2809 5019 liberti,
2832 4969 3006 5025 quam
3031 4956 3102 5011 ab
3131 4956 3210 5013 eis
3234 4964 3525 5035 progeniti

1894 5042 2296 5113 professionem
2322 5043 2581 5115 episcopo
2613 5061 2714 5099 suo
2740 5045 2972 5116 faciant,
3000 5062 3104 5120 per
3129 5067 3301 5122 quam
3339 5073 3408 5113 ex
3438 5059 3520 5116 fa.

1895 5135 2054 5192 milia
2097 5138 2350 5193 ecclesiae
2399 5136 2629 5193 libertos
2677 5137 2907 5195 effectos
2951 5158 3009 5196 se
3052 5159 3173 5200 esse
3219 5146 3519 5225 fateantur,

1896 5230 2132 5302 ejusque
2164 5231 2542 5302 patrocinium
2573 5248 2690 5286 non
2717 5232 3063 5306 relinquant,
3098 5239 3194 5295 sed
3216 5240 3382 5312 juxta
3410 5247 3521 5303 vir.

1893 5327 2074 5380 tutem
2111 5341 2271 5380 suam
2300 5325 2632 5397 obsequium
2658 5326 2745 5381 vel
2789 5327 3169 5388 obedientiam
3206 5339 3521 5407 praebeant.

1966 5419 2112 5472 LXX.
2140 5418 2348 5473 Liberti
2380 5419 2628 5473 ecclesiae
2666 5419 2763 5492 qui
2792 5438 2826 5475 a
2851 5425 3165 5494 patrocinio
3191 5429 3315 5501 ejus
3340 5433 3521 5491 disce-

1895 5513 2096 5568 dentes
2121 5511 2463 5583 quibuslibet
2489 5514 2743 5583 personis
2772 5515 3158 5588 adhaeserunt,
3182 5521 3230 5577 si
3247 5524 3521 5584 admoniti

1893 5606 2077 5661 redire
2108 5605 2580 5677 contempserint,
2612 5608 2984 5666 manumissio
3011 5628 3212 5669 eorum
3244 5616 3400 5672 irrita
3427 5620 3516 5689 sit,

1895 5699 2027 5770 quia
2050 5716 2155 5771 per
2185 5698 2585 5755 inobedientiaa
2629 5707 3025 5775 contemptum
3059 5706 3269 5778 ingrati
3295 5708 3519 5770 actione

1892 5797 2181 5852 tenentur.

1964 5888 2132 5946 LXXI.
2162 5887 2370 5945 Liberti
2395 5891 2642 5947 ecclesia:
2671 5891 2769 5965 qui
2789 5909 2823 5947 a
2851 5890 3281 5971 quibuscunque
3316 5913 3519 5958 manu.
