4054 6328
496 349 600 415 479

1381 350 1664 416 APPEND.
1706 350 1792 415 AD
1830 350 1992 416 sli-EC.
2037 360 2122 413 IX.
2153 389 2221 398 --
2264 351 2508 415 ISIDORI
2550 348 2975 415 MERCATORIS

3757 347 3864 412 480

501 467 662 522 missi
692 469 843 534 sunt,
877 463 931 521 et
963 467 1211 522 ceclesize
1243 469 1558 538 patrocinio
1598 468 1980 522 commendati
2023 468 2134 523 exi-
2155 483 2213 554 Α
2237 474 2320 523 est
2339 467 2671 539 perjurium,
2696 485 2798 521 nec
2826 466 3050 536 regibus
3074 464 3286 519 inferre
3311 463 3571 519 exitium.
3597 464 3866 518 Hostibus

501 564 676 627 stunt,
705 560 848 615 sicut
893 562 1106 632 regula:
1145 561 1515 633 antiquorum
1556 563 1792 616 Patrum
1833 561 2134 616 constitue-

503 658 654 724 runt,
683 654 1018 708 sacerdotali
1051 655 1381 709 defensione
1409 672 1438 708 a
1481 654 1785 725 cujuslibet
1827 655 2134 709 insolentia

500 751 879 819 protegantur
920 747 1032 801 sive
1062 748 1120 801 in
1162 752 1308 802 statu
1353 748 1649 816 libertatis,
1684 748 1797 804 sive
1831 749 1885 802 in
1914 748 2134 819 peculio

499 841 652 912 quod
681 841 894 895 habere
927 845 1258 895 noscuntur.

571 933 768 989 LXXII.
813 933 1146 1005 Quicunque
1195 935 1514 990 libertatem
1561 953 1594 989 a
1639 935 1888 990 dominis
1916 936 2030 990 suis
2054 936 2135 990 ita

498 1027 838 1099 percipiunt,
856 1032 915 1081 ut
937 1028 1162 1082 nullum
1190 1028 1295 1083 sibi
1316 1029 1374 1082 in
1397 1029 1477 1083 eis
1499 1029 1835 1101 obsequium
1861 1034 2136 1100 patronus

501 1125 764 1188 retentet,
795 1120 886 1175 isti
919 1121 966 1174 si
985 1121 1106 1175 sine
1136 1122 1377 1176 crimine
1405 1128 1537 1177 sunt
1563 1122 1635 1176 ad
1668 1122 1966 1177 clericatus
1988 1123 2137 1177 ordi—

503 1230 637 1268 nem
678 1214 1077 1285 suscipiantur,
1111 1215 1249 1286 quia
1290 1215 1503 1270 directa
1542 1216 1989 1271 manumissione
2032 1217 2132 1270 al;-

505 1307 672 1362 soluti
700 1311 1040 1377 noscuntur;
1072 1308 1168 1379 qui
1200 1325 1329 1362 vero
1359 1314 1584 1364 retento
1617 1309 1891 1380 obsequio
1932 1326 2132 1364 manu-

501 1401 656 1456 missi
686 1407 835 1469 sunt,
866 1419 970 1472 pro
1002 1418 1070 1456 eo
1101 1403 1253 1472 quod
1281 1403 1464 1457 adhuc
1491 1403 1716 1473 patroni
1752 1403 2020 1457 servitute
2044 1406 2133 1456 te-

502 1499 712 1550 nentur
754 1495 1004 1563 obnoxii,
1041 1496 1363 1551 nullatenus
1406 1501 1540 1550 sunt
1583 1495 1656 1550 ad
1701 1496 2136 1550 ecclesiasticum

503 1588 763 1643 ordinem
805 1589 1200 1658 promovendi,
1230 1606 1303 1644 ne
1343 1589 1574 1660 quando
1612 1589 1891 1644 voluerint
1937 1605 2134 1644 eorum

505 1681 739 1752 domini,
770 1683 911 1736 ﬁant
952 1699 1022 1736 ex
1051 1683 1268 1737 clericis
1293 1682 1457 1738 servi.

575 1776 789 1830 LXXIII.
819 1778 895 1830 De
923 1776 1154 1831 familiis
1182 1776 1432 1831 ecclesim
1473 1777 1816 1832 constituere
1854 1776 2136 1848 presbyte-

2233 562 2444 633 quippe
2493 561 2636 615 ﬁdes
2686 561 2832 632 pacti
2879 560 3064 626 datur,
3094 575 3199 613 nec
3223 559 3484 612 violatur.
3530 557 3694 622 Quod
3729 557 3776 610 si
3803 557 3866 610 in

2233 654 2381 708 bello
2411 653 2551 708 ﬁdes
2578 655 2786 725 vigeat,
2814 655 3027 736 quanto
3055 651 3241 722 magis
3261 651 3319 705 in
3347 650 3563 706 caeteris
3590 650 3869 704 servanda

2237 747 2348 801 est!
2390 747 2751 817 sacrilegium
2778 741 2990 817 quippe
3019 750 3121 811 est,
3155 745 3202 798 si
3235 744 3479 798 violetur
3521 761 3554 797 a
3595 742 3867 814 gentibus

2234 857 2434 912 regum
2481 857 2717 895 suorum
2762 839 3041 910 promissa
3083 839 3244 909 ﬁdes,
3271 838 3404 910 quia
3435 853 3548 891 non
3577 837 3758 890 solum
3806 836 3870 890 in

2236 951 2332 989 eos
2357 934 2421 988 ﬁt
2444 935 2594 1004 pacti
2618 933 3013 1004 transgressio,
3046 933 3144 988 sed
3169 938 3228 987 et
3260 932 3319 986 in
3363 932 3563 999 Deum,
3603 931 3661 984 in
3701 929 3867 1000 cujus

2235 1028 2467 1082 nomine
2516 1028 2816 1099 pollicetur
2851 1027 2974 1098 ipsa
3020 1025 3343 1098 promissio.
3398 1025 3536 1080 Inde
3579 1026 3663 1078 est
3711 1023 3868 1094 quod

2235 1120 2418 1176 multa
2444 1138 2626 1192 regna
2666 1127 2953 1176 terrarum
2999 1119 3238 1175 caalestis
3279 1117 3590 1187 iracundia,
3621 1117 3697 1173 ita
3724 1132 3866 1188 per-

2235 1215 2475 1274 mutavit
2504 1220 2567 1268 ut
2594 1231 2698 1286 pro
2729 1215 3020 1286 impietate
3063 1214 3197 1268 ﬁdei
3243 1215 3300 1268 et
3349 1228 3598 1281 morum,
3626 1211 3768 1265 alter
3794 1211 3868 1263 ab

2235 1310 2412 1362 altero
2439 1309 2777 1362 solveretur.
2807 1308 2964 1362 Unde
2995 1311 3052 1362 et
3079 1323 3183 1361 nos
3225 1322 3425 1361 cavere
3469 1309 3689 1376 oportet
3729 1316 3869 1358 cau-

2236 1418 2357 1455 sam
2401 1401 2728 1472 hujusmodi
2773 1401 3051 1472 gentium,
3079 1417 3149 1454 ne
3179 1398 3438 1454 similiter
3471 1399 3640 1469 plaga
3687 1397 3866 1452 feria-

2236 1512 2366 1548 mur
2391 1494 2689 1566 praecipiti,
2725 1497 2783 1547 et
2811 1511 2979 1565 poena
3007 1493 3313 1564 puniamur
3338 1492 3569 1547 crudeli.
3615 1491 3670 1547 Si
3711 1491 3869 1546 enim

2237 1589 2381 1642 Deus
2403 1587 2623 1658 angelis
2643 1587 2702 1641 in
2723 1604 2781 1641 se
2806 1586 3307 1658 prmvaricantibus
3330 1602 3446 1640 non
3472 1585 3746 1656 pepercit,
3765 1585 3872 1656 qui

2235 1698 2339 1751 per
2351 1681 2804 1736 inobedientiam
2819 1681 3046 1736 caeleste
3063 1680 3451 1735 habitaculum
3469 1679 3867 1751 perdiderunt,

2237 1774 2387 1828 unde
2419 1777 2477 1828 et
2513 1791 2619 1846 per
2647 1774 2850 1829 Isaiam
2890 1774 3042 1845 dicit,
3080 1794 3107 1826 «
3152 1773 3463 1829 inebriatus
3513 1776 3598 1827 est
3640 1772 3871 1844 gladius

504 1884 619 1935 ros,
654 1874 709 1923 et
751 1869 1018 1924 diaconos
1063 1886 1166 1940 per
1212 1870 1506 1943 parochias
1546 1870 1735 1940 liceat,
1762 1887 1902 1942 quos
1940 1875 2134 1924 tamen
2155 1857 2212 1928 B
2238 1884 2402 1922 meus
2431 1868 2491 1921 in
2529 1868 2666 1922 coelo
2697 1870 2844 1936 (1εαὶ.
2877 1885 3064 1938 xxxrv,
3099 1869 3168 1938 5),
3200 1888 3227 1916 »
3275 1869 3492 1938 quanto
3540 1866 3727 1937 magis
3762 1881 3872 1921 nos

503 1961 634 2017 vitae
677 1962 979 2033 rectitudo,
1010 1966 1066 2018 et
1094 1963 1343 2034 probitas
1385 1980 1611 2018 morum
1655 1964 2033 2030 commendat,
2067 1979 2135 2018 ea

501 2057 694 2110 tamen
718 2056 943 2111 ratione
970 2059 1034 2111 ut
1056 2061 1221 2112 antea
1250 2057 1586 2112 nianumissi
1611 2057 1932 2112 libertatem
1957 2059 2135 2110 status

505 2149 592 2202 sui
627 2149 960 2227 percipiant,
1002 2154 1059 2204 et
1095 2149 1280 2204 denuo
1322 2151 1394 2205 ad
1436 2150 1848 2206 ecclesiasticos
1893 2151 2134 2204 honores

505 2238 839 2331 succedant.‘
855 2242 949 2298 Est
979 2242 1136 2298 enim
1167 2242 1556 2316 irreligiosum
1581 2244 1860 2315 obligatos
1897 2244 2134 2298 existere

501 2335 776 2405 servituti,
821 2335 918 2408 qui
964 2337 1110 2391 sacri
1157 2336 1370 2392 ordinis
1414 2338 1730 2409 suscipiunt
1776 2337 2131 2409 dignitatem,

503 2429 785 2501 quidquid
828 2434 1021 2485 autem
1054 2430 1262 2485 talibus
1291 2435 1391 2485 aut
1418 2448 1521 2503 per
1548 2431 1870 2486 libertatem
1902 2447 2132 2485 conces-

505 2540 650 2590 sum,
683 2528 781 2578 aut
810 2524 1162 2579 successione
1206 2524 1485 2580 exstiterit
1514 2525 1730 2596 datum,
1758 2528 1856 2579 aut
1884 2524 2137 2596 quolibet

502 2617 802 2672 commodo
827 2618 1116 2688 collatum,
1140 2635 1256 2672 non
1280 2618 1468 2673 licebit
1493 2618 1573 2672 eis
1605 2618 1898 2690 quippiam
1920 2618 2053 2674 inde
2077 2618 2135 2672 in

502 2715 796 2767 extraneas
827 2728 1094 2783 personas
1134 2712 1542 2780 transmittere,
1573 2713 1668 2767 sed
1695 2712 1888 2767 omnia
1917 2712 1988 2767 ad
2014 2712 2134 2783 ejus

506 2805 801 2859 ecclesiam
829 2821 944 2875 qua
986 2805 1328 2860 manumissi
1353 2810 1488 2860 sunt
1516 2810 1643 2876 post
1683 2821 1877 2860 eorum
1914 2805 2134 2860 obitum

505 2897 810 2970 pertinere.
835 2898 927 2952 His
950 2914 1175 2970 quoque
1204 2899 1348 2953 sicut
1372 2903 1428 2953 et
1453 2898 1668 2953 caeteris
1693 2899 1942 2954 ecclesiae
1967 2899 2136 2954 liber-

506 2992 576 3045 tis
604 2991 907 3046 accusandi
925 2993 1012 3047 vel
1032 2991 1374 3046 testiﬁcandi
1405 2992 1670 3047 adversus
1700 2992 1993 3048 ecclesiam
2019 2993 2133 3048 adi-

506 3088 596 3138 tus
625 3083 1038 3155 intercluditur,
1062 3085 1130 3140 ad
1154 3086 1301 3157 quod
1331 3085 1376 3140 si
1404 3086 1792 3157 aspiraverint,
1817 3102 1931 3141 non
1955 3087 2135 3142 solum

505 3177 782 3232 libertatis
799 3178 1070 3233 beneﬁcio
1095 3183 1342 3247 careant,
1361 3180 1456 3234 sed
1477 3179 1650 3234 etiam
1671 3180 1904 3234 honoris
1933 3181 2131 3252 gradu,

507 3287 680 3341 quem
702 3288 818 3326 non
836 3271 1110 3343 dignitate
1128 3232 1366 3341 naturas,
1388 3273 1487 3328 sed
1509 3277 1764 3345 tempore
1789 3232 2136 3330 necegsitatis
2156 3232 2212 3307 Ο

505 3370 963 3437 promeruerunt.

575 3458 793 3514 LXXIV.
821 3461 952 3515 Post
984 3460 1242 3517 instituta
1283 3461 1548 3533 quaedam
1588 3461 1947 3517 ecclesiastici
1990 3463 2138 3519 ordi-

509 3553 597 3608 nis
623 3555 710 3608 vel
744 3553 970 3610 decreta
994 3572 1121 3627 quae
1147 3555 1218 3611 ad
1244 3556 1621 3628 quorumdam
1664 3556 1952 3628 pertinent
1977 3556 2139 3612 disci-

505 3647 742 3720 plinam,
763 3651 1054 3720 postrema
1086 3649 1246 3704 nobis
1272 3650 1485 3705 cunctis
1514 3650 1895 3706 sacerdotibus
1914 3654 2138 3707 senten-

506 3742 588 3795 tia
614 3747 717 3812 est,
743 3759 846 3814 pro
874 3743 1077 3797 robore
1121 3748 1446 3798 nostrorum
1478 3760 1700 3815 regum,
1732 3749 1788 3799 et
1833 3744 2137 3801 stabilitate

507 3835 691 3904 gentis
720 3835 1033 3909 Gothorum
1065 3835 1383 3906 pontiﬁcale
1416 3835 1680 3892 ultimum
1700 3838 1803 3892 sub
1823 3838 1934 3894 Deo
1947 3838 2138 3909 judice

505 3895 658 3981 ferre
689 3895 1333 4010 decretumDanultarum
1363 3928 1840 4001 quippegentium
1869 3895 1968 4002 (ut.
1988 3932 2138 3987 fama

510 4019 608 4090 est)
638 4024 792 4074 tanta
818 4023 1000 4074 exstat
1026 4021 1264 4092 perﬁdia
1292 4022 1641 4093 animorum,
1675 4025 1737 4077 ut
1760 4024 1932 4079 ﬁdem
1963 4041 2138 4081 sacra-

511 4115 704 4168 mento
717 4114 1057 4184 promissam
1072 4114 1300 4186 regibus
1311 4114 1426 4171 suis
1439 4116 1733 4171 observare
1749 4121 2136 4188 contemnant,

511 4211 568 4262 et
598 4220 694 4261 ore
720 4206 988 4261 simulent
1015 4207 1327 4279 juramenti
1371 4209 1804 4281 professionem,
1834 4211 1973 4266 dum
2010 4212 2140 4268 reti-

511 4305 684 4356 neant
712 4306 906 4357 mente
929 4301 1178 4374 perﬁdiae
1221 4303 1594 4376 impietatem,
1617 4303 1819 4376 jurant
1857 4304 2014 4360 enim
2054 4323 2141 4361 re-

511 4394 676 4467 gibus
704 4396 839 4464 suis,
873 4401 930 4450 et
963 4397 1133 4452 ﬁdem
1159 4413 1334 4469 quam
1378 4398 1736 4470 pollicentur,
1770 4400 2141 4471 przevarican-

512 4493 624 4559 tur,
677 4506 783 4545 nec
826 4492 1092 4546 metuunt
1133 4493 1402 4546 volumen
1449 4492 1587 4548 illud
1633 4492 1834 4563 judicii
1875 4495 1992 4565 Dei,
2040 4511 2142 4566 per

2236 1964 2447 2015 nostrae
2465 1961 2658 2016 salutis
2679 1961 2978 2016 interitum
2999 1961 3202 2016 timere
3225 1961 3516 2027 debemus,
3532 1977 3603 2014 ne
3625 1977 3731 2032 per
3745 1960 3872 2014 inﬁ-

2237 2055 2528 2110 delitatem
2555 2055 2756 2110 eodem
2783 2055 3047 2110 saeviente
3086 2054 3421 2126 pereamus!
3451 2054 3612 2118 Quod
3647 2055 3695 2108 si
3722 2054 3869 2108 divi-

2235 2165 2371 2202 nam
2395 2149 2747 2204 iracundiam
2769 2149 2944 2204 vitare
2975 2149 3332 2218 volumus,et
3357 2149 3720 2203 severitatem
3744 2148 3795 2219 ej
3806 2165 3871 2201 us

2237 2243 2308 2296 ad
2337 2243 2699 2297 clementiam
2739 2259 3041 2314 provocare
3086 2242 3370 2314 cupimus,
3401 2259 3688 2298 servemus
3726 2258 3874 2313 erga

2234 2337 2408 2390 Deum
2431 2336 2721 2408 religionis
2747 2337 2964 2391 cultum
2985 2341 3156 2408 atque
3174 2336 3457 2406 timorem,
3474 2335 3873 2391 custodiamus

2237 2446 2376 2501 erga
2403 2429 2690 2501 principes
2721 2434 2945 2486 nostros
2973 2431 3279 2502 pollicitam
3314 2430 3486 2485 ﬁdem
3509 2433 3680 2500 atque
3703 2446 3882 2501 spon-

2236 2523 2476 2578 sionem.
2510 2524 2633 2577 Non
2664 2523 2736 2578 sit
2759 2524 2820 2578 in
2846 2523 3008 2578 nobis
3036 2527 3097 2578 ut
3129 2524 3186 2578 in
3225 2523 3563 2595 quibusdam
3603 2523 3873 2594 gentibus

2235 2616 2580 2672 inﬁdelitatis
2597 2617 2874 2672 subtilitas
2893 2617 3096 2689 impia,
3115 2634 3232 2673 non
3247 2617 3500 2672 subdolae
3517 2617 3727 2672 mentis
3741 2634 3874 2689 per-

2235 2709 2388 2778 ﬁdia,
2415 2727 2532 2765 non
2561 2711 2798 2782 perjurii
2832 2713 3008 2781 nefas,
3042 2715 3099 2765 et
3132 2711 3590 2783 conjurationum
3617 2712 3874 2766 nefanda

2235 2803 2556 2859 molimina.
2595 2805 2789 2859 Nullus
2827 2806 2979 2876 apud
3005 2822 3107 2860 nos
3131 2805 3582 2877 praesumptione
3618 2820 3873 2876 regnum

2235 2897 2493 2969 accipiat,
2522 2898 2715 2953 nullus
2751 2899 2957 2953 excitet
3003 2904 3233 2954 mutuas
3283 2899 3589 2954 seditiones
3635 2898 3868 2966 civium,

2236 3007 2408 3045 nemo
2455 2991 2762 3046 meditetur
2801 2991 3063 3047 interitus
3104 3009 3329 3064 regum,
3359 2992 3457 3047 sed
3497 2992 3762 3046 defuncto
3809 2993 3872 3046 in

2238 3101 2379 3156 pace
2401 3084 2678 3156 principe,
2694 3085 2966 3156 primates
2991 3086 3176 3156 gentis
3194 3103 3324 3142 cum
3343 3085 3723 3140 sacerdotibus
3740 3102 3868 3140 suc-

2237 3195 2520 3233 cessorem
2533 3179 2696 3250 regni
2709 3179 2944 3235 concilio
2967 3179 3259 3236 communi
3282 3179 3631 3234 constituant
3649 3182 3715 3234 ut
3730 3179 3875 3234 dum

2237 3271 2473 3326 unitatis
2501 3273 2806 3328 concordia
2833 3290 2867 3328 a
2894 3273 3058 3328 nobis
3086 3273 3388 3343 retinetur,
3416 3272 3639 3327 nullum
3665 3271 3870 3343 patriae

2239 3365 2540 3438 gentisque
2571 3366 2871 3422 dissidium
2903 3383 3006 3439 per
3033 3367 3150 3422 vim
3183 3366 3515 3422 ambitionis
3549 3371 3868 3421 moveatur.

2238 3458 2400 3524 Quod
2418 3460 2463 3514 si
2484 3461 2608 3515 haec
2635 3460 2948 3516 admonitio
2975 3466 3194 3517 mentes
3220 3466 3441 3516 nostras
3469 3477 3586 3516 non
3609 3459 3868 3530 corrigit,

2238 3558 2296 3608 et
2322 3552 2394 3608 ad
2422 3554 2662 3610 salutem
2691 3571 3060 3610 communem
3089 3571 3184 3610 cor
3214 3559 3471 3610 nostrum
3497 3570 3872 3626 nequaquam

2237 3647 2514 3718 perducit,
2539 3647 2673 3702 audi
2703 3648 3042 3704 sententiam
3075 3652 3348 3704 nostram.
3379 3649 3709 3719 Quicunque
3731 3663 3872 3718 ergo

2238 3758 2307 3796 ex
2331 3741 2513 3810 nobis,
2542 3743 2628 3797 vel
2650 3743 2823 3797 totius
2846 3743 3131 3814 Hispania
3159 3742 3386 3815 populis
3406 3741 3656 3814 qualibet
3675 3741 3874 3812 conju-

2237 3834 2471 3904 ratione,
2495 3835 2581 3890 vel
2603 3835 2793 3891 studio
2814 3842 3237 3892 sacramentum
3263 3835 3400 3891 ﬁdei
3428 3852 3563 3903 suae,
3583 3835 3732 3906 quod
3761 3851 3870 3906 pro

2237 3927 2437 4000 patriae
2466 3930 2768 4002 gentisque
2797 3931 3108 3987 Gothorum
3139 3934 3305 4001 statu,
3329 3931 3414 3986 vel
3444 3928 3870 3984 conservatione

2240 4022 2414 4094 regiae
2444 4023 2643 4078 salutis
2668 4025 2951 4095 pollicitus
2994 4028 3098 4094 est,
3130 4023 3508 4092 temeraverit,
3544 4027 3644 4078 aut
3670 4038 3871 4094 regem

2237 4132 2375 4171 nece
2399 4118 2793 4187 attrectaverit,
2836 4124 2934 4174 aut
2967 4121 3243 4190 potestate
3286 4118 3452 4190 regni
3499 4117 3742 4186 exuerit,
3773 4120 3874 4171 aut

2237 4210 2682 4282 praesumptione
2711 4213 3007 4284 tyrannica
3035 4211 3197 4284 regni
3227 4211 3521 4283 fastigium
3559 4227 3870 4283 usurpave-

2237 4304 2332 4372 rit,
2361 4305 2663 4360 anathema
2691 4306 2763 4360 sit
2797 4306 2857 4362 in
2884 4312 3187 4379 conspectu
3225 4307 3326 4362 Dei
3368 4306 3566 4376 Patris,
3599 4310 3658 4360 et
3690 4323 3871 4378 ange-

2237 4398 2444 4467 lorum,
2473 4403 2643 4470 atque
2683 4400 2752 4454 ab
2793 4401 3034 4457 Ecclesia
3063 4400 3345 4457 catholica
3391 4416 3562 4472 quam
3611 4399 3871 4471 perjurio

2237 4492 2638 4563 profanaverit,
2671 4493 2949 4550 efﬁciatur
2978 4500 3292 4562 extraneus,
3325 4496 3382 4549 et
3415 4493 3485 4548 ab
3524 4493 3680 4548 omni
3720 4496 3873 4548 coetu

511 4583 661 4656 quod
686 4582 978 4639 inducitur
995 4584 1339 4650 maledictio,
1355 4587 1648 4658 multaque
1669 4603 1965 4658 poenarum
1990 4604 2142 4645 com-
2159 4609 2218 4682 D
2240 4586 2689 4642 Christianorum
2715 4588 2934 4643 alienus
2959 4605 3091 4644 cum
3118 4588 3382 4644 omnibus
3407 4586 3719 4660 impietatis
3750 4603 3869 4642 sua:

511 4677 748 4733 minatio
779 4695 952 4750 super
981 4695 1095 4747 eos,
1121 4680 1217 4751 qui
1235 4680 1432 4752 jurant
1457 4678 1515 4734 in
1547 4681 1777 4736 nomine
1798 4681 1894 4737 Dei
1913 4683 2142 4738 menda-

513 4770 670 4828 citer.
699 4774 832 4840 Quae
866 4789 1000 4844 ergo
1027 4791 1152 4845 spes
1199 4775 1404 4830 talibus
1446 4775 1671 4846 populis
1714 4780 1911 4831 contra
1950 4777 2142 4833 hostes

513 4865 902 4921 laborantibus
931 4867 1037 4921 erit
1050 4868 1076 4922 ?
1095 4867 1231 4932 Quae
1248 4868 1387 4923 ﬁdes
1406 4869 1554 4923 ultra
1579 4885 1711 4924 cum
1736 4869 1857 4923 aliis
1878 4872 2141 4940 gentibus

515 4955 576 5013 in
601 4975 740 5030 pace
769 4959 1050 5015 credenda
1079 4965 1208 5032 post
1233 4961 1412 5016 foedus
1442 4979 1555 5016 non
1584 4961 1966 5018 violandum?
2007 4966 2142 5027 Quae

513 5047 574 5107 in
629 5052 880 5108 hostibus
923 5053 1055 5124 jura
1107 5054 1292 5109 stabili
1337 5056 1762 5126 permanebunt
1811 5056 2138 5128 sponsione,

515 5145 744 5216 quando
766 5162 869 5200 nec
895 5145 1030 5216 ipsis
1053 5146 1296 5218 propriis
1316 5148 1549 5220 regibus
1557 5149 1805 5220 juratam
1826 5149 1997 5205 ﬁdem
2013 5167 2142 5206 con-

517 5242 759 5308 servant,
785 5237 910 5311 quis
938 5239 1093 5294 enim
1120 5240 1259 5295 adeo
1280 5241 1526 5297 furiosus
1558 5246 1661 5312 est,
1679 5243 1778 5315 qui
1792 5250 1958 5316 caput
1975 5261 2142 5300 suum

516 5348 688 5386 manu
733 5349 835 5388 sua
872 5335 1105 5405 propria
1150 5334 1411 5391 desecet?
1442 5336 1540 5404 llli,
1576 5341 1637 5393 ut
1669 5340 1868 5392 notum
1897 5343 1998 5410 est,
2030 5339 2137 5394 im-

515 5441 802 5482 memores
845 5427 1038 5482 salutis
1065 5445 1179 5483 sua!
1204 5430 1433 5501 propria
1475 5448 1650 5486 manu
1697 5432 1910 5504 seipsos
1950 5433 2142 5488 interi-

514 5523 681 5577 munt
704 5520 764 5576 in
793 5522 1122 5593 semetipsos
1153 5540 1394 5595 suosque
1421 5541 1586 5597 reges
1614 5526 1872 5598 proprias
1903 5543 2139 5582 conver-

515 5615 688 5670 tendo
712 5614 878 5669 vires.
903 5617 1110 5670 Etcum
1133 5617 1407 5672 Dominus
1435 5617 1612 5673 dicat:
1645 5639 1672 5671 «
1694 5620 1876 5674 Nolite
1902 5623 2140 5692 tangere

473 5717 476 5719 λ
517 5708 766 5765 Christos
811 5724 968 5764 meos
995 5709 1042 5780 (Ι
1078 5711 1207 5766 Par.
1237 5727 1346 5781 xvr,
1380 5713 1488 5780 2'2),
1521 5733 1548 5762 »
1596 5717 1653 5767 et
1697 5713 1870 5767 David
1901 5730 1913 5768 :
1947 5736 1975 5763 α
2007 5713 2142 5777 Quis

518 5803 776 5858 extendit
799 5819 1038 5858 manum
1066 5819 1226 5858 suam
1244 5804 1302 5858 in
1319 5802 1607 5859 Christum
1638 5805 1885 5873 Domini,
1909 5811 1964 5862 et
1986 5806 2143 5861 inno-

523 5910 654 5953 cens
701 5897 900 5954 erit?»
937 5896 987 5973 (Ι
1023 5899 1150 5969 Reg.
1181 5913 1326 5964 xxv1,
1360 5897 1411 5968 9)
1439 5896 1548 5951 illis
1597 5914 1704 5952 nec
1740 5899 1917 5954 vitare
1961 5903 2144 5955 metus

2243 4680 2424 4750 sociis,
2454 4680 2587 4753 quia
2631 4686 2853 4753 oportet
2891 4686 2957 4738 ut
2992 4699 3108 4738 una
3147 4699 3317 4754 poena
3359 4684 3549 4738 teneat
3589 4681 3871 4736 obnoxios

2240 4791 2380 4846 quos
2400 4774 2600 4830 similis
2619 4792 2781 4831 error
2795 4777 3078 4832 invenerit
3103 4776 3444 4848 implicatos.
3473 4775 3631 4840 Quod
3659 4775 3874 4831 iterum

2241 4869 2491 4924 secundo
2541 4869 2900 4941 replicamus,
2944 4871 3194 4926 dicentes
3237 4887 3249 4926 :
3287 4870 3618 4942 Quicunque
3661 4870 3874 4925 amodo

2243 4978 2311 5016 ex
2341 4963 2527 5034 nobis,
2560 4965 2648 5019 vel
2675 4964 2893 5019 cunctis
2919 4964 3204 5036 Hispaniae
3229 4964 3454 5036 populis
3480 4963 3742 5035 quolibet
3765 4968 3876 5019 tra-

2241 5059 2411 5124 ctatu,
2441 5057 2530 5111 vel
2559 5057 2747 5112 studio
2791 5062 3216 5114 sacramentum
3262 5057 3395 5114 ﬁdei
3426 5074 3540 5113 sua:
3568 5059 3722 5130 quod
3769 5074 3874 5129 pro

2242 5150 2438 5220 patria:
2469 5151 2766 5223 gentisque
2791 5151 3101 5207 Gothorum
3127 5155 3295 5222 statu,
3325 5152 3414 5206 vel
3442 5152 3872 5207 conservatione

2243 5243 2420 5314 regite
2471 5245 2661 5299 salutis
2708 5245 2993 5316 pollicitus
3041 5250 3143 5314 est,
3182 5245 3492 5313 violaverit,
3531 5249 3634 5300 aut
3673 5262 3872 5317 regem

2240 5353 2379 5392 nece
2423 5339 2826 5407 attrectaverit,
2853 5343 2951 5394 aut
2978 5345 3255 5411 potestate
3297 5340 3468 5411 regni
3506 5339 3743 5408 exuerit,
3777 5344 3875 5394 aut

2240 5434 2683 5504 praesumptione
2699 5433 2994 5504 tyrannica
3004 5433 3168 5505 regni
3181 5433 3472 5505 fastigium
3490 5432 3871 5504 usurpaverit,

2243 5527 2550 5581 anathema
2577 5527 2633 5580 in
2662 5531 2963 5598 conspectu
2989 5527 3196 5583 Christi
3227 5531 3284 5581 et
3323 5528 3714 5598 apostolorum
3755 5527 3876 5598 ejus

2242 5619 2332 5686 sit,
2361 5625 2533 5691 atque
2559 5620 2628 5675 ab
2670 5621 2911 5676 Ecclesia
2940 5621 3218 5676 catholica
3251 5637 3426 5692 quam
3453 5621 3706 5692 perjurio
3738 5638 3871 5692 pro-

2242 5712 2534 5783 fanaverit,
2565 5714 2843 5769 efﬁciatur
2867 5718 3186 5786 extraneus,
3217 5719 3272 5770 et
3299 5715 3371 5768 ab
3400 5713 3560 5768 omni
3589 5714 3870 5768 consortio

2240 5806 2690 5864 Christianorum
2719 5808 2937 5864 alienus
2967 5815 3024 5863 et
3043 5810 3342 5864 damnatus
3366 5808 3426 5863 in
3445 5808 3640 5863 futuro
3652 5807 3870 5878 judicio

2243 5901 2360 5956 Dei.
2377 5901 2799 5957 Habeaturcum
2813 5901 3181 5974 participibus
3201 5901 3335 5973 suis,
3349 5901 3486 5975 quia
3501 5902 3740 5976 dignum
3764 5908 3868 5985 est,
