  <div class='ocr_page' id='page_1' title='image "/cluster/home/n/w/nwhite01/storage/ocr_20150623/130/umn.319510024774230/314.png"; bbox 0 0 4054 6332; ppageno 0'>
   <div class='ocr_carea' id='block_1_1' title="bbox 197 355 286 424">
    <p class='ocr_par' dir='ltr' id='par_1_1' title="bbox 197 355 286 424">
     <span class='ocr_line' id='line_1_1' title="bbox 197 355 286 424; baseline -0.011 0"><span class='ocrx_word' id='word_1_1' title='bbox 197 355 286 424; x_wconf 64' lang='lat' dir='ltr'>tsi</span> 
     </span>
    </p>
   </div>
   <div class='ocr_carea' id='block_1_2' title="bbox 1419 356 2316 415">
    <p class='ocr_par' dir='ltr' id='par_1_2' title="bbox 1419 356 2316 415">
     <span class='ocr_line' id='line_1_2' title="bbox 1419 356 2316 415; baseline -0.003 0"><span class='ocrx_word' id='word_1_2' title='bbox 1419 357 1890 415; x_wconf 79' lang='lat' dir='ltr'>DECRETALIUM</span> <span class='ocrx_word' id='word_1_3' title='bbox 1931 356 2316 415; x_wconf 79' lang='lat' dir='ltr'>COLLECTIO.</span> 
     </span>
    </p>
   </div>
   <div class='ocr_carea' id='block_1_3' title="bbox 194 467 3542 552">
    <p class='ocr_par' dir='ltr' id='par_1_3' title="bbox 194 467 3542 552">
     <span class='ocr_line' id='line_1_3' title="bbox 194 467 3542 552; baseline -0.001 -23"><span class='ocrx_word' id='word_1_4' title='bbox 194 479 254 530; x_wconf 89' lang='lat' dir='ltr'>ut</span> <span class='ocrx_word' id='word_1_5' title='bbox 283 474 379 546; x_wconf 87' lang='lat' dir='ltr'>qui</span> <span class='ocrx_word' id='word_1_6' title='bbox 410 472 619 528; x_wconf 75' lang='lat' dir='ltr'>talibus</span> <span class='ocrx_word' id='word_1_7' title='bbox 645 469 1084 541; x_wconf 77' lang='lat' dir='ltr'>sociantur,&#39;ipsi</span> <span class='ocrx_word' id='word_1_8' title='bbox 1112 468 1287 523; x_wconf 85' lang='lat' dir='ltr'>etiam</span> <span class='ocrx_word' id='word_1_9' title='bbox 1315 468 1705 524; x_wconf 70' lang='lat' dir='ltr'>damnationis</span> <span class='ocrx_word' id='word_1_10' title='bbox 1725 484 1818 523; x_wconf 88' lang='lat' dir='ltr'>eo-</span> <span class='ocrx_word' id='word_1_11' title='bbox 1839 467 2112 552; x_wconf 75' lang='lat' dir='ltr'>Alegum</span> <span class='ocrx_word' id='word_1_12' title='bbox 2144 467 2389 540; x_wconf 89' lang='lat' dir='ltr'>superba</span> <span class='ocrx_word' id='word_1_13' title='bbox 2413 467 2891 524; x_wconf 64' lang='lat' dir='ltr'>dominatione’et</span> <span class='ocrx_word' id='word_1_14' title='bbox 2925 468 3153 542; x_wconf 88' lang='lat' dir='ltr'>fastigio</span> <span class='ocrx_word' id='word_1_15' title='bbox 3194 467 3254 525; x_wconf 89' lang='lat' dir='ltr'>in</span> <span class='ocrx_word' id='word_1_16' title='bbox 3290 470 3542 543; x_wconf 81' lang='lat' dir='ltr'>flagitiis,</span> 
     </span>
    </p>
   </div>
   <div class='ocr_carea' id='block_1_4' title="bbox 195 562 1815 638">
    <p class='ocr_par' dir='ltr' id='par_1_4' title="bbox 195 562 1815 638">
     <span class='ocr_line' id='line_1_4' title="bbox 195 562 1815 638; baseline -0.005 -15"><span class='ocrx_word' id='word_1_17' title='bbox 195 585 317 623; x_wconf 88' lang='lat' dir='ltr'>rum</span> <span class='ocrx_word' id='word_1_18' title='bbox 358 564 786 638; x_wconf 75' lang='lat' dir='ltr'>participatione</span> <span class='ocrx_word' id='word_1_19' title='bbox 824 563 1057 619; x_wconf 88' lang='lat' dir='ltr'>obnoxii</span> <span class='ocrx_word' id='word_1_20' title='bbox 1102 567 1431 618; x_wconf 86' lang='lat' dir='ltr'>teneantur.</span> <span class='ocrx_word' id='word_1_21' title='bbox 1480 564 1594 617; x_wconf 86' lang='lat' dir='ltr'>Hoc</span> <span class='ocrx_word' id='word_1_22' title='bbox 1644 562 1815 617; x_wconf 87' lang='lat' dir='ltr'>etiam</span> 
     </span>
    </p>
   </div>
   <div class='ocr_carea' id='block_1_5' title="bbox 196 656 1814 728">
    <p class='ocr_par' dir='ltr' id='par_1_5' title="bbox 196 656 1814 728">
     <span class='ocr_line' id='line_1_5' title="bbox 196 656 1814 728; baseline -0.005 -11"><span class='ocrx_word' id='word_1_23' title='bbox 196 662 353 718; x_wconf 89' lang='lat' dir='ltr'>tertio</span> <span class='ocrx_word' id='word_1_24' title='bbox 387 661 784 726; x_wconf 89' lang='lat' dir='ltr'>acclamamus,</span> <span class='ocrx_word' id='word_1_25' title='bbox 818 658 1067 713; x_wconf 84' lang='lat' dir='ltr'>dicentes</span> <span class='ocrx_word' id='word_1_26' title='bbox 1098 674 1111 711; x_wconf 90' lang='lat'><strong>:</strong></span> <span class='ocrx_word' id='word_1_27' title='bbox 1141 656 1477 728; x_wconf 85' lang='lat' dir='ltr'>Quicunque</span> <span class='ocrx_word' id='word_1_28' title='bbox 1507 656 1716 711; x_wconf 91' lang='lat' dir='ltr'>amodo</span> <span class='ocrx_word' id='word_1_29' title='bbox 1744 672 1814 710; x_wconf 79' lang='lat' dir='ltr'>ex</span> 
     </span>
    </p>
   </div>
   <div class='ocr_carea' id='block_1_6' title="bbox 195 749 1813 823">
    <p class='ocr_par' dir='ltr' id='par_1_6' title="bbox 195 749 1813 823">
     <span class='ocr_line' id='line_1_6' title="bbox 195 749 1813 823; baseline -0.004 -13"><span class='ocrx_word' id='word_1_30' title='bbox 195 756 348 811; x_wconf 91' lang='lat' dir='ltr'>nobis</span> <span class='ocrx_word' id='word_1_31' title='bbox 372 755 463 809; x_wconf 90' lang='lat' dir='ltr'>vel</span> <span class='ocrx_word' id='word_1_32' title='bbox 493 753 709 808; x_wconf 90' lang='lat' dir='ltr'>cunctis</span> <span class='ocrx_word' id='word_1_33' title='bbox 734 752 1017 823; x_wconf 63' lang='lat' dir='ltr'>Hispanias</span> <span class='ocrx_word' id='word_1_34' title='bbox 1042 751 1267 823; x_wconf 87' lang='lat' dir='ltr'>populis</span> <span class='ocrx_word' id='word_1_35' title='bbox 1292 750 1543 821; x_wconf 87' lang='lat' dir='ltr'>qualibet</span> <span class='ocrx_word' id='word_1_36' title='bbox 1570 749 1813 804; x_wconf 90' lang='lat' dir='ltr'>medita-</span> 
     </span>
    </p>
   </div>
   <div class='ocr_carea' id='block_1_7' title="bbox 197 843 1816 918">
    <p class='ocr_par' dir='ltr' id='par_1_7' title="bbox 197 843 1816 918">
     <span class='ocr_line' id='line_1_7' title="bbox 197 843 1816 918; baseline -0.004 -15"><span class='ocrx_word' id='word_1_37' title='bbox 197 850 367 918; x_wconf 81' lang='lat' dir='ltr'>tione,</span> <span class='ocrx_word' id='word_1_38' title='bbox 389 849 476 903; x_wconf 90' lang='lat' dir='ltr'>vel</span> <span class='ocrx_word' id='word_1_39' title='bbox 505 846 713 915; x_wconf 89' lang='lat' dir='ltr'>studio,</span> <span class='ocrx_word' id='word_1_40' title='bbox 746 848 1164 900; x_wconf 85' lang='lat' dir='ltr'>sacramentum</span> <span class='ocrx_word' id='word_1_41' title='bbox 1192 843 1326 898; x_wconf 91' lang='lat' dir='ltr'>ﬁdei</span> <span class='ocrx_word' id='word_1_42' title='bbox 1345 860 1484 913; x_wconf 58' lang='lat' dir='ltr'>suat,</span> <span class='ocrx_word' id='word_1_43' title='bbox 1512 843 1666 914; x_wconf 91' lang='lat' dir='ltr'>quod</span> <span class='ocrx_word' id='word_1_44' title='bbox 1690 860 1816 915; x_wconf 90' lang='lat' dir='ltr'>pro-</span> 
     </span>
    </p>
   </div>
   <div class='ocr_carea' id='block_1_8' title="bbox 196 936 1815 1015">
    <p class='ocr_par' dir='ltr' id='par_1_8' title="bbox 196 936 1815 1015">
     <span class='ocr_line' id='line_1_8' title="bbox 196 936 1815 1015; baseline -0.004 -18"><span class='ocrx_word' id='word_1_45' title='bbox 196 943 331 1015; x_wconf 71' lang='lat' dir='ltr'>pria:</span> <span class='ocrx_word' id='word_1_46' title='bbox 375 941 569 996; x_wconf 89' lang='lat' dir='ltr'>salutis</span> <span class='ocrx_word' id='word_1_47' title='bbox 600 939 899 1011; x_wconf 81' lang='lat' dir='ltr'>gentisque</span> <span class='ocrx_word' id='word_1_48' title='bbox 928 938 1238 993; x_wconf 83' lang='lat' dir='ltr'>Gothorum</span> <span class='ocrx_word' id='word_1_49' title='bbox 1274 939 1440 1007; x_wconf 84' lang='lat' dir='ltr'>statu,</span> <span class='ocrx_word' id='word_1_50' title='bbox 1471 936 1561 991; x_wconf 88' lang='lat' dir='ltr'>vel</span> <span class='ocrx_word' id='word_1_51' title='bbox 1597 936 1815 991; x_wconf 90' lang='lat' dir='ltr'>incolu-</span> 
     </span>
    </p>
   </div>
   <div class='ocr_carea' id='block_1_9' title="bbox 199 1030 1820 1105">
    <p class='ocr_par' dir='ltr' id='par_1_9' title="bbox 199 1030 1820 1105">
     <span class='ocr_line' id='line_1_9' title="bbox 199 1030 1820 1105; baseline -0.005 -14"><span class='ocrx_word' id='word_1_52' title='bbox 199 1036 391 1091; x_wconf 87' lang='lat' dir='ltr'>mitate</span> <span class='ocrx_word' id='word_1_53' title='bbox 419 1034 592 1105; x_wconf 68' lang='lat' dir='ltr'>regias</span> <span class='ocrx_word' id='word_1_54' title='bbox 623 1033 918 1104; x_wconf 82' lang='lat' dir='ltr'>potestatis</span> <span class='ocrx_word' id='word_1_55' title='bbox 950 1031 1233 1104; x_wconf 91' lang='lat' dir='ltr'>pollicitus</span> <span class='ocrx_word' id='word_1_56' title='bbox 1262 1034 1364 1099; x_wconf 89' lang='lat' dir='ltr'>est,</span> <span class='ocrx_word' id='word_1_57' title='bbox 1393 1030 1697 1098; x_wconf 83' lang='lat' dir='ltr'>violaverit,</span> <span class='ocrx_word' id='word_1_58' title='bbox 1722 1033 1820 1084; x_wconf 91' lang='lat' dir='ltr'>aut</span> 
     </span>
    </p>
   </div>
   <div class='ocr_carea' id='block_1_10' title="bbox 197 1124 1815 1201">
    <p class='ocr_par' dir='ltr' id='par_1_10' title="bbox 197 1124 1815 1201">
     <span class='ocr_line' id='line_1_10' title="bbox 197 1124 1815 1201; baseline -0.005 -16"><span class='ocrx_word' id='word_1_59' title='bbox 197 1146 392 1201; x_wconf 82' lang='lat' dir='ltr'>regem</span> <span class='ocrx_word' id='word_1_60' title='bbox 421 1144 559 1183; x_wconf 87' lang='lat' dir='ltr'>nece</span> <span class='ocrx_word' id='word_1_61' title='bbox 582 1126 984 1193; x_wconf 89' lang='lat' dir='ltr'>attrectaverit,</span> <span class='ocrx_word' id='word_1_62' title='bbox 1016 1130 1113 1179; x_wconf 90' lang='lat' dir='ltr'>aut</span> <span class='ocrx_word' id='word_1_63' title='bbox 1135 1128 1414 1195; x_wconf 86' lang='lat' dir='ltr'>potestate</span> <span class='ocrx_word' id='word_1_64' title='bbox 1448 1124 1609 1194; x_wconf 85' lang='lat' dir='ltr'>regni</span> <span class='ocrx_word' id='word_1_65' title='bbox 1645 1140 1815 1178; x_wconf 86' lang='lat' dir='ltr'>exue-</span> 
     </span>
    </p>
   </div>
   <div class='ocr_carea' id='block_1_11' title="bbox 197 1216 1817 1292">
    <p class='ocr_par' dir='ltr' id='par_1_11' title="bbox 197 1216 1817 1292">
     <span class='ocr_line' id='line_1_11' title="bbox 197 1216 1817 1292; baseline -0.004 -15"><span class='ocrx_word' id='word_1_66' title='bbox 197 1223 297 1291; x_wconf 90' lang='lat' dir='ltr'>rit,</span> <span class='ocrx_word' id='word_1_67' title='bbox 336 1224 438 1276; x_wconf 89' lang='lat' dir='ltr'>aut</span> <span class='ocrx_word' id='word_1_68' title='bbox 477 1220 927 1292; x_wconf 67' lang='lat' dir='ltr'>praesumptione</span> <span class='ocrx_word' id='word_1_69' title='bbox 969 1218 1273 1290; x_wconf 80' lang='lat' dir='ltr'>tyrannica</span> <span class='ocrx_word' id='word_1_70' title='bbox 1315 1217 1479 1289; x_wconf 87' lang='lat' dir='ltr'>regni</span> <span class='ocrx_word' id='word_1_71' title='bbox 1524 1216 1817 1287; x_wconf 86' lang='lat' dir='ltr'>fastigium</span> 
     </span>
    </p>
   </div>
   <div class='ocr_carea' id='block_1_12' title="bbox 198 1309 1820 1387">
    <p class='ocr_par' dir='ltr' id='par_1_12' title="bbox 198 1309 1820 1387">
     <span class='ocr_line' id='line_1_12' title="bbox 198 1309 1820 1387; baseline -0.004 -17"><span class='ocrx_word' id='word_1_72' title='bbox 198 1315 574 1387; x_wconf 85' lang='lat' dir='ltr'>usurpaverit,</span> <span class='ocrx_word' id='word_1_73' title='bbox 624 1313 933 1368; x_wconf 87' lang='lat' dir='ltr'>anathema</span> <span class='ocrx_word' id='word_1_74' title='bbox 978 1313 1051 1365; x_wconf 86' lang='lat' dir='ltr'>sit</span> <span class='ocrx_word' id='word_1_75' title='bbox 1105 1312 1162 1365; x_wconf 91' lang='lat' dir='ltr'>in</span> <span class='ocrx_word' id='word_1_76' title='bbox 1227 1314 1529 1381; x_wconf 90' lang='lat' dir='ltr'>conspectu</span> <span class='ocrx_word' id='word_1_77' title='bbox 1575 1309 1820 1381; x_wconf 86' lang='lat' dir='ltr'>Spiritus</span> 
     </span>
    </p>
   </div>
   <div class='ocr_carea' id='block_1_13' title="bbox 196 1404 1822 1478">
    <p class='ocr_par' dir='ltr' id='par_1_13' title="bbox 196 1404 1822 1478">
     <span class='ocr_line' id='line_1_13' title="bbox 196 1404 1822 1478; baseline -0.005 -13"><span class='ocrx_word' id='word_1_78' title='bbox 196 1409 368 1465; x_wconf 85' lang='lat' dir='ltr'>sancti</span> <span class='ocrx_word' id='word_1_79' title='bbox 392 1413 450 1463; x_wconf 89' lang='lat' dir='ltr'>et</span> <span class='ocrx_word' id='word_1_80' title='bbox 477 1410 795 1478; x_wconf 78' lang='lat' dir='ltr'>martyrum</span> <span class='ocrx_word' id='word_1_81' title='bbox 824 1404 1053 1474; x_wconf 83' lang='lat' dir='ltr'>Christi,</span> <span class='ocrx_word' id='word_1_82' title='bbox 1078 1409 1246 1476; x_wconf 89' lang='lat' dir='ltr'>atque</span> <span class='ocrx_word' id='word_1_83' title='bbox 1270 1405 1339 1459; x_wconf 91' lang='lat' dir='ltr'>ab</span> <span class='ocrx_word' id='word_1_84' title='bbox 1365 1404 1612 1458; x_wconf 87' lang='lat' dir='ltr'>Ecclesia</span> <span class='ocrx_word' id='word_1_85' title='bbox 1630 1404 1822 1458; x_wconf 91' lang='lat' dir='ltr'>catho-</span> 
     </span>
    </p>
   </div>
   <div class='ocr_carea' id='block_1_14' title="bbox 194 1497 1818 1574">
    <p class='ocr_par' dir='ltr' id='par_1_14' title="bbox 194 1497 1818 1574">
     <span class='ocr_line' id='line_1_14' title="bbox 194 1497 1818 1574; baseline -0.005 -16"><span class='ocrx_word' id='word_1_86' title='bbox 194 1504 312 1573; x_wconf 88' lang='lat' dir='ltr'>lica,</span> <span class='ocrx_word' id='word_1_87' title='bbox 328 1518 502 1574; x_wconf 91' lang='lat' dir='ltr'>quam</span> <span class='ocrx_word' id='word_1_88' title='bbox 518 1501 637 1572; x_wconf 91' lang='lat' dir='ltr'>perj</span> <span class='ocrx_word' id='word_1_89' title='bbox 648 1500 767 1554; x_wconf 93' lang='lat' dir='ltr'>urio</span> <span class='ocrx_word' id='word_1_90' title='bbox 784 1499 1183 1569; x_wconf 89' lang='lat' dir='ltr'>profanaverit,</span> <span class='ocrx_word' id='word_1_91' title='bbox 1200 1515 1266 1553; x_wconf 82' lang='lat' dir='ltr'>ex</span> <span class='ocrx_word' id='word_1_92' title='bbox 1275 1501 1505 1553; x_wconf 90' lang='lat' dir='ltr'>traneus</span> <span class='ocrx_word' id='word_1_93' title='bbox 1521 1497 1818 1564; x_wconf 87' lang='lat' dir='ltr'>efﬁciatur,</span> 
     </span>
    </p>
   </div>
   <div class='ocr_carea' id='block_1_15' title="bbox 197 1591 1821 1657">
    <p class='ocr_par' dir='ltr' id='par_1_15' title="bbox 197 1591 1821 1657">
     <span class='ocr_line' id='line_1_15' title="bbox 197 1591 1821 1657; baseline -0.004 -7"><span class='ocrx_word' id='word_1_94' title='bbox 197 1600 253 1650; x_wconf 92' lang='lat' dir='ltr'>et</span> <span class='ocrx_word' id='word_1_95' title='bbox 276 1596 344 1649; x_wconf 91' lang='lat' dir='ltr'>ab</span> <span class='ocrx_word' id='word_1_96' title='bbox 369 1594 530 1650; x_wconf 85' lang='lat' dir='ltr'>omni</span> <span class='ocrx_word' id='word_1_97' title='bbox 559 1593 963 1648; x_wconf 89' lang='lat' dir='ltr'>communione</span> <span class='ocrx_word' id='word_1_98' title='bbox 985 1591 1435 1647; x_wconf 90' lang='lat' dir='ltr'>Christianorum</span> <span class='ocrx_word' id='word_1_99' title='bbox 1462 1591 1698 1657; x_wconf 90' lang='lat' dir='ltr'>alienus,</span> <span class='ocrx_word' id='word_1_100' title='bbox 1716 1607 1821 1645; x_wconf 90' lang='lat' dir='ltr'>nec</span> 
     </span>
    </p>
   </div>
   <div class='ocr_carea' id='block_1_16' title="bbox 1916 561 3545 636">
    <p class='ocr_par' dir='ltr' id='par_1_16' title="bbox 1916 561 3545 636">
     <span class='ocr_line' id='line_1_16' title="bbox 1916 561 3545 636; baseline 0.004 -21"><span class='ocrx_word' id='word_1_101' title='bbox 1916 566 1971 616; x_wconf 91' lang='lat' dir='ltr'>et</span> <span class='ocrx_word' id='word_1_102' title='bbox 2000 562 2273 631; x_wconf 89' lang='lat' dir='ltr'>facinore,</span> <span class='ocrx_word' id='word_1_103' title='bbox 2304 561 2420 617; x_wconf 88' lang='lat' dir='ltr'>sive</span> <span class='ocrx_word' id='word_1_104' title='bbox 2446 562 2754 634; x_wconf 87' lang='lat' dir='ltr'>cupiditate</span> <span class='ocrx_word' id='word_1_105' title='bbox 2779 563 3168 619; x_wconf 89' lang='lat' dir='ltr'>crudelissima</span> <span class='ocrx_word' id='word_1_106' title='bbox 3214 566 3545 636; x_wconf 87' lang='lat' dir='ltr'>potestatem</span> 
     </span>
    </p>
   </div>
   <div class='ocr_carea' id='block_1_17' title="bbox 1912 654 3549 727">
    <p class='ocr_par' dir='ltr' id='par_1_17' title="bbox 1912 654 3549 727">
     <span class='ocr_line' id='line_1_17' title="bbox 1912 654 3549 727; baseline 0.004 -19"><span class='ocrx_word' id='word_1_107' title='bbox 1912 654 1973 709; x_wconf 92' lang='lat' dir='ltr'>in</span> <span class='ocrx_word' id='word_1_108' title='bbox 2024 656 2250 727; x_wconf 88' lang='lat' dir='ltr'>populis</span> <span class='ocrx_word' id='word_1_109' title='bbox 2305 656 2658 724; x_wconf 82' lang='lat' dir='ltr'>exercuerit,</span> <span class='ocrx_word' id='word_1_110' title='bbox 2727 657 3112 713; x_wconf 89' lang='lat' dir='ltr'>anathematis</span> <span class='ocrx_word' id='word_1_111' title='bbox 3178 660 3460 715; x_wconf 89' lang='lat' dir='ltr'>sententia</span> <span class='ocrx_word' id='word_1_112' title='bbox 3517 678 3549 715; x_wconf 88' lang='lat' dir='ltr'>a</span> 
     </span>
    </p>
   </div>
   <div class='ocr_carea' id='block_1_18' title="bbox 1915 748 3547 825">
    <p class='ocr_par' dir='ltr' id='par_1_18' title="bbox 1915 748 3547 825">
     <span class='ocr_line' id='line_1_18' title="bbox 1915 748 3547 825; baseline 0.004 -22"><span class='ocrx_word' id='word_1_113' title='bbox 1915 748 2136 803; x_wconf 85' lang='lat' dir='ltr'>Christo</span> <span class='ocrx_word' id='word_1_114' title='bbox 2154 749 2384 803; x_wconf 89' lang='lat' dir='ltr'>domino</span> <span class='ocrx_word' id='word_1_115' title='bbox 2399 750 2827 818; x_wconf 85' lang='lat' dir='ltr'>condemnetur,</span> <span class='ocrx_word' id='word_1_116' title='bbox 2843 754 2898 805; x_wconf 92' lang='lat' dir='ltr'>et</span> <span class='ocrx_word' id='word_1_117' title='bbox 2917 750 3122 807; x_wconf 87' lang='lat' dir='ltr'>habeat</span> <span class='ocrx_word' id='word_1_118' title='bbox 3139 768 3172 805; x_wconf 91' lang='lat' dir='ltr'>a</span> <span class='ocrx_word' id='word_1_119' title='bbox 3190 753 3306 807; x_wconf 89' lang='lat' dir='ltr'>Deo</span> <span class='ocrx_word' id='word_1_120' title='bbox 3326 770 3547 825; x_wconf 90' lang='lat' dir='ltr'>separa-</span> 
     </span>
    </p>
   </div>
   <div class='ocr_carea' id='block_1_19' title="bbox 1916 840 3550 919">
    <p class='ocr_par' dir='ltr' id='par_1_19' title="bbox 1916 840 3550 919">
     <span class='ocr_line' id='line_1_19' title="bbox 1916 840 3550 919; baseline 0.006 -24"><span class='ocrx_word' id='word_1_121' title='bbox 1916 840 2131 896; x_wconf 90' lang='lat' dir='ltr'>tionem</span> <span class='ocrx_word' id='word_1_122' title='bbox 2168 845 2339 914; x_wconf 88' lang='lat' dir='ltr'>atque</span> <span class='ocrx_word' id='word_1_123' title='bbox 2361 842 2643 913; x_wconf 85' lang='lat' dir='ltr'>judicium</span> <span class='ocrx_word' id='word_1_124' title='bbox 2674 848 2910 915; x_wconf 86' lang='lat' dir='ltr'>propter</span> <span class='ocrx_word' id='word_1_125' title='bbox 2936 844 3090 916; x_wconf 92' lang='lat' dir='ltr'>quod</span> <span class='ocrx_word' id='word_1_126' title='bbox 3124 848 3550 919; x_wconf 61' lang='lat' dir='ltr'>praesumpserit</span> 
     </span>
    </p>
   </div>
   <div class='ocr_carea' id='block_1_20' title="bbox 1916 936 3547 1009">
    <p class='ocr_par' dir='ltr' id='par_1_20' title="bbox 1916 936 3547 1009">
     <span class='ocr_line' id='line_1_20' title="bbox 1916 936 3547 1009; baseline 0.005 -20"><span class='ocrx_word' id='word_1_127' title='bbox 1916 951 2088 1007; x_wconf 87' lang='lat' dir='ltr'>prava</span> <span class='ocrx_word' id='word_1_128' title='bbox 2114 951 2286 1006; x_wconf 89' lang='lat' dir='ltr'>agere</span> <span class='ocrx_word' id='word_1_129' title='bbox 2322 940 2379 991; x_wconf 89' lang='lat' dir='ltr'>et</span> <span class='ocrx_word' id='word_1_130' title='bbox 2414 936 2474 990; x_wconf 89' lang='lat' dir='ltr'>in</span> <span class='ocrx_word' id='word_1_131' title='bbox 2509 936 2819 1007; x_wconf 85' lang='lat' dir='ltr'>perniciem</span> <span class='ocrx_word' id='word_1_132' title='bbox 2849 953 3098 1009; x_wconf 89' lang='lat' dir='ltr'>regnum</span> <span class='ocrx_word' id='word_1_133' title='bbox 3139 938 3436 997; x_wconf 89' lang='lat' dir='ltr'>deducere.</span> <span class='ocrx_word' id='word_1_134' title='bbox 3466 942 3547 996; x_wconf 87' lang='lat' dir='ltr'>De</span> 
     </span>
    </p>
   </div>
   <div class='ocr_carea' id='block_1_21' title="bbox 1920 1028 3548 1102">
    <p class='ocr_par' dir='ltr' id='par_1_21' title="bbox 1920 1028 3548 1102">
     <span class='ocr_line' id='line_1_21' title="bbox 1920 1028 3548 1102; baseline 0.005 -19"><span class='ocrx_word' id='word_1_135' title='bbox 1920 1028 2282 1084; x_wconf 88' lang='lat' dir='ltr'>Simithilane</span> <span class='ocrx_word' id='word_1_136' title='bbox 2314 1046 2445 1084; x_wconf 88' lang='lat' dir='ltr'>vero</span> <span class='ocrx_word' id='word_1_137' title='bbox 2499 1030 2598 1101; x_wconf 91' lang='lat' dir='ltr'>qui</span> <span class='ocrx_word' id='word_1_138' title='bbox 2647 1031 2877 1102; x_wconf 86' lang='lat' dir='ltr'>propria</span> <span class='ocrx_word' id='word_1_139' title='bbox 2924 1032 3138 1087; x_wconf 88' lang='lat' dir='ltr'>scelera</span> <span class='ocrx_word' id='word_1_140' title='bbox 3178 1036 3444 1091; x_wconf 86' lang='lat' dir='ltr'>metuens</span> <span class='ocrx_word' id='word_1_141' title='bbox 3487 1054 3548 1091; x_wconf 89' lang='lat' dir='ltr'>se</span> 
     </span>
    </p>
   </div>
   <div class='ocr_carea' id='block_1_22' title="bbox 1918 1122 3551 1196">
    <p class='ocr_par' dir='ltr' id='par_1_22' title="bbox 1918 1122 3551 1196">
     <span class='ocr_line' id='line_1_22' title="bbox 1918 1122 3551 1196; baseline 0.005 -20"><span class='ocrx_word' id='word_1_142' title='bbox 1918 1122 2105 1193; x_wconf 88' lang='lat' dir='ltr'>ipsum</span> <span class='ocrx_word' id='word_1_143' title='bbox 2150 1139 2330 1193; x_wconf 88' lang='lat' dir='ltr'>regno</span> <span class='ocrx_word' id='word_1_144' title='bbox 2375 1123 2644 1194; x_wconf 89' lang='lat' dir='ltr'>privavit,</span> <span class='ocrx_word' id='word_1_145' title='bbox 2695 1130 2751 1178; x_wconf 89' lang='lat' dir='ltr'>et</span> <span class='ocrx_word' id='word_1_146' title='bbox 2791 1126 3086 1196; x_wconf 87' lang='lat' dir='ltr'>potestatis</span> <span class='ocrx_word' id='word_1_147' title='bbox 3126 1126 3345 1183; x_wconf 90' lang='lat' dir='ltr'>facibus</span> <span class='ocrx_word' id='word_1_148' title='bbox 3392 1129 3551 1185; x_wconf 83' lang='lat' dir='ltr'>exuit</span> 
     </span>
    </p>
   </div>
   <div class='ocr_carea' id='block_1_23' title="bbox 1919 1193 3593 1295">
    <p class='ocr_par' dir='ltr' id='par_1_23' title="bbox 1919 1193 3593 1295">
     <span class='ocr_line' id='line_1_23' title="bbox 1919 1193 3593 1295; baseline 0.005 -26"><span class='ocrx_word' id='word_1_149' title='bbox 1919 1215 1980 1269; x_wconf 93' lang='lat' dir='ltr'>id</span> <span class='ocrx_word' id='word_1_150' title='bbox 2038 1232 2163 1270; x_wconf 91' lang='lat' dir='ltr'>cum</span> <span class='ocrx_word' id='word_1_151' title='bbox 2222 1215 2405 1287; x_wconf 89' lang='lat' dir='ltr'>gentis</span> <span class='ocrx_word' id='word_1_152' title='bbox 2462 1215 2723 1272; x_wconf 89' lang='lat' dir='ltr'>consultu</span> <span class='ocrx_word' id='word_1_153' title='bbox 2788 1217 3142 1275; x_wconf 88' lang='lat' dir='ltr'>decrevimus</span> <span class='ocrx_word' id='word_1_154' title='bbox 3171 1263 3185 1290; x_wconf 92' lang='lat'>,</span> <span class='ocrx_word' id='word_1_155' title='bbox 3248 1227 3311 1277; x_wconf 88' lang='lat' dir='ltr'>ut</span> <span class='ocrx_word' id='word_1_156' title='bbox 3360 1239 3546 1295; x_wconf 87' lang='lat' dir='ltr'>neque</span> <span class='ocrx_word' id='word_1_157' title='bbox 3580 1193 3593 1211; x_wconf 50' lang='lat'><strong>.</strong></span> 
     </span>
    </p>
   </div>
   <div class='ocr_carea' id='block_1_24' title="bbox 1919 1309 3547 1384">
    <p class='ocr_par' dir='ltr' id='par_1_24' title="bbox 1919 1309 3547 1384">
     <span class='ocr_line' id='line_1_24' title="bbox 1919 1309 3547 1384; baseline 0.006 -22"><span class='ocrx_word' id='word_1_158' title='bbox 1919 1326 2053 1363; x_wconf 79' lang='lat' dir='ltr'>eum</span> <span class='ocrx_word' id='word_1_159' title='bbox 2088 1309 2171 1363; x_wconf 91' lang='lat' dir='ltr'>vel</span> <span class='ocrx_word' id='word_1_160' title='bbox 2209 1326 2444 1363; x_wconf 85' lang='lat' dir='ltr'>uxorem</span> <span class='ocrx_word' id='word_1_161' title='bbox 2491 1311 2610 1382; x_wconf 89' lang='lat' dir='ltr'>ejus</span> <span class='ocrx_word' id='word_1_162' title='bbox 2642 1314 2873 1382; x_wconf 87' lang='lat' dir='ltr'>propter</span> <span class='ocrx_word' id='word_1_163' title='bbox 2904 1313 3056 1366; x_wconf 90' lang='lat' dir='ltr'>mala</span> <span class='ocrx_word' id='word_1_164' title='bbox 3096 1330 3223 1384; x_wconf 57' lang='lat' dir='ltr'>qua</span> <span class='ocrx_word' id='word_1_165' title='bbox 3252 1317 3547 1372; x_wconf 88' lang='lat' dir='ltr'>commise-</span> 
     </span>
    </p>
   </div>
   <div class='ocr_carea' id='block_1_25' title="bbox 1919 1400 3549 1482">
    <p class='ocr_par' dir='ltr' id='par_1_25' title="bbox 1919 1400 3549 1482">
     <span class='ocr_line' id='line_1_25' title="bbox 1919 1400 3549 1482; baseline 0.006 -26"><span class='ocrx_word' id='word_1_166' title='bbox 1919 1408 2055 1457; x_wconf 88' lang='lat' dir='ltr'>runt</span> <span class='ocrx_word' id='word_1_167' title='bbox 2099 1419 2284 1473; x_wconf 90' lang='lat' dir='ltr'>neque</span> <span class='ocrx_word' id='word_1_168' title='bbox 2332 1402 2479 1457; x_wconf 90' lang='lat' dir='ltr'>ﬁlios</span> <span class='ocrx_word' id='word_1_169' title='bbox 2528 1421 2728 1458; x_wconf 90' lang='lat' dir='ltr'>eorum</span> <span class='ocrx_word' id='word_1_170' title='bbox 2782 1404 2981 1458; x_wconf 90' lang='lat' dir='ltr'>unitati</span> <span class='ocrx_word' id='word_1_171' title='bbox 3040 1410 3249 1462; x_wconf 55' lang='lat' dir='ltr'>nostra</span> <span class='ocrx_word' id='word_1_172' title='bbox 3294 1400 3549 1482; x_wconf 82' lang='lat' dir='ltr'>unquam</span> 
     </span>
    </p>
   </div>
   <div class='ocr_carea' id='block_1_26' title="bbox 1923 1496 3547 1571">
    <p class='ocr_par' dir='ltr' id='par_1_26' title="bbox 1923 1496 3547 1571">
     <span class='ocr_line' id='line_1_26' title="bbox 1923 1496 3547 1571; baseline 0.004 -20"><span class='ocrx_word' id='word_1_173' title='bbox 1923 1496 2329 1564; x_wconf 90' lang='lat' dir='ltr'>consociemus,</span> <span class='ocrx_word' id='word_1_174' title='bbox 2363 1513 2467 1550; x_wconf 89' lang='lat' dir='ltr'>nec</span> <span class='ocrx_word' id='word_1_175' title='bbox 2496 1512 2591 1551; x_wconf 86' lang='lat' dir='ltr'>eos</span> <span class='ocrx_word' id='word_1_176' title='bbox 2633 1497 2707 1551; x_wconf 90' lang='lat' dir='ltr'>ad</span> <span class='ocrx_word' id='word_1_177' title='bbox 2742 1498 2987 1554; x_wconf 88' lang='lat' dir='ltr'>honores</span> <span class='ocrx_word' id='word_1_178' title='bbox 3024 1516 3057 1554; x_wconf 90' lang='lat' dir='ltr'>a</span> <span class='ocrx_word' id='word_1_179' title='bbox 3086 1499 3289 1571; x_wconf 89' lang='lat' dir='ltr'>quibus</span> <span class='ocrx_word' id='word_1_180' title='bbox 3326 1503 3397 1557; x_wconf 91' lang='lat' dir='ltr'>ob</span> <span class='ocrx_word' id='word_1_181' title='bbox 3435 1504 3547 1558; x_wconf 89' lang='lat' dir='ltr'>ini-</span> 
     </span>
    </p>
   </div>
   <div class='ocr_carea' id='block_1_27' title="bbox 1922 1590 3544 1664">
    <p class='ocr_par' dir='ltr' id='par_1_27' title="bbox 1922 1590 3544 1664">
     <span class='ocr_line' id='line_1_27' title="bbox 1922 1590 3544 1664; baseline 0.006 -21"><span class='ocrx_word' id='word_1_182' title='bbox 1922 1590 2197 1661; x_wconf 88' lang='lat' dir='ltr'>quitatem</span> <span class='ocrx_word' id='word_1_183' title='bbox 2265 1590 2465 1660; x_wconf 84' lang='lat' dir='ltr'>dejecti</span> <span class='ocrx_word' id='word_1_184' title='bbox 2542 1595 2675 1646; x_wconf 92' lang='lat' dir='ltr'>sunt</span> <span class='ocrx_word' id='word_1_185' title='bbox 2725 1591 3031 1663; x_wconf 90' lang='lat' dir='ltr'>aliquando</span> <span class='ocrx_word' id='word_1_186' title='bbox 3090 1610 3544 1664; x_wconf 88' lang='lat' dir='ltr'>promoveamus.</span> 
     </span>
    </p>
   </div>
   <div class='ocr_carea' id='block_1_28' title="bbox 195 1664 3548 1769">
    <p class='ocr_par' dir='ltr' id='par_1_28' title="bbox 195 1664 3548 1769">
     <span class='ocr_line' id='line_1_28' title="bbox 195 1664 3548 1769; baseline 0.001 -25"><span class='ocrx_word' id='word_1_187' title='bbox 195 1693 413 1761; x_wconf 90' lang='lat' dir='ltr'>partem</span> <span class='ocrx_word' id='word_1_188' title='bbox 439 1687 642 1741; x_wconf 90' lang='lat' dir='ltr'>habeat</span> <span class='ocrx_word' id='word_1_189' title='bbox 662 1688 967 1758; x_wconf 89' lang='lat' dir='ltr'>justorum,</span> <span class='ocrx_word' id='word_1_190' title='bbox 999 1685 1095 1739; x_wconf 90' lang='lat' dir='ltr'>sed</span> <span class='ocrx_word' id='word_1_191' title='bbox 1125 1702 1253 1739; x_wconf 89' lang='lat' dir='ltr'>cum</span> <span class='ocrx_word' id='word_1_192' title='bbox 1281 1684 1500 1740; x_wconf 89' lang='lat' dir='ltr'>diabolo</span> <span class='ocrx_word' id='word_1_193' title='bbox 1524 1688 1581 1738; x_wconf 89' lang='lat' dir='ltr'>et</span> <span class='ocrx_word' id='word_1_194' title='bbox 1605 1684 1821 1754; x_wconf 87' lang='lat' dir='ltr'>angelis</span> <span class='ocrx_word' id='word_1_195' title='bbox 1884 1664 2139 1769; x_wconf 66' lang='lat' dir='ltr'>,Quique</span> <span class='ocrx_word' id='word_1_196' title='bbox 2178 1683 2348 1737; x_wconf 88' lang='lat' dir='ltr'>etiam</span> <span class='ocrx_word' id='word_1_197' title='bbox 2391 1684 2534 1738; x_wconf 89' lang='lat' dir='ltr'>sicut</span> <span class='ocrx_word' id='word_1_198' title='bbox 2569 1684 2628 1737; x_wconf 92' lang='lat' dir='ltr'>in</span> <span class='ocrx_word' id='word_1_199' title='bbox 2662 1685 2890 1756; x_wconf 87' lang='lat' dir='ltr'>fastigio</span> <span class='ocrx_word' id='word_1_200' title='bbox 2926 1686 3090 1757; x_wconf 90' lang='lat' dir='ltr'>regni</span> <span class='ocrx_word' id='word_1_201' title='bbox 3127 1687 3414 1745; x_wconf 88' lang='lat' dir='ltr'>habentur</span> <span class='ocrx_word' id='word_1_202' title='bbox 3451 1708 3548 1746; x_wconf 84' lang='lat' dir='ltr'>ex-</span> 
     </span>
    </p>
   </div>
   <div class='ocr_carea' id='block_1_29' title="bbox 196 1777 1820 1853">
    <p class='ocr_par' dir='ltr' id='par_1_29' title="bbox 196 1777 1820 1853">
     <span class='ocr_line' id='line_1_29' title="bbox 196 1777 1820 1853; baseline -0.005 -15"><span class='ocrx_word' id='word_1_203' title='bbox 196 1784 313 1853; x_wconf 90' lang='lat' dir='ltr'>ejus</span> <span class='ocrx_word' id='word_1_204' title='bbox 332 1781 560 1837; x_wconf 79' lang='lat' dir='ltr'>aeternis</span> <span class='ocrx_word' id='word_1_205' title='bbox 580 1780 870 1851; x_wconf 91' lang='lat' dir='ltr'>suppliciis</span> <span class='ocrx_word' id='word_1_206' title='bbox 890 1779 1306 1834; x_wconf 89' lang='lat' dir='ltr'>condemnetur</span> <span class='ocrx_word' id='word_1_207' title='bbox 1330 1795 1441 1832; x_wconf 91' lang='lat' dir='ltr'>una</span> <span class='ocrx_word' id='word_1_208' title='bbox 1468 1794 1599 1832; x_wconf 91' lang='lat' dir='ltr'>cum</span> <span class='ocrx_word' id='word_1_209' title='bbox 1622 1778 1704 1831; x_wconf 89' lang='lat' dir='ltr'>eis</span> <span class='ocrx_word' id='word_1_210' title='bbox 1723 1777 1820 1849; x_wconf 90' lang='lat' dir='ltr'>qui</span> 
     </span>
    </p>
   </div>
   <div class='ocr_carea' id='block_1_30' title="bbox 1920 1776 3550 1851">
    <p class='ocr_par' dir='ltr' id='par_1_30' title="bbox 1920 1776 3550 1851">
     <span class='ocr_line' id='line_1_30' title="bbox 1920 1776 3550 1851; baseline 0.006 -21"><span class='ocrx_word' id='word_1_211' title='bbox 1920 1777 2135 1846; x_wconf 88' lang='lat' dir='ltr'>tranei,</span> <span class='ocrx_word' id='word_1_212' title='bbox 2182 1777 2261 1831; x_wconf 89' lang='lat' dir='ltr'>ita</span> <span class='ocrx_word' id='word_1_213' title='bbox 2303 1776 2657 1848; x_wconf 88' lang='lat' dir='ltr'>possessione</span> <span class='ocrx_word' id='word_1_214' title='bbox 2698 1795 2893 1833; x_wconf 89' lang='lat' dir='ltr'>rerum</span> <span class='ocrx_word' id='word_1_215' title='bbox 2929 1797 3069 1851; x_wconf 90' lang='lat' dir='ltr'>quas</span> <span class='ocrx_word' id='word_1_216' title='bbox 3105 1782 3175 1836; x_wconf 88' lang='lat' dir='ltr'>de</span> <span class='ocrx_word' id='word_1_217' title='bbox 3210 1782 3550 1840; x_wconf 88' lang='lat' dir='ltr'>miserorum</span> 
     </span>
    </p>
   </div>
   <div class='ocr_carea' id='block_1_31' title="bbox 196 1849 3551 1949">
    <p class='ocr_par' dir='ltr' id='par_1_31' title="bbox 196 1849 3551 1949">
     <span class='ocr_line' id='line_1_31' title="bbox 196 1849 3551 1949; baseline 0.001 -18"><span class='ocrx_word' id='word_1_218' title='bbox 196 1876 454 1931; x_wconf 87' lang='lat' dir='ltr'>eamdem</span> <span class='ocrx_word' id='word_1_219' title='bbox 484 1873 943 1943; x_wconf 88' lang='lat' dir='ltr'>eonjurationem</span> <span class='ocrx_word' id='word_1_220' title='bbox 975 1872 1256 1937; x_wconf 89' lang='lat' dir='ltr'>nituntur,</span> <span class='ocrx_word' id='word_1_221' title='bbox 1276 1875 1339 1925; x_wconf 88' lang='lat' dir='ltr'>ut</span> <span class='ocrx_word' id='word_1_222' title='bbox 1373 1888 1478 1943; x_wconf 90' lang='lat' dir='ltr'>par</span> <span class='ocrx_word' id='word_1_223' title='bbox 1498 1888 1663 1942; x_wconf 66' lang='lat' dir='ltr'>poena</span> <span class='ocrx_word' id='word_1_224' title='bbox 1697 1887 1820 1941; x_wconf 90' lang='lat' dir='ltr'>per-</span> <span class='ocrx_word' id='word_1_225' title='bbox 1842 1849 1897 1919; x_wconf 82' lang='grc' dir='ltr'><strong>Β</strong></span> <span class='ocrx_word' id='word_1_226' title='bbox 1921 1871 2241 1943; x_wconf 88' lang='lat' dir='ltr'>sumptibus</span> <span class='ocrx_word' id='word_1_227' title='bbox 2265 1875 2536 1926; x_wconf 86' lang='lat' dir='ltr'>auxerant</span> <span class='ocrx_word' id='word_1_228' title='bbox 2560 1875 2833 1927; x_wconf 88' lang='lat' dir='ltr'>maneant</span> <span class='ocrx_word' id='word_1_229' title='bbox 2873 1873 3041 1928; x_wconf 91' lang='lat' dir='ltr'>alieni</span> <span class='ocrx_word' id='word_1_230' title='bbox 3079 1882 3288 1947; x_wconf 66' lang='lat' dir='ltr'>praeter</span> <span class='ocrx_word' id='word_1_231' title='bbox 3311 1878 3367 1933; x_wconf 90' lang='lat' dir='ltr'>id</span> <span class='ocrx_word' id='word_1_232' title='bbox 3396 1879 3551 1949; x_wconf 89' lang='lat' dir='ltr'>quod</span> 
     </span>
    </p>
   </div>
   <div class='ocr_carea' id='block_1_32' title="bbox 199 1964 1818 2038">
    <p class='ocr_par' dir='ltr' id='par_1_32' title="bbox 199 1964 1818 2038">
     <span class='ocr_line' id='line_1_32' title="bbox 199 1964 1818 2038; baseline -0.004 -14"><span class='ocrx_word' id='word_1_233' title='bbox 199 1969 419 2024; x_wconf 89' lang='lat' dir='ltr'>ditionis</span> <span class='ocrx_word' id='word_1_234' title='bbox 446 1967 801 2038; x_wconf 89' lang='lat' dir='ltr'>constringat</span> <span class='ocrx_word' id='word_1_235' title='bbox 826 1983 965 2036; x_wconf 91' lang='lat' dir='ltr'>quos</span> <span class='ocrx_word' id='word_1_236' title='bbox 992 1966 1051 2019; x_wconf 92' lang='lat' dir='ltr'>in</span> <span class='ocrx_word' id='word_1_237' title='bbox 1094 1964 1407 2036; x_wconf 90' lang='lat' dir='ltr'>perniciem</span> <span class='ocrx_word' id='word_1_238' title='bbox 1434 1982 1606 2035; x_wconf 89' lang='lat' dir='ltr'>prava</span> <span class='ocrx_word' id='word_1_239' title='bbox 1641 1964 1818 2019; x_wconf 90' lang='lat' dir='ltr'>socie-</span> 
     </span>
    </p>
   </div>
   <div class='ocr_carea' id='block_1_33' title="bbox 194 2058 1816 2133">
    <p class='ocr_par' dir='ltr' id='par_1_33' title="bbox 194 2058 1816 2133">
     <span class='ocr_line' id='line_1_33' title="bbox 194 2058 1816 2133; baseline -0.002 -18"><span class='ocrx_word' id='word_1_240' title='bbox 194 2067 276 2115; x_wconf 85' lang='lat' dir='ltr'>tas</span> <span class='ocrx_word' id='word_1_241' title='bbox 304 2062 547 2133; x_wconf 89' lang='lat' dir='ltr'>copulat.</span> <span class='ocrx_word' id='word_1_242' title='bbox 577 2062 643 2115; x_wconf 87' lang='lat' dir='ltr'>Et</span> <span class='ocrx_word' id='word_1_243' title='bbox 683 2060 830 2126; x_wconf 89' lang='lat' dir='ltr'>ideo,</span> <span class='ocrx_word' id='word_1_244' title='bbox 862 2060 908 2113; x_wconf 86' lang='lat' dir='ltr'>si</span> <span class='ocrx_word' id='word_1_245' title='bbox 950 2060 1136 2130; x_wconf 89' lang='lat' dir='ltr'>placet</span> <span class='ocrx_word' id='word_1_246' title='bbox 1167 2059 1433 2113; x_wconf 89' lang='lat' dir='ltr'>omnibus</span> <span class='ocrx_word' id='word_1_247' title='bbox 1464 2058 1563 2130; x_wconf 92' lang='lat' dir='ltr'>qui</span> <span class='ocrx_word' id='word_1_248' title='bbox 1594 2059 1816 2126; x_wconf 88' lang='lat' dir='ltr'>adestis,</span> 
     </span>
    </p>
   </div>
   <div class='ocr_carea' id='block_1_34' title="bbox 194 2152 1821 2211">
    <p class='ocr_par' dir='ltr' id='par_1_34' title="bbox 194 2152 1821 2211">
     <span class='ocr_line' id='line_1_34' title="bbox 194 2152 1821 2211; baseline -0.003 0"><span class='ocrx_word' id='word_1_249' title='bbox 194 2157 300 2211; x_wconf 86' lang='lat' dir='ltr'>hoc</span> <span class='ocrx_word' id='word_1_250' title='bbox 327 2156 498 2210; x_wconf 89' lang='lat' dir='ltr'>tertio</span> <span class='ocrx_word' id='word_1_251' title='bbox 528 2154 793 2209; x_wconf 82' lang='lat' dir='ltr'>reiterata</span> <span class='ocrx_word' id='word_1_252' title='bbox 821 2152 1104 2207; x_wconf 82' lang='lat' dir='ltr'>sententia</span> <span class='ocrx_word' id='word_1_253' title='bbox 1128 2156 1331 2206; x_wconf 66' lang='lat' dir='ltr'>vestra:</span> <span class='ocrx_word' id='word_1_254' title='bbox 1360 2152 1508 2206; x_wconf 86' lang='lat' dir='ltr'>vocis</span> <span class='ocrx_word' id='word_1_255' title='bbox 1544 2168 1821 2206; x_wconf 89' lang='lat' dir='ltr'>consensu</span> 
     </span>
    </p>
   </div>
   <div class='ocr_carea' id='block_1_35' title="bbox 195 2244 1821 2317">
    <p class='ocr_par' dir='ltr' id='par_1_35' title="bbox 195 2244 1821 2317">
     <span class='ocr_line' id='line_1_35' title="bbox 195 2244 1821 2317; baseline -0.002 -14"><span class='ocrx_word' id='word_1_256' title='bbox 195 2250 435 2303; x_wconf 87' lang='lat' dir='ltr'>ﬁrmate.</span> <span class='ocrx_word' id='word_1_257' title='bbox 455 2248 534 2302; x_wconf 87' lang='lat' dir='ltr'>Ab</span> <span class='ocrx_word' id='word_1_258' title='bbox 557 2247 820 2302; x_wconf 82' lang='lat' dir='ltr'>universo</span> <span class='ocrx_word' id='word_1_259' title='bbox 843 2248 990 2300; x_wconf 90' lang='lat' dir='ltr'>clero</span> <span class='ocrx_word' id='word_1_260' title='bbox 1010 2252 1065 2300; x_wconf 91' lang='lat' dir='ltr'>et</span> <span class='ocrx_word' id='word_1_261' title='bbox 1093 2247 1303 2317; x_wconf 92' lang='lat' dir='ltr'>populo</span> <span class='ocrx_word' id='word_1_262' title='bbox 1328 2245 1543 2299; x_wconf 90' lang='lat' dir='ltr'>dictum</span> <span class='ocrx_word' id='word_1_263' title='bbox 1573 2246 1688 2299; x_wconf 82' lang='lat' dir='ltr'>esti</span> <span class='ocrx_word' id='word_1_264' title='bbox 1717 2244 1821 2309; x_wconf 85' lang='lat' dir='ltr'>Qui</span> 
     </span>
    </p>
   </div>
   <div class='ocr_carea' id='block_1_36' title="bbox 196 2338 1819 2410">
    <p class='ocr_par' dir='ltr' id='par_1_36' title="bbox 196 2338 1819 2410">
     <span class='ocr_line' id='line_1_36' title="bbox 196 2338 1819 2410; baseline -0.002 -13"><span class='ocrx_word' id='word_1_265' title='bbox 196 2346 387 2397; x_wconf 89' lang='lat' dir='ltr'>contra</span> <span class='ocrx_word' id='word_1_266' title='bbox 426 2343 575 2396; x_wconf 85' lang='lat' dir='ltr'>hanc</span> <span class='ocrx_word' id='word_1_267' title='bbox 613 2349 864 2395; x_wconf 85' lang='lat' dir='ltr'>nostram</span> <span class='ocrx_word' id='word_1_268' title='bbox 913 2339 1301 2393; x_wconf 89' lang='lat' dir='ltr'>deﬁnitionem</span> <span class='ocrx_word' id='word_1_269' title='bbox 1338 2338 1819 2410; x_wconf 64' lang='lat' dir='ltr'>praesumpserint,</span> 
     </span>
    </p>
   </div>
   <div class='ocr_carea' id='block_1_37' title="bbox 195 2433 1823 2502">
    <p class='ocr_par' dir='ltr' id='par_1_37' title="bbox 195 2433 1823 2502">
     <span class='ocr_line' id='line_1_37' title="bbox 195 2433 1823 2502; baseline -0.002 -13"><span class='ocrx_word' id='word_1_270' title='bbox 195 2436 502 2490; x_wconf 87' lang='lat' dir='ltr'>anathema</span> <span class='ocrx_word' id='word_1_271' title='bbox 538 2435 893 2500; x_wconf 86' lang='lat' dir='ltr'>maranatha,</span> <span class='ocrx_word' id='word_1_272' title='bbox 925 2433 1032 2487; x_wconf 88' lang='lat' dir='ltr'>hoc</span> <span class='ocrx_word' id='word_1_273' title='bbox 1064 2436 1166 2500; x_wconf 90' lang='lat' dir='ltr'>est,</span> <span class='ocrx_word' id='word_1_274' title='bbox 1208 2433 1448 2502; x_wconf 88' lang='lat' dir='ltr'>perditio</span> <span class='ocrx_word' id='word_1_275' title='bbox 1492 2433 1550 2486; x_wconf 93' lang='lat' dir='ltr'>in</span> <span class='ocrx_word' id='word_1_276' title='bbox 1580 2433 1823 2487; x_wconf 88' lang='lat' dir='ltr'>adventu</span> 
     </span>
    </p>
   </div>
   <div class='ocr_carea' id='block_1_38' title="bbox 199 2526 1826 2597">
    <p class='ocr_par' dir='ltr' id='par_1_38' title="bbox 199 2526 1826 2597">
     <span class='ocr_line' id='line_1_38' title="bbox 199 2526 1826 2597; baseline -0.002 -14"><span class='ocrx_word' id='word_1_277' title='bbox 199 2530 419 2584; x_wconf 88' lang='lat' dir='ltr'>Domini</span> <span class='ocrx_word' id='word_1_278' title='bbox 448 2529 579 2594; x_wconf 89' lang='lat' dir='ltr'>sint,</span> <span class='ocrx_word' id='word_1_279' title='bbox 613 2534 668 2582; x_wconf 90' lang='lat' dir='ltr'>et</span> <span class='ocrx_word' id='word_1_280' title='bbox 694 2544 821 2582; x_wconf 91' lang='lat' dir='ltr'>cum</span> <span class='ocrx_word' id='word_1_281' title='bbox 849 2527 991 2581; x_wconf 84' lang='lat' dir='ltr'>Juda</span> <span class='ocrx_word' id='word_1_282' title='bbox 1020 2527 1291 2580; x_wconf 88' lang='lat' dir='ltr'>lscarioth</span> <span class='ocrx_word' id='word_1_283' title='bbox 1317 2530 1538 2597; x_wconf 87' lang='lat' dir='ltr'>partem</span> <span class='ocrx_word' id='word_1_284' title='bbox 1580 2526 1826 2580; x_wconf 79' lang='lat' dir='ltr'>habeant</span> 
     </span>
    </p>
   </div>
   <div class='ocr_carea' id='block_1_39' title="bbox 193 2620 1826 2695">
    <p class='ocr_par' dir='ltr' id='par_1_39' title="bbox 193 2620 1826 2695">
     <span class='ocr_line' id='line_1_39' title="bbox 193 2620 1826 2695; baseline -0.002 -18"><span class='ocrx_word' id='word_1_285' title='bbox 193 2624 318 2695; x_wconf 86' lang='lat' dir='ltr'>ipsi,</span> <span class='ocrx_word' id='word_1_286' title='bbox 354 2626 414 2676; x_wconf 89' lang='lat' dir='ltr'>et</span> <span class='ocrx_word' id='word_1_287' title='bbox 446 2622 583 2676; x_wconf 90' lang='lat' dir='ltr'>socii</span> <span class='ocrx_word' id='word_1_288' title='bbox 610 2638 831 2676; x_wconf 89' lang='lat' dir='ltr'>eorum.</span> <span class='ocrx_word' id='word_1_289' title='bbox 872 2624 1074 2674; x_wconf 86' lang='lat' dir='ltr'>Amen.</span> <span class='ocrx_word' id='word_1_290' title='bbox 1107 2620 1460 2690; x_wconf 86' lang='lat' dir='ltr'>Quapropter</span> <span class='ocrx_word' id='word_1_291' title='bbox 1488 2638 1593 2674; x_wconf 90' lang='lat' dir='ltr'>nos</span> <span class='ocrx_word' id='word_1_292' title='bbox 1617 2620 1745 2691; x_wconf 85' lang='lat' dir='ltr'>ipsi,</span> <span class='ocrx_word' id='word_1_293' title='bbox 1770 2623 1826 2673; x_wconf 81' lang='lat' dir='ltr'>et</span> 
     </span>
    </p>
   </div>
   <div class='ocr_carea' id='block_1_40' title="bbox 194 2713 1825 2778">
    <p class='ocr_par' dir='ltr' id='par_1_40' title="bbox 194 2713 1825 2778">
     <span class='ocr_line' id='line_1_40' title="bbox 194 2713 1825 2778; baseline -0.004 -6"><span class='ocrx_word' id='word_1_294' title='bbox 194 2716 519 2772; x_wconf 88' lang='lat' dir='ltr'>sacerdotes</span> <span class='ocrx_word' id='word_1_295' title='bbox 568 2732 766 2770; x_wconf 88' lang='lat' dir='ltr'>omnes</span> <span class='ocrx_word' id='word_1_296' title='bbox 828 2720 1083 2769; x_wconf 88' lang='lat' dir='ltr'>sanctam</span> <span class='ocrx_word' id='word_1_297' title='bbox 1124 2714 1425 2768; x_wconf 80' lang='lat' dir='ltr'>Ecclesium</span> <span class='ocrx_word' id='word_1_298' title='bbox 1477 2713 1713 2778; x_wconf 80' lang='lat' dir='ltr'>Christi,</span> <span class='ocrx_word' id='word_1_299' title='bbox 1762 2731 1825 2767; x_wconf 90' lang='lat' dir='ltr'>ac</span> 
     </span>
    </p>
   </div>
   <div class='ocr_carea' id='block_1_41' title="bbox 192 2806 1826 2882">
    <p class='ocr_par' dir='ltr' id='par_1_41' title="bbox 192 2806 1826 2882">
     <span class='ocr_line' id='line_1_41' title="bbox 192 2806 1826 2882; baseline -0.002 -17"><span class='ocrx_word' id='word_1_300' title='bbox 192 2811 470 2882; x_wconf 88' lang='lat' dir='ltr'>populum</span> <span class='ocrx_word' id='word_1_301' title='bbox 500 2809 893 2871; x_wconf 79' lang='lat' dir='ltr'>admonemus,</span> <span class='ocrx_word' id='word_1_302' title='bbox 927 2812 993 2863; x_wconf 92' lang='lat' dir='ltr'>ut</span> <span class='ocrx_word' id='word_1_303' title='bbox 1040 2808 1161 2861; x_wconf 61' lang='lat' dir='ltr'>haec</span> <span class='ocrx_word' id='word_1_304' title='bbox 1197 2807 1510 2874; x_wconf 84' lang='lat' dir='ltr'>tremenda,</span> <span class='ocrx_word' id='word_1_305' title='bbox 1544 2812 1599 2861; x_wconf 87' lang='lat' dir='ltr'>et</span> <span class='ocrx_word' id='word_1_306' title='bbox 1622 2806 1826 2861; x_wconf 81' lang='lat' dir='ltr'>totiens</span> 
     </span>
    </p>
   </div>
   <div class='ocr_carea' id='block_1_42' title="bbox 192 2900 1825 2971">
    <p class='ocr_par' dir='ltr' id='par_1_42' title="bbox 192 2900 1825 2971">
     <span class='ocr_line' id='line_1_42' title="bbox 192 2900 1825 2971; baseline -0.002 -12"><span class='ocrx_word' id='word_1_307' title='bbox 192 2905 466 2959; x_wconf 86' lang='lat' dir='ltr'>reitarata</span> <span class='ocrx_word' id='word_1_308' title='bbox 495 2902 778 2957; x_wconf 88' lang='lat' dir='ltr'>sententia</span> <span class='ocrx_word' id='word_1_309' title='bbox 802 2903 1029 2956; x_wconf 91' lang='lat' dir='ltr'>nullum</span> <span class='ocrx_word' id='word_1_310' title='bbox 1058 2918 1126 2956; x_wconf 77' lang='lat' dir='ltr'>ex</span> <span class='ocrx_word' id='word_1_311' title='bbox 1158 2902 1318 2954; x_wconf 89' lang='lat' dir='ltr'>nobis</span> <span class='ocrx_word' id='word_1_312' title='bbox 1345 2900 1611 2971; x_wconf 75' lang='lat' dir='ltr'>przesenti</span> <span class='ocrx_word' id='word_1_313' title='bbox 1656 2906 1825 2971; x_wconf 91' lang='lat' dir='ltr'>atque</span> 
     </span>
    </p>
   </div>
   <div class='ocr_carea' id='block_1_43' title="bbox 194 2994 1827 3065">
    <p class='ocr_par' dir='ltr' id='par_1_43' title="bbox 194 2994 1827 3065">
     <span class='ocr_line' id='line_1_43' title="bbox 194 2994 1827 3065; baseline -0.002 -14"><span class='ocrx_word' id='word_1_314' title='bbox 194 3005 405 3051; x_wconf 52' lang='lat' dir='ltr'>aeterno</span> <span class='ocrx_word' id='word_1_315' title='bbox 457 2997 815 3063; x_wconf 86' lang='lat' dir='ltr'>condemnet,</span> <span class='ocrx_word' id='word_1_316' title='bbox 861 2995 1098 3065; x_wconf 89' lang='lat' dir='ltr'>judicio,</span> <span class='ocrx_word' id='word_1_317' title='bbox 1131 2996 1227 3049; x_wconf 91' lang='lat' dir='ltr'>sed</span> <span class='ocrx_word' id='word_1_318' title='bbox 1274 2995 1445 3048; x_wconf 81' lang='lat' dir='ltr'>fidem</span> <span class='ocrx_word' id='word_1_319' title='bbox 1490 2994 1827 3065; x_wconf 85' lang='lat' dir='ltr'>promissam</span> 
     </span>
    </p>
   </div>
   <div class='ocr_carea' id='block_1_44' title="bbox 1919 1964 3553 2037">
    <p class='ocr_par' dir='ltr' id='par_1_44' title="bbox 1919 1964 3553 2037">
     <span class='ocr_line' id='line_1_44' title="bbox 1919 1964 3553 2037; baseline 0.006 -19"><span class='ocrx_word' id='word_1_320' title='bbox 1919 1965 2131 2036; x_wconf 90' lang='lat' dir='ltr'>pietate</span> <span class='ocrx_word' id='word_1_321' title='bbox 2149 1964 2389 2036; x_wconf 87' lang='lat' dir='ltr'>piissimi</span> <span class='ocrx_word' id='word_1_322' title='bbox 2406 1964 2676 2037; x_wconf 88' lang='lat' dir='ltr'>principis</span> <span class='ocrx_word' id='word_1_323' title='bbox 2688 1966 2861 2020; x_wconf 90' lang='lat' dir='ltr'>nostri</span> <span class='ocrx_word' id='word_1_324' title='bbox 2878 1966 3111 2024; x_wconf 90' lang='lat' dir='ltr'>fuerunt</span> <span class='ocrx_word' id='word_1_325' title='bbox 3122 1972 3553 2028; x_wconf 88' lang='lat' dir='ltr'>consecuti.Non</span> 
     </span>
    </p>
   </div>
   <div class='ocr_carea' id='block_1_45' title="bbox 1920 2058 3549 2137">
    <p class='ocr_par' dir='ltr' id='par_1_45' title="bbox 1920 2058 3549 2137">
     <span class='ocr_line' id='line_1_45' title="bbox 1920 2058 3549 2137; baseline 0.005 -24"><span class='ocrx_word' id='word_1_326' title='bbox 1920 2059 2086 2113; x_wconf 84' lang='lat' dir='ltr'>aliter</span> <span class='ocrx_word' id='word_1_327' title='bbox 2103 2063 2160 2113; x_wconf 90' lang='lat' dir='ltr'>et</span> <span class='ocrx_word' id='word_1_328' title='bbox 2178 2058 2490 2114; x_wconf 88' lang='lat' dir='ltr'>Geillanem</span> <span class='ocrx_word' id='word_1_329' title='bbox 2510 2060 2809 2114; x_wconf 90' lang='lat' dir='ltr'>memorati</span> <span class='ocrx_word' id='word_1_330' title='bbox 2823 2060 3177 2117; x_wconf 89' lang='lat' dir='ltr'>Simithilane</span> <span class='ocrx_word' id='word_1_331' title='bbox 3192 2066 3247 2118; x_wconf 88' lang='lat' dir='ltr'>et</span> <span class='ocrx_word' id='word_1_332' title='bbox 3267 2066 3549 2137; x_wconf 86' lang='lat' dir='ltr'>sanguine</span> 
     </span>
    </p>
   </div>
   <div class='ocr_carea' id='block_1_46' title="bbox 1920 2153 3550 2224">
    <p class='ocr_par' dir='ltr' id='par_1_46' title="bbox 1920 2153 3550 2224">
     <span class='ocr_line' id='line_1_46' title="bbox 1920 2153 3550 2224; baseline 0.005 -18"><span class='ocrx_word' id='word_1_333' title='bbox 1920 2156 1973 2207; x_wconf 90' lang='lat' dir='ltr'>et</span> <span class='ocrx_word' id='word_1_334' title='bbox 1987 2153 2196 2207; x_wconf 89' lang='lat' dir='ltr'>scelere</span> <span class='ocrx_word' id='word_1_335' title='bbox 2216 2153 2473 2219; x_wconf 89' lang='lat' dir='ltr'>fratrem,</span> <span class='ocrx_word' id='word_1_336' title='bbox 2490 2153 2586 2224; x_wconf 88' lang='lat' dir='ltr'>qui</span> <span class='ocrx_word' id='word_1_337' title='bbox 2606 2170 2709 2207; x_wconf 88' lang='lat' dir='ltr'>nec</span> <span class='ocrx_word' id='word_1_338' title='bbox 2722 2153 2778 2207; x_wconf 92' lang='lat' dir='ltr'>in</span> <span class='ocrx_word' id='word_1_339' title='bbox 2798 2155 3194 2224; x_wconf 88' lang='lat' dir='ltr'>germanitatis</span> <span class='ocrx_word' id='word_1_340' title='bbox 3210 2158 3321 2212; x_wconf 87' lang='lat' dir='ltr'>ﬁde</span> <span class='ocrx_word' id='word_1_341' title='bbox 3336 2159 3550 2215; x_wconf 87' lang='lat' dir='ltr'>stabilis</span> 
     </span>
    </p>
   </div>
   <div class='ocr_carea' id='block_1_47' title="bbox 1921 2246 3552 2322">
    <p class='ocr_par' dir='ltr' id='par_1_47' title="bbox 1921 2246 3552 2322">
     <span class='ocr_line' id='line_1_47' title="bbox 1921 2246 3552 2322; baseline 0.005 -22"><span class='ocrx_word' id='word_1_342' title='bbox 1921 2246 2147 2313; x_wconf 81' lang='lat' dir='ltr'>exstitit,</span> <span class='ocrx_word' id='word_1_343' title='bbox 2177 2263 2282 2300; x_wconf 91' lang='lat' dir='ltr'>nec</span> <span class='ocrx_word' id='word_1_344' title='bbox 2302 2246 2470 2300; x_wconf 84' lang='lat' dir='ltr'>ﬁdem</span> <span class='ocrx_word' id='word_1_345' title='bbox 2502 2247 2745 2317; x_wconf 91' lang='lat' dir='ltr'>glorioso</span> <span class='ocrx_word' id='word_1_346' title='bbox 2768 2246 3001 2303; x_wconf 91' lang='lat' dir='ltr'>domino</span> <span class='ocrx_word' id='word_1_347' title='bbox 3029 2253 3221 2304; x_wconf 92' lang='lat' dir='ltr'>nostro</span> <span class='ocrx_word' id='word_1_348' title='bbox 3242 2252 3552 2322; x_wconf 88' lang='lat' dir='ltr'>pollicitam</span> 
     </span>
    </p>
   </div>
   <div class='ocr_carea' id='block_1_48' title="bbox 1922 2340 3552 2414">
    <p class='ocr_par' dir='ltr' id='par_1_48' title="bbox 1922 2340 3552 2414">
     <span class='ocr_line' id='line_1_48' title="bbox 1922 2340 3552 2414; baseline 0.005 -20"><span class='ocrx_word' id='word_1_349' title='bbox 1922 2340 2290 2407; x_wconf 87' lang='lat' dir='ltr'>conservavit,</span> <span class='ocrx_word' id='word_1_350' title='bbox 2306 2340 2458 2395; x_wconf 91' lang='lat' dir='ltr'>hunc</span> <span class='ocrx_word' id='word_1_351' title='bbox 2479 2357 2616 2411; x_wconf 90' lang='lat' dir='ltr'>ergo</span> <span class='ocrx_word' id='word_1_352' title='bbox 2635 2358 2764 2395; x_wconf 89' lang='lat' dir='ltr'>cum</span> <span class='ocrx_word' id='word_1_353' title='bbox 2786 2343 3029 2414; x_wconf 87' lang='lat' dir='ltr'>conjuge</span> <span class='ocrx_word' id='word_1_354' title='bbox 3047 2360 3169 2413; x_wconf 91' lang='lat' dir='ltr'>sua,</span> <span class='ocrx_word' id='word_1_355' title='bbox 3184 2344 3330 2400; x_wconf 90' lang='lat' dir='ltr'>sicut</span> <span class='ocrx_word' id='word_1_356' title='bbox 3347 2349 3405 2400; x_wconf 90' lang='lat' dir='ltr'>et</span> <span class='ocrx_word' id='word_1_357' title='bbox 3420 2351 3552 2403; x_wconf 91' lang='lat' dir='ltr'>ante</span> 
     </span>
    </p>
   </div>
   <div class='ocr_carea' id='block_1_49' title="bbox 1923 2433 3553 2507">
    <p class='ocr_par' dir='ltr' id='par_1_49' title="bbox 1923 2433 3553 2507">
     <span class='ocr_line' id='line_1_49' title="bbox 1923 2433 3553 2507; baseline 0.006 -20"><span class='ocrx_word' id='word_1_358' title='bbox 1923 2434 2134 2487; x_wconf 87' lang='lat' dir='ltr'>factum</span> <span class='ocrx_word' id='word_1_359' title='bbox 2163 2437 2267 2500; x_wconf 88' lang='lat' dir='ltr'>est,</span> <span class='ocrx_word' id='word_1_360' title='bbox 2298 2451 2330 2487; x_wconf 89' lang='lat' dir='ltr'>a</span> <span class='ocrx_word' id='word_1_361' title='bbox 2357 2433 2619 2488; x_wconf 83' lang='lat' dir='ltr'>societate</span> <span class='ocrx_word' id='word_1_362' title='bbox 2643 2436 2825 2505; x_wconf 91' lang='lat' dir='ltr'>gentis</span> <span class='ocrx_word' id='word_1_363' title='bbox 2850 2441 3021 2507; x_wconf 89' lang='lat' dir='ltr'>atque</span> <span class='ocrx_word' id='word_1_364' title='bbox 3046 2440 3329 2494; x_wconf 90' lang='lat' dir='ltr'>consortio</span> <span class='ocrx_word' id='word_1_365' title='bbox 3359 2445 3553 2496; x_wconf 90' lang='lat' dir='ltr'>nostro</span> 
     </span>
    </p>
   </div>
   <div class='ocr_carea' id='block_1_50' title="bbox 1922 2526 3553 2605">
    <p class='ocr_par' dir='ltr' id='par_1_50' title="bbox 1922 2526 3553 2605">
     <span class='ocr_line' id='line_1_50' title="bbox 1922 2526 3553 2605; baseline 0.007 -27"><span class='ocrx_word' id='word_1_366' title='bbox 1922 2527 2136 2597; x_wconf 88' lang='lat' dir='ltr'>placuit</span> <span class='ocrx_word' id='word_1_367' title='bbox 2154 2526 2423 2597; x_wconf 87' lang='lat' dir='ltr'>separari,</span> <span class='ocrx_word' id='word_1_368' title='bbox 2441 2544 2545 2580; x_wconf 90' lang='lat' dir='ltr'>nec</span> <span class='ocrx_word' id='word_1_369' title='bbox 2568 2527 2623 2580; x_wconf 93' lang='lat' dir='ltr'>in</span> <span class='ocrx_word' id='word_1_370' title='bbox 2644 2528 2863 2582; x_wconf 91' lang='lat' dir='ltr'>amissis</span> <span class='ocrx_word' id='word_1_371' title='bbox 2888 2530 3247 2585; x_wconf 87' lang='lat' dir='ltr'>facultatibus</span> <span class='ocrx_word' id='word_1_372' title='bbox 3265 2533 3325 2586; x_wconf 90' lang='lat' dir='ltr'>in</span> <span class='ocrx_word' id='word_1_373' title='bbox 3349 2534 3553 2605; x_wconf 91' lang='lat' dir='ltr'>quibus</span> 
     </span>
    </p>
   </div>
   <div class='ocr_carea' id='block_1_51' title="bbox 1924 2619 3553 2697">
    <p class='ocr_par' dir='ltr' id='par_1_51' title="bbox 1924 2619 3553 2697">
     <span class='ocr_line' id='line_1_51' title="bbox 1924 2619 3553 2697; baseline 0.007 -25"><span class='ocrx_word' id='word_1_374' title='bbox 1924 2637 2027 2691; x_wconf 90' lang='lat' dir='ltr'>per</span> <span class='ocrx_word' id='word_1_375' title='bbox 2070 2619 2433 2691; x_wconf 87' lang='lat' dir='ltr'>iniquitatem</span> <span class='ocrx_word' id='word_1_376' title='bbox 2473 2626 2767 2675; x_wconf 84' lang='lat' dir='ltr'>creverant</span> <span class='ocrx_word' id='word_1_377' title='bbox 2799 2623 3032 2677; x_wconf 89' lang='lat' dir='ltr'>reduces</span> <span class='ocrx_word' id='word_1_378' title='bbox 3068 2624 3211 2692; x_wconf 85' lang='lat' dir='ltr'>ﬁeri,</span> <span class='ocrx_word' id='word_1_379' title='bbox 3245 2630 3456 2697; x_wconf 86' lang='lat' dir='ltr'>praeter</span> <span class='ocrx_word' id='word_1_380' title='bbox 3494 2628 3553 2683; x_wconf 90' lang='lat' dir='ltr'>id</span> 
     </span>
    </p>
   </div>
   <div class='ocr_carea' id='block_1_52' title="bbox 1926 2713 3557 2792">
    <p class='ocr_par' dir='ltr' id='par_1_52' title="bbox 1926 2713 3557 2792">
     <span class='ocr_line' id='line_1_52' title="bbox 1926 2713 3557 2792; baseline 0.007 -26"><span class='ocrx_word' id='word_1_381' title='bbox 1926 2714 2076 2783; x_wconf 90' lang='lat' dir='ltr'>quod</span> <span class='ocrx_word' id='word_1_382' title='bbox 2108 2713 2389 2767; x_wconf 89' lang='lat' dir='ltr'>consecuti</span> <span class='ocrx_word' id='word_1_383' title='bbox 2418 2713 2632 2768; x_wconf 88' lang='lat' dir='ltr'>fuerint</span> <span class='ocrx_word' id='word_1_384' title='bbox 2658 2714 2870 2786; x_wconf 87' lang='lat' dir='ltr'>pietate</span> <span class='ocrx_word' id='word_1_385' title='bbox 2897 2717 3318 2774; x_wconf 89' lang='lat' dir='ltr'>clementissimi</span> <span class='ocrx_word' id='word_1_386' title='bbox 3347 2720 3557 2792; x_wconf 90' lang='lat' dir='ltr'>princi-</span> 
     </span>
    </p>
   </div>
   <div class='ocr_carea' id='block_1_53' title="bbox 1924 2806 3554 2884">
    <p class='ocr_par' dir='ltr' id='par_1_53' title="bbox 1924 2806 3554 2884">
     <span class='ocr_line' id='line_1_53' title="bbox 1924 2806 3554 2884; baseline 0.007 -24"><span class='ocrx_word' id='word_1_387' title='bbox 1924 2808 2031 2878; x_wconf 93' lang='lat' dir='ltr'>pis,</span> <span class='ocrx_word' id='word_1_388' title='bbox 2060 2808 2221 2878; x_wconf 85' lang='lat' dir='ltr'>cujus</span> <span class='ocrx_word' id='word_1_389' title='bbox 2255 2806 2437 2878; x_wconf 90' lang='lat' dir='ltr'>gratia</span> <span class='ocrx_word' id='word_1_390' title='bbox 2476 2808 2652 2862; x_wconf 91' lang='lat' dir='ltr'>bonos</span> <span class='ocrx_word' id='word_1_391' title='bbox 2686 2809 2967 2864; x_wconf 90' lang='lat' dir='ltr'>donorum</span> <span class='ocrx_word' id='word_1_392' title='bbox 3006 2812 3257 2882; x_wconf 84' lang='lat' dir='ltr'>praemiis</span> <span class='ocrx_word' id='word_1_393' title='bbox 3298 2812 3460 2884; x_wconf 90' lang='lat' dir='ltr'>ditat,</span> <span class='ocrx_word' id='word_1_394' title='bbox 3497 2818 3554 2871; x_wconf 89' lang='lat' dir='ltr'>et</span> 
     </span>
    </p>
   </div>
   <div class='ocr_carea' id='block_1_54' title="bbox 1924 2901 3552 2976">
    <p class='ocr_par' dir='ltr' id='par_1_54' title="bbox 1924 2901 3552 2976">
     <span class='ocr_line' id='line_1_54' title="bbox 1924 2901 3552 2976; baseline 0.006 -21"><span class='ocrx_word' id='word_1_395' title='bbox 1924 2902 2105 2955; x_wconf 90' lang='lat' dir='ltr'>malos</span> <span class='ocrx_word' id='word_1_396' title='bbox 2147 2918 2180 2955; x_wconf 89' lang='lat' dir='ltr'>a</span> <span class='ocrx_word' id='word_1_397' title='bbox 2222 2901 2599 2956; x_wconf 87' lang='lat' dir='ltr'>beneﬁcentia</span> <span class='ocrx_word' id='word_1_398' title='bbox 2648 2918 2747 2956; x_wconf 91' lang='lat' dir='ltr'>sua</span> <span class='ocrx_word' id='word_1_399' title='bbox 2784 2919 2901 2957; x_wconf 91' lang='lat' dir='ltr'>non</span> <span class='ocrx_word' id='word_1_400' title='bbox 2948 2911 3187 2976; x_wconf 88' lang='lat' dir='ltr'>separat.</span> <span class='ocrx_word' id='word_1_401' title='bbox 3231 2907 3420 2963; x_wconf 88' lang='lat' dir='ltr'>Gloria</span> <span class='ocrx_word' id='word_1_402' title='bbox 3451 2926 3552 2964; x_wconf 88' lang='lat' dir='ltr'>au-</span> 
     </span>
    </p>
   </div>
   <div class='ocr_carea' id='block_1_55' title="bbox 1924 2994 3552 3072">
    <p class='ocr_par' dir='ltr' id='par_1_55' title="bbox 1924 2994 3552 3072">
     <span class='ocr_line' id='line_1_55' title="bbox 1924 2994 3552 3072; baseline 0.006 -23"><span class='ocrx_word' id='word_1_403' title='bbox 1924 2999 2040 3049; x_wconf 87' lang='lat' dir='ltr'>tem</span> <span class='ocrx_word' id='word_1_404' title='bbox 2075 2998 2131 3048; x_wconf 88' lang='lat' dir='ltr'>et</span> <span class='ocrx_word' id='word_1_405' title='bbox 2159 2995 2346 3048; x_wconf 90' lang='lat' dir='ltr'>honor</span> <span class='ocrx_word' id='word_1_406' title='bbox 2372 2994 2753 3066; x_wconf 89' lang='lat' dir='ltr'>omnipotenti</span> <span class='ocrx_word' id='word_1_407' title='bbox 2792 2997 2907 3052; x_wconf 91' lang='lat' dir='ltr'>Deo</span> <span class='ocrx_word' id='word_1_408' title='bbox 2936 3001 3128 3053; x_wconf 90' lang='lat' dir='ltr'>nostro</span> <span class='ocrx_word' id='word_1_409' title='bbox 3166 2999 3227 3054; x_wconf 92' lang='lat' dir='ltr'>in</span> <span class='ocrx_word' id='word_1_410' title='bbox 3260 3001 3421 3072; x_wconf 88' lang='lat' dir='ltr'>cujus</span> <span class='ocrx_word' id='word_1_411' title='bbox 3451 3020 3552 3058; x_wconf 90' lang='lat' dir='ltr'>no-</span> 
     </span>
    </p>
   </div>
   <div class='ocr_carea' id='block_1_56' title="bbox 194 3072 3556 3163">
    <p class='ocr_par' dir='ltr' id='par_1_56' title="bbox 194 3072 3556 3163">
     <span class='ocr_line' id='line_1_56' title="bbox 194 3072 3556 3163; baseline 0.002 -19"><span class='ocrx_word' id='word_1_412' title='bbox 194 3108 334 3161; x_wconf 87' lang='lat' dir='ltr'>crga</span> <span class='ocrx_word' id='word_1_413' title='bbox 383 3088 853 3161; x_wconf 72' lang='lat' dir='ltr'>gloriosissimum</span> <span class='ocrx_word' id='word_1_414' title='bbox 918 3088 1215 3142; x_wconf 87' lang='lat' dir='ltr'>dominum</span> <span class='ocrx_word' id='word_1_415' title='bbox 1261 3093 1519 3141; x_wconf 88' lang='lat' dir='ltr'>nostrum</span> <span class='ocrx_word' id='word_1_416' title='bbox 1566 3072 1851 3159; x_wconf 63' lang='lat' dir='ltr'>Sisenan-I</span> <span class='ocrx_word' id='word_1_417' title='bbox 1921 3087 2078 3142; x_wconf 90' lang='lat' dir='ltr'>mine</span> <span class='ocrx_word' id='word_1_418' title='bbox 2121 3088 2451 3159; x_wconf 88' lang='lat' dir='ltr'>congregati</span> <span class='ocrx_word' id='word_1_419' title='bbox 2496 3105 2711 3144; x_wconf 90' lang='lat' dir='ltr'>sumus.</span> <span class='ocrx_word' id='word_1_420' title='bbox 2744 3090 2875 3145; x_wconf 89' lang='lat' dir='ltr'>Post</span> <span class='ocrx_word' id='word_1_421' title='bbox 2914 3092 3037 3146; x_wconf 69' lang='lat' dir='ltr'>haec</span> <span class='ocrx_word' id='word_1_422' title='bbox 3076 3109 3184 3163; x_wconf 89' lang='lat' dir='ltr'>pax</span> <span class='ocrx_word' id='word_1_423' title='bbox 3225 3100 3281 3150; x_wconf 90' lang='lat' dir='ltr'>et</span> <span class='ocrx_word' id='word_1_424' title='bbox 3309 3097 3459 3153; x_wconf 87' lang='lat' dir='ltr'>salus</span> <span class='ocrx_word' id='word_1_425' title='bbox 3499 3102 3556 3152; x_wconf 90' lang='lat' dir='ltr'>et</span> 
     </span>
    </p>
   </div>
   <div class='ocr_carea' id='block_1_57' title="bbox 193 3181 3556 3295">
    <p class='ocr_par' dir='ltr' id='par_1_57' title="bbox 193 3181 3556 3295">
     <span class='ocr_line' id='line_1_57' title="bbox 193 3181 3556 3295; baseline 0.003 -60"><span class='ocrx_word' id='word_1_426' title='bbox 193 3187 329 3239; x_wconf 71' lang='lat' dir='ltr'>«lum</span> <span class='ocrx_word' id='word_1_427' title='bbox 400 3201 597 3253; x_wconf 79' lang='lat' dir='ltr'>regem</span> <span class='ocrx_word' id='word_1_428' title='bbox 644 3184 1025 3236; x_wconf 78' lang='lat' dir='ltr'>custodientes</span> <span class='ocrx_word' id='word_1_429' title='bbox 1052 3225 1063 3249; x_wconf 93' lang='lat'>,</span> <span class='ocrx_word' id='word_1_430' title='bbox 1114 3199 1177 3235; x_wconf 86' lang='lat' dir='ltr'>ac</span> <span class='ocrx_word' id='word_1_431' title='bbox 1228 3182 1446 3235; x_wconf 78' lang='lat' dir='ltr'>sincera</span> <span class='ocrx_word' id='word_1_432' title='bbox 1512 3182 1593 3235; x_wconf 89' lang='lat' dir='ltr'>illi</span> <span class='ocrx_word' id='word_1_433' title='bbox 1657 3183 1821 3237; x_wconf 84' lang='lat' dir='ltr'>devo-</span> <span class='ocrx_word' id='word_1_434' title='bbox 1848 3222 1903 3295; x_wconf 64' lang='grc' dir='ltr'>Ο</span> <span class='ocrx_word' id='word_1_435' title='bbox 1928 3181 2269 3236; x_wconf 88' lang='lat' dir='ltr'>diuturnitas</span> <span class='ocrx_word' id='word_1_436' title='bbox 2286 3182 2537 3252; x_wconf 90' lang='lat' dir='ltr'>piissimo</span> <span class='ocrx_word' id='word_1_437' title='bbox 2559 3188 2613 3241; x_wconf 89' lang='lat' dir='ltr'>et</span> <span class='ocrx_word' id='word_1_438' title='bbox 2631 3184 2870 3239; x_wconf 90' lang='lat' dir='ltr'>amatori</span> <span class='ocrx_word' id='word_1_439' title='bbox 2887 3185 3091 3241; x_wconf 86' lang='lat' dir='ltr'>Christi</span> <span class='ocrx_word' id='word_1_440' title='bbox 3112 3186 3343 3244; x_wconf 89' lang='lat' dir='ltr'>domino</span> <span class='ocrx_word' id='word_1_441' title='bbox 3366 3196 3556 3247; x_wconf 89' lang='lat' dir='ltr'>nostro</span> 
     </span>
     <span class='ocr_line' id='line_1_58' title="bbox 197 3273 3447 3295; baseline 0 0"><span class='ocrx_word' id='word_1_442' title='bbox 197 3279 228 3295; x_wconf 90' lang='grc'>.·</span> <span class='ocrx_word' id='word_1_443' title='bbox 401 3278 421 3295; x_wconf 74' lang='lat' dir='ltr'>n</span> <span class='ocrx_word' id='word_1_444' title='bbox 562 3278 574 3295; x_wconf 86' lang='lat' dir='ltr'>&#39;I</span> <span class='ocrx_word' id='word_1_445' title='bbox 661 3280 669 3295; x_wconf 79' lang='grc' dir='ltr'>ι</span> <span class='ocrx_word' id='word_1_446' title='bbox 894 3294 903 3295; x_wconf 32' lang='grc' dir='ltr'><em>κ</em></span> <span class='ocrx_word' id='word_1_447' title='bbox 936 3294 941 3295; x_wconf 61' lang='lat'><strong><em>,</em></strong></span> <span class='ocrx_word' id='word_1_448' title='bbox 1008 3294 1021 3295; x_wconf 32' lang='grc' dir='ltr'><em>κ</em></span> <span class='ocrx_word' id='word_1_449' title='bbox 1066 3277 1178 3295; x_wconf 35' lang='grc' dir='ltr'>ιηή-</span> <span class='ocrx_word' id='word_1_450' title='bbox 1254 3273 1441 3295; x_wconf 33' lang='grc' dir='ltr'>Αἷμέμλᾲ</span> <span class='ocrx_word' id='word_1_451' title='bbox 1494 3274 1709 3295; x_wconf 48' lang='lat'>“2,1-13,</span> <span class='ocrx_word' id='word_1_452' title='bbox 1772 3275 1818 3295; x_wconf 47' lang='lat' dir='ltr'>Su</span> <span class='ocrx_word' id='word_1_453' title='bbox 1929 3276 2231 3295; x_wconf 52' lang='lat' dir='ltr'>03,-_.-_J_</span> <span class='ocrx_word' id='word_1_454' title='bbox 2266 3276 2382 3295; x_wconf 35' lang='lat' dir='ltr'>A_-,,‘</span> <span class='ocrx_word' id='word_1_455' title='bbox 2447 3276 2523 3295; x_wconf 32' lang='grc' dir='ltr'>κήξ</span> <span class='ocrx_word' id='word_1_456' title='bbox 2643 3278 2656 3295; x_wconf 79' lang='lat'>1</span> <span class='ocrx_word' id='word_1_457' title='bbox 2771 3278 2804 3295; x_wconf 83' lang='grc' dir='ltr'>ι·</span> <span class='ocrx_word' id='word_1_458' title='bbox 3066 3280 3082 3295; x_wconf 74' lang='lat'><strong>1</strong></span> <span class='ocrx_word' id='word_1_459' title='bbox 3125 3281 3139 3295; x_wconf 76' lang='grc' dir='ltr'><strong>ι</strong></span> <span class='ocrx_word' id='word_1_460' title='bbox 3278 3284 3293 3295; x_wconf 74' lang='grc' dir='ltr'>ιι</span> <span class='ocrx_word' id='word_1_461' title='bbox 3438 3290 3447 3295; x_wconf 86' lang='grc'>.</span> 
     </span>
    </p>
   </div>
   <div class='ocr_carea' id='block_1_58' title="bbox 193 3273 1827 3346">
    <p class='ocr_par' dir='ltr' id='par_1_58' title="bbox 193 3273 1827 3346">
     <span class='ocr_line' id='line_1_59' title="bbox 193 3273 1827 3346; baseline -0.003 -13"><span class='ocrx_word' id='word_1_462' title='bbox 193 3279 345 3333; x_wconf 74' lang='lat' dir='ltr'>tione</span> <span class='ocrx_word' id='word_1_463' title='bbox 397 3278 738 3332; x_wconf 68' lang='lat' dir='ltr'>famulantes</span> <span class='ocrx_word' id='word_1_464' title='bbox 771 3319 783 3343; x_wconf 94' lang='lat'>,</span> <span class='ocrx_word' id='word_1_465' title='bbox 836 3294 949 3330; x_wconf 89' lang='lat' dir='ltr'>non</span> <span class='ocrx_word' id='word_1_466' title='bbox 1003 3277 1184 3328; x_wconf 82' lang='lat' dir='ltr'>solum</span> <span class='ocrx_word' id='word_1_467' title='bbox 1246 3273 1447 3329; x_wconf 55' lang='lat' dir='ltr'>divina</span> <span class='ocrx_word' id='word_1_468' title='bbox 1492 3274 1716 3346; x_wconf 79' lang='lat' dir='ltr'>pietatis</span> <span class='ocrx_word' id='word_1_469' title='bbox 1771 3275 1827 3328; x_wconf 87' lang='lat' dir='ltr'>in</span> 
     </span>
    </p>
   </div>
   <div class='ocr_carea' id='block_1_59' title="bbox 194 3368 1827 3440">
    <p class='ocr_par' dir='ltr' id='par_1_59' title="bbox 194 3368 1827 3440">
     <span class='ocr_line' id='line_1_60' title="bbox 194 3368 1827 3440; baseline -0.001 -15"><span class='ocrx_word' id='word_1_470' title='bbox 194 3372 360 3425; x_wconf 81' lang='lat' dir='ltr'>nobis</span> <span class='ocrx_word' id='word_1_471' title='bbox 407 3370 770 3425; x_wconf 86' lang='lat' dir='ltr'>clementiam</span> <span class='ocrx_word' id='word_1_472' title='bbox 820 3386 1194 3440; x_wconf 88' lang='lat' dir='ltr'>provocemus</span> <span class='ocrx_word' id='word_1_473' title='bbox 1252 3368 1464 3440; x_wconf 72' lang='grc'>11⁸7,</span> <span class='ocrx_word' id='word_1_474' title='bbox 1514 3369 1612 3423; x_wconf 88' lang='lat' dir='ltr'>sed</span> <span class='ocrx_word' id='word_1_475' title='bbox 1657 3369 1827 3423; x_wconf 83' lang='lat' dir='ltr'>etiam</span> 
     </span>
    </p>
   </div>
   <div class='ocr_carea' id='block_1_60' title="bbox 193 3461 1826 3536">
    <p class='ocr_par' dir='ltr' id='par_1_60' title="bbox 193 3461 1826 3536">
     <span class='ocr_line' id='line_1_61' title="bbox 193 3461 1826 3536; baseline -0.002 -17"><span class='ocrx_word' id='word_1_476' title='bbox 193 3467 439 3536; x_wconf 79' lang='lat' dir='ltr'>gratiam</span> <span class='ocrx_word' id='word_1_477' title='bbox 502 3461 736 3518; x_wconf 82' lang='lat' dir='ltr'>antefati</span> <span class='ocrx_word' id='word_1_478' title='bbox 810 3463 1082 3534; x_wconf 84' lang='lat' dir='ltr'>principis</span> <span class='ocrx_word' id='word_1_479' title='bbox 1138 3462 1423 3533; x_wconf 87' lang='lat' dir='ltr'>percipere</span> <span class='ocrx_word' id='word_1_480' title='bbox 1485 3479 1826 3517; x_wconf 87' lang='lat' dir='ltr'>mereamur.</span> 
     </span>
    </p>
   </div>
   <div class='ocr_carea' id='block_1_61' title="bbox 192 3554 1827 3630">
    <p class='ocr_par' dir='ltr' id='par_1_61' title="bbox 192 3554 1827 3630">
     <span class='ocr_line' id='line_1_62' title="bbox 192 3554 1827 3630; baseline -0.003 -16"><span class='ocrx_word' id='word_1_481' title='bbox 192 3560 264 3614; x_wconf 86' lang='lat' dir='ltr'>Te</span> <span class='ocrx_word' id='word_1_482' title='bbox 320 3575 549 3630; x_wconf 82' lang='lat' dir='ltr'>quoque</span> <span class='ocrx_word' id='word_1_483' title='bbox 613 3561 954 3627; x_wconf 65' lang='lat' dir='ltr'>praesentem</span> <span class='ocrx_word' id='word_1_484' title='bbox 1019 3573 1214 3627; x_wconf 85' lang='lat' dir='ltr'>regem</span> <span class='ocrx_word' id='word_1_485' title='bbox 1289 3573 1351 3609; x_wconf 90' lang='lat' dir='ltr'>ac</span> <span class='ocrx_word' id='word_1_486' title='bbox 1410 3554 1629 3609; x_wconf 88' lang='lat' dir='ltr'>futuros</span> <span class='ocrx_word' id='word_1_487' title='bbox 1696 3562 1827 3609; x_wconf 59' lang='lat' dir='ltr'>aeta-</span> 
     </span>
    </p>
   </div>
   <div class='ocr_carea' id='block_1_62' title="bbox 191 3649 1829 3723">
    <p class='ocr_par' dir='ltr' id='par_1_62' title="bbox 191 3649 1829 3723">
     <span class='ocr_line' id='line_1_63' title="bbox 191 3649 1829 3723; baseline -0.003 -15"><span class='ocrx_word' id='word_1_488' title='bbox 191 3660 316 3708; x_wconf 88' lang='lat' dir='ltr'>tum</span> <span class='ocrx_word' id='word_1_489' title='bbox 368 3651 731 3723; x_wconf 87' lang='lat' dir='ltr'>sequentium</span> <span class='ocrx_word' id='word_1_490' title='bbox 793 3650 1078 3720; x_wconf 86' lang='lat' dir='ltr'>principes</span> <span class='ocrx_word' id='word_1_491' title='bbox 1127 3650 1442 3703; x_wconf 82' lang='lat' dir='ltr'>humilitate</span> <span class='ocrx_word' id='word_1_492' title='bbox 1497 3649 1687 3703; x_wconf 85' lang='lat' dir='ltr'>debita</span> <span class='ocrx_word' id='word_1_493' title='bbox 1732 3649 1829 3703; x_wconf 89' lang='lat' dir='ltr'>de-</span> 
     </span>
    </p>
   </div>
   <div class='ocr_carea' id='block_1_63' title="bbox 190 3743 1829 3818">
    <p class='ocr_par' dir='ltr' id='par_1_63' title="bbox 190 3743 1829 3818">
     <span class='ocr_line' id='line_1_64' title="bbox 190 3743 1829 3818; baseline -0.002 -18"><span class='ocrx_word' id='word_1_494' title='bbox 190 3747 501 3818; x_wconf 82' lang='lat' dir='ltr'>poscimus,</span> <span class='ocrx_word' id='word_1_495' title='bbox 537 3747 597 3797; x_wconf 89' lang='lat' dir='ltr'>ut</span> <span class='ocrx_word' id='word_1_496' title='bbox 628 3743 906 3798; x_wconf 86' lang='lat' dir='ltr'>moderati</span> <span class='ocrx_word' id='word_1_497' title='bbox 938 3747 994 3796; x_wconf 87' lang='lat' dir='ltr'>et</span> <span class='ocrx_word' id='word_1_498' title='bbox 1033 3743 1199 3797; x_wconf 87' lang='lat' dir='ltr'>mites</span> <span class='ocrx_word' id='word_1_499' title='bbox 1239 3760 1374 3814; x_wconf 84' lang='lat' dir='ltr'>erga</span> <span class='ocrx_word' id='word_1_500' title='bbox 1414 3743 1692 3813; x_wconf 88' lang='lat' dir='ltr'>subjectos</span> <span class='ocrx_word' id='word_1_501' title='bbox 1730 3760 1829 3797; x_wconf 88' lang='lat' dir='ltr'>ex-</span> 
     </span>
    </p>
   </div>
   <div class='ocr_carea' id='block_1_64' title="bbox 186 3837 1828 3908">
    <p class='ocr_par' dir='ltr' id='par_1_64' title="bbox 186 3837 1828 3908">
     <span class='ocr_line' id='line_1_65' title="bbox 186 3837 1828 3908; baseline -0.002 -13"><span class='ocrx_word' id='word_1_502' title='bbox 186 3839 445 3903; x_wconf 85' lang='lat' dir='ltr'>istentes,</span> <span class='ocrx_word' id='word_1_503' title='bbox 479 3854 608 3893; x_wconf 92' lang='lat' dir='ltr'>cum</span> <span class='ocrx_word' id='word_1_504' title='bbox 632 3837 851 3908; x_wconf 76' lang='lat' dir='ltr'>justitia</span> <span class='ocrx_word' id='word_1_505' title='bbox 881 3843 936 3891; x_wconf 89' lang='lat' dir='ltr'>et</span> <span class='ocrx_word' id='word_1_506' title='bbox 974 3837 1180 3908; x_wconf 83' lang='lat' dir='ltr'>pietate</span> <span class='ocrx_word' id='word_1_507' title='bbox 1224 3837 1465 3907; x_wconf 84' lang='lat' dir='ltr'>pOpulos</span> <span class='ocrx_word' id='word_1_508' title='bbox 1501 3855 1534 3890; x_wconf 86' lang='lat' dir='ltr'>a</span> <span class='ocrx_word' id='word_1_509' title='bbox 1576 3839 1687 3891; x_wconf 89' lang='lat' dir='ltr'>Deo</span> <span class='ocrx_word' id='word_1_510' title='bbox 1732 3854 1828 3891; x_wconf 90' lang='lat' dir='ltr'>vo-</span> 
     </span>
    </p>
   </div>
   <div class='ocr_carea' id='block_1_65' title="bbox 187 3928 1833 4003">
    <p class='ocr_par' dir='ltr' id='par_1_65' title="bbox 187 3928 1833 4003">
     <span class='ocr_line' id='line_1_66' title="bbox 187 3928 1833 4003; baseline -0.002 -15"><span class='ocrx_word' id='word_1_511' title='bbox 187 3932 277 3988; x_wconf 85' lang='lat' dir='ltr'>bis</span> <span class='ocrx_word' id='word_1_512' title='bbox 316 3932 566 3988; x_wconf 87' lang='lat' dir='ltr'>creditos</span> <span class='ocrx_word' id='word_1_513' title='bbox 596 3933 827 4003; x_wconf 73' lang='lat' dir='ltr'>regatis,</span> <span class='ocrx_word' id='word_1_514' title='bbox 860 3931 1186 4001; x_wconf 87' lang='lat' dir='ltr'>bonamque</span> <span class='ocrx_word' id='word_1_515' title='bbox 1236 3930 1682 3984; x_wconf 87' lang='lat' dir='ltr'>vicissitudinem</span> <span class='ocrx_word' id='word_1_516' title='bbox 1733 3928 1833 4002; x_wconf 89' lang='lat' dir='ltr'>qui</span> 
     </span>
    </p>
   </div>
   <div class='ocr_carea' id='block_1_66' title="bbox 188 4023 1835 4095">
    <p class='ocr_par' dir='ltr' id='par_1_66' title="bbox 188 4023 1835 4095">
     <span class='ocr_line' id='line_1_67' title="bbox 188 4023 1835 4095; baseline -0.001 -16"><span class='ocrx_word' id='word_1_517' title='bbox 188 4042 289 4081; x_wconf 87' lang='lat' dir='ltr'>vos</span> <span class='ocrx_word' id='word_1_518' title='bbox 317 4026 487 4081; x_wconf 90' lang='lat' dir='ltr'>nobis</span> <span class='ocrx_word' id='word_1_519' title='bbox 517 4025 811 4080; x_wconf 88' lang='lat' dir='ltr'>constituit</span> <span class='ocrx_word' id='word_1_520' title='bbox 842 4023 1096 4095; x_wconf 87' lang='lat' dir='ltr'>largitori</span> <span class='ocrx_word' id='word_1_521' title='bbox 1122 4023 1344 4078; x_wconf 89' lang='lat' dir='ltr'>Christo</span> <span class='ocrx_word' id='word_1_522' title='bbox 1376 4024 1716 4095; x_wconf 87' lang='lat' dir='ltr'>rependatis,</span> <span class='ocrx_word' id='word_1_523' title='bbox 1750 4041 1835 4078; x_wconf 92' lang='lat' dir='ltr'>re-</span> 
     </span>
    </p>
   </div>
   <div class='ocr_carea' id='block_1_67' title="bbox 191 4116 1833 4192">
    <p class='ocr_par' dir='ltr' id='par_1_67' title="bbox 191 4116 1833 4192">
     <span class='ocr_line' id='line_1_68' title="bbox 191 4116 1833 4192; baseline -0.001 -17"><span class='ocrx_word' id='word_1_524' title='bbox 191 4122 445 4192; x_wconf 89' lang='lat' dir='ltr'>gnantes</span> <span class='ocrx_word' id='word_1_525' title='bbox 512 4118 573 4172; x_wconf 88' lang='lat' dir='ltr'>in</span> <span class='ocrx_word' id='word_1_526' title='bbox 620 4118 942 4172; x_wconf 80' lang='lat' dir='ltr'>humilitate</span> <span class='ocrx_word' id='word_1_527' title='bbox 1005 4116 1191 4172; x_wconf 90' lang='lat' dir='ltr'>cordis</span> <span class='ocrx_word' id='word_1_528' title='bbox 1247 4133 1375 4171; x_wconf 89' lang='lat' dir='ltr'>cum</span> <span class='ocrx_word' id='word_1_529' title='bbox 1428 4118 1614 4173; x_wconf 84' lang='lat' dir='ltr'>studio</span> <span class='ocrx_word' id='word_1_530' title='bbox 1670 4118 1833 4173; x_wconf 79' lang='lat' dir='ltr'>home</span> 
     </span>
    </p>
   </div>
   <div class='ocr_carea' id='block_1_68' title="bbox 191 4212 1830 4283">
    <p class='ocr_par' dir='ltr' id='par_1_68' title="bbox 191 4212 1830 4283">
     <span class='ocr_line' id='line_1_69' title="bbox 191 4212 1830 4283; baseline -0.001 -15"><span class='ocrx_word' id='word_1_531' title='bbox 191 4214 460 4269; x_wconf 89' lang='lat' dir='ltr'>actionis.</span> <span class='ocrx_word' id='word_1_532' title='bbox 497 4213 608 4266; x_wconf 87' lang='lat' dir='ltr'>Nec</span> <span class='ocrx_word' id='word_1_533' title='bbox 639 4212 943 4283; x_wconf 88' lang='lat' dir='ltr'>quisquam</span> <span class='ocrx_word' id='word_1_534' title='bbox 969 4217 1218 4265; x_wconf 86' lang='lat' dir='ltr'>vestrum</span> <span class='ocrx_word' id='word_1_535' title='bbox 1247 4213 1394 4265; x_wconf 90' lang='lat' dir='ltr'>solus</span> <span class='ocrx_word' id='word_1_536' title='bbox 1431 4212 1491 4265; x_wconf 91' lang='lat' dir='ltr'>in</span> <span class='ocrx_word' id='word_1_537' title='bbox 1529 4229 1696 4265; x_wconf 78' lang='lat' dir='ltr'>causa</span> <span class='ocrx_word' id='word_1_538' title='bbox 1742 4228 1830 4267; x_wconf 92' lang='lat' dir='ltr'>ca-</span> 
     </span>
    </p>
   </div>
   <div class='ocr_carea' id='block_1_69' title="bbox 190 4304 1835 4379">
    <p class='ocr_par' dir='ltr' id='par_1_69' title="bbox 190 4304 1835 4379">
     <span class='ocr_line' id='line_1_70' title="bbox 190 4304 1835 4379; baseline -0.002 -17"><span class='ocrx_word' id='word_1_539' title='bbox 190 4308 439 4379; x_wconf 85' lang='lat' dir='ltr'>ptivum,</span> <span class='ocrx_word' id='word_1_540' title='bbox 484 4310 583 4360; x_wconf 90' lang='lat' dir='ltr'>aut</span> <span class='ocrx_word' id='word_1_541' title='bbox 632 4321 794 4359; x_wconf 90' lang='lat' dir='ltr'>reum</span> <span class='ocrx_word' id='word_1_542' title='bbox 843 4304 1125 4359; x_wconf 89' lang='lat' dir='ltr'>sententia</span> <span class='ocrx_word' id='word_1_543' title='bbox 1175 4305 1362 4374; x_wconf 89' lang='lat' dir='ltr'>feriat,</span> <span class='ocrx_word' id='word_1_544' title='bbox 1415 4306 1510 4360; x_wconf 90' lang='lat' dir='ltr'>sed</span> <span class='ocrx_word' id='word_1_545' title='bbox 1556 4322 1835 4360; x_wconf 84' lang='lat' dir='ltr'>consensu</span> 
     </span>
    </p>
   </div>
   <div class='ocr_carea' id='block_1_70' title="bbox 189 4397 1833 4473">
    <p class='ocr_par' dir='ltr' id='par_1_70' title="bbox 189 4397 1833 4473">
     <span class='ocr_line' id='line_1_71' title="bbox 189 4397 1833 4473; baseline -0.001 -18"><span class='ocrx_word' id='word_1_546' title='bbox 189 4402 428 4473; x_wconf 89' lang='lat' dir='ltr'>publico</span> <span class='ocrx_word' id='word_1_547' title='bbox 456 4414 589 4455; x_wconf 91' lang='lat' dir='ltr'>cum</span> <span class='ocrx_word' id='word_1_548' title='bbox 617 4399 928 4454; x_wconf 89' lang='lat' dir='ltr'>rectoribus</span> <span class='ocrx_word' id='word_1_549' title='bbox 955 4414 1018 4453; x_wconf 85' lang='lat' dir='ltr'>ex</span> <span class='ocrx_word' id='word_1_550' title='bbox 1059 4397 1273 4468; x_wconf 87' lang='lat' dir='ltr'>judicio</span> <span class='ocrx_word' id='word_1_551' title='bbox 1313 4400 1612 4454; x_wconf 85' lang='lat' dir='ltr'>manifesto</span> <span class='ocrx_word' id='word_1_552' title='bbox 1653 4400 1833 4455; x_wconf 89' lang='lat' dir='ltr'>delin-</span> 
     </span>
    </p>
   </div>
   <div class='ocr_carea' id='block_1_71' title="bbox 192 4492 1837 4568">
    <p class='ocr_par' dir='ltr' id='par_1_71' title="bbox 192 4492 1837 4568">
     <span class='ocr_line' id='line_1_72' title="bbox 192 4492 1837 4568; baseline -0.002 -18"><span class='ocrx_word' id='word_1_553' title='bbox 192 4495 505 4568; x_wconf 85' lang='lat' dir='ltr'>quentium</span> <span class='ocrx_word' id='word_1_554' title='bbox 539 4494 706 4564; x_wconf 88' lang='lat' dir='ltr'>culpa</span> <span class='ocrx_word' id='word_1_555' title='bbox 735 4498 980 4564; x_wconf 83' lang='lat' dir='ltr'>patescat</span> <span class='ocrx_word' id='word_1_556' title='bbox 1022 4498 1239 4547; x_wconf 87' lang='lat' dir='ltr'>servata</span> <span class='ocrx_word' id='word_1_557' title='bbox 1264 4510 1294 4545; x_wconf 87' lang='lat' dir='ltr'>a</span> <span class='ocrx_word' id='word_1_558' title='bbox 1331 4492 1492 4547; x_wconf 86' lang='lat' dir='ltr'>vobis</span> <span class='ocrx_word' id='word_1_559' title='bbox 1519 4494 1574 4547; x_wconf 91' lang='lat' dir='ltr'>in</span> <span class='ocrx_word' id='word_1_560' title='bbox 1607 4494 1837 4549; x_wconf 75' lang='lat' dir='ltr'>offensis</span> 
     </span>
    </p>
   </div>
   <div class='ocr_carea' id='block_1_72' title="bbox 1929 3276 3556 3346">
    <p class='ocr_par' dir='ltr' id='par_1_72' title="bbox 1929 3276 3556 3346">
     <span class='ocr_line' id='line_1_73' title="bbox 1929 3276 3556 3346; baseline 0.007 -16"><span class='ocrx_word' id='word_1_561' title='bbox 1929 3276 2239 3331; x_wconf 88' lang='lat' dir='ltr'>Sisenando</span> <span class='ocrx_word' id='word_1_562' title='bbox 2262 3276 2405 3345; x_wconf 75' lang='lat' dir='ltr'>regi,</span> <span class='ocrx_word' id='word_1_563' title='bbox 2437 3276 2597 3346; x_wconf 87' lang='lat' dir='ltr'>cujus</span> <span class='ocrx_word' id='word_1_564' title='bbox 2626 3278 2847 3332; x_wconf 88' lang='lat' dir='ltr'>devotio</span> <span class='ocrx_word' id='word_1_565' title='bbox 2882 3296 2984 3333; x_wconf 93' lang='lat' dir='ltr'>nos</span> <span class='ocrx_word' id='word_1_566' title='bbox 3014 3280 3086 3334; x_wconf 88' lang='lat' dir='ltr'>ad</span> <span class='ocrx_word' id='word_1_567' title='bbox 3125 3281 3232 3337; x_wconf 91' lang='lat' dir='ltr'>hoc</span> <span class='ocrx_word' id='word_1_568' title='bbox 3262 3284 3556 3341; x_wconf 87' lang='lat' dir='ltr'>decretum</span> 
     </span>
    </p>
   </div>
   <div class='ocr_carea' id='block_1_73' title="bbox 1930 3368 3558 3447">
    <p class='ocr_par' dir='ltr' id='par_1_73' title="bbox 1930 3368 3558 3447">
     <span class='ocr_line' id='line_1_74' title="bbox 1930 3368 3558 3447; baseline 0.009 -26"><span class='ocrx_word' id='word_1_569' title='bbox 1930 3368 2286 3423; x_wconf 87' lang='lat' dir='ltr'>salutiferum</span> <span class='ocrx_word' id='word_1_570' title='bbox 2316 3369 2661 3424; x_wconf 83' lang='lat' dir='ltr'>convocavit.</span> <span class='ocrx_word' id='word_1_571' title='bbox 2704 3372 3037 3427; x_wconf 87' lang='lat' dir='ltr'>Corroboret</span> <span class='ocrx_word' id='word_1_572' title='bbox 3072 3390 3208 3445; x_wconf 84' lang='lat' dir='ltr'>ergo</span> <span class='ocrx_word' id='word_1_573' title='bbox 3243 3378 3425 3447; x_wconf 86' lang='lat' dir='ltr'>gratia</span> <span class='ocrx_word' id='word_1_574' title='bbox 3464 3397 3558 3435; x_wconf 84' lang='lat' dir='ltr'>re-</span> 
     </span>
    </p>
   </div>
   <div class='ocr_carea' id='block_1_74' title="bbox 1932 3462 3554 3540">
    <p class='ocr_par' dir='ltr' id='par_1_74' title="bbox 1932 3462 3554 3540">
     <span class='ocr_line' id='line_1_75' title="bbox 1932 3462 3554 3540; baseline 0.007 -24"><span class='ocrx_word' id='word_1_575' title='bbox 1932 3479 2111 3531; x_wconf 89' lang='lat' dir='ltr'>gnum</span> <span class='ocrx_word' id='word_1_576' title='bbox 2142 3462 2309 3530; x_wconf 89' lang='lat' dir='ltr'>illius,</span> <span class='ocrx_word' id='word_1_577' title='bbox 2345 3466 2657 3533; x_wconf 83' lang='lat' dir='ltr'>gentesque</span> <span class='ocrx_word' id='word_1_578' title='bbox 2689 3465 2999 3520; x_wconf 89' lang='lat' dir='ltr'>Gothorum</span> <span class='ocrx_word' id='word_1_579' title='bbox 3034 3467 3091 3520; x_wconf 92' lang='lat' dir='ltr'>in</span> <span class='ocrx_word' id='word_1_580' title='bbox 3128 3468 3236 3523; x_wconf 87' lang='lat' dir='ltr'>ﬁde</span> <span class='ocrx_word' id='word_1_581' title='bbox 3262 3472 3554 3540; x_wconf 85' lang='lat' dir='ltr'>catholica,</span> 
     </span>
    </p>
   </div>
   <div class='ocr_carea' id='block_1_75' title="bbox 1929 3556 3553 3631">
    <p class='ocr_par' dir='ltr' id='par_1_75' title="bbox 1929 3556 3553 3631">
     <span class='ocr_line' id='line_1_76' title="bbox 1929 3556 3553 3631; baseline 0.008 -23"><span class='ocrx_word' id='word_1_582' title='bbox 1929 3556 2093 3609; x_wconf 89' lang='lat' dir='ltr'>annis</span> <span class='ocrx_word' id='word_1_583' title='bbox 2132 3558 2188 3609; x_wconf 89' lang='lat' dir='ltr'>et</span> <span class='ocrx_word' id='word_1_584' title='bbox 2221 3556 2438 3609; x_wconf 88' lang='lat' dir='ltr'>meritis</span> <span class='ocrx_word' id='word_1_585' title='bbox 2478 3561 2733 3627; x_wconf 85' lang='lat' dir='ltr'>protegat</span> <span class='ocrx_word' id='word_1_586' title='bbox 2767 3557 2927 3612; x_wconf 89' lang='lat' dir='ltr'>illum</span> <span class='ocrx_word' id='word_1_587' title='bbox 2965 3577 3140 3631; x_wconf 87' lang='lat' dir='ltr'>usque</span> <span class='ocrx_word' id='word_1_588' title='bbox 3180 3563 3252 3616; x_wconf 91' lang='lat' dir='ltr'>ad</span> <span class='ocrx_word' id='word_1_589' title='bbox 3290 3565 3553 3621; x_wconf 87' lang='lat' dir='ltr'>ultimam</span> 
     </span>
    </p>
   </div>
   <div class='ocr_carea' id='block_1_76' title="bbox 1932 3650 3558 3728">
    <p class='ocr_par' dir='ltr' id='par_1_76' title="bbox 1932 3650 3558 3728">
     <span class='ocr_line' id='line_1_77' title="bbox 1932 3650 3558 3728; baseline 0.008 -26"><span class='ocrx_word' id='word_1_590' title='bbox 1932 3652 2282 3702; x_wconf 87' lang='lat' dir='ltr'>senectutem</span> <span class='ocrx_word' id='word_1_591' title='bbox 2333 3650 2541 3703; x_wconf 82' lang='lat' dir='ltr'>summi</span> <span class='ocrx_word' id='word_1_592' title='bbox 2585 3651 2682 3703; x_wconf 85' lang='lat' dir='ltr'>Dei</span> <span class='ocrx_word' id='word_1_593' title='bbox 2733 3653 2951 3720; x_wconf 88' lang='lat' dir='ltr'>gratia,</span> <span class='ocrx_word' id='word_1_594' title='bbox 2995 3657 3052 3707; x_wconf 89' lang='lat' dir='ltr'>et</span> <span class='ocrx_word' id='word_1_595' title='bbox 3093 3659 3221 3725; x_wconf 87' lang='lat' dir='ltr'>post</span> <span class='ocrx_word' id='word_1_596' title='bbox 3267 3660 3558 3728; x_wconf 66' lang='lat' dir='ltr'>prmsentis</span> 
     </span>
    </p>
   </div>
   <div class='ocr_carea' id='block_1_77' title="bbox 1931 3742 3559 3819">
    <p class='ocr_par' dir='ltr' id='par_1_77' title="bbox 1931 3742 3559 3819">
     <span class='ocr_line' id='line_1_78' title="bbox 1931 3742 3559 3819; baseline 0.009 -24"><span class='ocrx_word' id='word_1_597' title='bbox 1931 3742 2094 3814; x_wconf 86' lang='lat' dir='ltr'>regni</span> <span class='ocrx_word' id='word_1_598' title='bbox 2128 3742 2369 3813; x_wconf 88' lang='lat' dir='ltr'>gloriam</span> <span class='ocrx_word' id='word_1_599' title='bbox 2397 3742 2469 3797; x_wconf 89' lang='lat' dir='ltr'>ad</span> <span class='ocrx_word' id='word_1_600' title='bbox 2490 3747 2767 3798; x_wconf 61' lang='lat' dir='ltr'>aeternum</span> <span class='ocrx_word' id='word_1_601' title='bbox 2798 3762 3041 3816; x_wconf 86' lang='lat' dir='ltr'>regnum</span> <span class='ocrx_word' id='word_1_602' title='bbox 3073 3751 3341 3819; x_wconf 88' lang='lat' dir='ltr'>transeat,</span> <span class='ocrx_word' id='word_1_603' title='bbox 3356 3756 3421 3807; x_wconf 92' lang='lat' dir='ltr'>ut</span> <span class='ocrx_word' id='word_1_604' title='bbox 3440 3753 3559 3809; x_wconf 90' lang='lat' dir='ltr'>sine</span> 
     </span>
    </p>
   </div>
   <div class='ocr_carea' id='block_1_78' title="bbox 1932 3836 3558 3919">
    <p class='ocr_par' dir='ltr' id='par_1_78' title="bbox 1932 3836 3558 3919">
     <span class='ocr_line' id='line_1_79' title="bbox 1932 3836 3558 3919; baseline 0.009 -31"><span class='ocrx_word' id='word_1_605' title='bbox 1932 3837 2045 3890; x_wconf 85' lang='lat' dir='ltr'>ﬁne</span> <span class='ocrx_word' id='word_1_606' title='bbox 2099 3839 2323 3907; x_wconf 84' lang='lat' dir='ltr'>regnet,</span> <span class='ocrx_word' id='word_1_607' title='bbox 2358 3836 2455 3907; x_wconf 90' lang='lat' dir='ltr'>qui</span> <span class='ocrx_word' id='word_1_608' title='bbox 2501 3836 2561 3891; x_wconf 90' lang='lat' dir='ltr'>in</span> <span class='ocrx_word' id='word_1_609' title='bbox 2604 3839 2811 3893; x_wconf 81' lang='lat' dir='ltr'>saeculo</span> <span class='ocrx_word' id='word_1_610' title='bbox 2847 3840 3088 3895; x_wconf 88' lang='lat' dir='ltr'>feliciter</span> <span class='ocrx_word' id='word_1_611' title='bbox 3130 3842 3393 3916; x_wconf 89' lang='lat' dir='ltr'>imperat,</span> <span class='ocrx_word' id='word_1_612' title='bbox 3434 3847 3558 3919; x_wconf 90' lang='lat' dir='ltr'>ipso</span> 
     </span>
    </p>
   </div>
   <div class='ocr_carea' id='block_1_79' title="bbox 1931 3930 3555 4002">
    <p class='ocr_par' dir='ltr' id='par_1_79' title="bbox 1931 3930 3555 4002">
     <span class='ocr_line' id='line_1_80' title="bbox 1931 3930 3555 4002; baseline 0.009 -20"><span class='ocrx_word' id='word_1_613' title='bbox 1931 3935 2235 4001; x_wconf 63' lang='lat' dir='ltr'>priestante</span> <span class='ocrx_word' id='word_1_614' title='bbox 2263 3930 2362 4000; x_wconf 88' lang='lat' dir='ltr'>qui</span> <span class='ocrx_word' id='word_1_615' title='bbox 2391 3932 2476 3983; x_wconf 88' lang='lat' dir='ltr'>est</span> <span class='ocrx_word' id='word_1_616' title='bbox 2510 3931 2627 3985; x_wconf 84' lang='lat' dir='ltr'>Rex</span> <span class='ocrx_word' id='word_1_617' title='bbox 2658 3948 2859 4002; x_wconf 89' lang='lat' dir='ltr'>regum</span> <span class='ocrx_word' id='word_1_618' title='bbox 2899 3938 2955 3987; x_wconf 83' lang='lat' dir='ltr'>et</span> <span class='ocrx_word' id='word_1_619' title='bbox 2992 3935 3263 3992; x_wconf 86' lang='lat' dir='ltr'>Dominus</span> <span class='ocrx_word' id='word_1_620' title='bbox 3300 3939 3555 3996; x_wconf 84' lang='lat' dir='ltr'>domino-</span> 
     </span>
    </p>
   </div>
   <div class='ocr_carea' id='block_1_80' title="bbox 1932 4025 3558 4095">
    <p class='ocr_par' dir='ltr' id='par_1_80' title="bbox 1932 4025 3558 4095">
     <span class='ocr_line' id='line_1_81' title="bbox 1932 4025 3558 4095; baseline 0.008 -18"><span class='ocrx_word' id='word_1_621' title='bbox 1932 4040 2061 4077; x_wconf 88' lang='lat' dir='ltr'>rum</span> <span class='ocrx_word' id='word_1_622' title='bbox 2100 4041 2230 4078; x_wconf 88' lang='lat' dir='ltr'>cum</span> <span class='ocrx_word' id='word_1_623' title='bbox 2269 4026 2429 4078; x_wconf 88' lang='lat' dir='ltr'>Patre</span> <span class='ocrx_word' id='word_1_624' title='bbox 2468 4029 2525 4079; x_wconf 90' lang='lat' dir='ltr'>et</span> <span class='ocrx_word' id='word_1_625' title='bbox 2560 4025 2775 4095; x_wconf 90' lang='lat' dir='ltr'>Spiritu</span> <span class='ocrx_word' id='word_1_626' title='bbox 2818 4034 3010 4083; x_wconf 87' lang='lat' dir='ltr'>sancto</span> <span class='ocrx_word' id='word_1_627' title='bbox 3042 4030 3101 4083; x_wconf 92' lang='lat' dir='ltr'>in</span> <span class='ocrx_word' id='word_1_628' title='bbox 3139 4033 3341 4087; x_wconf 59' lang='lat' dir='ltr'>saecula</span> <span class='ocrx_word' id='word_1_629' title='bbox 3382 4051 3558 4090; x_wconf 71' lang='lat' dir='ltr'>smcu-</span> 
     </span>
    </p>
   </div>
   <div class='ocr_carea' id='block_1_81' title="bbox 1932 4117 3561 4199">
    <p class='ocr_par' dir='ltr' id='par_1_81' title="bbox 1932 4117 3561 4199">
     <span class='ocr_line' id='line_1_82' title="bbox 1932 4117 3561 4199; baseline 0.009 -28"><span class='ocrx_word' id='word_1_630' title='bbox 1932 4117 2138 4172; x_wconf 90' lang='lat' dir='ltr'>lorum.</span> <span class='ocrx_word' id='word_1_631' title='bbox 2190 4120 2393 4172; x_wconf 85' lang='lat' dir='ltr'>Amen.</span> <span class='ocrx_word' id='word_1_632' title='bbox 2434 4117 2689 4173; x_wconf 88' lang='lat' dir='ltr'>Deﬁnitis</span> <span class='ocrx_word' id='word_1_633' title='bbox 2736 4119 2926 4192; x_wconf 81' lang='lat' dir='ltr'>itaque</span> <span class='ocrx_word' id='word_1_634' title='bbox 2976 4123 3065 4176; x_wconf 92' lang='lat' dir='ltr'>his</span> <span class='ocrx_word' id='word_1_635' title='bbox 3123 4141 3251 4196; x_wconf 67' lang='lat' dir='ltr'>quae</span> <span class='ocrx_word' id='word_1_636' title='bbox 3299 4129 3561 4199; x_wconf 85' lang='lat' dir='ltr'>superius</span> 
     </span>
    </p>
   </div>
   <div class='ocr_carea' id='block_1_82' title="bbox 1934 4212 3560 4294">
    <p class='ocr_par' dir='ltr' id='par_1_82' title="bbox 1934 4212 3560 4294">
     <span class='ocr_line' id='line_1_83' title="bbox 1934 4212 3560 4294; baseline 0.009 -29"><span class='ocrx_word' id='word_1_637' title='bbox 1934 4212 2347 4282; x_wconf 88' lang='lat' dir='ltr'>comprehensa</span> <span class='ocrx_word' id='word_1_638' title='bbox 2375 4216 2525 4280; x_wconf 90' lang='lat' dir='ltr'>sunt,</span> <span class='ocrx_word' id='word_1_639' title='bbox 2540 4218 2826 4268; x_wconf 88' lang='lat' dir='ltr'>annuente</span> <span class='ocrx_word' id='word_1_640' title='bbox 2848 4215 3271 4287; x_wconf 87' lang='lat' dir='ltr'>religiosissimo</span> <span class='ocrx_word' id='word_1_641' title='bbox 3284 4221 3560 4294; x_wconf 87' lang='lat' dir='ltr'>principe,</span> 
     </span>
    </p>
   </div>
   <div class='ocr_carea' id='block_1_83' title="bbox 1934 4305 3564 4382">
    <p class='ocr_par' dir='ltr' id='par_1_83' title="bbox 1934 4305 3564 4382">
     <span class='ocr_line' id='line_1_84' title="bbox 1934 4305 3564 4382; baseline 0.007 -23"><span class='ocrx_word' id='word_1_642' title='bbox 1934 4305 2151 4376; x_wconf 88' lang='lat' dir='ltr'>placuit</span> <span class='ocrx_word' id='word_1_643' title='bbox 2171 4305 2372 4359; x_wconf 88' lang='lat' dir='ltr'>deinde</span> <span class='ocrx_word' id='word_1_644' title='bbox 2395 4307 2547 4360; x_wconf 88' lang='lat' dir='ltr'>nulla</span> <span class='ocrx_word' id='word_1_645' title='bbox 2570 4324 2630 4361; x_wconf 89' lang='lat' dir='ltr'>re</span> <span class='ocrx_word' id='word_1_646' title='bbox 2650 4306 2996 4379; x_wconf 88' lang='lat' dir='ltr'>impediente</span> <span class='ocrx_word' id='word_1_647' title='bbox 3024 4327 3057 4364; x_wconf 87' lang='lat' dir='ltr'>a</span> <span class='ocrx_word' id='word_1_648' title='bbox 3082 4313 3333 4382; x_wconf 90' lang='lat' dir='ltr'>quolibet</span> <span class='ocrx_word' id='word_1_649' title='bbox 3347 4318 3564 4372; x_wconf 85' lang='lat' dir='ltr'>nostro-</span> 
     </span>
    </p>
   </div>
   <div class='ocr_carea' id='block_1_84' title="bbox 1935 4400 3560 4470">
    <p class='ocr_par' dir='ltr' id='par_1_84' title="bbox 1935 4400 3560 4470">
     <span class='ocr_line' id='line_1_85' title="bbox 1935 4400 3560 4470; baseline 0.007 -17"><span class='ocrx_word' id='word_1_650' title='bbox 1935 4414 2067 4453; x_wconf 91' lang='lat' dir='ltr'>rum</span> <span class='ocrx_word' id='word_1_651' title='bbox 2096 4415 2222 4468; x_wconf 84' lang='lat' dir='ltr'>quae</span> <span class='ocrx_word' id='word_1_652' title='bbox 2251 4400 2555 4455; x_wconf 87' lang='lat' dir='ltr'>constituta</span> <span class='ocrx_word' id='word_1_653' title='bbox 2580 4404 2712 4454; x_wconf 88' lang='lat' dir='ltr'>sunt</span> <span class='ocrx_word' id='word_1_654' title='bbox 2738 4402 3030 4470; x_wconf 89' lang='lat' dir='ltr'>temerari,</span> <span class='ocrx_word' id='word_1_655' title='bbox 3061 4405 3157 4459; x_wconf 91' lang='lat' dir='ltr'>sed</span> <span class='ocrx_word' id='word_1_656' title='bbox 3185 4414 3386 4463; x_wconf 88' lang='lat' dir='ltr'>cuncta</span> <span class='ocrx_word' id='word_1_657' title='bbox 3409 4411 3560 4465; x_wconf 85' lang='lat' dir='ltr'>salu-</span> 
     </span>
    </p>
   </div>
   <div class='ocr_carea' id='block_1_85' title="bbox 1934 4491 3562 4568">
    <p class='ocr_par' dir='ltr' id='par_1_85' title="bbox 1934 4491 3562 4568">
     <span class='ocr_line' id='line_1_86' title="bbox 1934 4491 3562 4568; baseline 0.007 -22"><span class='ocrx_word' id='word_1_658' title='bbox 1934 4491 2025 4547; x_wconf 89' lang='lat' dir='ltr'>bri</span> <span class='ocrx_word' id='word_1_659' title='bbox 2053 4491 2292 4545; x_wconf 91' lang='lat' dir='ltr'>concilio</span> <span class='ocrx_word' id='word_1_660' title='bbox 2318 4493 2657 4547; x_wconf 88' lang='lat' dir='ltr'>conservari.</span> <span class='ocrx_word' id='word_1_661' title='bbox 2691 4495 2759 4549; x_wconf 89' lang='lat' dir='ltr'>Et</span> <span class='ocrx_word' id='word_1_662' title='bbox 2787 4495 2917 4566; x_wconf 88' lang='lat' dir='ltr'>quia</span> <span class='ocrx_word' id='word_1_663' title='bbox 2947 4499 3293 4568; x_wconf 86' lang='lat' dir='ltr'>profectibus</span> <span class='ocrx_word' id='word_1_664' title='bbox 3319 4503 3562 4558; x_wconf 77' lang='lat' dir='ltr'>ecclesim</span> 
     </span>
    </p>
   </div>
   <div class='ocr_carea' id='block_1_86' title="bbox 190 4585 3559 4665">
    <p class='ocr_par' dir='ltr' id='par_1_86' title="bbox 190 4585 3559 4665">
     <span class='ocr_line' id='line_1_87' title="bbox 190 4585 3559 4665; baseline 0.002 -21"><span class='ocrx_word' id='word_1_665' title='bbox 190 4588 665 4655; x_wconf 87' lang='lat' dir='ltr'>mansuetudine,</span> <span class='ocrx_word' id='word_1_666' title='bbox 686 4592 745 4641; x_wconf 91' lang='lat' dir='ltr'>ut</span> <span class='ocrx_word' id='word_1_667' title='bbox 767 4604 877 4641; x_wconf 89' lang='lat' dir='ltr'>non</span> <span class='ocrx_word' id='word_1_668' title='bbox 914 4587 1211 4641; x_wconf 85' lang='lat' dir='ltr'>severitate</span> <span class='ocrx_word' id='word_1_669' title='bbox 1240 4588 1422 4657; x_wconf 83' lang='lat' dir='ltr'>magis</span> <span class='ocrx_word' id='word_1_670' title='bbox 1450 4587 1507 4640; x_wconf 92' lang='lat' dir='ltr'>in</span> <span class='ocrx_word' id='word_1_671' title='bbox 1538 4587 1647 4641; x_wconf 90' lang='lat' dir='ltr'>illis</span> <span class='ocrx_word' id='word_1_672' title='bbox 1668 4588 1917 4661; x_wconf 84' lang='lat' dir='ltr'>quamD</span> <span class='ocrx_word' id='word_1_673' title='bbox 1940 4590 1997 4642; x_wconf 87' lang='lat' dir='ltr'>et</span> <span class='ocrx_word' id='word_1_674' title='bbox 2042 4585 2249 4640; x_wconf 73' lang='lat' dir='ltr'>animae</span> <span class='ocrx_word' id='word_1_675' title='bbox 2295 4589 2503 4641; x_wconf 57' lang='lat' dir='ltr'>nostra</span> <span class='ocrx_word' id='word_1_676' title='bbox 2544 4588 2909 4656; x_wconf 90' lang='lat' dir='ltr'>conveniunt,</span> <span class='ocrx_word' id='word_1_677' title='bbox 2953 4591 3121 4646; x_wconf 86' lang='lat' dir='ltr'>etiam</span> <span class='ocrx_word' id='word_1_678' title='bbox 3161 4594 3390 4665; x_wconf 88' lang='lat' dir='ltr'>propria</span> <span class='ocrx_word' id='word_1_679' title='bbox 3430 4597 3559 4652; x_wconf 86' lang='lat' dir='ltr'>sub-</span> 
     </span>
    </p>
   </div>
   <div class='ocr_carea' id='block_1_87' title="bbox 186 4680 1833 4754">
    <p class='ocr_par' dir='ltr' id='par_1_87' title="bbox 186 4680 1833 4754">
     <span class='ocr_line' id='line_1_88' title="bbox 186 4680 1833 4754; baseline 0 -17"><span class='ocrx_word' id='word_1_680' title='bbox 186 4681 560 4754; x_wconf 85' lang='lat' dir='ltr'>indulgentia</span> <span class='ocrx_word' id='word_1_681' title='bbox 579 4681 852 4752; x_wconf 82' lang='lat' dir='ltr'>polleatis,</span> <span class='ocrx_word' id='word_1_682' title='bbox 871 4685 927 4735; x_wconf 90' lang='lat' dir='ltr'>et</span> <span class='ocrx_word' id='word_1_683' title='bbox 948 4681 1081 4735; x_wconf 90' lang='lat' dir='ltr'>dum</span> <span class='ocrx_word' id='word_1_684' title='bbox 1109 4680 1300 4734; x_wconf 88' lang='lat' dir='ltr'>omnia</span> <span class='ocrx_word' id='word_1_685' title='bbox 1325 4681 1441 4734; x_wconf 72' lang='lat' dir='ltr'>tunc</span> <span class='ocrx_word' id='word_1_686' title='bbox 1463 4686 1693 4737; x_wconf 89' lang='lat' dir='ltr'>auctore</span> <span class='ocrx_word' id='word_1_687' title='bbox 1716 4684 1833 4737; x_wconf 90' lang='lat' dir='ltr'>Deo</span> 
     </span>
    </p>
   </div>
   <div class='ocr_carea' id='block_1_88' title="bbox 185 4774 1833 4848">
    <p class='ocr_par' dir='ltr' id='par_1_88' title="bbox 185 4774 1833 4848">
     <span class='ocr_line' id='line_1_89' title="bbox 185 4774 1833 4848; baseline 0.001 -19"><span class='ocrx_word' id='word_1_688' title='bbox 185 4776 283 4848; x_wconf 88' lang='lat' dir='ltr'>pio</span> <span class='ocrx_word' id='word_1_689' title='bbox 313 4794 349 4831; x_wconf 84' lang='lat' dir='ltr'>a</span> <span class='ocrx_word' id='word_1_690' title='bbox 384 4775 547 4830; x_wconf 90' lang='lat' dir='ltr'>vobis</span> <span class='ocrx_word' id='word_1_691' title='bbox 574 4774 969 4829; x_wconf 86' lang='lat' dir='ltr'>moderamine</span> <span class='ocrx_word' id='word_1_692' title='bbox 1018 4780 1441 4843; x_wconf 83' lang='lat' dir='ltr'>conserventur,</span> <span class='ocrx_word' id='word_1_693' title='bbox 1477 4779 1532 4828; x_wconf 90' lang='lat' dir='ltr'>et</span> <span class='ocrx_word' id='word_1_694' title='bbox 1576 4792 1741 4845; x_wconf 82' lang='lat' dir='ltr'>reges</span> <span class='ocrx_word' id='word_1_695' title='bbox 1773 4777 1833 4830; x_wconf 92' lang='lat' dir='ltr'>in</span> 
     </span>
    </p>
   </div>
   <div class='ocr_carea' id='block_1_89' title="bbox 183 4868 1833 4941">
    <p class='ocr_par' dir='ltr' id='par_1_89' title="bbox 183 4868 1833 4941">
     <span class='ocr_line' id='line_1_90' title="bbox 183 4868 1833 4941; baseline -0.001 -17"><span class='ocrx_word' id='word_1_696' title='bbox 183 4869 439 4941; x_wconf 87' lang='lat' dir='ltr'>populis,</span> <span class='ocrx_word' id='word_1_697' title='bbox 491 4871 549 4922; x_wconf 92' lang='lat' dir='ltr'>et</span> <span class='ocrx_word' id='word_1_698' title='bbox 589 4868 783 4939; x_wconf 90' lang='lat' dir='ltr'>populi</span> <span class='ocrx_word' id='word_1_699' title='bbox 815 4868 871 4921; x_wconf 89' lang='lat' dir='ltr'>in</span> <span class='ocrx_word' id='word_1_700' title='bbox 914 4869 1163 4940; x_wconf 84' lang='lat' dir='ltr'>regibus,</span> <span class='ocrx_word' id='word_1_701' title='bbox 1198 4871 1254 4921; x_wconf 88' lang='lat' dir='ltr'>et</span> <span class='ocrx_word' id='word_1_702' title='bbox 1296 4870 1440 4922; x_wconf 83' lang='lat' dir='ltr'>Deus</span> <span class='ocrx_word' id='word_1_703' title='bbox 1479 4868 1537 4921; x_wconf 92' lang='lat' dir='ltr'>in</span> <span class='ocrx_word' id='word_1_704' title='bbox 1580 4868 1833 4940; x_wconf 90' lang='lat' dir='ltr'>utrisque</span> 
     </span>
    </p>
   </div>
   <div class='ocr_carea' id='block_1_90' title="bbox 184 4962 1833 5033">
    <p class='ocr_par' dir='ltr' id='par_1_90' title="bbox 184 4962 1833 5033">
     <span class='ocr_line' id='line_1_91' title="bbox 184 4962 1833 5033; baseline -0.001 -15"><span class='ocrx_word' id='word_1_705' title='bbox 184 4964 439 5018; x_wconf 76' lang='lat' dir='ltr'>laetetur.</span> <span class='ocrx_word' id='word_1_706' title='bbox 483 4964 630 5017; x_wconf 89' lang='lat' dir='ltr'>Sane</span> <span class='ocrx_word' id='word_1_707' title='bbox 677 4963 745 5017; x_wconf 90' lang='lat' dir='ltr'>de</span> <span class='ocrx_word' id='word_1_708' title='bbox 785 4962 989 5016; x_wconf 88' lang='lat' dir='ltr'>futuris</span> <span class='ocrx_word' id='word_1_709' title='bbox 1033 4963 1265 5033; x_wconf 87' lang='lat' dir='ltr'>regibus</span> <span class='ocrx_word' id='word_1_710' title='bbox 1304 4962 1448 5015; x_wconf 87' lang='lat' dir='ltr'>hanc</span> <span class='ocrx_word' id='word_1_711' title='bbox 1495 4962 1833 5017; x_wconf 89' lang='lat' dir='ltr'>sententiam</span> 
     </span>
    </p>
   </div>
   <div class='ocr_carea' id='block_1_91' title="bbox 185 5056 1833 5130">
    <p class='ocr_par' dir='ltr' id='par_1_91' title="bbox 185 5056 1833 5130">
     <span class='ocr_line' id='line_1_92' title="bbox 185 5056 1833 5130; baseline -0.001 -17"><span class='ocrx_word' id='word_1_712' title='bbox 185 5056 663 5130; x_wconf 90' lang='lat' dir='ltr'>promulgamus,</span> <span class='ocrx_word' id='word_1_713' title='bbox 695 5059 758 5110; x_wconf 89' lang='lat' dir='ltr'>ut</span> <span class='ocrx_word' id='word_1_714' title='bbox 782 5056 825 5110; x_wconf 89' lang='lat' dir='ltr'>si</span> <span class='ocrx_word' id='word_1_715' title='bbox 865 5056 991 5128; x_wconf 90' lang='lat' dir='ltr'>quis</span> <span class='ocrx_word' id='word_1_716' title='bbox 1017 5072 1081 5112; x_wconf 84' lang='lat' dir='ltr'>ex</span> <span class='ocrx_word' id='word_1_717' title='bbox 1117 5056 1196 5111; x_wconf 89' lang='lat' dir='ltr'>eis</span> <span class='ocrx_word' id='word_1_718' title='bbox 1224 5060 1422 5111; x_wconf 89' lang='lat' dir='ltr'>contra</span> <span class='ocrx_word' id='word_1_719' title='bbox 1458 5056 1833 5112; x_wconf 88' lang='lat' dir='ltr'>reverentiam</span> 
     </span>
    </p>
   </div>
   <div class='ocr_carea' id='block_1_92' title="bbox 189 5228 3263 5253">
    <p class='ocr_par' dir='ltr' id='par_1_92' title="bbox 189 5228 3263 5253">
     <span class='ocr_line' id='line_1_93' title="bbox 189 5228 3263 5253; baseline 0.001 -8"><span class='ocrx_word' id='word_1_720' title='bbox 189 5228 3263 5253; x_wconf 45' lang='lat' dir='ltr'>mw”</span> 
     </span>
    </p>
   </div>
   <div class='ocr_carea' id='block_1_93' title="bbox 1933 4680 3562 4758">
    <p class='ocr_par' dir='ltr' id='par_1_93' title="bbox 1933 4680 3562 4758">
     <span class='ocr_line' id='line_1_94' title="bbox 1933 4680 3562 4758; baseline 0.007 -23"><span class='ocrx_word' id='word_1_721' title='bbox 1933 4680 2241 4751; x_wconf 90' lang='lat' dir='ltr'>scriptione</span> <span class='ocrx_word' id='word_1_722' title='bbox 2275 4680 2357 4749; x_wconf 89' lang='lat' dir='ltr'>(ut</span> <span class='ocrx_word' id='word_1_723' title='bbox 2376 4681 2768 4753; x_wconf 90' lang='lat' dir='ltr'>permaneant)</span> <span class='ocrx_word' id='word_1_724' title='bbox 2802 4684 3288 4758; x_wconf 85' lang='lat' dir='ltr'>roboramus.Ego</span> <span class='ocrx_word' id='word_1_725' title='bbox 3315 4688 3562 4746; x_wconf 89' lang='lat' dir='ltr'>Isidorus</span> 
     </span>
    </p>
   </div>
   <div class='ocr_carea' id='block_1_94' title="bbox 1933 4773 3564 4854">
    <p class='ocr_par' dir='ltr' id='par_1_94' title="bbox 1933 4773 3564 4854">
     <span class='ocr_line' id='line_1_95' title="bbox 1933 4773 3564 4854; baseline 0.007 -25"><span class='ocrx_word' id='word_1_726' title='bbox 1933 4775 1990 4829; x_wconf 92' lang='lat' dir='ltr'>in</span> <span class='ocrx_word' id='word_1_727' title='bbox 2018 4773 2224 4831; x_wconf 91' lang='lat' dir='ltr'>Christi</span> <span class='ocrx_word' id='word_1_728' title='bbox 2255 4774 2485 4828; x_wconf 91' lang='lat' dir='ltr'>nomine</span> <span class='ocrx_word' id='word_1_729' title='bbox 2515 4775 2798 4846; x_wconf 89' lang='lat' dir='ltr'>Spalensis</span> <span class='ocrx_word' id='word_1_730' title='bbox 2819 4778 3068 4833; x_wconf 66' lang='lat' dir='ltr'>ecclesia:</span> <span class='ocrx_word' id='word_1_731' title='bbox 3090 4780 3564 4854; x_wconf 87' lang='lat' dir='ltr'>metropolitanus</span> 
     </span>
    </p>
   </div>
   <div class='ocr_carea' id='block_1_95' title="bbox 1934 4867 3566 4944">
    <p class='ocr_par' dir='ltr' id='par_1_95' title="bbox 1934 4867 3566 4944">
     <span class='ocr_line' id='line_1_96' title="bbox 1934 4867 3566 4944; baseline 0.007 -21"><span class='ocrx_word' id='word_1_732' title='bbox 1934 4867 2230 4939; x_wconf 92' lang='lat' dir='ltr'>episcopus</span> <span class='ocrx_word' id='word_1_733' title='bbox 2278 4868 2401 4923; x_wconf 68' lang='lat' dir='ltr'>haec</span> <span class='ocrx_word' id='word_1_734' title='bbox 2441 4868 2785 4925; x_wconf 90' lang='lat' dir='ltr'>constituens</span> <span class='ocrx_word' id='word_1_735' title='bbox 2823 4871 3149 4944; x_wconf 89' lang='lat' dir='ltr'>subscripsi.</span> <span class='ocrx_word' id='word_1_736' title='bbox 3198 4874 3475 4933; x_wconf 87' lang='lat' dir='ltr'>Similiter</span> <span class='ocrx_word' id='word_1_737' title='bbox 3508 4885 3566 4936; x_wconf 90' lang='lat' dir='ltr'>et</span> 
     </span>
    </p>
   </div>
   <div class='ocr_carea' id='block_1_96' title="bbox 1932 4961 3454 5041">
    <p class='ocr_par' dir='ltr' id='par_1_96' title="bbox 1932 4961 3454 5041">
     <span class='ocr_line' id='line_1_97' title="bbox 1932 4961 3454 5041; baseline 0.009 -26"><span class='ocrx_word' id='word_1_738' title='bbox 1932 4961 2027 5017; x_wconf 87' lang='lat' dir='ltr'>alii</span> <span class='ocrx_word' id='word_1_739' title='bbox 2049 4961 2295 5033; x_wconf 89' lang='lat' dir='ltr'>episcopi</span> <span class='ocrx_word' id='word_1_740' title='bbox 2323 4962 2775 5035; x_wconf 89' lang='lat' dir='ltr'>subscripserunt</span> <span class='ocrx_word' id='word_1_741' title='bbox 2793 4981 3033 5022; x_wconf 84' lang='lat' dir='ltr'>numero</span> <span class='ocrx_word' id='word_1_742' title='bbox 3061 4967 3454 5041; x_wconf 88' lang='lat' dir='ltr'>quadraginta.</span> 
     </span>
    </p>
   </div>
   <div class='ocr_carea' id='block_1_97' title="bbox 904 5372 2880 5456">
    <p class='ocr_par' dir='ltr' id='par_1_97' title="bbox 904 5372 2880 5456">
     <span class='ocr_line' id='line_1_98' title="bbox 904 5372 2880 5456; baseline -0.001 -11"><span class='ocrx_word' id='word_1_743' title='bbox 904 5378 1301 5447; x_wconf 85' lang='lat' dir='ltr'><strong>INCIPIUNT</strong></span> <span class='ocrx_word' id='word_1_744' title='bbox 1344 5376 1732 5447; x_wconf 85' lang='lat' dir='ltr'>CAPITULA</span> <span class='ocrx_word' id='word_1_745' title='bbox 1778 5377 2109 5448; x_wconf 84' lang='lat' dir='ltr'>CONCILII</span> <span class='ocrx_word' id='word_1_746' title='bbox 2154 5372 2544 5444; x_wconf 87' lang='lat' dir='ltr'><strong>TOLETANI</strong></span> <span class='ocrx_word' id='word_1_747' title='bbox 2591 5377 2880 5456; x_wconf 88' lang='lat' dir='ltr'>QUINTI.</span> 
     </span>
    </p>
   </div>
   <div class='ocr_carea' id='block_1_98' title="bbox 1092 5528 2684 5615">
    <p class='ocr_par' dir='ltr' id='par_1_98' title="bbox 1092 5528 2684 5615">
     <span class='ocr_line' id='line_1_99' title="bbox 1092 5528 2684 5615; baseline -0.004 -15"><span class='ocrx_word' id='word_1_748' title='bbox 1092 5534 1322 5600; x_wconf 76' lang='lat' dir='ltr'>Habiti</span> <span class='ocrx_word' id='word_1_749' title='bbox 1345 5549 1482 5600; x_wconf 65' lang='lat' dir='ltr'>aera</span> <span class='ocrx_word' id='word_1_750' title='bbox 1513 5553 1814 5612; x_wconf 81' lang='lat' dir='ltr'>DLxxxw,</span> <span class='ocrx_word' id='word_1_751' title='bbox 1849 5552 2022 5598; x_wconf 84' lang='lat' dir='ltr'>anno</span> <span class='ocrx_word' id='word_1_752' title='bbox 2046 5534 2257 5615; x_wconf 74' lang='lat' dir='ltr'>primi</span> <span class='ocrx_word' id='word_1_753' title='bbox 2283 5528 2684 5596; x_wconf 77' lang='lat' dir='ltr'>Chz‘ntz‘llam’.</span> 
     </span>
    </p>
   </div>
   <div class='ocr_carea' id='block_1_99' title="bbox 272 5712 1502 5774">
    <p class='ocr_par' dir='ltr' id='par_1_99' title="bbox 272 5712 1502 5774">
     <span class='ocr_line' id='line_1_100' title="bbox 272 5712 1502 5774; baseline 0.002 -4"><span class='ocrx_word' id='word_1_754' title='bbox 272 5719 328 5771; x_wconf 77' lang='lat' dir='ltr'>l.</span> <span class='ocrx_word' id='word_1_755' title='bbox 360 5715 437 5771; x_wconf 89' lang='lat' dir='ltr'>De</span> <span class='ocrx_word' id='word_1_756' title='bbox 466 5712 828 5770; x_wconf 86' lang='lat' dir='ltr'>institutione</span> <span class='ocrx_word' id='word_1_757' title='bbox 857 5732 1129 5773; x_wconf 91' lang='lat' dir='ltr'>novarum</span> <span class='ocrx_word' id='word_1_758' title='bbox 1155 5717 1502 5774; x_wconf 88' lang='lat' dir='ltr'>litaniarum.</span> 
     </span>
    </p>
   </div>
   <div class='ocr_carea' id='block_1_100' title="bbox 265 5808 1845 5883">
    <p class='ocr_par' dir='ltr' id='par_1_100' title="bbox 265 5808 1845 5883">
     <span class='ocr_line' id='line_1_101' title="bbox 265 5808 1845 5883; baseline 0 -18"><span class='ocrx_word' id='word_1_759' title='bbox 265 5813 327 5865; x_wconf 84' lang='lat'>2.</span> <span class='ocrx_word' id='word_1_760' title='bbox 360 5809 441 5865; x_wconf 91' lang='lat' dir='ltr'>De</span> <span class='ocrx_word' id='word_1_761' title='bbox 465 5808 727 5864; x_wconf 87' lang='lat' dir='ltr'>custodia</span> <span class='ocrx_word' id='word_1_762' title='bbox 764 5809 958 5865; x_wconf 91' lang='lat' dir='ltr'>salutis</span> <span class='ocrx_word' id='word_1_763' title='bbox 990 5828 1196 5883; x_wconf 89' lang='lat' dir='ltr'>regum</span> <span class='ocrx_word' id='word_1_764' title='bbox 1228 5815 1285 5867; x_wconf 90' lang='lat' dir='ltr'>et</span> <span class='ocrx_word' id='word_1_765' title='bbox 1313 5811 1645 5869; x_wconf 81' lang='lat' dir='ltr'>defensione</span> <span class='ocrx_word' id='word_1_766' title='bbox 1672 5811 1845 5883; x_wconf 88' lang='lat' dir='ltr'>prolis</span> 
     </span>
    </p>
   </div>
   <div class='ocr_carea' id='block_1_101' title="bbox 189 5898 908 5976">
    <p class='ocr_par' dir='ltr' id='par_1_101' title="bbox 189 5898 908 5976">
     <span class='ocr_line' id='line_1_102' title="bbox 189 5898 908 5976; baseline -0.001 -15"><span class='ocrx_word' id='word_1_767' title='bbox 189 5902 535 5962; x_wconf 79' lang='lat' dir='ltr'>absentium</span> <span class='ocrx_word' id='word_1_768' title='bbox 564 5898 908 5976; x_wconf 86' lang='lat' dir='ltr'>principum.</span> 
     </span>
    </p>
   </div>
   <div class='ocr_carea' id='block_1_102' title="bbox 617 6000 1167 6068">
    <p class='ocr_par' dir='ltr' id='par_1_102' title="bbox 617 6000 1167 6068">
     <span class='ocr_line' id='line_1_103' title="bbox 617 6000 1167 6068; baseline 0.004 -2"><span class='ocrx_word' id='word_1_769' title='bbox 617 6000 891 6067; x_wconf 57' lang='lat' dir='ltr'>Parnm“</span> <span class='ocrx_word' id='word_1_770' title='bbox 945 6001 1167 6068; x_wconf 84' lang='lat' dir='ltr'>CXXX.</span> 
     </span>
    </p>
   </div>
   <div class='ocr_carea' id='block_1_103' title="bbox 2013 5713 3568 5792">
    <p class='ocr_par' dir='ltr' id='par_1_103' title="bbox 2013 5713 3568 5792">
     <span class='ocr_line' id='line_1_104' title="bbox 2013 5713 3568 5792; baseline 0.005 -21"><span class='ocrx_word' id='word_1_771' title='bbox 2013 5719 2065 5772; x_wconf 85' lang='lat'>3.</span> <span class='ocrx_word' id='word_1_772' title='bbox 2100 5715 2175 5771; x_wconf 91' lang='lat' dir='ltr'>De</span> <span class='ocrx_word' id='word_1_773' title='bbox 2207 5713 2605 5787; x_wconf 85' lang='lat' dir='ltr'>reprobatione</span> <span class='ocrx_word' id='word_1_774' title='bbox 2642 5728 3013 5789; x_wconf 87' lang='lat' dir='ltr'>personarum</span> <span class='ocrx_word' id='word_1_775' title='bbox 3042 5736 3168 5791; x_wconf 83' lang='lat' dir='ltr'>quae</span> <span class='ocrx_word' id='word_1_776' title='bbox 3193 5716 3568 5792; x_wconf 87' lang='lat' dir='ltr'>prohibentur</span> 
     </span>
    </p>
   </div>
   <div class='ocr_carea' id='block_1_104' title="bbox 1943 5808 2469 5881">
    <p class='ocr_par' dir='ltr' id='par_1_104' title="bbox 1943 5808 2469 5881">
     <span class='ocr_line' id='line_1_105' title="bbox 1943 5808 2469 5881; baseline 0 -18"><span class='ocrx_word' id='word_1_777' title='bbox 1943 5808 2178 5881; x_wconf 87' lang='lat' dir='ltr'>adipisci</span> <span class='ocrx_word' id='word_1_778' title='bbox 2207 5824 2469 5880; x_wconf 83' lang='lat' dir='ltr'>regnum.</span> 
     </span>
    </p>
   </div>
   <div class='ocr_carea' id='block_1_105' title="bbox 2016 5902 3567 5979">
    <p class='ocr_par' dir='ltr' id='par_1_105' title="bbox 2016 5902 3567 5979">
     <span class='ocr_line' id='line_1_106' title="bbox 2016 5902 3567 5979; baseline 0.006 -21"><span class='ocrx_word' id='word_1_779' title='bbox 2016 5904 2068 5958; x_wconf 82' lang='grc'>4.</span> <span class='ocrx_word' id='word_1_780' title='bbox 2093 5905 2170 5959; x_wconf 90' lang='lat' dir='ltr'>De</span> <span class='ocrx_word' id='word_1_781' title='bbox 2199 5902 2284 5957; x_wconf 89' lang='lat' dir='ltr'>bis</span> <span class='ocrx_word' id='word_1_782' title='bbox 2310 5902 2404 5976; x_wconf 85' lang='lat' dir='ltr'>qui</span> <span class='ocrx_word' id='word_1_783' title='bbox 2433 5902 2537 5957; x_wconf 83' lang='lat' dir='ltr'>sibi</span> <span class='ocrx_word' id='word_1_784' title='bbox 2564 5903 2937 5959; x_wconf 83' lang='lat' dir='ltr'>blandiuntur</span> <span class='ocrx_word' id='word_1_785' title='bbox 2955 5919 3054 5977; x_wconf 87' lang='lat' dir='ltr'>spe</span> <span class='ocrx_word' id='word_1_786' title='bbox 3080 5920 3213 5973; x_wconf 86' lang='lat' dir='ltr'>rege</span> <span class='ocrx_word' id='word_1_787' title='bbox 3239 5911 3567 5979; x_wconf 82' lang='lat' dir='ltr'>superstite.</span> 
     </span>
    </p>
   </div>
   <div class='ocr_carea' id='block_1_106' title="bbox 3102 6009 3175 6065">
    <p class='ocr_par' dir='ltr' id='par_1_106' title="bbox 3102 6009 3175 6065">
     <span class='ocr_line' id='line_1_107' title="bbox 3102 6009 3175 6065; baseline 0.014 -1"><span class='ocrx_word' id='word_1_788' title='bbox 3102 6009 3175 6065; x_wconf 79' lang='lat' dir='ltr'>iti</span> 
     </span>
    </p>
   </div>
   <div class='ocr_carea' id='block_1_107' title="bbox 3442 354 3627 421">
    <p class='ocr_par' dir='ltr' id='par_1_107' title="bbox 3442 354 3627 421">
     <span class='ocr_line' id='line_1_108' title="bbox 3442 354 3627 421; baseline 0.005 -1"><span class='ocrx_word' id='word_1_789' title='bbox 3442 354 3544 421; x_wconf 63' lang='lat'>482</span> <span class='ocrx_word' id='word_1_790' title='bbox 3622 418 3627 421; x_wconf 87' lang='lat'><em>_</em></span> 
     </span>
    </p>
   </div>
  </div>
