  <div class='ocr_page' id='page_1' title='image "/cluster/home/n/w/nwhite01/storage/ocr_20150623/130/umn.319510024774230/315.png"; bbox 0 0 4032 6294; ppageno 0'>
   <div class='ocr_carea' id='block_1_1' title="bbox 461 336 563 408">
    <p class='ocr_par' dir='ltr' id='par_1_1' title="bbox 461 336 563 408">
     <span class='ocr_line' id='line_1_1' title="bbox 461 336 563 408; baseline -0.01 0"><span class='ocrx_word' id='word_1_1' title='bbox 461 336 563 408; x_wconf 59' lang='lat' dir='ltr'>tsi!</span> 
     </span>
    </p>
   </div>
   <div class='ocr_carea' id='block_1_2' title="bbox 1352 324 2933 401">
    <p class='ocr_par' dir='ltr' id='par_1_2' title="bbox 1352 324 2933 401">
     <span class='ocr_line' id='line_1_2' title="bbox 1352 324 2933 401; baseline -0.008 0"><span class='ocrx_word' id='word_1_2' title='bbox 1352 330 1632 401; x_wconf 67' lang='lat' dir='ltr'>Arriano.</span> <span class='ocrx_word' id='word_1_3' title='bbox 1672 324 1760 399; x_wconf 82' lang='lat' dir='ltr'>AI)</span> <span class='ocrx_word' id='word_1_4' title='bbox 1797 342 1957 398; x_wconf 59' lang='lat' dir='ltr'>sne.</span> <span class='ocrx_word' id='word_1_5' title='bbox 1998 340 2186 396; x_wconf 85' lang='lat' dir='ltr'>1x.—</span> <span class='ocrx_word' id='word_1_6' title='bbox 2223 336 2472 395; x_wconf 83' lang='lat' dir='ltr'><strong>ISIDORI</strong></span> <span class='ocrx_word' id='word_1_7' title='bbox 2512 324 2933 393; x_wconf 82' lang='lat' dir='ltr'>MERCATORIS</span> 
     </span>
    </p>
   </div>
   <div class='ocr_carea' id='block_1_3' title="bbox 3710 305 3819 379">
    <p class='ocr_par' dir='ltr' id='par_1_3' title="bbox 3710 305 3819 379">
     <span class='ocr_line' id='line_1_3' title="bbox 3710 305 3819 379; baseline 0 0"><span class='ocrx_word' id='word_1_8' title='bbox 3710 305 3819 379; x_wconf 62' lang='lat' dir='ltr'>tat</span> 
     </span>
    </p>
   </div>
   <div class='ocr_carea' id='block_1_4' title="bbox 534 433 3822 533">
    <p class='ocr_par' dir='ltr' id='par_1_4' title="bbox 534 433 3822 533">
     <span class='ocr_line' id='line_1_4' title="bbox 534 433 3822 533; baseline -0.009 -17"><span class='ocrx_word' id='word_1_9' title='bbox 534 464 586 516; x_wconf 78' lang='lat'><strong>5.</strong></span> <span class='ocrx_word' id='word_1_10' title='bbox 654 460 728 513; x_wconf 90' lang='lat' dir='ltr'>De</span> <span class='ocrx_word' id='word_1_11' title='bbox 791 452 879 513; x_wconf 87' lang='lat' dir='ltr'>his</span> <span class='ocrx_word' id='word_1_12' title='bbox 941 448 1040 529; x_wconf 92' lang='lat' dir='ltr'>qui</span> <span class='ocrx_word' id='word_1_13' title='bbox 1109 453 1389 528; x_wconf 87' lang='lat' dir='ltr'>principes</span> <span class='ocrx_word' id='word_1_14' title='bbox 1455 450 1796 508; x_wconf 83' lang='lat' dir='ltr'>maledicere</span> <span class='ocrx_word' id='word_1_15' title='bbox 1860 465 2081 523; x_wconf 80' lang='lat' dir='ltr'>praesu-</span> <span class='ocrx_word' id='word_1_16' title='bbox 2106 446 2575 533; x_wconf 69' lang='lat' dir='ltr'>Aprobationem</span> <span class='ocrx_word' id='word_1_17' title='bbox 2619 444 2769 499; x_wconf 84' lang='lat' dir='ltr'>vocis</span> <span class='ocrx_word' id='word_1_18' title='bbox 2806 442 2953 498; x_wconf 90' lang='lat' dir='ltr'>clare</span> <span class='ocrx_word' id='word_1_19' title='bbox 2996 438 3068 496; x_wconf 93' lang='lat' dir='ltr'>ob</span> <span class='ocrx_word' id='word_1_20' title='bbox 3112 435 3429 494; x_wconf 77' lang='lat' dir='ltr'>custodiam</span> <span class='ocrx_word' id='word_1_21' title='bbox 3468 434 3555 490; x_wconf 92' lang='lat' dir='ltr'>sui</span> <span class='ocrx_word' id='word_1_22' title='bbox 3599 433 3822 489; x_wconf 85' lang='lat' dir='ltr'>cunctis</span> 
     </span>
    </p>
   </div>
   <div class='ocr_carea' id='block_1_5' title="bbox 462 557 651 609">
    <p class='ocr_par' dir='ltr' id='par_1_5' title="bbox 462 557 651 609">
     <span class='ocr_line' id='line_1_5' title="bbox 462 557 651 609; baseline 0 -1"><span class='ocrx_word' id='word_1_23' title='bbox 462 557 651 609; x_wconf 90' lang='lat' dir='ltr'>munt.</span> 
     </span>
    </p>
   </div>
   <div class='ocr_carea' id='block_1_6' title="bbox 537 638 2087 716">
    <p class='ocr_par' dir='ltr' id='par_1_6' title="bbox 537 638 2087 716">
     <span class='ocr_line' id='line_1_6' title="bbox 537 638 2087 716; baseline -0.007 -15"><span class='ocrx_word' id='word_1_24' title='bbox 537 650 588 702; x_wconf 90' lang='lat'>6.</span> <span class='ocrx_word' id='word_1_25' title='bbox 620 647 689 701; x_wconf 94' lang='lat' dir='ltr'>Ut</span> <span class='ocrx_word' id='word_1_26' title='bbox 742 660 944 716; x_wconf 88' lang='lat' dir='ltr'>regum</span> <span class='ocrx_word' id='word_1_27' title='bbox 983 642 1177 698; x_wconf 80' lang='lat' dir='ltr'>fideles</span> <span class='ocrx_word' id='word_1_28' title='bbox 1233 658 1267 696; x_wconf 88' lang='lat' dir='ltr'>a</span> <span class='ocrx_word' id='word_1_29' title='bbox 1305 638 1721 696; x_wconf 82' lang='lat' dir='ltr'>successoribus</span> <span class='ocrx_word' id='word_1_30' title='bbox 1757 654 1960 709; x_wconf 89' lang='lat' dir='ltr'>regum</span> <span class='ocrx_word' id='word_1_31' title='bbox 1995 652 2087 690; x_wconf 89' lang='lat' dir='ltr'>re-</span> 
     </span>
    </p>
   </div>
   <div class='ocr_carea' id='block_1_7' title="bbox 465 731 2017 811">
    <p class='ocr_par' dir='ltr' id='par_1_7' title="bbox 465 731 2017 811">
     <span class='ocr_line' id='line_1_7' title="bbox 465 731 2017 811; baseline -0.006 -16"><span class='ocrx_word' id='word_1_32' title='bbox 465 757 595 796; x_wconf 91' lang='lat' dir='ltr'>rum</span> <span class='ocrx_word' id='word_1_33' title='bbox 619 739 750 811; x_wconf 85' lang='lat' dir='ltr'>jure</span> <span class='ocrx_word' id='word_1_34' title='bbox 774 754 893 793; x_wconf 92' lang='lat' dir='ltr'>non</span> <span class='ocrx_word' id='word_1_35' title='bbox 920 737 1256 792; x_wconf 83' lang='lat' dir='ltr'>fraudentur</span> <span class='ocrx_word' id='word_1_36' title='bbox 1281 751 1387 805; x_wconf 92' lang='lat' dir='ltr'>pro</span> <span class='ocrx_word' id='word_1_37' title='bbox 1409 733 1692 789; x_wconf 80' lang='lat' dir='ltr'>servitutis</span> <span class='ocrx_word' id='word_1_38' title='bbox 1729 731 2017 787; x_wconf 89' lang='lat' dir='ltr'>mercede.</span> 
     </span>
    </p>
   </div>
   <div class='ocr_carea' id='block_1_8' title="bbox 540 824 2094 895">
    <p class='ocr_par' dir='ltr' id='par_1_8' title="bbox 540 824 2094 895">
     <span class='ocr_line' id='line_1_8' title="bbox 540 824 2094 895; baseline -0.006 -9"><span class='ocrx_word' id='word_1_39' title='bbox 540 838 591 887; x_wconf 91' lang='lat'>7.</span> <span class='ocrx_word' id='word_1_40' title='bbox 641 830 803 895; x_wconf 87' lang='lat' dir='ltr'>Quod</span> <span class='ocrx_word' id='word_1_41' title='bbox 859 830 917 884; x_wconf 94' lang='lat' dir='ltr'>in</span> <span class='ocrx_word' id='word_1_42' title='bbox 966 827 1294 884; x_wconf 86' lang='lat' dir='ltr'>celebritate</span> <span class='ocrx_word' id='word_1_43' title='bbox 1344 832 1678 882; x_wconf 89' lang='lat' dir='ltr'>cunctorum</span> <span class='ocrx_word' id='word_1_44' title='bbox 1727 824 2094 879; x_wconf 90' lang='lat' dir='ltr'>conciliorum</span> 
     </span>
    </p>
   </div>
   <div class='ocr_carea' id='block_1_9' title="bbox 467 916 2097 996">
    <p class='ocr_par' dir='ltr' id='par_1_9' title="bbox 467 916 2097 996">
     <span class='ocr_line' id='line_1_9' title="bbox 467 916 2097 996; baseline -0.006 -16"><span class='ocrx_word' id='word_1_45' title='bbox 467 924 716 996; x_wconf 80' lang='lat' dir='ltr'>synodus</span> <span class='ocrx_word' id='word_1_46' title='bbox 754 924 1025 979; x_wconf 84' lang='lat' dir='ltr'>Toletana</span> <span class='ocrx_word' id='word_1_47' title='bbox 1054 920 1404 992; x_wconf 84' lang='lat' dir='ltr'>temporibus</span> <span class='ocrx_word' id='word_1_48' title='bbox 1434 918 1726 975; x_wconf 89' lang='lat' dir='ltr'>Sisenandi</span> <span class='ocrx_word' id='word_1_49' title='bbox 1762 916 1957 972; x_wconf 89' lang='lat' dir='ltr'>habita</span> <span class='ocrx_word' id='word_1_50' title='bbox 1994 931 2097 988; x_wconf 91' lang='lat' dir='ltr'>per</span> 
     </span>
    </p>
   </div>
   <div class='ocr_carea' id='block_1_10' title="bbox 2188 540 2788 596">
    <p class='ocr_par' dir='ltr' id='par_1_10' title="bbox 2188 540 2788 596">
     <span class='ocr_line' id='line_1_10' title="bbox 2188 540 2788 596; baseline -0.01 1"><span class='ocrx_word' id='word_1_51' title='bbox 2188 541 2391 596; x_wconf 86' lang='lat' dir='ltr'>debeat</span> <span class='ocrx_word' id='word_1_52' title='bbox 2417 540 2788 594; x_wconf 89' lang='lat' dir='ltr'>innotescere.</span> 
     </span>
    </p>
   </div>
   <div class='ocr_carea' id='block_1_11' title="bbox 2259 624 3625 704">
    <p class='ocr_par' dir='ltr' id='par_1_11' title="bbox 2259 624 3625 704">
     <span class='ocr_line' id='line_1_11' title="bbox 2259 624 3625 704; baseline -0.011 -14"><span class='ocrx_word' id='word_1_53' title='bbox 2259 638 2311 690; x_wconf 91' lang='lat'>8.</span> <span class='ocrx_word' id='word_1_54' title='bbox 2344 637 2421 690; x_wconf 93' lang='lat' dir='ltr'>De</span> <span class='ocrx_word' id='word_1_55' title='bbox 2445 631 2805 704; x_wconf 82' lang='lat' dir='ltr'>indulgentia</span> <span class='ocrx_word' id='word_1_56' title='bbox 2823 628 3147 701; x_wconf 89' lang='lat' dir='ltr'>principum</span> <span class='ocrx_word' id='word_1_57' title='bbox 3174 624 3357 680; x_wconf 79' lang='lat' dir='ltr'>noxiis</span> <span class='ocrx_word' id='word_1_58' title='bbox 3382 625 3625 678; x_wconf 89' lang='lat' dir='ltr'>servata.</span> 
     </span>
    </p>
   </div>
   <div class='ocr_carea' id='block_1_12' title="bbox 2262 713 3828 795">
    <p class='ocr_par' dir='ltr' id='par_1_12' title="bbox 2262 713 3828 795">
     <span class='ocr_line' id='line_1_12' title="bbox 2262 713 3828 795; baseline -0.01 -13"><span class='ocrx_word' id='word_1_59' title='bbox 2262 730 2313 782; x_wconf 85' lang='lat'>9.</span> <span class='ocrx_word' id='word_1_60' title='bbox 2365 729 2444 782; x_wconf 92' lang='lat' dir='ltr'>De</span> <span class='ocrx_word' id='word_1_61' title='bbox 2492 726 2685 781; x_wconf 83' lang='lat' dir='ltr'>favore</span> <span class='ocrx_word' id='word_1_62' title='bbox 2753 722 3078 795; x_wconf 89' lang='lat' dir='ltr'>principum</span> <span class='ocrx_word' id='word_1_63' title='bbox 3142 719 3360 774; x_wconf 87' lang='lat' dir='ltr'>concilii</span> <span class='ocrx_word' id='word_1_64' title='bbox 3417 713 3828 771; x_wconf 84' lang='lat' dir='ltr'>acclamatione</span> 
     </span>
    </p>
   </div>
   <div class='ocr_carea' id='block_1_13' title="bbox 2191 836 2475 877">
    <p class='ocr_par' dir='ltr' id='par_1_13' title="bbox 2191 836 2475 877">
     <span class='ocr_line' id='line_1_13' title="bbox 2191 836 2475 877; baseline -0.007 0"><span class='ocrx_word' id='word_1_65' title='bbox 2191 836 2475 877; x_wconf 72' lang='lat'>00008830.</span> 
     </span>
    </p>
   </div>
   <div class='ocr_carea' id='block_1_14' title="bbox 909 1186 3384 1309">
    <p class='ocr_par' dir='ltr' id='par_1_14' title="bbox 909 1186 3384 1309">
     <span class='ocr_line' id='line_1_14' title="bbox 909 1186 3384 1309; baseline -0.008 -8"><span class='ocrx_word' id='word_1_66' title='bbox 909 1207 1324 1301; x_wconf 84' lang='lat' dir='ltr'><strong>INCIPIT</strong></span> <span class='ocrx_word' id='word_1_67' title='bbox 1393 1204 2008 1301; x_wconf 86' lang='lat' dir='ltr'>CONCILIUM</span> <span class='ocrx_word' id='word_1_68' title='bbox 2075 1197 2767 1297; x_wconf 89' lang='lat' dir='ltr'>TOLETANUM</span> <span class='ocrx_word' id='word_1_69' title='bbox 2835 1186 3384 1309; x_wconf 86' lang='lat' dir='ltr'>QUINTUM.</span> 
     </span>
    </p>
   </div>
   <div class='ocr_carea' id='block_1_15' title="bbox 543 1386 2100 1464">
    <p class='ocr_par' dir='ltr' id='par_1_15' title="bbox 543 1386 2100 1464">
     <span class='ocr_line' id='line_1_15' title="bbox 543 1386 2100 1464; baseline -0.005 -17"><span class='ocrx_word' id='word_1_70' title='bbox 543 1393 706 1464; x_wconf 79' lang='lat' dir='ltr'>Apud</span> <span class='ocrx_word' id='word_1_71' title='bbox 768 1391 969 1446; x_wconf 87' lang='lat' dir='ltr'>urbem</span> <span class='ocrx_word' id='word_1_72' title='bbox 1014 1391 1344 1445; x_wconf 89' lang='lat' dir='ltr'>Toletanam</span> <span class='ocrx_word' id='word_1_73' title='bbox 1405 1389 1638 1444; x_wconf 88' lang='lat' dir='ltr'>diversis</span> <span class='ocrx_word' id='word_1_74' title='bbox 1684 1405 1753 1443; x_wconf 85' lang='lat' dir='ltr'>ex</span> <span class='ocrx_word' id='word_1_75' title='bbox 1803 1386 2100 1459; x_wconf 83' lang='lat' dir='ltr'>provinciis</span> 
     </span>
    </p>
   </div>
   <div class='ocr_carea' id='block_1_16' title="bbox 474 1480 2101 1557">
    <p class='ocr_par' dir='ltr' id='par_1_16' title="bbox 474 1480 2101 1557">
     <span class='ocr_line' id='line_1_16' title="bbox 474 1480 2101 1557; baseline -0.005 -16"><span class='ocrx_word' id='word_1_76' title='bbox 474 1485 760 1557; x_wconf 66' lang='lat' dir='ltr'>Hispaniae</span> <span class='ocrx_word' id='word_1_77' title='bbox 789 1485 1104 1540; x_wconf 87' lang='lat' dir='ltr'>sacerdotes</span> <span class='ocrx_word' id='word_1_78' title='bbox 1129 1483 1347 1538; x_wconf 87' lang='lat' dir='ltr'>Domini</span> <span class='ocrx_word' id='word_1_79' title='bbox 1381 1482 1479 1553; x_wconf 91' lang='lat' dir='ltr'>qui</span> <span class='ocrx_word' id='word_1_80' title='bbox 1504 1482 1562 1536; x_wconf 92' lang='lat' dir='ltr'>in</span> <span class='ocrx_word' id='word_1_81' title='bbox 1583 1498 1699 1536; x_wconf 90' lang='lat' dir='ltr'>uno</span> <span class='ocrx_word' id='word_1_82' title='bbox 1728 1480 1879 1552; x_wconf 91' lang='lat' dir='ltr'>pacis</span> <span class='ocrx_word' id='word_1_83' title='bbox 1915 1480 2101 1534; x_wconf 90' lang='lat' dir='ltr'>osculo</span> 
     </span>
    </p>
   </div>
   <div class='ocr_carea' id='block_1_17' title="bbox 472 1571 2104 1647">
    <p class='ocr_par' dir='ltr' id='par_1_17' title="bbox 472 1571 2104 1647">
     <span class='ocr_line' id='line_1_17' title="bbox 472 1571 2104 1647; baseline -0.004 -14"><span class='ocrx_word' id='word_1_84' title='bbox 472 1581 529 1635; x_wconf 91' lang='lat' dir='ltr'>in</span> <span class='ocrx_word' id='word_1_85' title='bbox 580 1578 814 1633; x_wconf 88' lang='lat' dir='ltr'>basilica</span> <span class='ocrx_word' id='word_1_86' title='bbox 866 1582 1079 1632; x_wconf 76' lang='lat' dir='ltr'>sanctae</span> <span class='ocrx_word' id='word_1_87' title='bbox 1139 1575 1403 1647; x_wconf 82' lang='lat' dir='ltr'>martyris</span> <span class='ocrx_word' id='word_1_88' title='bbox 1464 1574 1796 1629; x_wconf 73' lang='lat' dir='ltr'>Leochadias</span> <span class='ocrx_word' id='word_1_89' title='bbox 1856 1571 2104 1628; x_wconf 86' lang='lat' dir='ltr'>consedi-</span> 
     </span>
    </p>
   </div>
   <div class='ocr_carea' id='block_1_18' title="bbox 475 1665 2100 1742">
    <p class='ocr_par' dir='ltr' id='par_1_18' title="bbox 475 1665 2100 1742">
     <span class='ocr_line' id='line_1_18' title="bbox 475 1665 2100 1742; baseline -0.005 -16"><span class='ocrx_word' id='word_1_90' title='bbox 475 1689 605 1726; x_wconf 89' lang='lat' dir='ltr'>mus</span> <span class='ocrx_word' id='word_1_91' title='bbox 637 1671 949 1742; x_wconf 80' lang='lat' dir='ltr'>gratiarum</span> <span class='ocrx_word' id='word_1_92' title='bbox 988 1670 1236 1725; x_wconf 87' lang='lat' dir='ltr'>actiones</span> <span class='ocrx_word' id='word_1_93' title='bbox 1270 1668 1647 1739; x_wconf 88' lang='lat' dir='ltr'>omnipotenti</span> <span class='ocrx_word' id='word_1_94' title='bbox 1682 1669 1795 1722; x_wconf 93' lang='lat' dir='ltr'>Deo</span> <span class='ocrx_word' id='word_1_95' title='bbox 1829 1665 2100 1738; x_wconf 87' lang='lat' dir='ltr'>persolvi-</span> 
     </span>
    </p>
   </div>
   <div class='ocr_carea' id='block_1_19' title="bbox 477 1759 2105 1836">
    <p class='ocr_par' dir='ltr' id='par_1_19' title="bbox 477 1759 2105 1836">
     <span class='ocr_line' id='line_1_19' title="bbox 477 1759 2105 1836; baseline -0.005 -16"><span class='ocrx_word' id='word_1_96' title='bbox 477 1782 627 1832; x_wconf 87' lang='lat' dir='ltr'>mus,</span> <span class='ocrx_word' id='word_1_97' title='bbox 659 1767 895 1836; x_wconf 86' lang='lat' dir='ltr'>propter</span> <span class='ocrx_word' id='word_1_98' title='bbox 921 1780 1080 1817; x_wconf 86' lang='lat' dir='ltr'>suam</span> <span class='ocrx_word' id='word_1_99' title='bbox 1122 1761 1570 1817; x_wconf 89' lang='lat' dir='ltr'>misericordiam</span> <span class='ocrx_word' id='word_1_100' title='bbox 1620 1777 1913 1832; x_wconf 89' lang='lat' dir='ltr'>magnam,</span> <span class='ocrx_word' id='word_1_101' title='bbox 1947 1759 2105 1830; x_wconf 89' lang='lat' dir='ltr'>cujus</span> 
     </span>
    </p>
   </div>
   <div class='ocr_carea' id='block_1_20' title="bbox 2202 1367 3836 1451">
    <p class='ocr_par' dir='ltr' id='par_1_20' title="bbox 2202 1367 3836 1451">
     <span class='ocr_line' id='line_1_20' title="bbox 2202 1367 3836 1451; baseline -0.011 -12"><span class='ocrx_word' id='word_1_102' title='bbox 2202 1385 2305 1440; x_wconf 89' lang='lat' dir='ltr'>sita</span> <span class='ocrx_word' id='word_1_103' title='bbox 2340 1381 2586 1437; x_wconf 83' lang='lat' dir='ltr'>laedendi</span> <span class='ocrx_word' id='word_1_104' title='bbox 2624 1396 2722 1435; x_wconf 89' lang='lat' dir='ltr'>eos</span> <span class='ocrx_word' id='word_1_105' title='bbox 2756 1378 3103 1451; x_wconf 70' lang='lat' dir='ltr'>prtebeatur,</span> <span class='ocrx_word' id='word_1_106' title='bbox 3132 1391 3239 1430; x_wconf 90' lang='lat' dir='ltr'>nec</span> <span class='ocrx_word' id='word_1_107' title='bbox 3272 1386 3613 1445; x_wconf 91' lang='lat' dir='ltr'>quocunque</span> <span class='ocrx_word' id='word_1_108' title='bbox 3652 1367 3836 1423; x_wconf 91' lang='lat' dir='ltr'>modo</span> 
     </span>
    </p>
   </div>
   <div class='ocr_carea' id='block_1_21' title="bbox 2203 1464 3832 1549">
    <p class='ocr_par' dir='ltr' id='par_1_21' title="bbox 2203 1464 3832 1549">
     <span class='ocr_line' id='line_1_21' title="bbox 2203 1464 3832 1549; baseline -0.01 -17"><span class='ocrx_word' id='word_1_109' title='bbox 2203 1476 2546 1549; x_wconf 85' lang='lat' dir='ltr'>quibuslibet</span> <span class='ocrx_word' id='word_1_110' title='bbox 2614 1474 2783 1529; x_wconf 91' lang='lat' dir='ltr'>rebus</span> <span class='ocrx_word' id='word_1_111' title='bbox 2830 1474 3023 1543; x_wconf 90' lang='lat' dir='ltr'>spreta</span> <span class='ocrx_word' id='word_1_112' title='bbox 3076 1466 3381 1524; x_wconf 90' lang='lat' dir='ltr'>dilectione</span> <span class='ocrx_word' id='word_1_113' title='bbox 3433 1464 3832 1520; x_wconf 88' lang='lat' dir='ltr'>molestentur.</span> 
     </span>
    </p>
   </div>
   <div class='ocr_carea' id='block_1_22' title="bbox 2203 1554 3839 1634">
    <p class='ocr_par' dir='ltr' id='par_1_22' title="bbox 2203 1554 3839 1634">
     <span class='ocr_line' id='line_1_22' title="bbox 2203 1554 3839 1634; baseline -0.011 -8"><span class='ocrx_word' id='word_1_114' title='bbox 2203 1573 2332 1626; x_wconf 74' lang='lat' dir='ltr'>Haec</span> <span class='ocrx_word' id='word_1_115' title='bbox 2372 1570 2526 1624; x_wconf 90' lang='lat' dir='ltr'>enim</span> <span class='ocrx_word' id='word_1_116' title='bbox 2563 1567 2793 1622; x_wconf 88' lang='lat' dir='ltr'>licentia</span> <span class='ocrx_word' id='word_1_117' title='bbox 2822 1565 2999 1620; x_wconf 86' lang='lat' dir='ltr'>efﬁcit</span> <span class='ocrx_word' id='word_1_118' title='bbox 3039 1568 3097 1618; x_wconf 89' lang='lat' dir='ltr'>et</span> <span class='ocrx_word' id='word_1_119' title='bbox 3132 1560 3414 1634; x_wconf 90' lang='lat' dir='ltr'>principes</span> <span class='ocrx_word' id='word_1_120' title='bbox 3460 1558 3522 1613; x_wconf 93' lang='lat' dir='ltr'>in</span> <span class='ocrx_word' id='word_1_121' title='bbox 3562 1554 3839 1627; x_wconf 85' lang='lat' dir='ltr'>subjectis</span> 
     </span>
    </p>
   </div>
   <div class='ocr_carea' id='block_1_23' title="bbox 2204 1648 3833 1736">
    <p class='ocr_par' dir='ltr' id='par_1_23' title="bbox 2204 1648 3833 1736">
     <span class='ocr_line' id='line_1_23' title="bbox 2204 1648 3833 1736; baseline -0.01 -17"><span class='ocrx_word' id='word_1_122' title='bbox 2204 1667 2508 1736; x_wconf 88' lang='lat' dir='ltr'>suspectos,</span> <span class='ocrx_word' id='word_1_123' title='bbox 2539 1665 2595 1716; x_wconf 92' lang='lat' dir='ltr'>et</span> <span class='ocrx_word' id='word_1_124' title='bbox 2620 1660 2898 1731; x_wconf 89' lang='lat' dir='ltr'>subjectos</span> <span class='ocrx_word' id='word_1_125' title='bbox 2926 1658 2987 1712; x_wconf 90' lang='lat' dir='ltr'>in</span> <span class='ocrx_word' id='word_1_126' title='bbox 3015 1656 3178 1711; x_wconf 88' lang='lat' dir='ltr'>bonis</span> <span class='ocrx_word' id='word_1_127' title='bbox 3214 1652 3539 1726; x_wconf 88' lang='lat' dir='ltr'>principum</span> <span class='ocrx_word' id='word_1_128' title='bbox 3568 1648 3833 1720; x_wconf 87' lang='lat' dir='ltr'>cupidos.</span> 
     </span>
    </p>
   </div>
   <div class='ocr_carea' id='block_1_24' title="bbox 2202 1741 3844 1825">
    <p class='ocr_par' dir='ltr' id='par_1_24' title="bbox 2202 1741 3844 1825">
     <span class='ocr_line' id='line_1_24' title="bbox 2202 1741 3844 1825; baseline -0.011 -12"><span class='ocrx_word' id='word_1_129' title='bbox 2202 1757 2476 1823; x_wconf 86' lang='lat' dir='ltr'>Quocirca</span> <span class='ocrx_word' id='word_1_130' title='bbox 2495 1772 2566 1810; x_wconf 92' lang='lat' dir='ltr'>ne</span> <span class='ocrx_word' id='word_1_131' title='bbox 2594 1757 2651 1808; x_wconf 90' lang='lat' dir='ltr'>et</span> <span class='ocrx_word' id='word_1_132' title='bbox 2671 1752 2963 1825; x_wconf 67' lang='lat' dir='ltr'>praemissa</span> <span class='ocrx_word' id='word_1_133' title='bbox 2985 1748 3454 1821; x_wconf 51' lang='lat' dir='ltr'>contemnantur,</span> <span class='ocrx_word' id='word_1_134' title='bbox 3465 1749 3521 1799; x_wconf 91' lang='lat' dir='ltr'>et</span> <span class='ocrx_word' id='word_1_135' title='bbox 3535 1748 3600 1799; x_wconf 91' lang='lat' dir='ltr'>ut</span> <span class='ocrx_word' id='word_1_136' title='bbox 3615 1741 3844 1814; x_wconf 87' lang='lat' dir='ltr'>cupidi-</span> 
     </span>
    </p>
   </div>
   <div class='ocr_carea' id='block_1_25' title="bbox 479 1826 3843 1933">
    <p class='ocr_par' dir='ltr' id='par_1_25' title="bbox 479 1826 3843 1933">
     <span class='ocr_line' id='line_1_25' title="bbox 479 1826 3843 1933; baseline -0.008 -20"><span class='ocrx_word' id='word_1_137' title='bbox 479 1864 623 1913; x_wconf 89' lang='lat' dir='ltr'>nutu</span> <span class='ocrx_word' id='word_1_138' title='bbox 662 1857 721 1912; x_wconf 92' lang='lat' dir='ltr'>in</span> <span class='ocrx_word' id='word_1_139' title='bbox 761 1858 908 1912; x_wconf 89' lang='lat' dir='ltr'>hanc</span> <span class='ocrx_word' id='word_1_140' title='bbox 943 1856 1318 1911; x_wconf 87' lang='lat' dir='ltr'>convenimus</span> <span class='ocrx_word' id='word_1_141' title='bbox 1356 1855 1741 1923; x_wconf 88' lang='lat' dir='ltr'>concordiam,</span> <span class='ocrx_word' id='word_1_142' title='bbox 1773 1859 1830 1908; x_wconf 88' lang='lat' dir='ltr'>et</span> <span class='ocrx_word' id='word_1_143' title='bbox 1877 1852 2104 1924; x_wconf 82' lang='lat' dir='ltr'>gloriosi</span> <span class='ocrx_word' id='word_1_144' title='bbox 2126 1840 2182 1911; x_wconf 86' lang='lat' dir='ltr'><strong>B</strong></span> <span class='ocrx_word' id='word_1_145' title='bbox 2206 1856 2291 1906; x_wconf 88' lang='lat' dir='ltr'>tas</span> <span class='ocrx_word' id='word_1_146' title='bbox 2314 1849 2470 1905; x_wconf 86' lang='lat' dir='ltr'>radix</span> <span class='ocrx_word' id='word_1_147' title='bbox 2499 1847 2757 1902; x_wconf 88' lang='lat' dir='ltr'>omnium</span> <span class='ocrx_word' id='word_1_148' title='bbox 2784 1844 3066 1899; x_wconf 87' lang='lat' dir='ltr'>malorum</span> <span class='ocrx_word' id='word_1_149' title='bbox 3100 1841 3410 1905; x_wconf 90' lang='lat' dir='ltr'>auferatur,</span> <span class='ocrx_word' id='word_1_150' title='bbox 3421 1826 3843 1933; x_wconf 47' lang='lat' dir='ltr'>{contestamur</span> 
     </span>
    </p>
   </div>
   <div class='ocr_carea' id='block_1_26' title="bbox 476 1946 2104 2023">
    <p class='ocr_par' dir='ltr' id='par_1_26' title="bbox 476 1946 2104 2023">
     <span class='ocr_line' id='line_1_26' title="bbox 476 1946 2104 2023; baseline -0.004 -18"><span class='ocrx_word' id='word_1_151' title='bbox 476 1950 748 2023; x_wconf 88' lang='lat' dir='ltr'>principis</span> <span class='ocrx_word' id='word_1_152' title='bbox 774 1950 955 2005; x_wconf 91' lang='lat' dir='ltr'>nostri</span> <span class='ocrx_word' id='word_1_153' title='bbox 985 1948 1318 2005; x_wconf 88' lang='lat' dir='ltr'>Chintillani</span> <span class='ocrx_word' id='word_1_154' title='bbox 1347 1948 1497 2020; x_wconf 88' lang='lat' dir='ltr'>regis</span> <span class='ocrx_word' id='word_1_155' title='bbox 1523 1947 1702 2017; x_wconf 91' lang='lat' dir='ltr'>initia,</span> <span class='ocrx_word' id='word_1_156' title='bbox 1734 1948 1804 2002; x_wconf 93' lang='lat' dir='ltr'>ob</span> <span class='ocrx_word' id='word_1_157' title='bbox 1831 1946 1991 2017; x_wconf 89' lang='lat' dir='ltr'>cujus</span> <span class='ocrx_word' id='word_1_158' title='bbox 2017 1962 2104 2000; x_wconf 90' lang='lat' dir='ltr'>sa-</span> 
     </span>
    </p>
   </div>
   <div class='ocr_carea' id='block_1_27' title="bbox 481 2040 2109 2112">
    <p class='ocr_par' dir='ltr' id='par_1_27' title="bbox 481 2040 2109 2112">
     <span class='ocr_line' id='line_1_27' title="bbox 481 2040 2109 2112; baseline -0.005 -13"><span class='ocrx_word' id='word_1_159' title='bbox 481 2044 613 2099; x_wconf 91' lang='lat' dir='ltr'>lutis</span> <span class='ocrx_word' id='word_1_160' title='bbox 641 2047 698 2097; x_wconf 90' lang='lat' dir='ltr'>et</span> <span class='ocrx_word' id='word_1_161' title='bbox 715 2043 994 2099; x_wconf 82' lang='lat' dir='ltr'>felicitatis</span> <span class='ocrx_word' id='word_1_162' title='bbox 1014 2043 1387 2098; x_wconf 88' lang='lat' dir='ltr'>constantiam</span> <span class='ocrx_word' id='word_1_163' title='bbox 1410 2057 1710 2112; x_wconf 87' lang='lat' dir='ltr'>supernam</span> <span class='ocrx_word' id='word_1_164' title='bbox 1737 2040 2109 2111; x_wconf 90' lang='lat' dir='ltr'>imploramus</span> 
     </span>
    </p>
   </div>
   <div class='ocr_carea' id='block_1_28' title="bbox 481 2133 2109 2207">
    <p class='ocr_par' dir='ltr' id='par_1_28' title="bbox 481 2133 2109 2207">
     <span class='ocr_line' id='line_1_28' title="bbox 481 2133 2109 2207; baseline -0.004 -14"><span class='ocrx_word' id='word_1_165' title='bbox 481 2136 867 2204; x_wconf 90' lang='lat' dir='ltr'>clementiam,</span> <span class='ocrx_word' id='word_1_166' title='bbox 896 2136 993 2207; x_wconf 90' lang='lat' dir='ltr'>qui</span> <span class='ocrx_word' id='word_1_167' title='bbox 1021 2152 1079 2191; x_wconf 89' lang='lat' dir='ltr'>se</span> <span class='ocrx_word' id='word_1_168' title='bbox 1107 2136 1164 2189; x_wconf 92' lang='lat' dir='ltr'>in</span> <span class='ocrx_word' id='word_1_169' title='bbox 1198 2135 1391 2190; x_wconf 90' lang='lat' dir='ltr'>medio</span> <span class='ocrx_word' id='word_1_170' title='bbox 1424 2134 1600 2189; x_wconf 90' lang='lat' dir='ltr'>nostri</span> <span class='ocrx_word' id='word_1_171' title='bbox 1627 2138 1802 2190; x_wconf 71' lang='lat' dir='ltr'>costus</span> <span class='ocrx_word' id='word_1_172' title='bbox 1821 2133 2109 2204; x_wconf 88' lang='lat' dir='ltr'>ingressus</span> 
     </span>
    </p>
   </div>
   <div class='ocr_carea' id='block_1_29' title="bbox 482 2227 2107 2301">
    <p class='ocr_par' dir='ltr' id='par_1_29' title="bbox 482 2227 2107 2301">
     <span class='ocr_line' id='line_1_29' title="bbox 482 2227 2107 2301; baseline -0.004 -15"><span class='ocrx_word' id='word_1_173' title='bbox 482 2247 613 2286; x_wconf 87' lang='lat' dir='ltr'>cum</span> <span class='ocrx_word' id='word_1_174' title='bbox 646 2228 1013 2301; x_wconf 85' lang='lat' dir='ltr'>Optimatibus</span> <span class='ocrx_word' id='word_1_175' title='bbox 1051 2234 1107 2283; x_wconf 90' lang='lat' dir='ltr'>et</span> <span class='ocrx_word' id='word_1_176' title='bbox 1135 2228 1451 2283; x_wconf 88' lang='lat' dir='ltr'>senioribus</span> <span class='ocrx_word' id='word_1_177' title='bbox 1488 2228 1684 2299; x_wconf 90' lang='lat' dir='ltr'>palatii</span> <span class='ocrx_word' id='word_1_178' title='bbox 1712 2227 1942 2299; x_wconf 85' lang='lat' dir='ltr'>supplex</span> <span class='ocrx_word' id='word_1_179' title='bbox 1982 2242 2107 2281; x_wconf 90' lang='lat' dir='ltr'>om-</span> 
     </span>
    </p>
   </div>
   <div class='ocr_carea' id='block_1_30' title="bbox 484 2319 2112 2392">
    <p class='ocr_par' dir='ltr' id='par_1_30' title="bbox 484 2319 2112 2392">
     <span class='ocr_line' id='line_1_30' title="bbox 484 2319 2112 2392; baseline -0.004 -14"><span class='ocrx_word' id='word_1_180' title='bbox 484 2325 643 2379; x_wconf 90' lang='lat' dir='ltr'>nium</span> <span class='ocrx_word' id='word_1_181' title='bbox 686 2322 1033 2379; x_wconf 87' lang='lat' dir='ltr'>orationibus</span> <span class='ocrx_word' id='word_1_182' title='bbox 1071 2321 1509 2390; x_wconf 86' lang='lat' dir='ltr'>commendavit,</span> <span class='ocrx_word' id='word_1_183' title='bbox 1540 2336 1784 2392; x_wconf 90' lang='lat' dir='ltr'>suosque</span> <span class='ocrx_word' id='word_1_184' title='bbox 1809 2319 2002 2375; x_wconf 84' lang='lat' dir='ltr'>ﬁdeles</span> <span class='ocrx_word' id='word_1_185' title='bbox 2034 2319 2112 2373; x_wconf 89' lang='lat' dir='ltr'>ita</span> 
     </span>
    </p>
   </div>
   <div class='ocr_carea' id='block_1_31' title="bbox 484 2408 2109 2485">
    <p class='ocr_par' dir='ltr' id='par_1_31' title="bbox 484 2408 2109 2485">
     <span class='ocr_line' id='line_1_31' title="bbox 484 2408 2109 2485; baseline -0.004 -12"><span class='ocrx_word' id='word_1_186' title='bbox 484 2420 669 2473; x_wconf 89' lang='lat' dir='ltr'>facere</span> <span class='ocrx_word' id='word_1_187' title='bbox 695 2408 886 2471; x_wconf 86' lang='lat' dir='ltr'>sancta</span> <span class='ocrx_word' id='word_1_188' title='bbox 911 2414 1299 2471; x_wconf 84' lang='lat' dir='ltr'>exhortatione</span> <span class='ocrx_word' id='word_1_189' title='bbox 1330 2414 1537 2485; x_wconf 81' lang='lat' dir='ltr'>coegit,</span> <span class='ocrx_word' id='word_1_190' title='bbox 1566 2417 1736 2485; x_wconf 89' lang='lat' dir='ltr'>atque</span> <span class='ocrx_word' id='word_1_191' title='bbox 1775 2414 1921 2467; x_wconf 84' lang='lat' dir='ltr'>hanc</span> <span class='ocrx_word' id='word_1_192' title='bbox 1946 2412 2109 2467; x_wconf 89' lang='lat' dir='ltr'>insti-</span> 
     </span>
    </p>
   </div>
   <div class='ocr_carea' id='block_1_32' title="bbox 482 2506 2113 2581">
    <p class='ocr_par' dir='ltr' id='par_1_32' title="bbox 482 2506 2113 2581">
     <span class='ocr_line' id='line_1_32' title="bbox 482 2506 2113 2581; baseline -0.004 -16"><span class='ocrx_word' id='word_1_193' title='bbox 482 2511 763 2566; x_wconf 88' lang='lat' dir='ltr'>tutionem</span> <span class='ocrx_word' id='word_1_194' title='bbox 787 2526 959 2581; x_wconf 89' lang='lat' dir='ltr'>quam</span> <span class='ocrx_word' id='word_1_195' title='bbox 996 2524 1065 2563; x_wconf 83' lang='lat' dir='ltr'>ex</span> <span class='ocrx_word' id='word_1_196' title='bbox 1092 2513 1371 2579; x_wconf 85' lang='lat' dir='ltr'>praecepto</span> <span class='ocrx_word' id='word_1_197' title='bbox 1402 2507 1522 2578; x_wconf 90' lang='lat' dir='ltr'>ejus</span> <span class='ocrx_word' id='word_1_198' title='bbox 1569 2510 1627 2561; x_wconf 92' lang='lat' dir='ltr'>et</span> <span class='ocrx_word' id='word_1_199' title='bbox 1667 2506 1892 2562; x_wconf 89' lang='lat' dir='ltr'>decreto</span> <span class='ocrx_word' id='word_1_200' title='bbox 1919 2509 2113 2561; x_wconf 90' lang='lat' dir='ltr'>nostro</span> 
     </span>
    </p>
   </div>
   <div class='ocr_carea' id='block_1_33' title="bbox 483 2598 1726 2673">
    <p class='ocr_par' dir='ltr' id='par_1_33' title="bbox 483 2598 1726 2673">
     <span class='ocr_line' id='line_1_33' title="bbox 483 2598 1726 2673; baseline -0.005 -13"><span class='ocrx_word' id='word_1_201' title='bbox 483 2603 789 2672; x_wconf 88' lang='lat' dir='ltr'>sancimus,</span> <span class='ocrx_word' id='word_1_202' title='bbox 819 2602 1009 2658; x_wconf 89' lang='lat' dir='ltr'>divina</span> <span class='ocrx_word' id='word_1_203' title='bbox 1035 2602 1403 2673; x_wconf 88' lang='lat' dir='ltr'>inspiratione</span> <span class='ocrx_word' id='word_1_204' title='bbox 1430 2598 1726 2671; x_wconf 68' lang='lat' dir='ltr'>praemisit.</span> 
     </span>
    </p>
   </div>
   <div class='ocr_carea' id='block_1_34' title="bbox 555 2693 2113 2765">
    <p class='ocr_par' dir='ltr' id='par_1_34' title="bbox 555 2693 2113 2765">
     <span class='ocr_line' id='line_1_34' title="bbox 555 2693 2113 2765; baseline -0.004 -11"><span class='ocrx_word' id='word_1_205' title='bbox 555 2701 682 2754; x_wconf 77' lang='lat' dir='ltr'><strong>CAP.</strong></span> <span class='ocrx_word' id='word_1_206' title='bbox 712 2698 752 2751; x_wconf 90' lang='lat' dir='ltr'>l.</span> <span class='ocrx_word' id='word_1_207' title='bbox 781 2695 1005 2753; x_wconf 90' lang='lat' dir='ltr'>Scilicet</span> <span class='ocrx_word' id='word_1_208' title='bbox 1027 2699 1093 2750; x_wconf 93' lang='lat' dir='ltr'>ut</span> <span class='ocrx_word' id='word_1_209' title='bbox 1117 2693 1175 2748; x_wconf 90' lang='lat' dir='ltr'>in</span> <span class='ocrx_word' id='word_1_210' title='bbox 1205 2698 1408 2749; x_wconf 89' lang='lat' dir='ltr'>cuncto</span> <span class='ocrx_word' id='word_1_211' title='bbox 1431 2710 1614 2765; x_wconf 90' lang='lat' dir='ltr'>regno</span> <span class='ocrx_word' id='word_1_212' title='bbox 1643 2711 1674 2747; x_wconf 92' lang='lat' dir='ltr'>a</span> <span class='ocrx_word' id='word_1_213' title='bbox 1707 2695 1820 2748; x_wconf 91' lang='lat' dir='ltr'>Deo</span> <span class='ocrx_word' id='word_1_214' title='bbox 1848 2708 2113 2748; x_wconf 89' lang='lat' dir='ltr'>concesso</span> 
     </span>
    </p>
   </div>
   <div class='ocr_carea' id='block_1_35' title="bbox 487 2786 2117 2863">
    <p class='ocr_par' dir='ltr' id='par_1_35' title="bbox 487 2786 2117 2863">
     <span class='ocr_line' id='line_1_35' title="bbox 487 2786 2117 2863; baseline -0.004 -17"><span class='ocrx_word' id='word_1_215' title='bbox 487 2790 810 2863; x_wconf 88' lang='lat' dir='ltr'>specialiter</span> <span class='ocrx_word' id='word_1_216' title='bbox 826 2791 884 2844; x_wconf 91' lang='lat' dir='ltr'>et</span> <span class='ocrx_word' id='word_1_217' title='bbox 904 2787 1139 2859; x_wconf 89' lang='lat' dir='ltr'>propria</span> <span class='ocrx_word' id='word_1_218' title='bbox 1159 2788 1280 2842; x_wconf 71' lang='lat' dir='ltr'>haec</span> <span class='ocrx_word' id='word_1_219' title='bbox 1301 2787 1568 2859; x_wconf 88' lang='lat' dir='ltr'>religiosa</span> <span class='ocrx_word' id='word_1_220' title='bbox 1589 2786 1746 2841; x_wconf 93' lang='lat' dir='ltr'>omni</span> <span class='ocrx_word' id='word_1_221' title='bbox 1765 2791 2021 2857; x_wconf 89' lang='lat' dir='ltr'>tempore</span> <span class='ocrx_word' id='word_1_222' title='bbox 2040 2789 2117 2840; x_wconf 93' lang='lat' dir='ltr'>te-</span> 
     </span>
    </p>
   </div>
   <div class='ocr_carea' id='block_1_36' title="bbox 486 2879 2116 2949">
    <p class='ocr_par' dir='ltr' id='par_1_36' title="bbox 486 2879 2116 2949">
     <span class='ocr_line' id='line_1_36' title="bbox 486 2879 2116 2949; baseline -0.004 -10"><span class='ocrx_word' id='word_1_223' title='bbox 486 2886 695 2940; x_wconf 89' lang='lat' dir='ltr'>neatur</span> <span class='ocrx_word' id='word_1_224' title='bbox 732 2880 1108 2949; x_wconf 84' lang='lat' dir='ltr'>observantia,</span> <span class='ocrx_word' id='word_1_225' title='bbox 1158 2883 1219 2933; x_wconf 93' lang='lat' dir='ltr'>ut</span> <span class='ocrx_word' id='word_1_226' title='bbox 1262 2897 1295 2934; x_wconf 91' lang='lat' dir='ltr'>a</span> <span class='ocrx_word' id='word_1_227' title='bbox 1339 2879 1431 2934; x_wconf 89' lang='lat' dir='ltr'>die</span> <span class='ocrx_word' id='word_1_228' title='bbox 1473 2879 1672 2934; x_wconf 89' lang='lat' dir='ltr'>Iduum</span> <span class='ocrx_word' id='word_1_229' title='bbox 1718 2879 2116 2934; x_wconf 90' lang='lat' dir='ltr'>Decembrium</span> 
     </span>
    </p>
   </div>
   <div class='ocr_carea' id='block_1_37' title="bbox 488 2973 2116 3045">
    <p class='ocr_par' dir='ltr' id='par_1_37' title="bbox 488 2973 2116 3045">
     <span class='ocr_line' id='line_1_37' title="bbox 488 2973 2116 3045; baseline -0.003 -12"><span class='ocrx_word' id='word_1_230' title='bbox 488 2976 682 3033; x_wconf 88' lang='lat' dir='ltr'>litania</span> <span class='ocrx_word' id='word_1_231' title='bbox 706 2975 896 3031; x_wconf 90' lang='lat' dir='ltr'>triduo</span> <span class='ocrx_word' id='word_1_232' title='bbox 941 2974 1156 3045; x_wconf 90' lang='lat' dir='ltr'>ubique</span> <span class='ocrx_word' id='word_1_233' title='bbox 1196 2989 1384 3028; x_wconf 88' lang='lat' dir='ltr'>annua</span> <span class='ocrx_word' id='word_1_234' title='bbox 1410 2973 1759 3028; x_wconf 88' lang='lat' dir='ltr'>successione</span> <span class='ocrx_word' id='word_1_235' title='bbox 1785 2978 2116 3044; x_wconf 85' lang='lat' dir='ltr'>peragatur.</span> 
     </span>
    </p>
   </div>
   <div class='ocr_carea' id='block_1_38' title="bbox 490 3066 2120 3142">
    <p class='ocr_par' dir='ltr' id='par_1_38' title="bbox 490 3066 2120 3142">
     <span class='ocr_line' id='line_1_38' title="bbox 490 3066 2120 3142; baseline -0.004 -14"><span class='ocrx_word' id='word_1_236' title='bbox 490 3078 547 3128; x_wconf 85' lang='lat' dir='ltr'>et</span> <span class='ocrx_word' id='word_1_237' title='bbox 570 3068 929 3142; x_wconf 88' lang='lat' dir='ltr'>indulgentia</span> <span class='ocrx_word' id='word_1_238' title='bbox 948 3067 1283 3123; x_wconf 90' lang='lat' dir='ltr'>delictorum</span> <span class='ocrx_word' id='word_1_239' title='bbox 1305 3066 1568 3138; x_wconf 84' lang='lat' dir='ltr'>lacrymis</span> <span class='ocrx_word' id='word_1_240' title='bbox 1586 3066 1939 3138; x_wconf 88' lang='lat' dir='ltr'>impetretur.</span> <span class='ocrx_word' id='word_1_241' title='bbox 1957 3067 2120 3131; x_wconf 88' lang='lat' dir='ltr'>Quod</span> 
     </span>
    </p>
   </div>
   <div class='ocr_carea' id='block_1_39' title="bbox 491 3159 2122 3232">
    <p class='ocr_par' dir='ltr' id='par_1_39' title="bbox 491 3159 2122 3232">
     <span class='ocr_line' id='line_1_39' title="bbox 491 3159 2122 3232; baseline -0.004 -11"><span class='ocrx_word' id='word_1_242' title='bbox 491 3165 537 3220; x_wconf 88' lang='lat' dir='ltr'>si</span> <span class='ocrx_word' id='word_1_243' title='bbox 574 3165 697 3221; x_wconf 89' lang='lat' dir='ltr'>dies</span> <span class='ocrx_word' id='word_1_244' title='bbox 735 3162 1027 3218; x_wconf 87' lang='lat' dir='ltr'>Dominica</span> <span class='ocrx_word' id='word_1_245' title='bbox 1065 3160 1470 3230; x_wconf 89' lang='lat' dir='ltr'>intercesserit,</span> <span class='ocrx_word' id='word_1_246' title='bbox 1509 3160 1569 3215; x_wconf 92' lang='lat' dir='ltr'>in</span> <span class='ocrx_word' id='word_1_247' title='bbox 1605 3159 1862 3232; x_wconf 89' lang='lat' dir='ltr'>sequenti</span> <span class='ocrx_word' id='word_1_248' title='bbox 1907 3160 2122 3215; x_wconf 90' lang='lat' dir='ltr'>hebdo-</span> 
     </span>
    </p>
   </div>
   <div class='ocr_carea' id='block_1_40' title="bbox 491 3253 2121 3326">
    <p class='ocr_par' dir='ltr' id='par_1_40' title="bbox 491 3253 2121 3326">
     <span class='ocr_line' id='line_1_40' title="bbox 491 3253 2121 3326; baseline -0.004 -12"><span class='ocrx_word' id='word_1_249' title='bbox 491 3258 662 3314; x_wconf 91' lang='lat' dir='ltr'>mada</span> <span class='ocrx_word' id='word_1_250' title='bbox 695 3257 1029 3323; x_wconf 90' lang='lat' dir='ltr'>celebretur,</span> <span class='ocrx_word' id='word_1_251' title='bbox 1059 3260 1124 3310; x_wconf 88' lang='lat' dir='ltr'>ut</span> <span class='ocrx_word' id='word_1_252' title='bbox 1149 3254 1423 3326; x_wconf 90' lang='lat' dir='ltr'>quoniam</span> <span class='ocrx_word' id='word_1_253' title='bbox 1456 3254 1785 3309; x_wconf 90' lang='lat' dir='ltr'>abundante</span> <span class='ocrx_word' id='word_1_254' title='bbox 1823 3253 2121 3326; x_wconf 86' lang='lat' dir='ltr'>iniquitate</span> 
     </span>
    </p>
   </div>
   <div class='ocr_carea' id='block_1_41' title="bbox 495 3347 2125 3421">
    <p class='ocr_par' dir='ltr' id='par_1_41' title="bbox 495 3347 2125 3421">
     <span class='ocr_line' id='line_1_41' title="bbox 495 3347 2125 3421; baseline -0.004 -13"><span class='ocrx_word' id='word_1_255' title='bbox 495 3351 756 3420; x_wconf 80' lang='lat' dir='ltr'>efﬁcitur,</span> <span class='ocrx_word' id='word_1_256' title='bbox 774 3353 841 3405; x_wconf 91' lang='lat' dir='ltr'>ut</span> <span class='ocrx_word' id='word_1_257' title='bbox 869 3364 1279 3421; x_wconf 87' lang='lat' dir='ltr'>usquequaque</span> <span class='ocrx_word' id='word_1_258' title='bbox 1308 3348 1531 3418; x_wconf 86' lang='lat' dir='ltr'>prolata</span> <span class='ocrx_word' id='word_1_259' title='bbox 1558 3347 1778 3403; x_wconf 91' lang='lat' dir='ltr'>malitia</span> <span class='ocrx_word' id='word_1_260' title='bbox 1807 3364 1949 3402; x_wconf 90' lang='lat' dir='ltr'>nova</span> <span class='ocrx_word' id='word_1_261' title='bbox 1968 3364 2125 3401; x_wconf 81' lang='lat' dir='ltr'>exer-</span> 
     </span>
    </p>
   </div>
   <div class='ocr_carea' id='block_1_42' title="bbox 495 3441 2128 3514">
    <p class='ocr_par' dir='ltr' id='par_1_42' title="bbox 495 3441 2128 3514">
     <span class='ocr_line' id='line_1_42' title="bbox 495 3441 2128 3514; baseline -0.003 -13"><span class='ocrx_word' id='word_1_262' title='bbox 495 3450 619 3501; x_wconf 89' lang='lat' dir='ltr'>ceat</span> <span class='ocrx_word' id='word_1_263' title='bbox 670 3444 924 3498; x_wconf 88' lang='lat' dir='ltr'>facinora</span> <span class='ocrx_word' id='word_1_264' title='bbox 952 3485 968 3511; x_wconf 88' lang='lat'>,</span> <span class='ocrx_word' id='word_1_265' title='bbox 1014 3457 1161 3496; x_wconf 89' lang='lat' dir='ltr'>nova</span> <span class='ocrx_word' id='word_1_266' title='bbox 1207 3458 1433 3514; x_wconf 90' lang='lat' dir='ltr'>quoque</span> <span class='ocrx_word' id='word_1_267' title='bbox 1478 3441 1601 3496; x_wconf 84' lang='lat' dir='ltr'>haec</span> <span class='ocrx_word' id='word_1_268' title='bbox 1656 3441 1775 3513; x_wconf 88' lang='lat' dir='ltr'>ipsa</span> <span class='ocrx_word' id='word_1_269' title='bbox 1823 3445 2128 3513; x_wconf 87' lang='lat' dir='ltr'>consurgat</span> 
     </span>
    </p>
   </div>
   <div class='ocr_carea' id='block_1_43' title="bbox 496 3534 2129 3608">
    <p class='ocr_par' dir='ltr' id='par_1_43' title="bbox 496 3534 2129 3608">
     <span class='ocr_line' id='line_1_43' title="bbox 496 3534 2129 3608; baseline -0.003 -14"><span class='ocrx_word' id='word_1_270' title='bbox 496 3537 861 3605; x_wconf 89' lang='lat' dir='ltr'>consuetudo,</span> <span class='ocrx_word' id='word_1_271' title='bbox 909 3553 1037 3608; x_wconf 65' lang='lat' dir='ltr'>quae</span> <span class='ocrx_word' id='word_1_272' title='bbox 1084 3536 1261 3607; x_wconf 89' lang='lat' dir='ltr'>possit</span> <span class='ocrx_word' id='word_1_273' title='bbox 1312 3539 1445 3590; x_wconf 88' lang='lat' dir='ltr'>ante</span> <span class='ocrx_word' id='word_1_274' title='bbox 1488 3534 1893 3607; x_wconf 90' lang='lat' dir='ltr'>omnipotentis</span> <span class='ocrx_word' id='word_1_275' title='bbox 1939 3536 2129 3589; x_wconf 89' lang='lat' dir='ltr'>oculos</span> 
     </span>
    </p>
   </div>
   <div class='ocr_carea' id='block_1_44' title="bbox 497 3627 1149 3701">
    <p class='ocr_par' dir='ltr' id='par_1_44' title="bbox 497 3627 1149 3701">
     <span class='ocr_line' id='line_1_44' title="bbox 497 3627 1149 3701; baseline -0.009 -13"><span class='ocrx_word' id='word_1_276' title='bbox 497 3635 687 3689; x_wconf 89' lang='lat' dir='ltr'>nostra</span> <span class='ocrx_word' id='word_1_277' title='bbox 715 3647 835 3687; x_wconf 89' lang='lat' dir='ltr'>esse</span> <span class='ocrx_word' id='word_1_278' title='bbox 866 3627 1149 3701; x_wconf 89' lang='lat' dir='ltr'>purgatio.</span> 
     </span>
    </p>
   </div>
   <div class='ocr_carea' id='block_1_45' title="bbox 544 3720 2128 3792">
    <p class='ocr_par' dir='ltr' id='par_1_45' title="bbox 544 3720 2128 3792">
     <span class='ocr_line' id='line_1_45' title="bbox 544 3720 2128 3792; baseline -0.004 -11"><span class='ocrx_word' id='word_1_279' title='bbox 544 3728 633 3781; x_wconf 11' lang='lat' dir='ltr'>all.</span> <span class='ocrx_word' id='word_1_280' title='bbox 678 3725 912 3781; x_wconf 89' lang='lat' dir='ltr'>Summa</span> <span class='ocrx_word' id='word_1_281' title='bbox 938 3726 1131 3777; x_wconf 89' lang='lat' dir='ltr'>autem</span> <span class='ocrx_word' id='word_1_282' title='bbox 1161 3720 1324 3776; x_wconf 91' lang='lat' dir='ltr'>nobis</span> <span class='ocrx_word' id='word_1_283' title='bbox 1354 3721 1645 3791; x_wconf 82' lang='lat' dir='ltr'>vigilantia</span> <span class='ocrx_word' id='word_1_284' title='bbox 1678 3724 1736 3775; x_wconf 89' lang='lat' dir='ltr'>et</span> <span class='ocrx_word' id='word_1_285' title='bbox 1767 3721 1968 3792; x_wconf 89' lang='lat' dir='ltr'>grandi</span> <span class='ocrx_word' id='word_1_286' title='bbox 1992 3721 2128 3775; x_wconf 89' lang='lat' dir='ltr'>reli-</span> 
     </span>
    </p>
   </div>
   <div class='ocr_carea' id='block_1_46' title="bbox 504 3814 2131 3892">
    <p class='ocr_par' dir='ltr' id='par_1_46' title="bbox 504 3814 2131 3892">
     <span class='ocr_line' id='line_1_46' title="bbox 504 3814 2131 3892; baseline -0.003 -18"><span class='ocrx_word' id='word_1_287' title='bbox 504 3819 685 3892; x_wconf 88' lang='lat' dir='ltr'>gionis</span> <span class='ocrx_word' id='word_1_288' title='bbox 714 3833 849 3872; x_wconf 90' lang='lat' dir='ltr'>cura</span> <span class='ocrx_word' id='word_1_289' title='bbox 892 3814 1308 3887; x_wconf 88' lang='lat' dir='ltr'>providendum</span> <span class='ocrx_word' id='word_1_290' title='bbox 1338 3817 1441 3880; x_wconf 89' lang='lat' dir='ltr'>est,</span> <span class='ocrx_word' id='word_1_291' title='bbox 1470 3818 1531 3867; x_wconf 90' lang='lat' dir='ltr'>ut</span> <span class='ocrx_word' id='word_1_292' title='bbox 1564 3814 1718 3868; x_wconf 89' lang='lat' dir='ltr'>mala</span> <span class='ocrx_word' id='word_1_293' title='bbox 1746 3830 1872 3885; x_wconf 66' lang='lat' dir='ltr'>quae</span> <span class='ocrx_word' id='word_1_294' title='bbox 1908 3815 2131 3869; x_wconf 88' lang='lat' dir='ltr'>assidue</span> 
     </span>
    </p>
   </div>
   <div class='ocr_carea' id='block_1_47' title="bbox 505 3906 2136 3984">
    <p class='ocr_par' dir='ltr' id='par_1_47' title="bbox 505 3906 2136 3984">
     <span class='ocr_line' id='line_1_47' title="bbox 505 3906 2136 3984; baseline -0.003 -17"><span class='ocrx_word' id='word_1_295' title='bbox 505 3911 785 3984; x_wconf 88' lang='lat' dir='ltr'>perhibita</span> <span class='ocrx_word' id='word_1_296' title='bbox 805 3910 1210 3980; x_wconf 87' lang='lat' dir='ltr'>perpetrantur</span> <span class='ocrx_word' id='word_1_297' title='bbox 1225 3906 1638 3976; x_wconf 90' lang='lat' dir='ltr'>circumspecta</span> <span class='ocrx_word' id='word_1_298' title='bbox 1655 3906 1949 3978; x_wconf 87' lang='lat' dir='ltr'>disciplina</span> <span class='ocrx_word' id='word_1_299' title='bbox 1963 3908 2136 3962; x_wconf 88' lang='lat' dir='ltr'>eccle-</span> 
     </span>
    </p>
   </div>
   <div class='ocr_carea' id='block_1_48' title="bbox 507 3998 2131 4070">
    <p class='ocr_par' dir='ltr' id='par_1_48' title="bbox 507 3998 2131 4070">
     <span class='ocr_line' id='line_1_48' title="bbox 507 3998 2131 4070; baseline -0.002 -11"><span class='ocrx_word' id='word_1_300' title='bbox 507 4003 731 4059; x_wconf 87' lang='lat' dir='ltr'>siastica</span> <span class='ocrx_word' id='word_1_301' title='bbox 768 3999 1168 4070; x_wconf 81' lang='lat' dir='ltr'>exstirpentur.</span> <span class='ocrx_word' id='word_1_302' title='bbox 1212 3999 1337 4053; x_wconf 90' lang='lat' dir='ltr'>Non</span> <span class='ocrx_word' id='word_1_303' title='bbox 1375 3998 1528 4052; x_wconf 89' lang='lat' dir='ltr'>enim</span> <span class='ocrx_word' id='word_1_304' title='bbox 1560 4003 1643 4054; x_wconf 91' lang='lat' dir='ltr'>est</span> <span class='ocrx_word' id='word_1_305' title='bbox 1678 3999 1962 4054; x_wconf 88' lang='lat' dir='ltr'>incassum</span> <span class='ocrx_word' id='word_1_306' title='bbox 1999 4001 2131 4055; x_wconf 89' lang='lat' dir='ltr'>scri-</span> 
     </span>
    </p>
   </div>
   <div class='ocr_carea' id='block_1_49' title="bbox 508 4090 2133 4171">
    <p class='ocr_par' dir='ltr' id='par_1_49' title="bbox 508 4090 2133 4171">
     <span class='ocr_line' id='line_1_49' title="bbox 508 4090 2133 4171; baseline -0.001 -19"><span class='ocrx_word' id='word_1_307' title='bbox 508 4102 671 4171; x_wconf 90' lang='lat' dir='ltr'>ptum</span> <span class='ocrx_word' id='word_1_308' title='bbox 705 4112 718 4150; x_wconf 87' lang='lat'><strong>:</strong></span> <span class='ocrx_word' id='word_1_309' title='bbox 759 4093 1059 4150; x_wconf 86' lang='lat' dir='ltr'>Pestilente</span> <span class='ocrx_word' id='word_1_310' title='bbox 1104 4090 1390 4164; x_wconf 87' lang='lat' dir='ltr'>ﬂagellato</span> <span class='ocrx_word' id='word_1_311' title='bbox 1431 4092 1631 4147; x_wconf 90' lang='lat' dir='ltr'>stultus</span> <span class='ocrx_word' id='word_1_312' title='bbox 1671 4092 1982 4164; x_wconf 88' lang='lat' dir='ltr'>sapientior</span> <span class='ocrx_word' id='word_1_313' title='bbox 2006 4094 2133 4150; x_wconf 88' lang='lat' dir='ltr'>erit.</span> 
     </span>
    </p>
   </div>
   <div class='ocr_carea' id='block_1_50' title="bbox 510 4185 2140 4258">
    <p class='ocr_par' dir='ltr' id='par_1_50' title="bbox 510 4185 2140 4258">
     <span class='ocr_line' id='line_1_50' title="bbox 510 4185 2140 4258; baseline -0.001 -12"><span class='ocrx_word' id='word_1_314' title='bbox 510 4189 894 4257; x_wconf 87' lang='lat' dir='ltr'>Quamobrem</span> <span class='ocrx_word' id='word_1_315' title='bbox 923 4185 1191 4258; x_wconf 89' lang='lat' dir='ltr'>quoniam</span> <span class='ocrx_word' id='word_1_316' title='bbox 1217 4185 1692 4257; x_wconf 65' lang='lat' dir='ltr'>preponderante</span> <span class='ocrx_word' id='word_1_317' title='bbox 1718 4203 1888 4244; x_wconf 91' lang='lat' dir='ltr'>onere</span> <span class='ocrx_word' id='word_1_318' title='bbox 1918 4189 2140 4244; x_wconf 88' lang='lat' dir='ltr'>delicto-</span> 
     </span>
    </p>
   </div>
   <div class='ocr_carea' id='block_1_51' title="bbox 512 4279 2135 4354">
    <p class='ocr_par' dir='ltr' id='par_1_51' title="bbox 512 4279 2135 4354">
     <span class='ocr_line' id='line_1_51' title="bbox 512 4279 2135 4354; baseline -0.002 -14"><span class='ocrx_word' id='word_1_319' title='bbox 512 4301 642 4341; x_wconf 89' lang='lat' dir='ltr'>rum</span> <span class='ocrx_word' id='word_1_320' title='bbox 671 4279 1024 4354; x_wconf 82' lang='lat' dir='ltr'>experientia</span> <span class='ocrx_word' id='word_1_321' title='bbox 1051 4294 1235 4351; x_wconf 66' lang='lat' dir='ltr'>pmnae</span> <span class='ocrx_word' id='word_1_322' title='bbox 1263 4295 1490 4350; x_wconf 90' lang='lat' dir='ltr'>semper</span> <span class='ocrx_word' id='word_1_323' title='bbox 1529 4296 1597 4335; x_wconf 90' lang='lat' dir='ltr'>ac</span> <span class='ocrx_word' id='word_1_324' title='bbox 1633 4298 1783 4353; x_wconf 82' lang='lat' dir='ltr'>saepe</span> <span class='ocrx_word' id='word_1_325' title='bbox 1819 4283 1941 4339; x_wconf 85' lang='lat' dir='ltr'>ﬁeri</span> <span class='ocrx_word' id='word_1_326' title='bbox 1970 4283 2135 4338; x_wconf 90' lang='lat' dir='ltr'>disci-</span> 
     </span>
    </p>
   </div>
   <div class='ocr_carea' id='block_1_52' title="bbox 514 4372 2142 4448">
    <p class='ocr_par' dir='ltr' id='par_1_52' title="bbox 514 4372 2142 4448">
     <span class='ocr_line' id='line_1_52' title="bbox 514 4372 2142 4448; baseline -0.001 -13"><span class='ocrx_word' id='word_1_327' title='bbox 514 4394 644 4435; x_wconf 89' lang='lat' dir='ltr'>mus</span> <span class='ocrx_word' id='word_1_328' title='bbox 669 4375 819 4448; x_wconf 92' lang='lat' dir='ltr'>quod</span> <span class='ocrx_word' id='word_1_329' title='bbox 857 4389 1203 4445; x_wconf 87' lang='lat' dir='ltr'>magnopere</span> <span class='ocrx_word' id='word_1_330' title='bbox 1229 4372 1403 4428; x_wconf 87' lang='lat' dir='ltr'>vitare</span> <span class='ocrx_word' id='word_1_331' title='bbox 1443 4372 1732 4430; x_wconf 87' lang='lat' dir='ltr'>debemus.</span> <span class='ocrx_word' id='word_1_332' title='bbox 1763 4374 1926 4441; x_wconf 91' lang='lat' dir='ltr'>Quod</span> <span class='ocrx_word' id='word_1_333' title='bbox 1967 4377 2142 4433; x_wconf 87' lang='lat' dir='ltr'>etiam</span> 
     </span>
    </p>
   </div>
   <div class='ocr_carea' id='block_1_53' title="bbox 515 4466 2139 4544">
    <p class='ocr_par' dir='ltr' id='par_1_53' title="bbox 515 4466 2139 4544">
     <span class='ocr_line' id='line_1_53' title="bbox 515 4466 2139 4544; baseline -0.001 -15"><span class='ocrx_word' id='word_1_334' title='bbox 515 4470 831 4528; x_wconf 89' lang='lat' dir='ltr'>custoditur</span> <span class='ocrx_word' id='word_1_335' title='bbox 866 4484 998 4522; x_wconf 91' lang='lat' dir='ltr'>cum</span> <span class='ocrx_word' id='word_1_336' title='bbox 1040 4468 1151 4522; x_wconf 89' lang='lat' dir='ltr'>hoc</span> <span class='ocrx_word' id='word_1_337' title='bbox 1179 4466 1329 4538; x_wconf 89' lang='lat' dir='ltr'>quod</span> <span class='ocrx_word' id='word_1_338' title='bbox 1366 4466 1567 4523; x_wconf 90' lang='lat' dir='ltr'>divinis</span> <span class='ocrx_word' id='word_1_339' title='bbox 1593 4471 1965 4526; x_wconf 86' lang='lat' dir='ltr'>sacramentis</span> <span class='ocrx_word' id='word_1_340' title='bbox 2006 4489 2139 4544; x_wconf 82' lang='lat' dir='ltr'>spo-</span> 
     </span>
    </p>
   </div>
   <div class='ocr_carea' id='block_1_54' title="bbox 482 4561 2222 4658">
    <p class='ocr_par' dir='ltr' id='par_1_54' title="bbox 482 4561 2222 4658">
     <span class='ocr_line' id='line_1_54' title="bbox 482 4561 2222 4658; baseline 0 -36"><span class='ocrx_word' id='word_1_341' title='bbox 482 4561 1217 4658; x_wconf 20' lang='lat' dir='ltr'>‘pondimusptemeritate</span> <span class='ocrx_word' id='word_1_342' title='bbox 1267 4577 1381 4615; x_wconf 91' lang='lat' dir='ltr'>non</span> <span class='ocrx_word' id='word_1_343' title='bbox 1424 4561 1719 4618; x_wconf 90' lang='lat' dir='ltr'>violamus.</span> <span class='ocrx_word' id='word_1_344' title='bbox 1771 4565 2015 4638; x_wconf 89' lang='lat' dir='ltr'>Ideoque</span> <span class='ocrx_word' id='word_1_345' title='bbox 2060 4570 2222 4658; x_wconf 84' lang='lat' dir='ltr'>estD</span> 
     </span>
    </p>
   </div>
   <div class='ocr_carea' id='block_1_55' title="bbox 518 4654 2141 4731">
    <p class='ocr_par' dir='ltr' id='par_1_55' title="bbox 518 4654 2141 4731">
     <span class='ocr_line' id='line_1_55' title="bbox 518 4654 2141 4731; baseline 0 -15"><span class='ocrx_word' id='word_1_346' title='bbox 518 4656 990 4731; x_wconf 82' lang='lat' dir='ltr'>compescendam</span> <span class='ocrx_word' id='word_1_347' title='bbox 1012 4654 1166 4726; x_wconf 89' lang='lat' dir='ltr'>quod</span> <span class='ocrx_word' id='word_1_348' title='bbox 1187 4655 1384 4710; x_wconf 88' lang='lat' dir='ltr'>crebro</span> <span class='ocrx_word' id='word_1_349' title='bbox 1401 4654 2141 4730; x_wconf 89' lang='lat' dir='ltr'>inveniturtransgressum.</span> 
     </span>
    </p>
   </div>
   <div class='ocr_carea' id='block_1_56' title="bbox 520 4748 2150 4825">
    <p class='ocr_par' dir='ltr' id='par_1_56' title="bbox 520 4748 2150 4825">
     <span class='ocr_line' id='line_1_56' title="bbox 520 4748 2150 4825; baseline 0 -15"><span class='ocrx_word' id='word_1_350' title='bbox 520 4753 635 4810; x_wconf 89' lang='lat' dir='ltr'>Sed</span> <span class='ocrx_word' id='word_1_351' title='bbox 663 4769 734 4808; x_wconf 91' lang='lat' dir='ltr'>ne</span> <span class='ocrx_word' id='word_1_352' title='bbox 759 4750 1120 4806; x_wconf 84' lang='lat' dir='ltr'>succedentes</span> <span class='ocrx_word' id='word_1_353' title='bbox 1148 4748 1492 4820; x_wconf 82' lang='lat' dir='ltr'>praecedant,</span> <span class='ocrx_word' id='word_1_354' title='bbox 1521 4766 1583 4804; x_wconf 92' lang='lat' dir='ltr'>ac</span> <span class='ocrx_word' id='word_1_355' title='bbox 1612 4751 1816 4807; x_wconf 91' lang='lat' dir='ltr'>deinde</span> <span class='ocrx_word' id='word_1_356' title='bbox 1845 4759 2150 4825; x_wconf 88' lang='lat' dir='ltr'>sequentes</span> 
     </span>
    </p>
   </div>
   <div class='ocr_carea' id='block_1_57' title="bbox 525 4843 2154 4919">
    <p class='ocr_par' dir='ltr' id='par_1_57' title="bbox 525 4843 2154 4919">
     <span class='ocr_line' id='line_1_57' title="bbox 525 4843 2154 4919; baseline -0.001 -16"><span class='ocrx_word' id='word_1_357' title='bbox 525 4846 818 4903; x_wconf 87' lang='lat' dir='ltr'>invideant</span> <span class='ocrx_word' id='word_1_358' title='bbox 844 4843 1157 4910; x_wconf 88' lang='lat' dir='ltr'>altioribus,</span> <span class='ocrx_word' id='word_1_359' title='bbox 1191 4847 1248 4897; x_wconf 91' lang='lat' dir='ltr'>et</span> <span class='ocrx_word' id='word_1_360' title='bbox 1273 4846 1478 4898; x_wconf 89' lang='lat' dir='ltr'>cuncta</span> <span class='ocrx_word' id='word_1_361' title='bbox 1502 4844 1692 4915; x_wconf 90' lang='lat' dir='ltr'>quieta</span> <span class='ocrx_word' id='word_1_362' title='bbox 1719 4850 1775 4899; x_wconf 89' lang='lat' dir='ltr'>et</span> <span class='ocrx_word' id='word_1_363' title='bbox 1798 4850 1999 4917; x_wconf 88' lang='lat' dir='ltr'>pacata</span> <span class='ocrx_word' id='word_1_364' title='bbox 2028 4864 2154 4919; x_wconf 89' lang='lat' dir='ltr'>per-</span> 
     </span>
    </p>
   </div>
   <div class='ocr_carea' id='block_1_58' title="bbox 529 4935 2156 5007">
    <p class='ocr_par' dir='ltr' id='par_1_58' title="bbox 529 4935 2156 5007">
     <span class='ocr_line' id='line_1_58' title="bbox 529 4935 2156 5007; baseline 0.001 -11"><span class='ocrx_word' id='word_1_365' title='bbox 529 4943 818 5007; x_wconf 88' lang='lat' dir='ltr'>maneant,</span> <span class='ocrx_word' id='word_1_366' title='bbox 862 4938 984 4993; x_wconf 69' lang='lat' dir='ltr'>haac</span> <span class='ocrx_word' id='word_1_367' title='bbox 1020 4937 1078 4992; x_wconf 90' lang='lat' dir='ltr'>in</span> <span class='ocrx_word' id='word_1_368' title='bbox 1116 4935 1353 4992; x_wconf 91' lang='lat' dir='ltr'>consilio</span> <span class='ocrx_word' id='word_1_369' title='bbox 1390 4938 1770 4992; x_wconf 90' lang='lat' dir='ltr'>communiter</span> <span class='ocrx_word' id='word_1_370' title='bbox 1805 4940 2156 4996; x_wconf 84' lang='lat' dir='ltr'>considerata</span> 
     </span>
    </p>
   </div>
   <div class='ocr_carea' id='block_1_59' title="bbox 531 5028 2158 5103">
    <p class='ocr_par' dir='ltr' id='par_1_59' title="bbox 531 5028 2158 5103">
     <span class='ocr_line' id='line_1_59' title="bbox 531 5028 2158 5103; baseline -0.001 -14"><span class='ocrx_word' id='word_1_371' title='bbox 531 5034 786 5089; x_wconf 89' lang='lat' dir='ltr'>defertur</span> <span class='ocrx_word' id='word_1_372' title='bbox 812 5029 1112 5100; x_wconf 90' lang='lat' dir='ltr'>sententia,</span> <span class='ocrx_word' id='word_1_373' title='bbox 1133 5033 1196 5084; x_wconf 92' lang='lat' dir='ltr'>ut</span> <span class='ocrx_word' id='word_1_374' title='bbox 1221 5028 1453 5085; x_wconf 83' lang='lat' dir='ltr'>servetis</span> <span class='ocrx_word' id='word_1_375' title='bbox 1482 5046 1833 5103; x_wconf 69' lang='lat' dir='ltr'>quaecunque</span> <span class='ocrx_word' id='word_1_376' title='bbox 1856 5033 2158 5089; x_wconf 90' lang='lat' dir='ltr'>universali</span> 
     </span>
    </p>
   </div>
   <div class='ocr_carea' id='block_1_60' title="bbox 531 5123 2154 5199">
    <p class='ocr_par' dir='ltr' id='par_1_60' title="bbox 531 5123 2154 5199">
     <span class='ocr_line' id='line_1_60' title="bbox 531 5123 2154 5199; baseline -0.001 -16"><span class='ocrx_word' id='word_1_377' title='bbox 531 5134 586 5183; x_wconf 90' lang='lat' dir='ltr'>et</span> <span class='ocrx_word' id='word_1_378' title='bbox 612 5143 819 5198; x_wconf 87' lang='lat' dir='ltr'>magna</span> <span class='ocrx_word' id='word_1_379' title='bbox 851 5125 1063 5196; x_wconf 82' lang='lat' dir='ltr'>synodo</span> <span class='ocrx_word' id='word_1_380' title='bbox 1088 5123 1311 5196; x_wconf 84' lang='lat' dir='ltr'>provisa</span> <span class='ocrx_word' id='word_1_381' title='bbox 1349 5124 1775 5197; x_wconf 89' lang='lat' dir='ltr'>conscriptaque</span> <span class='ocrx_word' id='word_1_382' title='bbox 1814 5125 1962 5181; x_wconf 90' lang='lat' dir='ltr'>circa</span> <span class='ocrx_word' id='word_1_383' title='bbox 1997 5129 2154 5199; x_wconf 87' lang='lat' dir='ltr'>prin-</span> 
     </span>
    </p>
   </div>
   <div class='ocr_carea' id='block_1_61' title="bbox 534 5217 2157 5293">
    <p class='ocr_par' dir='ltr' id='par_1_61' title="bbox 534 5217 2157 5293">
     <span class='ocr_line' id='line_1_61' title="bbox 534 5217 2157 5293; baseline 0.001 -17"><span class='ocrx_word' id='word_1_384' title='bbox 534 5221 720 5292; x_wconf 84' lang='lat' dir='ltr'>cipum</span> <span class='ocrx_word' id='word_1_385' title='bbox 759 5219 997 5273; x_wconf 81' lang='lat' dir='ltr'>salutem</span> <span class='ocrx_word' id='word_1_386' title='bbox 1027 5221 1083 5272; x_wconf 91' lang='lat' dir='ltr'>et</span> <span class='ocrx_word' id='word_1_387' title='bbox 1111 5217 1411 5273; x_wconf 84' lang='lat' dir='ltr'>utilitatem</span> <span class='ocrx_word' id='word_1_388' title='bbox 1450 5220 1601 5272; x_wconf 91' lang='lat' dir='ltr'>sunt.</span> <span class='ocrx_word' id='word_1_389' title='bbox 1634 5218 1761 5273; x_wconf 67' lang='lat' dir='ltr'>Haec</span> <span class='ocrx_word' id='word_1_390' title='bbox 1801 5236 2025 5293; x_wconf 89' lang='lat' dir='ltr'>quoque</span> <span class='ocrx_word' id='word_1_391' title='bbox 2058 5223 2157 5277; x_wconf 89' lang='lat' dir='ltr'>ad-</span> 
     </span>
    </p>
   </div>
   <div class='ocr_carea' id='block_1_62' title="bbox 528 5310 2159 5387">
    <p class='ocr_par' dir='ltr' id='par_1_62' title="bbox 528 5310 2159 5387">
     <span class='ocr_line' id='line_1_62' title="bbox 528 5310 2159 5387; baseline 0.001 -17"><span class='ocrx_word' id='word_1_392' title='bbox 528 5315 680 5387; x_wconf 87' lang='lat' dir='ltr'>jecta</span> <span class='ocrx_word' id='word_1_393' title='bbox 722 5311 1137 5379; x_wconf 76' lang='lat' dir='ltr'>custodiantur,</span> <span class='ocrx_word' id='word_1_394' title='bbox 1174 5310 1429 5365; x_wconf 82' lang='lat' dir='ltr'>videlicet</span> <span class='ocrx_word' id='word_1_395' title='bbox 1485 5316 1550 5365; x_wconf 90' lang='lat' dir='ltr'>ut</span> <span class='ocrx_word' id='word_1_396' title='bbox 1594 5313 1751 5366; x_wconf 86' lang='lat' dir='ltr'>omni</span> <span class='ocrx_word' id='word_1_397' title='bbox 1805 5313 2159 5385; x_wconf 83' lang='lat' dir='ltr'>bcnignilate</span> 
     </span>
    </p>
   </div>
   <div class='ocr_carea' id='block_1_63' title="bbox 535 5403 2162 5481">
    <p class='ocr_par' dir='ltr' id='par_1_63' title="bbox 535 5403 2162 5481">
     <span class='ocr_line' id='line_1_63' title="bbox 535 5403 2162 5481; baseline 0.002 -20"><span class='ocrx_word' id='word_1_398' title='bbox 535 5407 807 5476; x_wconf 74' lang='lat' dir='ltr'>omnique</span> <span class='ocrx_word' id='word_1_399' title='bbox 831 5403 1093 5458; x_wconf 79' lang='lat' dir='ltr'>ﬁrmitate</span> <span class='ocrx_word' id='word_1_400' title='bbox 1115 5403 1259 5457; x_wconf 81' lang='lat' dir='ltr'>circa</span> <span class='ocrx_word' id='word_1_401' title='bbox 1278 5421 1507 5459; x_wconf 87' lang='lat' dir='ltr'>omnem</span> <span class='ocrx_word' id='word_1_402' title='bbox 1531 5410 1866 5477; x_wconf 82' lang='lat' dir='ltr'>potestatem</span> <span class='ocrx_word' id='word_1_403' title='bbox 1891 5409 2162 5481; x_wconf 88' lang='lat' dir='ltr'>principis</span> 
     </span>
    </p>
   </div>
   <div class='ocr_carea' id='block_1_64' title="bbox 539 5496 2166 5573">
    <p class='ocr_par' dir='ltr' id='par_1_64' title="bbox 539 5496 2166 5573">
     <span class='ocr_line' id='line_1_64' title="bbox 539 5496 2166 5573; baseline 0.004 -22"><span class='ocrx_word' id='word_1_404' title='bbox 539 5500 712 5556; x_wconf 79' lang='lat' dir='ltr'>nostri</span> <span class='ocrx_word' id='word_1_405' title='bbox 745 5496 1080 5551; x_wconf 71' lang='lat' dir='ltr'>Chintillani</span> <span class='ocrx_word' id='word_1_406' title='bbox 1110 5496 1254 5568; x_wconf 86' lang='lat' dir='ltr'>regis</span> <span class='ocrx_word' id='word_1_407' title='bbox 1283 5501 1538 5553; x_wconf 84' lang='lat' dir='ltr'>teneatur</span> <span class='ocrx_word' id='word_1_408' title='bbox 1569 5499 1816 5568; x_wconf 83' lang='lat' dir='ltr'>dilectio,</span> <span class='ocrx_word' id='word_1_409' title='bbox 1839 5504 1896 5554; x_wconf 86' lang='lat' dir='ltr'>et</span> <span class='ocrx_word' id='word_1_410' title='bbox 1921 5503 2166 5573; x_wconf 50' lang='lat' dir='ltr'>prmbca‘</span> 
     </span>
    </p>
   </div>
   <div class='ocr_carea' id='block_1_65' title="bbox 541 5588 2165 5663">
    <p class='ocr_par' dir='ltr' id='par_1_65' title="bbox 541 5588 2165 5663">
     <span class='ocr_line' id='line_1_65' title="bbox 541 5588 2165 5663; baseline 0.001 -14"><span class='ocrx_word' id='word_1_411' title='bbox 541 5602 635 5649; x_wconf 90' lang='lat' dir='ltr'>tur</span> <span class='ocrx_word' id='word_1_412' title='bbox 674 5589 1007 5646; x_wconf 76' lang='lat' dir='ltr'>rationabile</span> <span class='ocrx_word' id='word_1_413' title='bbox 1047 5588 1388 5643; x_wconf 85' lang='lat' dir='ltr'>defensionis</span> <span class='ocrx_word' id='word_1_414' title='bbox 1428 5592 1854 5663; x_wconf 86' lang='lat' dir='ltr'>adminiculum,</span> <span class='ocrx_word' id='word_1_415' title='bbox 1888 5612 1958 5650; x_wconf 89' lang='lat' dir='ltr'>ne</span> <span class='ocrx_word' id='word_1_416' title='bbox 1997 5597 2165 5651; x_wconf 88' lang='lat' dir='ltr'>rebus</span> 
     </span>
    </p>
   </div>
   <div class='ocr_carea' id='block_1_66' title="bbox 537 5683 2164 5761">
    <p class='ocr_par' dir='ltr' id='par_1_66' title="bbox 537 5683 2164 5761">
     <span class='ocr_line' id='line_1_66' title="bbox 537 5683 2164 5761; baseline 0.003 -21"><span class='ocrx_word' id='word_1_417' title='bbox 537 5688 687 5758; x_wconf 86' lang='lat' dir='ltr'>justo</span> <span class='ocrx_word' id='word_1_418' title='bbox 734 5683 968 5756; x_wconf 82' lang='lat' dir='ltr'>provisis</span> <span class='ocrx_word' id='word_1_419' title='bbox 1007 5686 1107 5737; x_wconf 89' lang='lat' dir='ltr'>aut</span> <span class='ocrx_word' id='word_1_420' title='bbox 1163 5684 1331 5737; x_wconf 88' lang='lat' dir='ltr'>etiam</span> <span class='ocrx_word' id='word_1_421' title='bbox 1381 5690 1678 5754; x_wconf 86' lang='lat' dir='ltr'>parentum</span> <span class='ocrx_word' id='word_1_422' title='bbox 1740 5689 1912 5761; x_wconf 89' lang='lat' dir='ltr'>digna</span> <span class='ocrx_word' id='word_1_423' title='bbox 1974 5692 2164 5761; x_wconf 88' lang='lat' dir='ltr'>provi-</span> 
     </span>
    </p>
   </div>
   <div class='ocr_carea' id='block_1_67' title="bbox 546 5776 2166 5853">
    <p class='ocr_par' dir='ltr' id='par_1_67' title="bbox 546 5776 2166 5853">
     <span class='ocr_line' id='line_1_67' title="bbox 546 5776 2166 5853; baseline 0.002 -20"><span class='ocrx_word' id='word_1_424' title='bbox 546 5780 702 5833; x_wconf 86' lang='lat' dir='ltr'>sione</span> <span class='ocrx_word' id='word_1_425' title='bbox 733 5777 1050 5849; x_wconf 83' lang='lat' dir='ltr'>procuratis</span> <span class='ocrx_word' id='word_1_426' title='bbox 1088 5776 1169 5830; x_wconf 88' lang='lat' dir='ltr'>vel</span> <span class='ocrx_word' id='word_1_427' title='bbox 1208 5776 1352 5846; x_wconf 87' lang='lat' dir='ltr'>juris</span> <span class='ocrx_word' id='word_1_428' title='bbox 1384 5778 1732 5849; x_wconf 85' lang='lat' dir='ltr'>proprietate</span> <span class='ocrx_word' id='word_1_429' title='bbox 1766 5781 1974 5853; x_wconf 88' lang='lat' dir='ltr'>injuste</span> <span class='ocrx_word' id='word_1_430' title='bbox 2011 5784 2166 5837; x_wconf 88' lang='lat' dir='ltr'>frau-</span> 
     </span>
    </p>
   </div>
   <div class='ocr_carea' id='block_1_68' title="bbox 545 5867 2167 5953">
    <p class='ocr_par' dir='ltr' id='par_1_68' title="bbox 545 5867 2167 5953">
     <span class='ocr_line' id='line_1_68' title="bbox 545 5867 2167 5953; baseline 0.006 -28"><span class='ocrx_word' id='word_1_431' title='bbox 545 5867 851 5942; x_wconf 88' lang='lat' dir='ltr'>dulentur,</span> <span class='ocrx_word' id='word_1_432' title='bbox 909 5886 1012 5925; x_wconf 87' lang='lat' dir='ltr'>nec</span> <span class='ocrx_word' id='word_1_433' title='bbox 1061 5888 1094 5924; x_wconf 85' lang='lat' dir='ltr'>a</span> <span class='ocrx_word' id='word_1_434' title='bbox 1143 5886 1432 5944; x_wconf 72' lang='lat' dir='ltr'>quoquam</span> <span class='ocrx_word' id='word_1_435' title='bbox 1486 5888 1657 5927; x_wconf 77' lang='lat' dir='ltr'>causa</span> <span class='ocrx_word' id='word_1_436' title='bbox 1733 5874 1920 5930; x_wconf 82' lang='lat' dir='ltr'>illicite</span> <span class='ocrx_word' id='word_1_437' title='bbox 1972 5878 2167 5953; x_wconf 56' lang='lat' dir='ltr'>exquio</span> 
     </span>
    </p>
   </div>
   <div class='ocr_carea' id='block_1_69' title="bbox 2209 1928 3844 2014">
    <p class='ocr_par' dir='ltr' id='par_1_69' title="bbox 2209 1928 3844 2014">
     <span class='ocr_line' id='line_1_69' title="bbox 2209 1928 3844 2014; baseline -0.011 -15"><span class='ocrx_word' id='word_1_438' title='bbox 2209 1960 2405 2000; x_wconf 90' lang='lat' dir='ltr'>omnes</span> <span class='ocrx_word' id='word_1_439' title='bbox 2434 1945 2746 2014; x_wconf 68' lang='lat' dir='ltr'>praesentes</span> <span class='ocrx_word' id='word_1_440' title='bbox 2773 1942 2831 1994; x_wconf 88' lang='lat' dir='ltr'>et</span> <span class='ocrx_word' id='word_1_441' title='bbox 2849 1939 3128 2005; x_wconf 86' lang='lat' dir='ltr'>absentes,</span> <span class='ocrx_word' id='word_1_442' title='bbox 3151 1936 3240 1989; x_wconf 89' lang='lat' dir='ltr'>vel</span> <span class='ocrx_word' id='word_1_443' title='bbox 3269 1928 3441 1989; x_wconf 83' lang='lat' dir='ltr'>etiam</span> <span class='ocrx_word' id='word_1_444' title='bbox 3461 1928 3668 1985; x_wconf 90' lang='lat' dir='ltr'>futuris</span> <span class='ocrx_word' id='word_1_445' title='bbox 3690 1933 3844 1983; x_wconf 88' lang='lat' dir='ltr'>tem-</span> 
     </span>
    </p>
   </div>
   <div class='ocr_carea' id='block_1_70' title="bbox 2208 2021 3844 2111">
    <p class='ocr_par' dir='ltr' id='par_1_70' title="bbox 2208 2021 3844 2111">
     <span class='ocr_line' id='line_1_70' title="bbox 2208 2021 3844 2111; baseline -0.012 -18"><span class='ocrx_word' id='word_1_446' title='bbox 2208 2037 2442 2111; x_wconf 90' lang='lat' dir='ltr'>poribus</span> <span class='ocrx_word' id='word_1_447' title='bbox 2485 2036 2914 2105; x_wconf 89' lang='lat' dir='ltr'>consequentes,</span> <span class='ocrx_word' id='word_1_448' title='bbox 2955 2047 3148 2085; x_wconf 89' lang='lat' dir='ltr'>coram</span> <span class='ocrx_word' id='word_1_449' title='bbox 3198 2030 3308 2082; x_wconf 90' lang='lat' dir='ltr'>Deo</span> <span class='ocrx_word' id='word_1_450' title='bbox 3348 2030 3404 2080; x_wconf 88' lang='lat' dir='ltr'>et</span> <span class='ocrx_word' id='word_1_451' title='bbox 3451 2024 3671 2095; x_wconf 86' lang='lat' dir='ltr'>angelis</span> <span class='ocrx_word' id='word_1_452' title='bbox 3713 2021 3844 2092; x_wconf 87' lang='lat' dir='ltr'>ejus</span> 
     </span>
    </p>
   </div>
   <div class='ocr_carea' id='block_1_71' title="bbox 2210 2114 3849 2203">
    <p class='ocr_par' dir='ltr' id='par_1_71' title="bbox 2210 2114 3849 2203">
     <span class='ocr_line' id='line_1_71' title="bbox 2210 2114 3849 2203; baseline -0.012 -17"><span class='ocrx_word' id='word_1_453' title='bbox 2210 2131 2360 2203; x_wconf 92' lang='lat' dir='ltr'>quod</span> <span class='ocrx_word' id='word_1_454' title='bbox 2390 2129 2435 2184; x_wconf 91' lang='lat' dir='ltr'>si</span> <span class='ocrx_word' id='word_1_455' title='bbox 2461 2129 2763 2200; x_wconf 86' lang='lat' dir='ltr'>quisquam</span> <span class='ocrx_word' id='word_1_456' title='bbox 2783 2121 3204 2180; x_wconf 90' lang='lat' dir='ltr'>contestationis</span> <span class='ocrx_word' id='word_1_457' title='bbox 3224 2121 3532 2176; x_wconf 81' lang='lat' dir='ltr'>temerator</span> <span class='ocrx_word' id='word_1_458' title='bbox 3559 2114 3849 2171; x_wconf 84' lang='lat' dir='ltr'>exstiterit</span> 
     </span>
    </p>
   </div>
   <div class='ocr_carea' id='block_1_72' title="bbox 2209 2208 3847 2296">
    <p class='ocr_par' dir='ltr' id='par_1_72' title="bbox 2209 2208 3847 2296">
     <span class='ocr_line' id='line_1_72' title="bbox 2209 2208 3847 2296; baseline -0.012 -16"><span class='ocrx_word' id='word_1_459' title='bbox 2209 2231 2379 2296; x_wconf 88' lang='lat' dir='ltr'>atque</span> <span class='ocrx_word' id='word_1_460' title='bbox 2427 2225 2807 2292; x_wconf 90' lang='lat' dir='ltr'>contemptor,</span> <span class='ocrx_word' id='word_1_461' title='bbox 2853 2222 2909 2274; x_wconf 93' lang='lat' dir='ltr'>et</span> <span class='ocrx_word' id='word_1_462' title='bbox 2952 2231 3291 2289; x_wconf 88' lang='lat' dir='ltr'>quacunque</span> <span class='ocrx_word' id='word_1_463' title='bbox 3340 2208 3847 2283; x_wconf 86' lang='lat' dir='ltr'>argumentatione</span> 
     </span>
    </p>
   </div>
   <div class='ocr_carea' id='block_1_73' title="bbox 2211 2305 3849 2380">
    <p class='ocr_par' dir='ltr' id='par_1_73' title="bbox 2211 2305 3849 2380">
     <span class='ocr_line' id='line_1_73' title="bbox 2211 2305 3849 2380; baseline -0.012 -7"><span class='ocrx_word' id='word_1_464' title='bbox 2211 2318 2400 2373; x_wconf 92' lang='lat' dir='ltr'>odiose</span> <span class='ocrx_word' id='word_1_465' title='bbox 2435 2333 2530 2371; x_wconf 82' lang='lat' dir='ltr'>eos</span> <span class='ocrx_word' id='word_1_466' title='bbox 2569 2315 2891 2380; x_wconf 88' lang='lat' dir='ltr'>molestare,</span> <span class='ocrx_word' id='word_1_467' title='bbox 2932 2317 3030 2367; x_wconf 91' lang='lat' dir='ltr'>aut</span> <span class='ocrx_word' id='word_1_468' title='bbox 3066 2311 3125 2365; x_wconf 93' lang='lat' dir='ltr'>in</span> <span class='ocrx_word' id='word_1_469' title='bbox 3157 2308 3346 2380; x_wconf 89' lang='lat' dir='ltr'>aliquo</span> <span class='ocrx_word' id='word_1_470' title='bbox 3384 2306 3560 2361; x_wconf 88' lang='lat' dir='ltr'>fuerit</span> <span class='ocrx_word' id='word_1_471' title='bbox 3600 2305 3849 2358; x_wconf 86' lang='lat' dir='ltr'>conatus</span> 
     </span>
    </p>
   </div>
   <div class='ocr_carea' id='block_1_74' title="bbox 2211 2395 3851 2479">
    <p class='ocr_par' dir='ltr' id='par_1_74' title="bbox 2211 2395 3851 2479">
     <span class='ocr_line' id='line_1_74' title="bbox 2211 2395 3851 2479; baseline -0.012 -12"><span class='ocrx_word' id='word_1_472' title='bbox 2211 2413 2435 2479; x_wconf 81' lang='lat' dir='ltr'>laedere,</span> <span class='ocrx_word' id='word_1_473' title='bbox 2497 2410 2570 2463; x_wconf 91' lang='lat' dir='ltr'>sit</span> <span class='ocrx_word' id='word_1_474' title='bbox 2621 2409 2924 2463; x_wconf 88' lang='lat' dir='ltr'>anathema</span> <span class='ocrx_word' id='word_1_475' title='bbox 2973 2405 3034 2459; x_wconf 91' lang='lat' dir='ltr'>in</span> <span class='ocrx_word' id='word_1_476' title='bbox 3087 2401 3536 2459; x_wconf 89' lang='lat' dir='ltr'>Christianorum</span> <span class='ocrx_word' id='word_1_477' title='bbox 3584 2395 3851 2450; x_wconf 88' lang='lat' dir='ltr'>omnium</span> 
     </span>
    </p>
   </div>
   <div class='ocr_carea' id='block_1_75' title="bbox 2213 2492 3850 2574">
    <p class='ocr_par' dir='ltr' id='par_1_75' title="bbox 2213 2492 3850 2574">
     <span class='ocr_line' id='line_1_75' title="bbox 2213 2492 3850 2574; baseline -0.012 -13"><span class='ocrx_word' id='word_1_478' title='bbox 2213 2509 2380 2572; x_wconf 71' lang='lat' dir='ltr'>coetu,</span> <span class='ocrx_word' id='word_1_479' title='bbox 2396 2508 2567 2574; x_wconf 90' lang='lat' dir='ltr'>atque</span> <span class='ocrx_word' id='word_1_480' title='bbox 2593 2518 2841 2574; x_wconf 90' lang='lat' dir='ltr'>superno</span> <span class='ocrx_word' id='word_1_481' title='bbox 2862 2499 3279 2555; x_wconf 89' lang='lat' dir='ltr'>condemnetur</span> <span class='ocrx_word' id='word_1_482' title='bbox 3298 2493 3533 2566; x_wconf 90' lang='lat' dir='ltr'>judicio,</span> <span class='ocrx_word' id='word_1_483' title='bbox 3552 2492 3623 2545; x_wconf 89' lang='lat' dir='ltr'>sit</span> <span class='ocrx_word' id='word_1_484' title='bbox 3641 2505 3850 2560; x_wconf 82' lang='lat' dir='ltr'>expro-</span> 
     </span>
    </p>
   </div>
   <div class='ocr_carea' id='block_1_76' title="bbox 2212 2582 3852 2654">
    <p class='ocr_par' dir='ltr' id='par_1_76' title="bbox 2212 2582 3852 2654">
     <span class='ocr_line' id='line_1_76' title="bbox 2212 2582 3852 2654; baseline -0.012 0"><span class='ocrx_word' id='word_1_485' title='bbox 2212 2598 2445 2654; x_wconf 88' lang='lat' dir='ltr'>brabilis</span> <span class='ocrx_word' id='word_1_486' title='bbox 2477 2596 2742 2652; x_wconf 90' lang='lat' dir='ltr'>omnibus</span> <span class='ocrx_word' id='word_1_487' title='bbox 2777 2593 3066 2650; x_wconf 89' lang='lat' dir='ltr'>catholicis</span> <span class='ocrx_word' id='word_1_488' title='bbox 3111 2597 3165 2645; x_wconf 89' lang='lat' dir='ltr'>et</span> <span class='ocrx_word' id='word_1_489' title='bbox 3201 2585 3602 2643; x_wconf 91' lang='lat' dir='ltr'>abominabilis</span> <span class='ocrx_word' id='word_1_490' title='bbox 3636 2582 3852 2637; x_wconf 90' lang='lat' dir='ltr'>sanctis</span> 
     </span>
    </p>
   </div>
   <div class='ocr_carea' id='block_1_77' title="bbox 2216 2676 3851 2764">
    <p class='ocr_par' dir='ltr' id='par_1_77' title="bbox 2216 2676 3851 2764">
     <span class='ocr_line' id='line_1_77' title="bbox 2216 2676 3851 2764; baseline -0.012 -17"><span class='ocrx_word' id='word_1_491' title='bbox 2216 2692 2433 2764; x_wconf 91' lang='lat' dir='ltr'>angelis</span> <span class='ocrx_word' id='word_1_492' title='bbox 2456 2691 2516 2745; x_wconf 91' lang='lat' dir='ltr'>in</span> <span class='ocrx_word' id='word_1_493' title='bbox 2544 2688 2855 2744; x_wconf 90' lang='lat' dir='ltr'>ministerio</span> <span class='ocrx_word' id='word_1_494' title='bbox 2893 2687 2990 2741; x_wconf 86' lang='lat' dir='ltr'>Dei</span> <span class='ocrx_word' id='word_1_495' title='bbox 3033 2681 3371 2751; x_wconf 87' lang='lat' dir='ltr'>constitutis,</span> <span class='ocrx_word' id='word_1_496' title='bbox 3402 2679 3472 2734; x_wconf 93' lang='lat' dir='ltr'>sit</span> <span class='ocrx_word' id='word_1_497' title='bbox 3499 2680 3609 2733; x_wconf 91' lang='lat' dir='ltr'>hoc</span> <span class='ocrx_word' id='word_1_498' title='bbox 3635 2676 3851 2731; x_wconf 66' lang='lat' dir='ltr'>saeculo</span> 
     </span>
    </p>
   </div>
   <div class='ocr_carea' id='block_1_78' title="bbox 2215 2771 3852 2857">
    <p class='ocr_par' dir='ltr' id='par_1_78' title="bbox 2215 2771 3852 2857">
     <span class='ocr_line' id='line_1_78' title="bbox 2215 2771 3852 2857; baseline -0.011 -17"><span class='ocrx_word' id='word_1_499' title='bbox 2215 2786 2492 2857; x_wconf 88' lang='lat' dir='ltr'>perditus,</span> <span class='ocrx_word' id='word_1_500' title='bbox 2521 2786 2578 2839; x_wconf 85' lang='lat' dir='ltr'>et</span> <span class='ocrx_word' id='word_1_501' title='bbox 2611 2784 2669 2837; x_wconf 92' lang='lat' dir='ltr'>in</span> <span class='ocrx_word' id='word_1_502' title='bbox 2709 2783 2901 2836; x_wconf 89' lang='lat' dir='ltr'>futuro</span> <span class='ocrx_word' id='word_1_503' title='bbox 2939 2778 3349 2834; x_wconf 88' lang='lat' dir='ltr'>condemnatus</span> <span class='ocrx_word' id='word_1_504' title='bbox 3384 2772 3483 2845; x_wconf 88' lang='lat' dir='ltr'>qui</span> <span class='ocrx_word' id='word_1_505' title='bbox 3521 2775 3636 2827; x_wconf 89' lang='lat' dir='ltr'>tam</span> <span class='ocrx_word' id='word_1_506' title='bbox 3673 2771 3852 2825; x_wconf 67' lang='lat' dir='ltr'>rectas</span> 
     </span>
    </p>
   </div>
   <div class='ocr_carea' id='block_1_79' title="bbox 2218 2874 3412 2951">
    <p class='ocr_par' dir='ltr' id='par_1_79' title="bbox 2218 2874 3412 2951">
     <span class='ocr_line' id='line_1_79' title="bbox 2218 2874 3412 2951; baseline -0.01 -17"><span class='ocrx_word' id='word_1_507' title='bbox 2218 2878 2522 2951; x_wconf 89' lang='lat' dir='ltr'>provisioni</span> <span class='ocrx_word' id='word_1_508' title='bbox 2552 2876 2738 2932; x_wconf 90' lang='lat' dir='ltr'>noluit</span> <span class='ocrx_word' id='word_1_509' title='bbox 2767 2874 3020 2947; x_wconf 75' lang='lat' dir='ltr'>praebere</span> <span class='ocrx_word' id='word_1_510' title='bbox 3052 2885 3412 2926; x_wconf 86' lang='lat' dir='ltr'>consensum.</span> 
     </span>
    </p>
   </div>
   <div class='ocr_carea' id='block_1_80' title="bbox 2290 2993 3854 3079">
    <p class='ocr_par' dir='ltr' id='par_1_80' title="bbox 2290 2993 3854 3079">
     <span class='ocr_line' id='line_1_80' title="bbox 2290 2993 3854 3079; baseline -0.01 -15"><span class='ocrx_word' id='word_1_511' title='bbox 2290 3011 2375 3065; x_wconf 87' lang='lat' dir='ltr'>Ill.</span> <span class='ocrx_word' id='word_1_512' title='bbox 2396 3006 2705 3079; x_wconf 84' lang='lat' dir='ltr'>Inexpertis</span> <span class='ocrx_word' id='word_1_513' title='bbox 2726 3006 2884 3060; x_wconf 92' lang='lat' dir='ltr'>novis</span> <span class='ocrx_word' id='word_1_514' title='bbox 2911 3003 3162 3059; x_wconf 90' lang='lat' dir='ltr'>moribus</span> <span class='ocrx_word' id='word_1_515' title='bbox 3182 3016 3385 3055; x_wconf 89' lang='lat' dir='ltr'>novam</span> <span class='ocrx_word' id='word_1_516' title='bbox 3410 2997 3573 3053; x_wconf 91' lang='lat' dir='ltr'>decet</span> <span class='ocrx_word' id='word_1_517' title='bbox 3591 2993 3854 3051; x_wconf 87' lang='lat' dir='ltr'>invenire</span> 
     </span>
    </p>
   </div>
   <div class='ocr_carea' id='block_1_81' title="bbox 2223 3088 3857 3175">
    <p class='ocr_par' dir='ltr' id='par_1_81' title="bbox 2223 3088 3857 3175">
     <span class='ocr_line' id='line_1_81' title="bbox 2223 3088 3857 3175; baseline -0.01 -18"><span class='ocrx_word' id='word_1_518' title='bbox 2223 3102 2529 3168; x_wconf 91' lang='lat' dir='ltr'>medelam,</span> <span class='ocrx_word' id='word_1_519' title='bbox 2576 3103 2922 3171; x_wconf 86' lang='lat' dir='ltr'>quapropter</span> <span class='ocrx_word' id='word_1_520' title='bbox 2956 3095 3226 3175; x_wconf 82' lang='lat' dir='ltr'>quoniam</span> <span class='ocrx_word' id='word_1_521' title='bbox 3258 3097 3390 3147; x_wconf 90' lang='lat' dir='ltr'>sunt</span> <span class='ocrx_word' id='word_1_522' title='bbox 3417 3088 3857 3145; x_wconf 55' lang='lat' dir='ltr'>inconsiderata!</span> 
     </span>
    </p>
   </div>
   <div class='ocr_carea' id='block_1_82' title="bbox 2143 3185 3859 3284">
    <p class='ocr_par' dir='ltr' id='par_1_82' title="bbox 2143 3185 3859 3284">
     <span class='ocr_line' id='line_1_82' title="bbox 2143 3185 3859 3284; baseline -0.011 -32"><span class='ocrx_word' id='word_1_523' title='bbox 2143 3211 2198 3284; x_wconf 69' lang='grc' dir='ltr'><strong>ρ</strong></span> <span class='ocrx_word' id='word_1_524' title='bbox 2226 3195 2605 3268; x_wconf 89' lang='lat' dir='ltr'>quorumdam</span> <span class='ocrx_word' id='word_1_525' title='bbox 2633 3196 2875 3257; x_wconf 91' lang='lat' dir='ltr'>mentes,</span> <span class='ocrx_word' id='word_1_526' title='bbox 2907 3195 2964 3244; x_wconf 89' lang='lat' dir='ltr'>et</span> <span class='ocrx_word' id='word_1_527' title='bbox 3000 3207 3057 3244; x_wconf 87' lang='lat' dir='ltr'>se</span> <span class='ocrx_word' id='word_1_528' title='bbox 3093 3189 3331 3243; x_wconf 89' lang='lat' dir='ltr'>minime</span> <span class='ocrx_word' id='word_1_529' title='bbox 3369 3185 3680 3256; x_wconf 89' lang='lat' dir='ltr'>capientes,</span> <span class='ocrx_word' id='word_1_530' title='bbox 3710 3197 3859 3252; x_wconf 91' lang='lat' dir='ltr'>quos</span> 
     </span>
    </p>
   </div>
   <div class='ocr_carea' id='block_1_83' title="bbox 2223 3274 3855 3359">
    <p class='ocr_par' dir='ltr' id='par_1_83' title="bbox 2223 3274 3855 3359">
     <span class='ocr_line' id='line_1_83' title="bbox 2223 3274 3855 3359; baseline -0.011 -15"><span class='ocrx_word' id='word_1_531' title='bbox 2223 3308 2325 3345; x_wconf 91' lang='lat' dir='ltr'>nec</span> <span class='ocrx_word' id='word_1_532' title='bbox 2354 3289 2514 3359; x_wconf 87' lang='lat' dir='ltr'>origo</span> <span class='ocrx_word' id='word_1_533' title='bbox 2544 3291 2727 3357; x_wconf 89' lang='lat' dir='ltr'>ornat,</span> <span class='ocrx_word' id='word_1_534' title='bbox 2754 3302 2858 3340; x_wconf 89' lang='lat' dir='ltr'>nec</span> <span class='ocrx_word' id='word_1_535' title='bbox 2889 3284 3065 3339; x_wconf 89' lang='lat' dir='ltr'>virtus</span> <span class='ocrx_word' id='word_1_536' title='bbox 3094 3283 3340 3348; x_wconf 89' lang='lat' dir='ltr'>decorat,</span> <span class='ocrx_word' id='word_1_537' title='bbox 3373 3278 3473 3351; x_wconf 89' lang='lat' dir='ltr'>qui</span> <span class='ocrx_word' id='word_1_538' title='bbox 3502 3274 3713 3348; x_wconf 89' lang='lat' dir='ltr'>passim</span> <span class='ocrx_word' id='word_1_539' title='bbox 3740 3290 3855 3344; x_wconf 86' lang='lat' dir='ltr'>pu—</span> 
     </span>
    </p>
   </div>
   <div class='ocr_carea' id='block_1_84' title="bbox 2225 3367 3858 3451">
    <p class='ocr_par' dir='ltr' id='par_1_84' title="bbox 2225 3367 3858 3451">
     <span class='ocr_line' id='line_1_84' title="bbox 2225 3367 3858 3451; baseline -0.011 -13"><span class='ocrx_word' id='word_1_540' title='bbox 2225 3386 2348 3438; x_wconf 88' lang='lat' dir='ltr'>tant</span> <span class='ocrx_word' id='word_1_541' title='bbox 2376 3383 2725 3451; x_wconf 82' lang='lat' dir='ltr'>licenterque</span> <span class='ocrx_word' id='word_1_542' title='bbox 2757 3379 2827 3433; x_wconf 87' lang='lat' dir='ltr'>ad</span> <span class='ocrx_word' id='word_1_543' title='bbox 2862 3377 3074 3449; x_wconf 87' lang='lat' dir='ltr'>regalia</span> <span class='ocrx_word' id='word_1_544' title='bbox 3098 3372 3413 3446; x_wconf 61' lang='lat' dir='ltr'>majesta‘tis</span> <span class='ocrx_word' id='word_1_545' title='bbox 3440 3369 3740 3443; x_wconf 88' lang='lat' dir='ltr'>pervenire</span> <span class='ocrx_word' id='word_1_546' title='bbox 3768 3367 3858 3420; x_wconf 87' lang='lat' dir='ltr'>fa-</span> 
     </span>
    </p>
   </div>
   <div class='ocr_carea' id='block_1_85' title="bbox 2226 3462 3860 3548">
    <p class='ocr_par' dir='ltr' id='par_1_85' title="bbox 2226 3462 3860 3548">
     <span class='ocr_line' id='line_1_85' title="bbox 2226 3462 3860 3548; baseline -0.012 -16"><span class='ocrx_word' id='word_1_547' title='bbox 2226 3476 2430 3548; x_wconf 89' lang='lat' dir='ltr'>stigia:</span> <span class='ocrx_word' id='word_1_548' title='bbox 2463 3474 2631 3545; x_wconf 90' lang='lat' dir='ltr'>hujus</span> <span class='ocrx_word' id='word_1_549' title='bbox 2660 3472 2742 3527; x_wconf 89' lang='lat' dir='ltr'>rei</span> <span class='ocrx_word' id='word_1_550' title='bbox 2772 3489 2941 3527; x_wconf 89' lang='lat' dir='ltr'>causa</span> <span class='ocrx_word' id='word_1_551' title='bbox 2971 3473 3165 3525; x_wconf 90' lang='lat' dir='ltr'>nostra</span> <span class='ocrx_word' id='word_1_552' title='bbox 3197 3467 3456 3524; x_wconf 90' lang='lat' dir='ltr'>omnium</span> <span class='ocrx_word' id='word_1_553' title='bbox 3479 3479 3609 3519; x_wconf 91' lang='lat' dir='ltr'>cum</span> <span class='ocrx_word' id='word_1_554' title='bbox 3633 3462 3860 3516; x_wconf 84' lang='lat' dir='ltr'>invoca-</span> 
     </span>
    </p>
   </div>
   <div class='ocr_carea' id='block_1_86' title="bbox 2226 3555 3864 3638">
    <p class='ocr_par' dir='ltr' id='par_1_86' title="bbox 2226 3555 3864 3638">
     <span class='ocr_line' id='line_1_86' title="bbox 2226 3555 3864 3638; baseline -0.011 -14"><span class='ocrx_word' id='word_1_555' title='bbox 2226 3570 2378 3625; x_wconf 88' lang='lat' dir='ltr'>tione</span> <span class='ocrx_word' id='word_1_556' title='bbox 2407 3567 2595 3623; x_wconf 90' lang='lat' dir='ltr'>divina</span> <span class='ocrx_word' id='word_1_557' title='bbox 2623 3565 2910 3638; x_wconf 74' lang='lat' dir='ltr'>praebetur</span> <span class='ocrx_word' id='word_1_558' title='bbox 2941 3561 3238 3628; x_wconf 90' lang='lat' dir='ltr'>sententia,</span> <span class='ocrx_word' id='word_1_559' title='bbox 3267 3565 3333 3614; x_wconf 87' lang='lat' dir='ltr'>ut</span> <span class='ocrx_word' id='word_1_560' title='bbox 3361 3559 3408 3613; x_wconf 89' lang='lat' dir='ltr'>si</span> <span class='ocrx_word' id='word_1_561' title='bbox 3433 3557 3558 3630; x_wconf 91' lang='lat' dir='ltr'>quis</span> <span class='ocrx_word' id='word_1_562' title='bbox 3583 3555 3717 3609; x_wconf 89' lang='lat' dir='ltr'>talia</span> <span class='ocrx_word' id='word_1_563' title='bbox 3743 3569 3864 3608; x_wconf 91' lang='lat' dir='ltr'>me-</span> 
     </span>
    </p>
   </div>
   <div class='ocr_carea' id='block_1_87' title="bbox 2230 3648 3860 3730">
    <p class='ocr_par' dir='ltr' id='par_1_87' title="bbox 2230 3648 3860 3730">
     <span class='ocr_line' id='line_1_87' title="bbox 2230 3648 3860 3730; baseline -0.012 -12"><span class='ocrx_word' id='word_1_564' title='bbox 2230 3664 2437 3718; x_wconf 91' lang='lat' dir='ltr'>ditatus</span> <span class='ocrx_word' id='word_1_565' title='bbox 2457 3660 2647 3727; x_wconf 87' lang='lat' dir='ltr'>fuerit,</span> <span class='ocrx_word' id='word_1_566' title='bbox 2663 3675 2834 3730; x_wconf 90' lang='lat' dir='ltr'>quem</span> <span class='ocrx_word' id='word_1_567' title='bbox 2854 3675 2962 3712; x_wconf 91' lang='lat' dir='ltr'>nec</span> <span class='ocrx_word' id='word_1_568' title='bbox 2988 3657 3187 3711; x_wconf 89' lang='lat' dir='ltr'>electio</span> <span class='ocrx_word' id='word_1_569' title='bbox 3206 3652 3469 3709; x_wconf 89' lang='lat' dir='ltr'>omnium</span> <span class='ocrx_word' id='word_1_570' title='bbox 3496 3648 3730 3721; x_wconf 76' lang='lat' dir='ltr'>praeﬁcit</span> <span class='ocrx_word' id='word_1_571' title='bbox 3754 3662 3860 3703; x_wconf 89' lang='lat' dir='ltr'>nec</span> 
     </span>
    </p>
   </div>
   <div class='ocr_carea' id='block_1_88' title="bbox 2230 3739 3867 3825">
    <p class='ocr_par' dir='ltr' id='par_1_88' title="bbox 2230 3739 3867 3825">
     <span class='ocr_line' id='line_1_88' title="bbox 2230 3739 3867 3825; baseline -0.012 -13"><span class='ocrx_word' id='word_1_572' title='bbox 2230 3755 2476 3812; x_wconf 70' lang='lat' dir='ltr'>Gothica:</span> <span class='ocrx_word' id='word_1_573' title='bbox 2504 3753 2690 3825; x_wconf 90' lang='lat' dir='ltr'>gentis</span> <span class='ocrx_word' id='word_1_574' title='bbox 2726 3751 2994 3806; x_wconf 91' lang='lat' dir='ltr'>nobilitas</span> <span class='ocrx_word' id='word_1_575' title='bbox 3024 3750 3097 3804; x_wconf 92' lang='lat' dir='ltr'>ad</span> <span class='ocrx_word' id='word_1_576' title='bbox 3127 3749 3277 3803; x_wconf 91' lang='lat' dir='ltr'>hunc</span> <span class='ocrx_word' id='word_1_577' title='bbox 3305 3746 3523 3817; x_wconf 90' lang='lat' dir='ltr'>apicem</span> <span class='ocrx_word' id='word_1_578' title='bbox 3564 3740 3760 3807; x_wconf 87' lang='lat' dir='ltr'>trahit,</span> <span class='ocrx_word' id='word_1_579' title='bbox 3793 3739 3867 3793; x_wconf 87' lang='lat' dir='ltr'>sit</span> 
     </span>
    </p>
   </div>
   <div class='ocr_carea' id='block_1_89' title="bbox 2233 3833 3863 3916">
    <p class='ocr_par' dir='ltr' id='par_1_89' title="bbox 2233 3833 3863 3916">
     <span class='ocr_line' id='line_1_89' title="bbox 2233 3833 3863 3916; baseline -0.012 -11"><span class='ocrx_word' id='word_1_580' title='bbox 2233 3847 2518 3905; x_wconf 89' lang='lat' dir='ltr'>consortio</span> <span class='ocrx_word' id='word_1_581' title='bbox 2555 3845 2961 3901; x_wconf 90' lang='lat' dir='ltr'>catholicorum</span> <span class='ocrx_word' id='word_1_582' title='bbox 2992 3843 3266 3916; x_wconf 87' lang='lat' dir='ltr'>privatus,</span> <span class='ocrx_word' id='word_1_583' title='bbox 3299 3845 3355 3895; x_wconf 90' lang='lat' dir='ltr'>et</span> <span class='ocrx_word' id='word_1_584' title='bbox 3393 3837 3582 3893; x_wconf 88' lang='lat' dir='ltr'>divino</span> <span class='ocrx_word' id='word_1_585' title='bbox 3620 3833 3863 3889; x_wconf 85' lang='lat' dir='ltr'>anathe-</span> 
     </span>
    </p>
   </div>
   <div class='ocr_carea' id='block_1_90' title="bbox 2234 3940 2842 3998">
    <p class='ocr_par' dir='ltr' id='par_1_90' title="bbox 2234 3940 2842 3998">
     <span class='ocr_line' id='line_1_90' title="bbox 2234 3940 2842 3998; baseline -0.007 0"><span class='ocrx_word' id='word_1_586' title='bbox 2234 3944 2390 3998; x_wconf 90' lang='lat' dir='ltr'>mate</span> <span class='ocrx_word' id='word_1_587' title='bbox 2410 3940 2842 3995; x_wconf 86' lang='lat' dir='ltr'>condemnatus.</span> 
     </span>
    </p>
   </div>
   <div class='ocr_carea' id='block_1_91' title="bbox 2308 4047 3869 4133">
    <p class='ocr_par' dir='ltr' id='par_1_91' title="bbox 2308 4047 3869 4133">
     <span class='ocr_line' id='line_1_91' title="bbox 2308 4047 3869 4133; baseline -0.012 -14"><span class='ocrx_word' id='word_1_588' title='bbox 2308 4064 2395 4119; x_wconf 90' lang='lat' dir='ltr'><strong>IV.</strong></span> <span class='ocrx_word' id='word_1_589' title='bbox 2424 4064 2571 4133; x_wconf 91' lang='lat' dir='ltr'>Ergo</span> <span class='ocrx_word' id='word_1_590' title='bbox 2602 4060 2735 4132; x_wconf 88' lang='lat' dir='ltr'>quia</span> <span class='ocrx_word' id='word_1_591' title='bbox 2763 4065 2819 4115; x_wconf 89' lang='lat' dir='ltr'>et</span> <span class='ocrx_word' id='word_1_592' title='bbox 2843 4057 3108 4130; x_wconf 86' lang='lat' dir='ltr'>religioni</span> <span class='ocrx_word' id='word_1_593' title='bbox 3132 4054 3429 4111; x_wconf 89' lang='lat' dir='ltr'>inimicum</span> <span class='ocrx_word' id='word_1_594' title='bbox 3456 4054 3515 4107; x_wconf 90' lang='lat' dir='ltr'>et</span> <span class='ocrx_word' id='word_1_595' title='bbox 3537 4047 3869 4105; x_wconf 88' lang='lat' dir='ltr'>hominibus</span> 
     </span>
    </p>
   </div>
   <div class='ocr_carea' id='block_1_92' title="bbox 2237 4143 3871 4226">
    <p class='ocr_par' dir='ltr' id='par_1_92' title="bbox 2237 4143 3871 4226">
     <span class='ocr_line' id='line_1_92' title="bbox 2237 4143 3871 4226; baseline -0.011 -14"><span class='ocrx_word' id='word_1_596' title='bbox 2237 4156 2452 4213; x_wconf 85' lang='lat' dir='ltr'>constat</span> <span class='ocrx_word' id='word_1_597' title='bbox 2481 4172 2600 4211; x_wconf 91' lang='lat' dir='ltr'>esse</span> <span class='ocrx_word' id='word_1_598' title='bbox 2630 4152 3014 4226; x_wconf 88' lang='lat' dir='ltr'>perniciosum</span> <span class='ocrx_word' id='word_1_599' title='bbox 3042 4151 3231 4206; x_wconf 89' lang='lat' dir='ltr'>futura</span> <span class='ocrx_word' id='word_1_600' title='bbox 3273 4146 3465 4203; x_wconf 91' lang='lat' dir='ltr'>illicite</span> <span class='ocrx_word' id='word_1_601' title='bbox 3506 4143 3782 4215; x_wconf 88' lang='lat' dir='ltr'>cogitare,</span> <span class='ocrx_word' id='word_1_602' title='bbox 3814 4144 3871 4195; x_wconf 92' lang='lat' dir='ltr'>et</span> 
     </span>
    </p>
   </div>
   <div class='ocr_carea' id='block_1_93' title="bbox 2239 4239 3870 4321">
    <p class='ocr_par' dir='ltr' id='par_1_93' title="bbox 2239 4239 3870 4321">
     <span class='ocr_line' id='line_1_93' title="bbox 2239 4239 3870 4321; baseline -0.012 -15"><span class='ocrx_word' id='word_1_603' title='bbox 2239 4268 2395 4306; x_wconf 90' lang='lat' dir='ltr'>casus</span> <span class='ocrx_word' id='word_1_604' title='bbox 2442 4248 2770 4321; x_wconf 90' lang='lat' dir='ltr'>principum</span> <span class='ocrx_word' id='word_1_605' title='bbox 2838 4246 3165 4318; x_wconf 81' lang='lat' dir='ltr'>exquirere,</span> <span class='ocrx_word' id='word_1_606' title='bbox 3207 4259 3271 4298; x_wconf 87' lang='lat' dir='ltr'>ac</span> <span class='ocrx_word' id='word_1_607' title='bbox 3323 4240 3429 4295; x_wconf 91' lang='lat' dir='ltr'>sibi</span> <span class='ocrx_word' id='word_1_608' title='bbox 3473 4239 3534 4293; x_wconf 90' lang='lat' dir='ltr'>in</span> <span class='ocrx_word' id='word_1_609' title='bbox 3576 4239 3870 4308; x_wconf 89' lang='lat' dir='ltr'>posterum</span> 
     </span>
    </p>
   </div>
   <div class='ocr_carea' id='block_1_94' title="bbox 2240 4333 3871 4417">
    <p class='ocr_par' dir='ltr' id='par_1_94' title="bbox 2240 4333 3871 4417">
     <span class='ocr_line' id='line_1_94' title="bbox 2240 4333 3871 4417; baseline -0.012 -17"><span class='ocrx_word' id='word_1_610' title='bbox 2240 4343 2539 4417; x_wconf 87' lang='lat' dir='ltr'>providere</span> <span class='ocrx_word' id='word_1_611' title='bbox 2579 4358 2711 4396; x_wconf 91' lang='lat' dir='ltr'>cum</span> <span class='ocrx_word' id='word_1_612' title='bbox 2754 4340 3025 4412; x_wconf 89' lang='lat' dir='ltr'>scriptum</span> <span class='ocrx_word' id='word_1_613' title='bbox 3066 4339 3137 4392; x_wconf 90' lang='lat' dir='ltr'>sit</span> <span class='ocrx_word' id='word_1_614' title='bbox 3181 4353 3193 4391; x_wconf 77' lang='grc' dir='ltr'><strong>ε</strong></span> <span class='ocrx_word' id='word_1_615' title='bbox 3242 4356 3269 4386; x_wconf 94' lang='grc'><em>‹‹</em></span> <span class='ocrx_word' id='word_1_616' title='bbox 3320 4335 3439 4389; x_wconf 83' lang='grc' dir='ltr'>Νοη</span> <span class='ocrx_word' id='word_1_617' title='bbox 3490 4336 3575 4387; x_wconf 89' lang='lat' dir='ltr'>est</span> <span class='ocrx_word' id='word_1_618' title='bbox 3616 4333 3871 4384; x_wconf 88' lang='lat' dir='ltr'>vestrum</span> 
     </span>
    </p>
   </div>
   <div class='ocr_carea' id='block_1_95' title="bbox 2240 4420 3871 4504">
    <p class='ocr_par' dir='ltr' id='par_1_95' title="bbox 2240 4420 3871 4504">
     <span class='ocr_line' id='line_1_95' title="bbox 2240 4420 3871 4504; baseline -0.012 -11"><span class='ocrx_word' id='word_1_619' title='bbox 2240 4455 2404 4494; x_wconf 91' lang='lat' dir='ltr'>nosse</span> <span class='ocrx_word' id='word_1_620' title='bbox 2443 4438 2739 4491; x_wconf 90' lang='lat' dir='ltr'>momenta</span> <span class='ocrx_word' id='word_1_621' title='bbox 2776 4435 2862 4489; x_wconf 90' lang='lat' dir='ltr'>vel</span> <span class='ocrx_word' id='word_1_622' title='bbox 2904 4437 3166 4504; x_wconf 89' lang='lat' dir='ltr'>tempora</span> <span class='ocrx_word' id='word_1_623' title='bbox 3205 4446 3333 4501; x_wconf 71' lang='lat' dir='ltr'>quae</span> <span class='ocrx_word' id='word_1_624' title='bbox 3365 4428 3532 4483; x_wconf 87' lang='lat' dir='ltr'>Pater</span> <span class='ocrx_word' id='word_1_625' title='bbox 3575 4422 3767 4496; x_wconf 88' lang='lat' dir='ltr'>posuit</span> <span class='ocrx_word' id='word_1_626' title='bbox 3810 4420 3871 4474; x_wconf 90' lang='lat' dir='ltr'>in</span> 
     </span>
    </p>
   </div>
   <div class='ocr_carea' id='block_1_96' title="bbox 2245 4523 3870 4603">
    <p class='ocr_par' dir='ltr' id='par_1_96' title="bbox 2245 4523 3870 4603">
     <span class='ocr_line' id='line_1_96' title="bbox 2245 4523 3870 4603; baseline -0.012 -15"><span class='ocrx_word' id='word_1_627' title='bbox 2245 4550 2346 4588; x_wconf 87' lang='lat' dir='ltr'>sua</span> <span class='ocrx_word' id='word_1_628' title='bbox 2378 4533 2658 4603; x_wconf 88' lang='lat' dir='ltr'>potestate</span> <span class='ocrx_word' id='word_1_629' title='bbox 2694 4529 2838 4601; x_wconf 80' lang='lat' dir='ltr'>(Act.</span> <span class='ocrx_word' id='word_1_630' title='bbox 2881 4545 2920 4598; x_wconf 84' lang='lat'>1,</span> <span class='ocrx_word' id='word_1_631' title='bbox 2958 4527 3031 4598; x_wconf 81' lang='lat'>7),</span> <span class='ocrx_word' id='word_1_632' title='bbox 3077 4547 3103 4576; x_wconf 82' lang='grc'><strong>››</strong></span> <span class='ocrx_word' id='word_1_633' title='bbox 3142 4526 3252 4579; x_wconf 90' lang='lat' dir='ltr'>hoc</span> <span class='ocrx_word' id='word_1_634' title='bbox 3287 4523 3512 4577; x_wconf 88' lang='lat' dir='ltr'>decreto</span> <span class='ocrx_word' id='word_1_635' title='bbox 3549 4532 3870 4584; x_wconf 86' lang='lat' dir='ltr'>censemus,</span> 
     </span>
    </p>
   </div>
   <div class='ocr_carea' id='block_1_97' title="bbox 2247 4609 3874 4698">
    <p class='ocr_par' dir='ltr' id='par_1_97' title="bbox 2247 4609 3874 4698">
     <span class='ocr_line' id='line_1_97' title="bbox 2247 4609 3874 4698; baseline -0.013 -15"><span class='ocrx_word' id='word_1_636' title='bbox 2247 4633 2311 4682; x_wconf 87' lang='lat' dir='ltr'>ut</span> <span class='ocrx_word' id='word_1_637' title='bbox 2340 4624 2595 4698; x_wconf 90' lang='lat' dir='ltr'>quisquis</span> <span class='ocrx_word' id='word_1_638' title='bbox 2634 4623 2896 4679; x_wconf 88' lang='lat' dir='ltr'>inventus</span> <span class='ocrx_word' id='word_1_639' title='bbox 2936 4620 3112 4675; x_wconf 87' lang='lat' dir='ltr'>fuerit</span> <span class='ocrx_word' id='word_1_640' title='bbox 3138 4618 3273 4673; x_wconf 87' lang='lat' dir='ltr'>talia</span> <span class='ocrx_word' id='word_1_641' title='bbox 3297 4612 3659 4688; x_wconf 89' lang='lat' dir='ltr'>perquisisse,</span> <span class='ocrx_word' id='word_1_642' title='bbox 3688 4614 3748 4664; x_wconf 90' lang='lat' dir='ltr'>et</span> <span class='ocrx_word' id='word_1_643' title='bbox 3789 4609 3874 4662; x_wconf 89' lang='lat' dir='ltr'>vi-</span> 
     </span>
    </p>
   </div>
   <div class='ocr_carea' id='block_1_98' title="bbox 2247 4701 3879 4790">
    <p class='ocr_par' dir='ltr' id='par_1_98' title="bbox 2247 4701 3879 4790">
     <span class='ocr_line' id='line_1_98' title="bbox 2247 4701 3879 4790; baseline -0.012 -16"><span class='ocrx_word' id='word_1_644' title='bbox 2247 4724 2415 4776; x_wconf 92' lang='lat' dir='ltr'>vente</span> <span class='ocrx_word' id='word_1_645' title='bbox 2444 4717 2703 4790; x_wconf 89' lang='lat' dir='ltr'>principe</span> <span class='ocrx_word' id='word_1_646' title='bbox 2731 4717 2791 4771; x_wconf 91' lang='lat' dir='ltr'>in</span> <span class='ocrx_word' id='word_1_647' title='bbox 2817 4715 2993 4770; x_wconf 90' lang='lat' dir='ltr'>alium</span> <span class='ocrx_word' id='word_1_648' title='bbox 3018 4711 3326 4768; x_wconf 88' lang='lat' dir='ltr'>attendisse</span> <span class='ocrx_word' id='word_1_649' title='bbox 3354 4726 3458 4781; x_wconf 91' lang='lat' dir='ltr'>pro</span> <span class='ocrx_word' id='word_1_650' title='bbox 3488 4707 3684 4762; x_wconf 88' lang='lat' dir='ltr'>futura</span> <span class='ocrx_word' id='word_1_651' title='bbox 3708 4701 3879 4775; x_wconf 90' lang='lat' dir='ltr'>regni</span> 
     </span>
    </p>
   </div>
   <div class='ocr_carea' id='block_1_99' title="bbox 2251 4799 3884 4887">
    <p class='ocr_par' dir='ltr' id='par_1_99' title="bbox 2251 4799 3884 4887">
     <span class='ocr_line' id='line_1_99' title="bbox 2251 4799 3884 4887; baseline -0.012 -17"><span class='ocrx_word' id='word_1_652' title='bbox 2251 4831 2369 4887; x_wconf 89' lang='lat' dir='ltr'>spe,</span> <span class='ocrx_word' id='word_1_653' title='bbox 2393 4818 2490 4869; x_wconf 90' lang='lat' dir='ltr'>aut</span> <span class='ocrx_word' id='word_1_654' title='bbox 2512 4811 2653 4867; x_wconf 86' lang='lat' dir='ltr'>alios</span> <span class='ocrx_word' id='word_1_655' title='bbox 2678 4811 2737 4864; x_wconf 90' lang='lat' dir='ltr'>in</span> <span class='ocrx_word' id='word_1_656' title='bbox 2767 4826 2827 4864; x_wconf 92' lang='lat' dir='ltr'>se</span> <span class='ocrx_word' id='word_1_657' title='bbox 2859 4812 3091 4881; x_wconf 90' lang='lat' dir='ltr'>propter</span> <span class='ocrx_word' id='word_1_658' title='bbox 3114 4807 3174 4860; x_wconf 93' lang='lat' dir='ltr'>id</span> <span class='ocrx_word' id='word_1_659' title='bbox 3193 4803 3511 4869; x_wconf 83' lang='lat' dir='ltr'>attraxisse,</span> <span class='ocrx_word' id='word_1_660' title='bbox 3532 4817 3566 4854; x_wconf 93' lang='lat' dir='ltr'>a</span> <span class='ocrx_word' id='word_1_661' title='bbox 3594 4799 3884 4854; x_wconf 89' lang='lat' dir='ltr'>conventu</span> 
     </span>
    </p>
   </div>
   <div class='ocr_carea' id='block_1_100' title="bbox 2254 4890 3880 4965">
    <p class='ocr_par' dir='ltr' id='par_1_100' title="bbox 2254 4890 3880 4965">
     <span class='ocr_line' id='line_1_100' title="bbox 2254 4890 3880 4965; baseline -0.013 -1"><span class='ocrx_word' id='word_1_662' title='bbox 2254 4907 2660 4965; x_wconf 87' lang='lat' dir='ltr'>catholicorum</span> <span class='ocrx_word' id='word_1_663' title='bbox 2691 4921 2820 4959; x_wconf 92' lang='lat' dir='ltr'>cum</span> <span class='ocrx_word' id='word_1_664' title='bbox 2847 4896 3448 4959; x_wconf 82' lang='lat' dir='ltr'>excommunicationis</span> <span class='ocrx_word' id='word_1_665' title='bbox 3474 4890 3761 4950; x_wconf 89' lang='lat' dir='ltr'>sententia</span> <span class='ocrx_word' id='word_1_666' title='bbox 3786 4907 3880 4944; x_wconf 78' lang='lat' dir='ltr'>ex-</span> 
     </span>
    </p>
   </div>
   <div class='ocr_carea' id='block_1_101' title="bbox 2254 5004 2520 5077">
    <p class='ocr_par' dir='ltr' id='par_1_101' title="bbox 2254 5004 2520 5077">
     <span class='ocr_line' id='line_1_101' title="bbox 2254 5004 2520 5077; baseline -0.019 -17"><span class='ocrx_word' id='word_1_667' title='bbox 2254 5004 2520 5077; x_wconf 87' lang='lat' dir='ltr'>pellatur.</span> 
     </span>
    </p>
   </div>
   <div class='ocr_carea' id='block_1_102' title="bbox 2327 5106 3883 5196">
    <p class='ocr_par' dir='ltr' id='par_1_102' title="bbox 2327 5106 3883 5196">
     <span class='ocr_line' id='line_1_102' title="bbox 2327 5106 3883 5196; baseline -0.012 -15"><span class='ocrx_word' id='word_1_668' title='bbox 2327 5130 2391 5181; x_wconf 87' lang='lat' dir='ltr'><strong>V.</strong></span> <span class='ocrx_word' id='word_1_669' title='bbox 2433 5126 2543 5183; x_wconf 90' lang='lat' dir='ltr'>Sed</span> <span class='ocrx_word' id='word_1_670' title='bbox 2581 5130 2636 5181; x_wconf 90' lang='lat' dir='ltr'>et</span> <span class='ocrx_word' id='word_1_671' title='bbox 2668 5124 2775 5180; x_wconf 92' lang='lat' dir='ltr'>hoc</span> <span class='ocrx_word' id='word_1_672' title='bbox 2807 5140 2911 5196; x_wconf 89' lang='lat' dir='ltr'>pro</span> <span class='ocrx_word' id='word_1_673' title='bbox 2949 5117 3346 5194; x_wconf 88' lang='lat' dir='ltr'>pestilentiosis</span> <span class='ocrx_word' id='word_1_674' title='bbox 3376 5112 3677 5170; x_wconf 89' lang='lat' dir='ltr'>hominum</span> <span class='ocrx_word' id='word_1_675' title='bbox 3711 5106 3883 5164; x_wconf 88' lang='lat' dir='ltr'>mori-</span> 
     </span>
    </p>
   </div>
   <div class='ocr_carea' id='block_1_103' title="bbox 2259 5202 3889 5278">
    <p class='ocr_par' dir='ltr' id='par_1_103' title="bbox 2259 5202 3889 5278">
     <span class='ocr_line' id='line_1_103' title="bbox 2259 5202 3889 5278; baseline -0.013 -1"><span class='ocrx_word' id='word_1_676' title='bbox 2259 5222 2364 5277; x_wconf 90' lang='lat' dir='ltr'>bus</span> <span class='ocrx_word' id='word_1_677' title='bbox 2389 5220 2600 5275; x_wconf 88' lang='lat' dir='ltr'>salubri</span> <span class='ocrx_word' id='word_1_678' title='bbox 2625 5216 3029 5275; x_wconf 91' lang='lat' dir='ltr'>deliberatione</span> <span class='ocrx_word' id='word_1_679' title='bbox 3058 5229 3374 5278; x_wconf 85' lang='lat' dir='ltr'>censemus,</span> <span class='ocrx_word' id='word_1_680' title='bbox 3395 5225 3469 5263; x_wconf 91' lang='lat' dir='ltr'>ne</span> <span class='ocrx_word' id='word_1_681' title='bbox 3497 5206 3625 5278; x_wconf 89' lang='lat' dir='ltr'>quis</span> <span class='ocrx_word' id='word_1_682' title='bbox 3651 5206 3709 5259; x_wconf 90' lang='lat' dir='ltr'>in</span> <span class='ocrx_word' id='word_1_683' title='bbox 3735 5202 3889 5275; x_wconf 87' lang='lat' dir='ltr'>prin-</span> 
     </span>
    </p>
   </div>
   <div class='ocr_carea' id='block_1_104' title="bbox 2262 5298 3890 5388">
    <p class='ocr_par' dir='ltr' id='par_1_104' title="bbox 2262 5298 3890 5388">
     <span class='ocr_line' id='line_1_104' title="bbox 2262 5298 3890 5388; baseline -0.013 -18"><span class='ocrx_word' id='word_1_684' title='bbox 2262 5316 2445 5388; x_wconf 86' lang='lat' dir='ltr'>cipem</span> <span class='ocrx_word' id='word_1_685' title='bbox 2496 5313 2794 5369; x_wconf 85' lang='lat' dir='ltr'>maledicta</span> <span class='ocrx_word' id='word_1_686' title='bbox 2841 5311 3146 5381; x_wconf 89' lang='lat' dir='ltr'>congerat,</span> <span class='ocrx_word' id='word_1_687' title='bbox 3206 5305 3475 5375; x_wconf 87' lang='lat' dir='ltr'>scriptum</span> <span class='ocrx_word' id='word_1_688' title='bbox 3522 5306 3606 5354; x_wconf 90' lang='lat' dir='ltr'>est</span> <span class='ocrx_word' id='word_1_689' title='bbox 3654 5298 3813 5353; x_wconf 89' lang='lat' dir='ltr'>enim</span> <span class='ocrx_word' id='word_1_690' title='bbox 3858 5312 3890 5349; x_wconf 87' lang='lat' dir='ltr'>a</span> 
     </span>
    </p>
   </div>
   <div class='ocr_carea' id='block_1_105' title="bbox 2264 5388 3893 5480">
    <p class='ocr_par' dir='ltr' id='par_1_105' title="bbox 2264 5388 3893 5480">
     <span class='ocr_line' id='line_1_105' title="bbox 2264 5388 3893 5480; baseline -0.014 -17"><span class='ocrx_word' id='word_1_691' title='bbox 2264 5409 2584 5480; x_wconf 88' lang='lat' dir='ltr'>legislatore</span> <span class='ocrx_word' id='word_1_692' title='bbox 2615 5423 2627 5461; x_wconf 91' lang='lat'>:</span> <span class='ocrx_word' id='word_1_693' title='bbox 2661 5427 2688 5455; x_wconf 91' lang='grc'>‹‹</span> <span class='ocrx_word' id='word_1_694' title='bbox 2724 5404 3044 5475; x_wconf 88' lang='lat' dir='ltr'>Principem</span> <span class='ocrx_word' id='word_1_695' title='bbox 3086 5399 3280 5473; x_wconf 90' lang='lat' dir='ltr'>populi</span> <span class='ocrx_word' id='word_1_696' title='bbox 3313 5396 3393 5451; x_wconf 91' lang='lat' dir='ltr'>tui</span> <span class='ocrx_word' id='word_1_697' title='bbox 3420 5411 3491 5449; x_wconf 86' lang='lat' dir='ltr'>ne</span> <span class='ocrx_word' id='word_1_698' title='bbox 3530 5388 3893 5448; x_wconf 80' lang='lat' dir='ltr'>maledixeris</span> 
     </span>
    </p>
   </div>
   <div class='ocr_carea' id='block_1_106' title="bbox 2267 5485 3889 5572">
    <p class='ocr_par' dir='ltr' id='par_1_106' title="bbox 2267 5485 3889 5572">
     <span class='ocr_line' id='line_1_106' title="bbox 2267 5485 3889 5572; baseline -0.015 -12"><span class='ocrx_word' id='word_1_699' title='bbox 2267 5503 2456 5572; x_wconf 65' lang='lat' dir='ltr'>(Emori.</span> <span class='ocrx_word' id='word_1_700' title='bbox 2490 5518 2618 5571; x_wconf 82' lang='lat' dir='ltr'>xxu,</span> <span class='ocrx_word' id='word_1_701' title='bbox 2645 5500 2754 5569; x_wconf 77' lang='lat'>28).</span> <span class='ocrx_word' id='word_1_702' title='bbox 2780 5522 2807 5548; x_wconf 82' lang='grc'><strong>››</strong></span> <span class='ocrx_word' id='word_1_703' title='bbox 2836 5497 2997 5566; x_wconf 87' lang='lat' dir='ltr'>Quod</span> <span class='ocrx_word' id='word_1_704' title='bbox 3025 5496 3071 5550; x_wconf 89' lang='lat' dir='ltr'>si</span> <span class='ocrx_word' id='word_1_705' title='bbox 3099 5494 3223 5566; x_wconf 89' lang='lat' dir='ltr'>quis</span> <span class='ocrx_word' id='word_1_706' title='bbox 3248 5491 3459 5556; x_wconf 83' lang='lat' dir='ltr'>fecerit,</span> <span class='ocrx_word' id='word_1_707' title='bbox 3491 5485 3889 5542; x_wconf 82' lang='lat' dir='ltr'>excommuni-</span> 
     </span>
    </p>
   </div>
   <div class='ocr_carea' id='block_1_107' title="bbox 2267 5577 3895 5662">
    <p class='ocr_par' dir='ltr' id='par_1_107' title="bbox 2267 5577 3895 5662">
     <span class='ocr_line' id='line_1_107' title="bbox 2267 5577 3895 5662; baseline -0.014 -11"><span class='ocrx_word' id='word_1_708' title='bbox 2267 5596 2486 5651; x_wconf 76' lang='lat' dir='ltr'>ratione</span> <span class='ocrx_word' id='word_1_709' title='bbox 2541 5593 2919 5649; x_wconf 84' lang='lat' dir='ltr'>ecclesiastica</span> <span class='ocrx_word' id='word_1_710' title='bbox 2962 5592 3292 5662; x_wconf 85' lang='lat' dir='ltr'>plectatur:</span> <span class='ocrx_word' id='word_1_711' title='bbox 3338 5601 3470 5637; x_wconf 89' lang='lat' dir='ltr'>nam</span> <span class='ocrx_word' id='word_1_712' title='bbox 3520 5583 3565 5635; x_wconf 85' lang='lat' dir='ltr'>si</span> <span class='ocrx_word' id='word_1_713' title='bbox 3610 5577 3895 5634; x_wconf 83' lang='lat' dir='ltr'>maledicti</span> 
     </span>
    </p>
   </div>
   <div class='ocr_carea' id='block_1_108' title="bbox 2270 5670 3894 5759">
    <p class='ocr_par' dir='ltr' id='par_1_108' title="bbox 2270 5670 3894 5759">
     <span class='ocr_line' id='line_1_108' title="bbox 2270 5670 3894 5759; baseline -0.014 -14"><span class='ocrx_word' id='word_1_714' title='bbox 2270 5707 2511 5759; x_wconf 78' lang='lat' dir='ltr'>regnum</span> <span class='ocrx_word' id='word_1_715' title='bbox 2545 5689 2643 5743; x_wconf 91' lang='lat' dir='ltr'>Dei</span> <span class='ocrx_word' id='word_1_716' title='bbox 2673 5704 2785 5741; x_wconf 90' lang='lat' dir='ltr'>non</span> <span class='ocrx_word' id='word_1_717' title='bbox 2814 5685 3198 5758; x_wconf 80' lang='lat' dir='ltr'>possidebunt,</span> <span class='ocrx_word' id='word_1_718' title='bbox 3222 5681 3435 5752; x_wconf 88' lang='lat' dir='ltr'>quanto</span> <span class='ocrx_word' id='word_1_719' title='bbox 3456 5675 3638 5746; x_wconf 86' lang='lat' dir='ltr'>magis</span> <span class='ocrx_word' id='word_1_720' title='bbox 3672 5672 3801 5726; x_wconf 88' lang='lat' dir='ltr'>talis</span> <span class='ocrx_word' id='word_1_721' title='bbox 3828 5670 3894 5724; x_wconf 86' lang='lat' dir='ltr'>ab</span> 
     </span>
    </p>
   </div>
   <div class='ocr_carea' id='block_1_109' title="bbox 2268 5769 3895 5851">
    <p class='ocr_par' dir='ltr' id='par_1_109' title="bbox 2268 5769 3895 5851">
     <span class='ocr_line' id='line_1_109' title="bbox 2268 5769 3895 5851; baseline -0.009 -14"><span class='ocrx_word' id='word_1_722' title='bbox 2268 5782 2511 5837; x_wconf 88' lang='lat' dir='ltr'>Ecclesia</span> <span class='ocrx_word' id='word_1_723' title='bbox 2531 5782 2851 5837; x_wconf 86' lang='lat' dir='ltr'>necessario</span> <span class='ocrx_word' id='word_1_724' title='bbox 2878 5779 3125 5851; x_wconf 88' lang='lat' dir='ltr'>pellitur,</span> <span class='ocrx_word' id='word_1_725' title='bbox 3144 5775 3241 5847; x_wconf 81' lang='lat' dir='ltr'>qui</span> <span class='ocrx_word' id='word_1_726' title='bbox 3272 5773 3475 5827; x_wconf 54' lang='lat' dir='ltr'>divina).</span> <span class='ocrx_word' id='word_1_727' title='bbox 3502 5769 3749 5823; x_wconf 85' lang='lat' dir='ltr'>violator</span> <span class='ocrx_word' id='word_1_728' title='bbox 3769 5782 3895 5822; x_wconf 80' lang='lat' dir='ltr'>sen-</span> 
     </span>
    </p>
   </div>
   <div class='ocr_carea' id='block_1_110' title="bbox 2271 5874 2830 5933">
    <p class='ocr_par' dir='ltr' id='par_1_110' title="bbox 2271 5874 2830 5933">
     <span class='ocr_line' id='line_1_110' title="bbox 2271 5874 2830 5933; baseline -0.004 0"><span class='ocrx_word' id='word_1_729' title='bbox 2271 5876 2465 5933; x_wconf 65' lang='lat' dir='ltr'>tentia:</span> <span class='ocrx_word' id='word_1_730' title='bbox 2495 5875 2779 5931; x_wconf 90' lang='lat' dir='ltr'>invenitur</span> <span class='ocrx_word' id='word_1_731' title='bbox 2802 5874 2830 5931; x_wconf 85' lang='lat'><strong>?</strong></span> 
     </span>
    </p>
   </div>
  </div>
