4032 6288
134 368 237 431 ςιδῦ
1372 368 1844 438 DECRETAIJL'M
1884 372 2267 440 COLIECTIO.

3387 376 3408 445 αἱ
3423 397 3487 446 sit

195 488 282 540 VI.
314 485 505 540 Simili
524 486 879 557 providentia
904 505 1009 559 pro
1038 486 1299 543 ﬁdelibus
1332 505 1535 560 regum
1566 495 1758 545 nostra
1779 506 1837 577 Α
1926 494 2057 548 VIII.
2085 495 2144 547 In
2173 495 2259 548 his
2288 494 2553 548 omnibus
2580 511 2707 567 quae
2739 494 3128 566 pramisimus
3148 504 3486 567 potestatem

118 580 286 633 datur
328 578 644 646 sententia,
690 585 756 635 ut
799 580 1051 652 quisquis
1100 586 1385 652 superstes
1434 583 1756 654 principum

117 670 420 741 exstiterit,
462 672 616 743 juste
664 672 724 726 in
766 674 937 727 rebus
980 674 1293 745 proﬂigatis
1342 680 1441 730 aut
1494 677 1755 746 largitate

117 769 394 841 principis
419 770 705 841 acquisitis
734 773 946 826 nullam
979 773 1184 827 debeat
1210 773 1417 827 habere
1449 774 1752 844 jacturam,

114 885 252 922 nam
299 867 342 922 si
390 868 629 923 licenter
686 873 744 923 et
785 870 992 941 injuste
1046 871 1451 942 perturbentur
1501 871 1754 928 fidelium

118 964 363 1028 mentes,
394 978 567 1016 nemo
599 962 816 1033 optabit
848 963 1151 1035 proprium
1192 981 1256 1018 ac
1295 964 1462 1019 ﬁdele
1499 965 1754 1036 priebere

119 1054 482 1125 obsequium,
540 1055 675 1108 dum
731 1061 935 1111 cuncta
975 1060 1178 1110 nutant
1225 1056 1283 1111 in
1339 1056 1642 1127 incertum,
1701 1062 1757 1111 et

118 1147 177 1200 in
200 1148 396 1201 futuro
419 1146 762 1202 discriminis
784 1149 1091 1204 formidant
1112 1166 1360 1217 causam,
1382 1150 1481 1204 sed
1510 1150 1676 1204 saluti
1700 1155 1756 1204 et

117 1240 288 1293 rebus
308 1257 508 1295 eorum
536 1241 866 1313 principalis
888 1241 1069 1311 pietas
1091 1242 1263 1296 debet
1290 1242 1543 1313 praebere
1563 1242 1754 1297 suifra-

118 1332 232 1403 gia,
262 1333 541 1405 exemplis
589 1333 740 1388 enim
794 1335 986 1389 caeteri
1033 1339 1414 1406 provocantur
1462 1336 1535 1390 ad
1581 1336 1753 1391 fidem

116 1443 247 1479 cum
277 1426 473 1481 ﬁdeles
503 1444 618 1481 non
646 1428 982 1481 fraudantur
1009 1429 1297 1483 mercede.

186 1520 294 1573 VI].
356 1521 591 1590 Propter
636 1522 920 1574 malarum
976 1523 1257 1575 mentium
1320 1521 1651 1577 facilitatem
1700 1527 1754 1577 et

116 1612 415 1666 memorias
438 1613 734 1667 oblivionis
756 1614 860 1667 hoc
877 1614 1252 1668 sacratissima
1268 1616 1467 1669 statuit
1484 1616 1750 1686 synodus,

116 1710 177 1758 ut
204 1705 264 1759 in
292 1706 452 1759 omni
473 1706 711 1760 concilio
735 1707 1132 1777 episcoporum
1162 1708 1444 1779 Hispaniae
1463 1709 1751 1763 universa-

114 1797 181 1851 lis
211 1797 437 1852 concilii
465 1799 754 1853 decretum
800 1800 955 1870 quod
1002 1804 1237 1871 propter
1288 1801 1609 1871 principum
1644 1818 1750 1854 no-

116 1894 367 1945 strorum
385 1894 470 1945 est
485 1892 717 1945 salutem
738 1892 1127 1961 constitutum,
1153 1893 1393 1963 peractis
1415 1894 1678 1947 omnibus
1695 1893 1753 1948 in
1772 1866 1829 1937 B

116 1984 336 2054 synodo
366 1984 596 2054 publica
641 2002 771 2039 voce
823 1985 1030 2038 debeat
1059 1986 1442 2057 pronuntiari,
1475 1990 1752 2057 quatenus

114 2094 263 2148 saepe
296 2077 631 2149 replicatum
661 2078 893 2132 auribus
924 2078 1009 2131 vel
1048 2079 1377 2133 assiduitate
1422 2078 1751 2150 iniquorum

116 2186 274 2224 mens
306 2170 501 2224 territa
538 2171 871 2241 corrigatur,
905 2188 1033 2241 quae
1073 2172 1140 2226 ad
1173 2171 1664 2243 prmvaricandum
1695 2175 1752 2226 et

117 2263 403 2318 oblivione
434 2268 489 2318 et
516 2264 786 2318 facilitate
817 2264 1167 2335 perducitur.

1447 2419 1748 2428 κιρ-’.ομ-

1754 2417 2029 2427 ..ι--φ-α-

1856 586 2230 657 indulgentim
2262 588 2318 641 in
2349 588 2527 659 culpis
2554 588 3009 660 delinquentium
3041 589 3283 660 principi
3315 607 3491 645 reser-

1854 695 2053 733 vamus
2084 722 2096 746 ,
2155 685 2221 733 ut
2266 680 2429 750 juxta
2478 681 2751 736 bonitatis
2803 699 2918 736 suae
2969 683 3340 737 moderamen
3393 684 3488 739 ubi

1856 772 2313 845 emendationem
2333 775 2687 845 prospexerit
2705 775 3007 843 mentium,
3024 775 3245 829 veniam
3274 776 3490 831 tribuat

1857 838 2197 969 culparum

1925 959 2006 1011 IX.
2054 959 2149 1011 His
2182 959 2330 1012 'vero
2380 960 2649 1014 omnibus
2696 961 2868 1016 finem
2917 966 2973 1015 et
3025 961 3199 1016 robur
3249 962 3487 1016 subscri-

1856 1050 2047 1121 ptione
2077 1057 2272 1106 nostra
2303 1052 2589 1119 facientes,
2624 1054 2859 1124 gloriam
2892 1058 2949 1109 et
2971 1055 3197 1110 laudem
3220 1055 3481 1127 omnipo«

1856 1145 1995 1198 tenti
2021 1146 2259 1199 Domino
2302 1146 2416 1199 Deo
2447 1145 2818 1217 in'quantum
2862 1148 3184 1203 mortalium
3228 1149 3481 1204 valitudo

1855 1237 2006 1304 sinit,
2035 1238 2360 1307 reddimus;
2392 1243 2515 1309 post
2545 1239 2666 1293 haec
2693 1240 2906 1309 gratias
2926 1241 3392 1296 excellentissimo
3424 1245 3481 1296 et

1855 1330 2260 1400 gloriosissimo
2284 1331 2523 1401 principi
2557 1336 2750 1386 nostro
2787 1332 3138 1389 Chintillano
3176 1334 3298 1405 regi
3343 1351 3473 1405 per—

1853 1423 2094 1494 agimus,
2111 1424 2271 1494 cujus
2286 1423 2455 1477 ardor
2470 1423 2601 1477 fidei
2617 1425 2863 1479 studium
2878 1426 3042 1480 bona:
3055 1426 3406 1494 intentionis,
3422 1432 3482 1482 et

1855 1517 2244 1570 unanimitatis
2259 1515 2305 1587 1
2325 1515 2373 1587 1
2390 1515 2452 1588 8
2465 1517 2825 1571 concordiam
2839 1518 3004 1572 nobis
3021 1519 3217 1573 tribuit
3228 1522 3285 1573 et
3303 1519 3482 1573 chari-

1852 1611 2201 1664 tatis.Donet
2230 1610 2282 1663 ei
2313 1609 2586 1664 Dominus
2629 1611 2699 1665 de
2745 1611 2988 1666 inimicis
3012 1611 3391 1682 triumphum,
3426 1615 3483 1666 et

1853 1703 1922 1756 de
1948 1703 2296 1757 beatitudine
2329 1703 2624 1773 gaudium,
2654 1704 2932 1758 custodiat
2961 1721 3095 1758 eum
3128 1705 3480 1776 protectione

1852 1796 2089 1863 assidua,
2118 1802 2169 1850 et
2197 1796 2419 1851 muniat
2443 1796 2606 1851 bona:
2634 1798 2937 1852 voluntatis
2981 1815 3097 1851 suae
3133 1797 3479 1870 circumspe-

1853 1889 2033 1943 ctione
2079 1888 2377 1956 tutissima,
2431 1890 2589 1960 cujus
2632 1906 2875 1961 regnum
2926 1894 3123 1945 manet
3164 1891 3224 1945 in
3280 1892 3484 1945 ssecula

1853 1983 2209 2037 saeculorum.
2244 1985 2359 2053 Ego
2386 1983 2672 2054 Eugenius
2706 1984 2994 2038 Toletanaa
3024 1984 3300 2055 Ecclesiae,
3345 2001 3478 2055 pro-

1851 2076 2048 2130 vinciae
2079 2076 2534 2147 Carthaginensis
2559 2077 3029 2148 metropolitanus
3059 2078 3480 2149 episcopus,his

1851 2169 2115 2223 omnibus
2142 2170 2209 2223 de
2241 2169 2457 2223 caeteris
2489 2185 2747 2224 annuens
2792 2170 2915 2224 sub.
2963 2170 3234 2225 Similiter
3284 2173 3340 2225 et
3382 2170 3479 2225 alii

1850 2262 2098 2333 episcopi
2126 2262 2580 2333 subscripserunt
2605 2279 2846 2317 numero
2876 2263 3097 2335 viginti.

2034 2416 2135 2425 ’.ι-ο-

2150 2415 2311 2424 ...ρ-ιι,

830 2522 1229 2589 INCIPIUNT
1274 2524 1662 2588 CAPITULA
1706 2521 2037 2588 CONCILII
2081 2520 2471 2586 TOLETANI
2519 2520 2766 2585 SEXTI.

192 2685 238 2737 1.
269 2683 348 2737 De
377 2682 729 2754 plenitudine
758 2685 888 2741 ﬁdei
910 2686 1221 2741 catholicae.

182 2780 236 2830 2.
266 2778 346 2832 De
376 2777 764 2833 observatione
786 2780 1139 2835 litaniarum.

186 2873 238 2924 3.
274 2872 353 2924 De
381 2871 636 2925 custodia
660 2872 793 2926 fidei
821 2873 1168 2929 Judaeorum.

185 2965 238 3017 4.
273 2965 346 3017 De
374 2963 749 3020 damnatione
791 2967 1121 3022 clericorum
1165 2984 1267 3039 per
1315 2966 1617 3038 pecuniam
1666 2983 1750 3022 ec-

120 3057 457 3112 clesiasticos
484 3059 690 3127 gradus
718 3060 1161 3131 assequentium.

187 3154 235 3205 5.
267 3151 347 3204 De
377 3150 670 3222 stipendiis
705 3153 1036 3207 clericorum
1068 3171 1139 3209 ne
1175 3150 1217 3208 'a
1259 3154 1391 3224 jure
1429 3154 1749 3209 alienentur

122 3243 502 3311 ecclesiarum,

183 3340 233 3392 6.
268 3338 342 3392 De
371 3337 505 3392 viris
532 3345 588 3394 et
613 3339 837 3395 feminis
863 3340 1037 3395 sacris
1063 3341 1418 3411 propositum
1450 3347 1739 3414 transgre-

122 3430 402 3486 dientibus
426 3448 671 3488 sacrum.

185 3528 236 3579 7.
273 3525 349 3578 De
375 3525 782 3595 paenitentibus
810 3527 1348 3597 transgressoribus.

179 3619 230 3672 8.
263 3618 428 3683 Quod
455 3619 790 3689 quibusdam
817 3621 1226 3691 paenitentibus
1250 3621 1485 3692 pristina
1513 3621 1740 3676 tradan-

115 3714 200 3764 tur
225 3711 494 3782 collegia.

178 3806 227 3859 9.
262 3806 336 3859 De
370 3805 784 3877 professoribus
814 3812 871 3861 et
908 3807 1230 3863 obedientia
1273 3808 1612 3865 libertorum
1657 3827 1743 3866 ec-

112 3897 290 3952 etesiae

177 3994 262 4046 10.
313 3991 393 4046 De
438 3993 710 4063 progenie
753 3993 1093 4050 libertorum
1129 3993 1376 4051 ecclesiae
1426 4013 1498 4052 ne
1537 3996 1615 4052 eis
1652 3997 1740 4053 vel

111 4080 174 4139 de
203 4086 667 4156 pronuntiatione
694 4088 765 4142 ab
792 4089 1026 4144 ecclesia
1054 4089 1222 4144 liceat
1252 4090 1497 4161 evagari.

1925 2688 2010 2740 11.
2043 2685 2120 2739 Ne
2150 2685 2206 2739 in
2239 2684 2591 2740 accusatione
2616 2682 2876 2755 legitima
2904 2682 3189 2756 quispiam
3218 2683 3482 2740 condem«

1850 2783 2038 2834 netur.

1925 2875 2008 2927 12.
2044 2872 2119 2926 De
2146 2871 2605 2943 confugientibus
2631 2871 2702 2925 ad
2727 2872 2933 2926 hostes.

1922 2969 2007 3021 13.
2037 2967 2110 3020 De
2138 2966 2352 3020 honore
2377 2965 2684 3035 primatum
2715 2965 2932 3036 palatii.

1923 3060 2006 3115 14.
2036 3060 2115 3114 De
2144 3059 2603 3115 remuneratione
2630 3059 2833 3113 collata
2859 3057 3118 3115 ﬁdelibus
3144 3074 3370 3131 regum.

1920 3157 2005 3209 15.
2034 3154 2105 3208 Ut
2132 3169 2220 3207 res
2248 3152 2498 3207 ecclesiae
2529 3170 2562 3206 a
2588 3152 2934 3225 quibuslibet
2967 3152 3120 3224 juste
3162 3155 3379 3209 collatae
3420 3154 3481 3210 in

1847 3264 2042 3302 earum
2067 3247 2234 3300 ﬁrma
2264 3245 2569 3301 stabilitate
2598 3251 2989 3317 permaneant.

1921 3343 2005 3396 16.
2035 3341 2109 3395 De
2135 3339 2523 3394 incolumitate
2547 3342 2605 3394 et
2629 3339 2949 3395 adhibenda
2974 3340 3275 3396 dilectione
3301 3341 3477 3413 regias

1844 3434 2036 3504 prolis.

1920 3530 2003 3582 17.
2039 3529 2115 3582 De
2145 3526 2231 3581 his
2277 3526 2374 3597 qui
2418 3542 2553 3597 rege
2606 3525 2907 3597 superstite
2951 3532 3049 3582 aut
3095 3526 3201 3581 sibi
3231 3531 3328 3581 aut
3352 3528 3476 3582 aliis

1844 3622 2173 3678 adfuturum
2210 3619 2514 3691 provident
2543 3636 2810 3691 regnum,
2856 3624 2913 3675 et
2951 3620 3020 3675 de
3064 3621 3316 3692 personis
3347 3638 3474 3692 qua:

1842 3715 2219 3788 prohibentur
2248 3714 2319 3768 ad
2346 3728 2590 3784 regnum
2626 3714 2913 3768 accedere.

1917 3812 2001 3866 l8.
2036 3810 2111 3864 De
2138 3807 2395 3864 custodia
2417 3806 2543 3861 vitae
2562 3806 2884 3878 principum
2907 3811 2964 3861 et
2989 3806 3317 3863 defensione
3338 3825 3472 3879 pro-

1841 3903 2166 3959 cedentium
2196 3918 2400 3973 regum
2426 3917 2460 3954 a
2490 3900 2858 3974 sequentibus
2886 3900 3234 3958 adhibenda.

1918 4000 2001 4053 19.
2037 3998 2114 4051 De
2145 3997 2463 4067 gratiarum
2484 3994 2802 4050 actionibus
2829 3995 2886 4050 in
2916 3996 3325 4051 communione
3347 4013 3477 4052 con-

1840 4091 1951 4145 cilii
1976 4093 2088 4147 Deo
2116 4093 2173 4145 et
2202 4088 2444 4161 principi
2472 4089 2638 4145 datis.

550 4398 963 4496 INCIPIT
1051 4403 1668 4499 CONCILIUM
1758 4398 2451 4499 TOLETANUM
2539 4400 3030 4494 SEXTUM.

172 4602 652 4658 Convenientibus
705 4605 866 4660 nobis
919 4605 1315 4679 Hispaniarum
1380 4606 1732 4681 Galliciaeque
1753 4621 1812 4695 D
1836 4624 1981 4679 xuv,
2013 4608 2089 4676 2),
2121 4625 2147 4658 »
2179 4609 2233 4660 et
2253 4605 2412 4676 juxta
2440 4603 2777 4675 prophetam
2810 4618 2823 4656 :
2854 4600 3098 4695 Verbum
3122 4599 3255 4655 fecit
3273 4596 3463 4695 Domio

106 4696 463 4765 pontiﬁcibus
508 4713 635 4752 cum
684 4699 977 4754 orthodoxi
1023 4706 1080 4755 et
1128 4702 1351 4773 gloriosi
1404 4702 1733 4757 Chintillani

105 4789 250 4859 regis
276 4789 621 4845 salutaribus
648 4791 1042 4870 hortamentis,
1074 4795 1287 4867 absque
1329 4796 1734 4867 impedimento

106 4879 160 4935 in
204 4883 471 4954 praetorio
513 4885 801 4954 Toletano,
848 4887 907 4942 in
952 4888 1186 4943 ecclesia
1240 4896 1446 4946 sanctae
1485 4890 1731 4945 Leocha-

106 4973 203 5029 dim
230 4977 501 5048 martyris
527 4978 755 5034 sedibus
786 4981 1093 5049 collocatis,
1141 4984 1244 5037 sub
1276 4984 1366 5038 die
1411 4989 1569 5038 sexta
1608 4983 1734 5038 Idus

104 5068 370 5132 Januarii,
394 5087 549 5125 anno
571 5072 756 5142 primo
776 5075 1032 5145 przedicti
1049 5076 1323 5148 principis
1345 5083 1401 5133 et
1424 5078 1734 5150 triumpha-

105 5162 235 5216 toris
265 5163 494 5231 Christi,
524 5181 640 5219 sera
671 5183 893 5237 cccxxx,
926 5171 1225 5225 statuimus
1270 5171 1465 5225 subter
1498 5170 1728 5227 inserta.

170 5256 296 5310 CAP.
326 5258 369 5312 I.
401 5256 542 5311 Cum
579 5259 824 5329 primum
851 5262 1230 5333 omnipotenti
1259 5266 1371 5318 Deo
1401 5282 1505 5337 pro
1526 5282 1733 5320 corona

104 5348 359 5418 fratrum,
391 5350 468 5404 ita
495 5368 816 5408 numerosae
846 5356 1042 5426 gratias
1072 5355 1131 5411 in
1161 5358 1328 5412 nobis
1358 5358 1595 5414 fuissent
1611 5376 1733 5431 per-

106 5446 259 5510 acta,
288 5443 433 5498 nihil
465 5444 687 5516 melius,
740 5447 882 5503 nihil
927 5450 1204 5505 salubrius
1233 5452 1487 5507 omnium
1528 5452 1734 5507 insedit

103 5536 286 5591 animo
330 5554 504 5609 quam
552 5556 708 5593 more
749 5542 952 5612 synodi
997 5543 1325 5600 universalis
1369 5549 1496 5617 post
1538 5547 1733 5601 solem-

103 5628 190 5682 nia
238 5630 555 5702 perfunctaa
603 5635 877 5689 orationis
919 5638 1071 5708 quod
1117 5642 1305 5694 mente
1354 5640 1593 5695 interius
1644 5658 1732 5695 ru-

103 5722 462 5778 minabamus
485 5724 681 5797 lingua
708 5745 1089 5799 narraremus,
1137 5734 1193 5785 et
1236 5732 1387 5803 quod
1415 5734 1582 5788 corde
1610 5752 1729 5789 cre-

106 5814 395 5885 debamus,
426 5833 525 5873 ore
553 5824 902 5877 ructaremus
928 5841 1176 5896 superna
1200 5826 1426 5881 favente
1454 5828 1731 5883 sententia

104 5924 222 5987 qua?
245 5911 326 5967 ait
350 5928 364 5965 :
394 5932 421 5960 ε(
439 5911 722 5971 Eructavit
743 5931 843 5971 cor
862 5933 1051 5973 meum
1075 5919 1311 5975 verbum
1333 5919 1547 5974 bonum
1567 5921 1729 5995 (Psal.

1833 4720 1940 4757 nus
1958 4700 2341 4755 abbreviatum
2362 4714 2535 4769 super
2553 4699 2788 4750 terram.
2807 4694 3185 4759 Quamobrem
3205 4710 3275 4747 ex
3294 4693 3467 4747 abun-

1834 4796 2023 4851 dantia
2041 4793 2217 4849 nostri
2244 4791 2428 4847 cordis
2456 4791 2528 4845 sit
2546 4789 2828 4844 confessio
2850 4788 2997 4843 vocis
3016 4791 3081 4842 ut
3100 4787 3269 4842 fidem
3288 4803 3461 4858 quam

1836 4890 2092 4945 omnium
2124 4904 2288 4942 mens
2312 4885 2650 4941 intrinsecus
2690 4886 2889 4955 gestat,
2915 4882 2971 4937 in
3006 4880 3350 4936 confessione
3376 4881 3460 4936 in-

1833 4987 2053 5055 terpres
2079 4982 2276 5053 lingua
2301 4980 2436 5035 foris
2456 4978 2728 5033 effundat.
2748 4977 2943 5048 Itaque
2961 4974 3245 5030 credimus
3266 4979 3321 5029 et
3341 4993 3466 5048 [δῖός

1833 5078 2063 5130 ﬁtemur
2087 5073 2524 5130 sacratissimam
2570 5068 3183 5141 omnipotentissimam
3224 5070 3461 5125 Trinita-

1833 5173 1972 5239 tem,
1995 5171 2238 5235 Patrem,
2259 5172 2316 5223 et
2346 5167 2567 5233 Filium,
2602 5170 2659 5219 et
2678 5163 2949 5235 Spiritum
2978 5166 3255 5232 sanctum,
3283 5180 3465 5219 unum

1836 5266 2015 5319 Deum
2053 5264 2234 5317 solum
2287 5279 2421 5331 non,
2470 5258 2807 5323 solitarium,
2840 5256 3010 5311 unius
3039 5257 3321 5325 essentiaa,
3353 5259 3463 5313 vir-

1832 5357 2006 5423 tutis,
2064 5355 2398 5428 potestatis,
2456 5351 2812 5423 majestatis,
2870 5350 3152 5423 uniusque
3209 5356 3462 5422 naturae,

1836 5451 2134 5505 discretam
2191 5448 2247 5502 in
2302 5444 2710 5519 separabilibus
2764 5444 3050 5517 personis,
3106 5445 3465 5501 indiscretum

1834 5543 2205 5599 essentialiter
2232 5539 2548 5596 substantia
2574 5538 2815 5607 deitatis,
2847 5539 3175 5594 creatricem
3206 5539 3463 5594 omnium

1833 5640 2246 5706 creaturarum,
2299 5637 2526 5689 Patrem
2577 5633 2899 5704 ingenitum
2952 5633 3282 5700 increatum,
3337 5633 3464 5686 fon-

1834 5736 1953 5787 tem
1983 5733 2040 5785 et
2071 5730 2348 5801 originem
2380 5729 2551 5784 totius
2577 5727 2903 5789 divinitatis,
2925 5727 3127 5780 Filium
3147 5742 3175 5778 a
3201 5726 3360 5779 Patre
3385 5725 3467 5779 in-

1834 5825 2226 5897 temporaliter
2257 5828 2386 5879 ante
2414 5828 2647 5877 omnem
2687 5825 3004 5876 creaturam
3035 5819 3157 5871 sine
3184 5816 3342 5872 initio
3377 5833 3473 5885 ge.

1833 5920 2017 5978 nilum
2048 5937 2163 5976 non
2196 5924 2534 5987 creaturam,
2564 5932 2695 5971 nam
2726 5930 2831 5969 nec
2876 5913 3041 5967 Pater
3067 5926 3317 5982 unquam
3350 5913 3472 5973 sine
