4032 6336
517 366 617 435 is?

514 489 670 558 li'ilio,
705 505 806 544 nec
836 487 1006 542 Filius
1027 486 1241 542 exstitit
1267 485 1386 540 sine
1410 487 1596 554 Patre,
1617 485 1717 539 sed
1749 491 1940 540 tamen
1967 485 2140 539 Filius

433 651 439 666 Ι
515 585 659 638 Deus
703 582 771 636 de
819 583 984 636 Patre
1033 581 1169 649 Deo,
1199 595 1314 634 non
1360 580 1524 657 Pater
1569 579 1714 632 Deus
1741 578 1809 632 de
1840 577 1979 632 Filio
2007 579 2137 647 Deo,

511 677 604 731 ille
657 680 849 730 aulem
903 673 1073 728 Filius
1127 671 1322 740 Patris,
1377 675 1436 726 et
1488 673 1630 726 Deus
1685 672 1755 726 de
1819 673 1983 726 Patre
2040 688 2143 742 per

1414 375 1700 434 APPEND.
1742 375 1829 432 AD
1866 373 2030 433 SIEC.
2069 377 2158 432 IX.
2187 406 2256 418 -—
2293 374 2532 434 lSIDORl
2572 377 2996 435 MERCATORIS

3425 455 3430 459 _
3768 367 3878 436 tas

2239 487 2484 542 haereses
2515 487 2916 558 exstirpantur,
2958 487 3018 542 in
3047 487 3154 542 hac
3182 487 3368 542 omnis
3396 486 3638 542 Ecclesia
3675 487 3883 542 collata

2234 580 2356 650 jam
2376 581 2588 635 caelesti
2615 597 2794 652 regno
2825 581 3087 651 deinceps
3125 581 3182 634 in
3210 581 3418 635 szeculo
3447 581 3717 652 praesenti
3750 581 3878 652 glo-

2241 673 2440 741 riatur,
2473 679 2532 728 et
2555 691 2673 730 non
2704 674 2762 729 in
2794 674 2901 729 alia
2925 673 3036 728 ﬁde
3063 680 3146 729 est
3180 694 3206 725 «
3237 677 3406 742 salus,
3437 691 3542 729 nec
3579 675 3736 728 enim
3771 691 3878 728 no-

513 768 700 825 omnia
747 766 1046 838 coaequalis
1086 765 1254 832 Patri,
1308 765 1454 818 Deus
1501 781 1667 818 verus
1711 765 1780 819 de
1827 765 1940 818 Deo
1985 732 2175 848 verm!
2241 783 2376 820 men
2407 768 2562 822 aliud
2604 771 2690 822 est
2734 768 2837 822 sub
2881 768 3020 822 caelo
3067 768 3268 822 datum
3319 768 3644 822 hominibus
3671 768 3732 822 in
3763 785 3882 839 quo

513 861 786 933 Spiritum
833 876 1029 913 verum
1093 859 1354 912 sanctum
1409 873 1596 927 neque
1653 857 1909 928 genitum
1958 873 2142 928 neque

511 959 787 1020 creatum,
833 953 930 1006 sed
977 951 1044 1005 de
1090 952 1250 1004 Patre
1279 950 1532 1030 Filioque
1563 950 1967 1022 procedentem
1998 949 2138 1004 utri-

509 1064 689 1120 usque
734 1062 856 1100 esse
917 1043 1217 1116 Spiritum.
1267 1046 1348 1097 Ac
1397 1059 1500 1114 per
1549 1044 1655 1096 hoc
1698 1043 2144 1098 substantialiter

513 1158 689 1196 unum
719 1143 851 1194 sunt
879 1138 980 1210 qui
1011 1141 1067 1192 et
1091 1153 1242 1190 unus
1272 1137 1343 1190 ab
1371 1140 1613 1208 utroque
1639 1136 1914 1207 procedit.
1945 1139 2004 1190 In
2037 1136 2142 1189 hac

509 1245 702 1294 autem
731 1235 1005 1292 Trinitate
1033 1238 1194 1290 tanta
1232 1237 1318 1288 est
1340 1233 1530 1288 unitas
1557 1234 1905 1301 substantiae,
1936 1238 1998 1287 ut
2023 1233 2143 1304 plu-

509 1332 732 1387 ralitate
759 1333 968 1394 careat,
995 1333 1052 1382 et
1081 1327 1462 1400 aequalitatem
1491 1332 1698 1381 teneat.
1727 1328 1839 1381 Nec
1864 1326 2054 1380 minor
2084 1325 2140 1379 in

509 1423 749 1496 singulis
772 1438 947 1492 quam
971 1421 1029 1474 in
1061 1419 1346 1489 omnibus,
1379 1437 1485 1474 nec
1514 1420 1702 1490 major
1725 1436 1894 1490 quam
1922 1419 1980 1472 in
2024 1419 2137 1473 sin-

510 1518 656 1590 gulis
683 1514 941 1588 personis
967 1516 1180 1568 manet.
1210 1515 1286 1566 Ex
1311 1513 1399 1566 his
1455 1513 1637 1566 tribus
1679 1511 1984 1566 divinitatis
2009 1528 2138 1582 per-

509 1611 663 1666 sonis
691 1609 872 1662 solum
905 1607 1110 1660 Filium
1137 1605 1382 1660 fatemur
1428 1605 1500 1660 ad
1548 1605 1999 1676 redemptionem
2029 1605 2138 1659 hu-

509 1703 667 1759 mani
725 1699 972 1772 generis,
1029 1703 1263 1770 prOpter
1307 1699 1606 1770 culparum
1654 1698 1842 1752 debita
1878 1715 2003 1768 quae
2039 1715 2142 1769 per

507 1793 952 1852 iuobedientiam
976 1793 1112 1846 Adae
1139 1791 1513 1862 originaliter,
1546 1795 1603 1846 et
1631 1797 1822 1846 nostro
1850 1791 2024 1844 libero
2050 1807 2137 1844 ar-

2242 865 2502 933 oporteat
2526 877 2626 915 nos
2667 862 2848 916 salvos
2879 861 3002 915 ﬁeri
3030 861 3170 932 (Act.
3205 878 3277 928 iv,
3314 862 3416 931 12).
3449 883 3475 910 ››

2313 957 2374 1009 Π.
2407 953 2838 1026 Religiosissimi
2885 955 3158 1026 principis
3202 955 3380 1010 nostri
3421 955 3787 1010 devotionem
3824 960 3884 1010 et

2243 1052 2570 1103 nostrorum
2612 1048 3078 1102 consacerdotum
3133 1049 3322 1120 primo
3373 1065 3524 1102 anno
3570 1049 3735 1120 regni
3792 1049 3882 1103 sui

2243 1141 2704 1196 constitutionem
2749 1158 2880 1196 cum
2928 1158 3142 1212 magna
3173 1142 3490 1196 reverentia
3538 1147 3596 1196 et
3633 1159 3880 1197 venera-

2241 1235 2396 1290 tione
2421 1235 2808 1305 suscipientes,
2843 1251 3014 1306 quam
3036 1238 3254 1289 constat
3267 1236 3388 1306 jam
3418 1235 3477 1288 in
3507 1235 3664 1290 omni
3693 1253 3882 1306 regno

2243 1345 2344 1383 suo
2369 1345 2556 1382 annua
2587 1328 2705 1382 vice
2738 1327 3028 1396 celebrari,
3047 1345 3217 1400 quam
3243 1329 3457 1399 placuit
3482 1329 3655 1383 etiam
3679 1335 3880 1384 nostra

2243 1421 2556 1476 assertione
2601 1421 2818 1475 ﬁrmari
2847 1440 2860 1475 :
2890 1421 3132 1492 proinde
3178 1422 3506 1476 universalis
3537 1423 3880 1476 auctoritate

2242 1531 2537 1569 censemus
2567 1514 2810 1582 concilii,
2833 1517 2899 1568 ut
2927 1515 2984 1568 hi
3014 1514 3134 1569 dies
3157 1515 3482 1569 litaniarum
3509 1533 3632 1587 quas
3659 1515 3720 1569 in
3746 1533 3879 1586 syn-

2243 1609 2350 1662 odo
2380 1607 2672 1680 praemissa
2700 1611 2832 1662 sunt
2858 1607 3121 1675 instituti,
3156 1609 3358 1663 eodem
3386 1609 3444 1662 in
3475 1615 3731 1679 tempore
3763 1627 3878 1680 quo

2233 1701 2376 1772 jussi
2399 1705 2532 1755 sunt
2561 1701 2756 1766 excoli,
2786 1718 2978 1756 annuo
3007 1719 3234 1756 recursu
3283 1703 3439 1756 omni
3479 1703 3878 1757 observatione

2243 1793 2562 1848 habeantur
2609 1794 2984 1874 celeberrimi,
3038 1799 3101 1850 ut
3151 1811 3254 1866 pro
3302 1796 3410 1850 illis
3460 1795 3662 1866 quibus
3716 1812 3878 1849 nunc

507 1894 678 1950 bitrio
704 1891 1093 1948 contraximus
1117 1889 1450 1944 resolvenda
1481 1892 1698 1943 secreto
1740 1889 1938 1954 Patris,
1963 1905 2031 1942 ex
2057 1905 2142 1942 ar-
2161 1871 2217 1943 Β
2241 1903 2420 1958 usque
2451 1888 2620 1942 simul
2648 1905 2841 1941 sumus
2869 1887 3138 1959 implicati
3167 1889 3403 1972 delictis,
3435 1889 3503 1944 sit
3541 1892 3737 1943 nostra
3773 1905 3876 1944 ex-

509 2005 649 2044 cano
677 1985 1015 2057 prodidisse,
1045 1986 1102 2038 et
1127 1982 1421 2038 hominem
1449 1983 1572 2035 sine
1605 1989 1840 2051 peccato
1867 1983 1935 2034 de
1956 1987 2144 2035 sancta

509 2097 736 2152 semper
761 2079 982 2150 virgine
1009 2077 1177 2133 Maria
1195 2075 1579 2146 assumpsisse,
1603 2078 1664 2128 ut
1677 2074 1834 2128 idem
1857 2073 2023 2127 Filius
2042 2074 2142 2128 Dei

506 2175 683 2231 Patris
711 2177 859 2228 esset
882 2171 1052 2226 Filius
1079 2169 1348 2236 hominis,
1379 2170 1527 2223 Deus
1561 2170 1844 2238 perfectus
1872 2172 1928 2220 et
1964 2168 2140 2221 homo

504 2269 810 2342 perfectus,
851 2269 918 2320 ut
959 2266 1134 2319 homo
1183 2263 1464 2334 perfectus
1511 2267 1569 2315 et
1611 2263 1758 2314 Deus
1803 2267 1948 2314 esset
1997 2278 2140 2314 unus

506 2361 782 2428 Christus,
815 2357 1036 2413 naturis
1081 2357 1140 2411 in
1183 2355 1401 2410 duabus
1443 2371 1561 2408 una
1603 2371 1863 2425 persona,
1900 2370 1973 2407 ne
2006 2370 2143 2424 qua-

507 2454 743 2510 ternitas
783 2451 1045 2507 Trinitati
1093 2449 1408 2515 accederet,
1440 2447 1484 2501 si
1511 2447 1570 2501 in
1595 2447 1816 2502 Christo
1851 2447 2142 2517 geminata

502 2565 750 2622 persona
781 2551 946 2600 esset.
980 2545 1130 2614 Ergo
1159 2561 1192 2598 a
1220 2545 1404 2609 Patre,
1434 2545 1489 2596 et
1516 2541 1727 2612 Spiritu
1755 2543 1951 2594 sancto
1979 2557 2136 2610 sepa-

503 2641 695 2698 rabilis
717 2640 963 2695 creditur
989 2654 1251 2710 persona,
1275 2636 1344 2690 ab
1365 2635 1602 2689 homine
1619 2639 1814 2688 autem
1845 2639 2138 2703 assumpto

503 2741 726 2801 natura,
746 2733 894 2788 idem
907 2749 1034 2786 cum
1051 2731 1248 2786 eodem
1263 2729 1502 2784 homine
1526 2745 1673 2782 unus
1697 2730 1880 2782 exstat
1900 2743 2140 2798 persona

503 2845 634 2882 cum
651 2829 816 2882 Patre
839 2829 895 2879 et
913 2825 1125 2896 Spiritu
1149 2826 1343 2876 sancto
1363 2825 1586 2889 natura,
1603 2838 1686 2888 ac,
1711 2821 1855 2875 sicut
1875 2820 2136 2886 diximus,

504 2940 575 2976 ex
604 2920 826 2976 duabus
848 2917 1063 2973 naturis
1085 2923 1142 2971 et
1171 2933 1280 2970 una
1299 2931 1557 2986 persona,
1585 2930 1736 2969 unus
1763 2917 1846 2968 est
1866 2914 2138 2968 Dominus

507 3017 706 3070 noster
747 3014 905 3068 Jesus
948 3009 1218 3076 Christus,
1250 3009 1310 3062 in
1357 3007 1541 3062 forma
1567 3006 1880 3061 divinitatis
1911 3007 2139 3077 mqualis

503 3107 674 3175 Patri,
706 3107 766 3160 in
793 3106 976 3160 forma
1018 3102 1164 3156 servi
1208 3101 1400 3156 minor
1443 3103 1630 3156 Patre.
1683 3101 1810 3154 Haec
1851 3103 1936 3154 est
1983 3100 2139 3154 enim

503 3215 611 3258 vox
637 3201 759 3272 ejus
783 3200 844 3254 in
875 3199 1094 3270 psalmo
1124 3213 1138 3250 :
1175 3217 1203 3246 «
1236 3197 1313 3250 De
1350 3199 1548 3272 ventre
1580 3193 1780 3248 matris
1811 3210 1954 3247 mea:
1995 3195 2136 3248 Deus

504 3259 686 3350 meusv
715 3310 776 3348 es
804 3259 1057 3362 'tu‘tPsal.
1115 3305 1228 3358 xxx,
1276 3289 1384 3360 tt).
1416 3308 1443 3340 »
1471 3259 1670 3373 'Natus
1717 3287 1923 3358 itaque
1955 3303 1986 3339 a
2027 3289 2136 3342 Deo

504 3386 629 3444 sine
653 3391 856 3453 matre,
887 3388 1057 3440 natus
1082 3401 1116 3438 a
1145 3383 1367 3454 virgine
1405 3382 1525 3436 sine
1554 3383 1740 3449 Patre,
1765 3381 1918 3434 solus
1947 3399 1974 3432 (ι
2005 3381 2138 3434 Ver-

500 3483 642 3538 bum
668 3497 798 3537 caro
823 3480 1039 3534 factum
1065 3481 1169 3548 est,
1207 3482 1264 3532 et
1293 3475 1571 3530 habitavit
1608 3475 1668 3528 in
1715 3473 1878 3528 nobis
1918 3474 2132 3546 (Joann.

501 3593 540 3646 ι,
574 3576 678 3650 14).
714 3597 741 3626 ››
763 3576 986 3630 Etcum
1013 3575 1132 3627 tota
1157 3575 1463 3642 cooperata
1511 3570 1583 3624 sit
1626 3569 1870 3624 Trinitas
1918 3569 2133 3638 forma-

501 3671 688 3727 tiones
716 3667 962 3740 suscepti
992 3665 1262 3734 hominis,
1286 3663 1558 3736 quoniam
1586 3662 1987 3734 inseparabilia
2005 3663 2140 3715 sunt

504 3761 996 3836 operaTrinitatis,
1011 3761 1162 3814 solus
1177 3763 1372 3814 tamen
1388 3757 1560 3811 Filius
1575 3756 1826 3826 suscepit
1837 3755 2136 3809 hominem

503 3858 562 3913 in
578 3854 972 3927 singularitate
987 3867 1268 3923 personae,
1291 3867 1405 3903 non
1426 3849 1485 3902 in
1503 3849 1722 3903 unitate
1743 3848 1948 3902 divinae
1967 3851 2135 3901 natu-

507 3966 608 4017 rae,
647 3948 706 4003 id
747 3949 832 4002 est
875 3945 1032 4017 quod
1063 3942 1358 4016 proprium
1393 3947 1478 3996 est
1507 3942 1630 3996 Filii
1655 3959 1770 3996 non
1796 3940 1952 4011 quod
1977 3957 2134 3994 com-

506 4055 683 4099 mune
713 4043 799 4096 est
819 4035 1098 4094 Trinitati.
1125 4036 1266 4091 Nam
1291 4035 1339 4089 si
1367 4051 1544 4090 unam
1580 4035 1699 4090 nati
1743 4033 2006 4102 hominis,
2036 4032 2138 4088 Dei

510 4138 746 4193 alteram
762 4131 1095 4189 confecisset
1109 4145 1432 4202 personam,
1446 4133 1566 4184 tota
1579 4129 1820 4184 Trinitas
1835 4144 2037 4199 corpus
2055 4144 2139 4182 as-

507 4228 856 4302 sumpsisset,
876 4225 1150 4298 quoniam
1180 4226 1404 4279 constat
1429 4227 1688 4278 naturam
1711 4221 1998 4277 Trinitatis
2019 4237 2136 4276 esse

511 4340 704 4392 unam,
757 4338 872 4376 non
917 4323 1112 4375 tamen
1156 4333 1478 4390 personam.
1530 4317 1629 4372 Hic
1681 4333 1818 4388 ergo
1863 4317 2138 4373 Dominus

506 4421 706 4476 noster
731 4417 756 4472 J
762 4430 890 4471 esus
912 4413 1164 4468 Christus
1183 4410 1390 4466 missus
1412 4427 1445 4466 a
1465 4412 1630 4466 Patre
1647 4411 1954 4482 suscipiens
1983 4411 2138 4482 quod

507 4529 626 4572 non
655 4514 794 4579 erat,
843 4524 950 4564 nec
993 4506 1260 4562 amittens
1303 4503 1456 4576 quod
1503 4507 1642 4572 erat,
1693 4503 2036 4560 inviolabilis
2064 4503 2135 4558 de

507 4626 628 4676 suo,
657 4603 911 4662 mortalis
930 4601 1000 4657 de
1018 4603 1232 4670 nostro,
1255 4599 1410 4654 venit
1433 4599 1494 4654 in
1519 4599 1673 4654 hunc
1699 4597 1981 4653 mundum
2001 4613 2134 4669 pec-
2155 4619 2215 4690 D

507 4709 720 4759 catores
764 4698 948 4754 salvos
993 4695 1180 4750 facere
1228 4699 1284 4748 et
1339 4691 1634 4748 credentes
1675 4691 2009 4762 justiﬁcare,
2059 4691 2136 4745 fa-

507 4794 775 4862 ciensque
807 4785 1096 4843 mirabilia
1140 4783 1384 4838 traditus
1407 4787 1493 4837 est
1521 4787 1754 4854 pr0pter
1783 4779 1987 4837 delicta
2026 4797 2134 4836 no-

509 4893 641 4956 stra,
669 4888 927 4938 mortuus
957 4885 1041 4934 est
1068 4883 1302 4950 propter
1328 4875 1709 4946 expiationem
1739 4877 2011 4944 nostram,
2045 4892 2134 4929 re-

509 4977 753 5035 surrexit
789 4978 1023 5047 propter
1053 4969 1520 5042 justiﬁcationem
1561 4972 1836 5038 nostram,
1871 4969 2040 5039 hujus
2066 4968 2134 5022 li-

508 5089 643 5128 vore
667 5069 866 5138 sanati,
882 5068 1050 5138 hujus
1077 5069 1258 5120 morte
1274 5065 1385 5119 Deo
1401 5061 1553 5128 Patri
1581 5061 1949 5129 reconciliati,
1967 5062 2137 5133 hujus

508 5163 918 5222 resurrectione
953 5176 1148 5215 sumus
1193 5139 1548 5226 resuscitati.‘,
1580 5155 1764 5220 Quem
1807 5156 1980 5211 etiam
2010 5172 2138 5210 ven-

508 5265 706 5316 turum
731 5257 792 5311 in
817 5256 929 5310 ﬁne
942 5255 1340 5325 exspectamus
1359 5247 1718 5317 saeculbrum,
1735 5265 1864 5304 cum
1889 5265 2138 5303 resurre-

507 5355 695 5410 ctione
721 5349 982 5406 omnium
1021 5345 1347 5419 aequissimo
1387 5361 1488 5400 suo
1527 5342 1741 5416 judicio
1777 5341 2137 5398 redditurum

498 5447 668 5522 justis
678 5445 937 5518 praemia,
950 5439 1140 5512 impiis
1149 5455 1364 5511 poenas
1381 5436 1684 5493 Ecclesiam
1701 5452 1925 5509 quoque
1945 5438 2138 5492 catho-

503 5544 674 5600 licam
689 5537 974 5608 credimus
989 5535 1110 5589 sine
1126 5533 1353 5588 macula
1368 5535 1425 5588 et
1441 5548 1607 5604 ruga,
1631 5548 1836 5604 corpus
1852 5532 1902 5604 ej
1911 5549 1974 5588 us
1991 5549 2132 5609 esse,

503 5647 868 5710 regnumque
897 5627 1224 5684 habituram
1254 5641 1382 5681 cum
1409 5625 1596 5697 capite
1621 5641 1723 5681 suo
1753 5623 2135 5698 omnipotenti

505 5728 728 5788 Christo
760 5727 914 5792 Jesu,
938 5723 1242 5794 postquam
1262 5719 1372 5774 hoc
1387 5719 1751 5790 corruptibile
1771 5720 2022 5776 induerit
2047 5717 2133 5774 in-

505 5821 954 5892 corruptionem,
968 5817 1026 5870 et
1035 5813 1272 5869 mortale
1287 5813 1784 5868 immortalitatem
1795 5856 1808 5883 ,
1821 5819 1886 5870 ut
1905 5811 1977 5868 sit
1994 5814 2136 5868 Deus

504 5913 698 5982 omnia
721 5913 782 5968 in
818 5908 1103 5967 omnibus.
1135 5908 1244 5963 Hac
1285 5906 1397 5964 fide
1423 5905 1592 5962 corda
1615 5906 2006 5980 puriﬁcantur,
2029 5907 2136 5964 hac

2157 3243 2210 3316 C

2241 1981 2416 2051 piatio
2443 1987 2574 2034 ante
2603 1982 2790 2034 oculos
2812 1982 2909 2034 Dei
2939 1981 3365 2052 omnipotentis.

2313 2076 2403 2130 111.
2435 2074 2761 2128 lnﬂexibilis
2789 2075 3111 2129 Iudaeorum
3129 2076 3367 2146 perﬁdia
3385 2075 3604 2130 deﬂexa
3633 2077 3872 2130 tandem

2238 2167 2463 2221 videtur
2477 2169 2685 2238 pietate
2705 2171 2762 2221 et
2779 2169 3026 2238 potentia
3045 2186 3313 2240 superna.
3349 2171 3484 2223 Hinc
3513 2169 3664 2223 enim
3693 2169 3882 2241 liquet

2240 2261 2396 2332 quod
2446 2261 2502 2314 in
2547 2261 2857 2330 spiramine
2890 2263 3098 2316 summi
3145 2264 3237 2316 Dei
3279 2263 3793 2318 excellentissimus
3821 2268 3882 2316 et

2239 2355 2751 2409 Christianissimus
2781 2355 3044 2426 princeps
3070 2357 3272 2410 ardore
3301 2357 3432 2410 tidei
3460 2357 3878 2423 inflammatus,

2239 2464 2368 2502 cum
2399 2448 2564 2518 regni
2584 2447 2669 2501 sui
2697 2448 3083 2502 sacerdotibus
3101 2449 3589 2521 prazvaricationes
3610 2454 3666 2504 et
3681 2467 3883 2520 super-

2240 2542 2501 2596 stitiones
2533 2559 2732 2596 eorum
2757 2543 3044 2596 eradicare
3071 2544 3242 2615 elegit
3269 2544 3544 2610 funditus,
3587 2561 3692 2598 nec
3738 2543 3884 2598 sinit

2241 2639 2452 2710 degere
2484 2641 2542 2693 in
2568 2656 2745 2708 regno
2773 2657 2874 2694 suo
2901 2659 3030 2694 eum
3055 2641 3154 2711 qui
3181 2659 3294 2695 non
3321 2645 3406 2696 est
3443 2641 3774 2708 catholicus,
3803 2643 3878 2696 ob

2239 2733 2402 2802 cujus
2440 2733 2718 2786 fervorem
2765 2733 2894 2788 ﬁdei
2948 2735 3159 2805 gratias
3202 2735 3576 2806 omnipotenti
3631 2735 3878 2790 Domino

2239 2826 2504 2881 caelorum
2535 2826 2775 2897 agimus,
2813 2843 2880 2881 eo
2915 2828 3067 2898 quod
3112 2831 3230 2882 tam
3274 2829 3550 2883 illustrem
3600 2829 3881 2883 creaverit

2240 2920 2494 2974 animam
2529 2925 2584 2973 et
2613 2937 2714 2974 sua
2741 2922 3048 2992 repleverit
3069 2923 3360 2992 sapientia,
3381 2922 3500 2993 ipse
3523 2939 3751 2993 quoque
3777 2923 3881 2976 do-

2237 3016 2337 3066 net
2362 3012 2413 3067 ei
2440 3017 2495 3066 et
2523 3013 2581 3066 in
2619 3015 2886 3083 praesenti
2917 3016 3122 3068 saeculo
3149 3015 3462 3085 longaevam
3493 3015 3690 3080 vitam,
3725 3020 3778 3068 et
3815 3014 3878 3068 in

2237 3105 2428 3160 futuro
2456 3107 2692 3176 gloriam
2713 3113 3010 3162 aeternam.
3044 3109 3186 3162 lllud
3215 3114 3409 3162 autem
3450 3109 3684 3179 provida
3708 3109 3881 3163 nobis

2238 3215 2394 3266 cura,
2419 3205 2472 3252 et
2500 3200 2660 3254 valde
2683 3205 2766 3253 est
2803 3201 3224 3255 decernendum
3245 3201 3500 3270 vigilanti
3527 3200 3776 3269 solertia,
3801 3219 3877 3256 ne

2237 3293 2362 3362 ejus
2386 3291 2516 3346 ﬁdei
2547 3293 2714 3360 calor,
2749 3299 2805 3347 et
2826 3301 3020 3347 noster
3045 3295 3201 3347 labor
3226 3295 3565 3365 quandoque
3592 3295 3650 3346 in
3681 3299 3874 3364 poste-

2235 3386 2314 3439 ris
2337 3385 2650 3455 tepefactus
2681 3385 2972 3456 liquescat.
3005 3387 3276 3450 Quocirca
3315 3404 3618 3441 consonam
3647 3403 3779 3442 cum
3807 3405 3876 3442 eo

2235 3479 2401 3533 corde
2433 3483 2487 3532 et
2517 3495 2612 3532 ore
2659 3481 3088 3549 promulgamus
3119 3483 3230 3536 Deo
3261 3481 3599 3551 placituram
3637 3485 3872 3535 senten-

2233 3573 2394 3638 tiam,
2428 3572 2597 3626 simul
2647 3573 2816 3626 etiam
2863 3591 2989 3627 cuni
3042 3590 3275 3627 suorum
3315 3574 3660 3644 optimatum
3710 3574 3872 3628 illus—

2234 3665 2524 3736 triumque
2555 3665 2808 3720 virorum
2836 3683 3112 3721 consensu
3143 3671 3199 3721 et
3225 3668 3638 3722 deliberatione
3685 3668 3871 3722 sanci-

2239 3776 2384 3826 mus,
2414 3763 2477 3812 ut
2501 3759 2754 3830 quisquis
2777 3761 3197 3815 succedentium
3225 3765 3548 3831 temporum
3567 3761 3741 3830 regni
3763 3779 3878 3815 sor~

2234 3852 2368 3906 titus
2400 3852 2573 3906 fuerit
2597 3853 2835 3924 apicem,
2869 3871 2984 3908 non
3013 3859 3142 3908 ante
3171 3855 3508 3909 conscendat
3543 3871 3752 3926 regum
3783 3873 3874 3908 se-

2237 3945 2386 4010 dem,
2422 3962 2593 4016 quam
2636 3947 2789 4001 inter
2817 3947 3036 4018 reliqua
3080 3948 3470 4004 conditionum
3520 3951 3878 4003 sacramenta

2235 4037 2522 4110 pollicitus
2536 4038 2708 4092 fuerit
2729 4040 2878 4094 hanc
2897 4057 2956 4094 se
2973 4040 3310 4096 catholicam
3327 4058 3440 4096 non
3456 4041 3877 4112 permissurum

2239 4147 2336 4188 eos
2364 4131 2572 4186 violare
2596 4133 2794 4196 ﬁdem,
2823 4134 2922 4188 sed
2951 4139 3009 4189 et
3035 4135 3358 4189 nullatenus
3397 4151 3594 4188 eorum
3621 4134 3877 4205 perfidia:

2235 4226 2431 4280 favens
2456 4225 2545 4280 vel
2572 4226 2826 4297 quolibet
2854 4229 3138 4299 neglectu,
3171 4234 3268 4283 aut
3293 4227 3599 4299 cupiditate
3629 4228 3874 4295 illectus,

2239 4319 2311 4374 ad
2341 4319 2660 4390 prmcipitia
2685 4320 3037 4375 inﬁdelitatis
3059 4321 3277 4376 aditum
3320 4321 3572 4392 praebeat
3601 4320 3874 4392 przevario

2225 4413 2492 4480 cationis,
2543 4412 2644 4467 sed
2687 4414 2841 4484 quod
2885 4431 3244 4486 magnopere
3279 4417 3474 4469 nostro
3505 4419 3590 4468 est
3609 4419 3875 4486 tempore

2235 4505 2620 4579 conquisitum
2653 4507 2854 4562 debeat
2888 4509 3168 4563 illibatum
3211 4524 3572 4579 perseverare
3615 4507 3674 4562 in
3716 4509 3870 4562 futu-

2238 4578 2561 4656 rumfNam
2588 4599 2875 4656 incassum
2906 4601 3125 4656 bonum
3153 4601 3360 4674 agitur,
3386 4603 3432 4655 si
3461 4619 3574 4656 non
3603 4602 3728 4672 ejus
3749 4619 3876 4673 pro-

2237 4694 2461 4748 videtur
2489 4694 2929 4764 perseverantia.
2962 4695 3112 4766 Ergo
3139 4700 3443 4767 postquam
3473 4694 3673 4749 ordine
3724 4713 3873 4766 prae-

2235 4787 2539 4842 missorum
2564 4787 2636 4842 ad
2667 4789 3058 4858 gubernacula
3100 4784 3399 4843 accesserit
3442 4787 3628 4858 regni,
3667 4789 3712 4842 si
3757 4789 3878 4858 ipse

2237 4885 2550 4936 temerator
2585 4881 2756 4953 hujus
2801 4882 3078 4937 exstiterit
3118 4881 3401 4954 promissi,
3451 4879 3522 4936 sit
3564 4882 3880 4938 anathema

2235 4975 2569 5030 marathana
2613 4975 2674 5029 in
2711 4981 3013 5046 conspectu
3053 4975 3168 5044 Dei,
3205 4980 3264 5030 et
3289 4973 3563 5048 pabulum
3596 4977 3878 5030 efﬁciatur

2236 5068 2384 5138 ignis
2413 5070 2628 5139 aeterni,
2662 5067 2943 5140 simulque
2974 5087 3102 5124 cum
3135 5087 3201 5124 eo
3228 5067 3594 5124 damnatione
3629 5067 3878 5140 perculsi

2235 5162 2558 5234 quicunque
2604 5163 2960 5218 sacerdotum
3001 5165 3084 5217 vel
3131 5162 3371 5234 quilibet
3414 5162 3875 5218 Christianorum

2236 5273 2433 5311 eorum
2458 5254 2732 5329 implicati
2757 5255 2977 5312 fuerint
2995 5262 3237 5311 terrore.
3261 5257 3372 5311 Nos
3397 5253 3611 5310 ctenim
3640 5256 3717 5312 ita
3735 5274 3878 5328 pra:-

2237 5347 2418 5406 sentia
2446 5351 2822 5417 decernimus,
2870 5351 2938 5404 ut
2980 5349 3267 5422 praeterita
3313 5367 3439 5420 qua:
3468 5347 3526 5404 in
3564 5349 3880 5406 universali

2237 5445 2454 5516 synodo
2505 5443 2578 5500 de
2624 5439 2834 5500 Iudaeis
2881 5439 3202 5516 conscripta
3255 5449 3389 5498 sunt
3439 5443 3875 5508 conﬁrmemus,

2235 5539 2503 5610 quoniam
2551 5555 2619 5594 ea
2667 5555 2796 5610 quae
2840 5533 3156 5593 necessaria
3197 5553 3300 5608 pro
3342 5553 3538 5592 eorum
3565 5538 3888 5604 salvatione.

2237 5630 2403 5686 scribi
2446 5634 2770 5704 potuerunt,
2820 5631 2878 5686 in
2924 5627 3137 5686 eisdem
3177 5647 3298 5685 esse
3349 5633 3515 5684 cauta
3561 5631 3875 5686 sancimus.

2235 5725 2592 5797 Quapropter
2615 5743 2742 5798 quae
2771 5727 2906 5781 tunc
2927 5722 3156 5780 decreta
3185 5726 3318 5779 sunt
3343 5722 3583 5780 valitura
3607 5741 3728 5780 esse
3749 5742 3879 5780 cen«

2235 5833 2444 5873 scmus.

2307 5907 2388 5967 ιν.
2419 5913 2582 5987 Saepe
2609 5905 2946 5987 pullulantia
2989 5913 3286 5988 pravitatis
3313 5905 3571 5989 germina
3598 5913 3733 5972 licet
3763 5930 3875 5972 see-
