4032 6290
175 358 286 417 489

1429 356 1903 417 DECRETALIUM
1939 354 2328 416 COLIJ-ZCTIO.

3446 357 3547 412 4th

166 466 408 543 pissime
456 467 706 541 primum
742 466 898 541 justa
951 468 1275 525 noverimus
1320 468 1614 526 severitate
1662 468 1814 523 dam-
1834 467 1955 554 Asi
1991 484 2086 523 eos
2114 467 2368 540 quolibet
2393 483 2630 523 munere
2678 468 2765 522 vel
2810 467 3003 523 favore
3051 468 3148 521 aut
3195 458 3549 537 negligentia

168 567 325 629 nata,
359 563 494 633 quia
519 566 716 617 tamen
742 563 953 617 crebris
970 564 1398 635 conspiciuntur
1417 564 1607 617 denuo
1623 563 1812 634 vigere

166 656 479 723 radicibus,
493 656 731 727 justitim
757 657 973 711 acriore
999 657 1194 728 vigore
1222 656 1493 711 radicitus
1519 659 1813 727 amputare

166 749 479 803 sancimus.
535 748 773 804 Proinde
804 750 1128 820 quicunque
1175 750 1422 804 Simonis
1463 749 1714 803 imitator
1738 749 1809 803 si-

165 843 452 898 moniacze
469 859 699 913 quoque
727 842 958 897 haeresis
988 843 1262 897 exstiterit
1288 845 1530 897 sectator
1554 848 1615 897 ut
1643 843 1812 897 eccle-

166 935 530 989 siasticorum
558 935 826 991 ordinum
855 936 1063 1007 gradus
1103 953 1219 990 non
1269 936 1543 1007 dignitate
1588 952 1811 989 morum

165 1030 445 1096 obtineat,
475 1029 572 1083 sed
599 1045 912 1084 munerum
932 1030 1287 1101 impensione
1315 1029 1615 1102 conquirat
1636 1035 1692 1083 et
1710 1046 1813 1100 per

165 1123 360 1176 oblata
387 1139 627 1176 munera
654 1123 862 1194 capiat,
898 1124 1105 1194 quibus
1134 1124 1286 1177 hunc
1313 1140 1418 1177 nec
1463 1122 1701 1177 rationis
1728 1140 1812 1176 or-

165 1216 261 1282 do,
294 1232 401 1270 nec
431 1216 679 1287 dignitas
706 1234 935 1271 morum
985 1217 1101 1271 ulla
1130 1217 1510 1283 commendat,
1551 1216 1677 1269 talis
1718 1216 1808 1270 in-

163 1314 370 1362 ventus
414 1326 705 1363 sacrorum
749 1310 1019 1364 ordinum
1073 1310 1256 1381 apices
1307 1310 1535 1381 penitus
1578 1309 1809 1380 adipisci

165 1403 331 1456 nullo
373 1402 543 1456 modo
587 1403 967 1473 permittatur,
1003 1403 1100 1457 sed
1139 1408 1194 1457 et
1238 1404 1284 1457 si
1335 1403 1575 1473 adeptus
1616 1402 1805 1470 fuerit,

162 1497 578 1549 communione
618 1496 866 1566 privatus
893 1513 1023 1550 cum
1055 1496 1479 1551 ordinatoribus
1522 1496 1636 1550 suis
1673 1512 1804 1566 pro-

160 1588 425 1659 priorum
451 1590 736 1643 bonorum
771 1590 1070 1644 amissione
1100 1590 1419 1644 damnetur.

241 1684 301 1736 V.
335 1682 494 1752 Saepe
538 1681 599 1736 tit
633 1688 697 1737 ut
746 1683 1079 1753 pr0prietati
1129 1683 1365 1752 originis
1409 1682 1644 1735 obsistat
1681 1682 1797 1735 lon-

165 1776 458 1846 ginquitas
486 1776 777 1846 temporis.
799 1778 1150 1847 Quapropter
1176 1775 1536 1847 providentes
1557 1774 1805 1830 decerni-

1913 561 2223 616 admonere
2250 562 2499 617 noluerit
2526 565 2592 615 ut
2621 565 2723 617 aut
2756 563 3107 616 revertentes
3133 559 3420 631 suscipiat,
3449 561 3551 612 aut

1913 658 2344 709 contemnentes
2375 655 2444 709 de
2474 656 2708 710 ecclesia
2755 654 2989 726 rejiciat,
3044 653 3217 708 simili
3269 650 3549 707 sententia

1912 749 2213 819 plectatur,
2236 764 2527 821 quousque
2549 748 2971 803 emendationis
2986 763 3187 803 eorum
3208 746 3296 801 vel
3313 745 3546 801 damna-

1888 841 2083 895 ‘tionis
2111 842 2180 895 ab
2214 858 2280 894 eo
2312 843 2592 897 sententia
2618 842 3029 913 promulgatur.

1982 936 2115 990 Vlll.
2145 935 2375 1005 Antiqui
2419 938 2476 988 et
2518 934 2853 990 sanctissimi
2902 938 2987 989 est
3035 932 3214 988 Patris
3262 933 3542 988 sententia

1912 1045 2072 1099 papae
2107 1028 2331 1096 Leonis,
2365 1034 2426 1082 ut
2449 1029 2495 1082 is
2526 1029 2623 1099 qui
2668 1028 2726 1082 in
2771 1030 2937 1081 aetate
2964 1025 3359 1081 adolescentiae
3385 1026 3539 1096 posi-

1911 1124 2019 1189 tus,
2051 1121 2189 1175 dum
2219 1121 2416 1175 mortis
2441 1121 2711 1175 formidat
2738 1137 2952 1187 casum,
2985 1118 3305 1191 pervenerit
3326 1118 3398 1173 ad
3424 1135 3542 1190 pce-

1911 1215 2163 1270 nitentiae
2192 1216 2535 1283 remedium,
2562 1214 2606 1268 si
2628 1215 2963 1285 conjugatus
2984 1214 3128 1267 forte
3148 1212 3322 1267 fuerit
3340 1212 3536 1267 incon-

1912 1309 2114 1375 tinens,
2148 1325 2219 1363 ne
2246 1312 2438 1379 postea
2468 1308 2733 1363 adulterii
2780 1307 3031 1361 incurrat
3071 1307 3314 1377 lapsum,
3339 1305 3539 1360 redeat

1909 1403 1979 1456 ad
2018 1402 2327 1473 pristinum
2363 1401 2694 1472 conjugium
2737 1416 3034 1472 quousque
3081 1399 3257 1469 possit
3301 1397 3538 1469 adipisci

1908 1496 2182 1566 temporis
2209 1495 2538 1550 maturitate
2567 1493 2937 1548 continentia:
2968 1494 3198 1547 statum.
3231 1491 3397 1556 Quod
3432 1507 3538 1545 nos

1908 1588 2052 1642 sicut
2072 1589 2141 1643 de
2167 1589 2299 1642 viris
2344 1588 2423 1642 ita
2454 1588 2525 1641 de
2551 1587 2781 1641 feminis
2812 1603 2974 1657 sequo
3014 1585 3186 1639 modo
3216 1600 3535 1652 censemus,

1905 1700 2019 1736 non
2047 1683 2275 1753 quidem
2303 1682 2406 1736 hoc
2426 1681 2771 1752 generaliter
2798 1684 2855 1734 et
2871 1679 3144 1734 canonice
3161 1681 3534 1749 praeceptum,

1907 1776 2003 1829 sed
2023 1780 2238 1830 constat
2262 1793 2296 1829 a
2320 1775 2486 1830 nobis
2502 1792 2605 1846 pro
2623 1775 2872 1828 humana
2906 1772 3208 1844 fragilitate
3226 1770 3534 1836 indultum,

162 1885 312 1935 mus,
343 1872 406 1922 ut
432 1868 557 1940 quis
591 1868 925 1923 clericorum
955 1869 1304 1939 stipendium
1336 1868 1405 1922 de
1431 1869 1596 1922 rebus
1626 1869 1800 1922 eccle-
1824 1847 1880 1916 Β
1905 1886 1969 1922 ea
1999 1870 2277 1923 duntaxat
2300 1869 2541 1937 ratione,
2569 1872 2635 1923 ut
2664 1868 2711 1922 si
2738 1868 2784 1920 is
2809 1867 2908 1938 qui
2936 1864 3289 1937 paenitentiae
3315 1880 3428 1919 non
3452 1866 3538 1918 est

135 1962 264 2020 ,sizc
294 1961 627 2031 cujusquam
665 1961 911 2032 episcopi
941 1961 1182 2031 percipit
1210 1962 1492 2031 largitate,
1528 1962 1630 2015 sub
1673 1977 1799 2031 pre-

164 2054 336 2107 carize
358 2054 593 2108 nomine
611 2055 817 2108 debeat
832 2054 1246 2125 professionem
1264 2055 1528 2122 scribere,
1549 2070 1650 2108 nec
1664 2071 1805 2124 prae-

158 2148 425 2202 tentione
475 2134 743 2202 diuturna
800 2149 1194 2218 praejudicium
1250 2147 1449 2201 afferat
1504 2147 1754 2202 ecclesiae
1786 2190 1800 2215 ,

163 2245 221 2294 et
241 2258 604 2311 quaecunque
636 2241 695 2294 in
722 2259 827 2295 usu
858 2241 1176 2312 perceperit
1196 2241 1402 2295 debeat
1419 2240 1632 2295 utiliter
1651 2241 1803 2295 labo-

162 2351 312 2400 rare,
340 2337 408 2388 ut
438 2351 543 2387 nec
588 2351 679 2388 res
730 2335 902 2389 divini
920 2335 1067 2404 juris
1094 2335 1396 2389 vidcantur
1422 2334 1614 2404 aliqua
1638 2350 1799 2388 occa-

162 2428 323 2482 sione
347 2427 584 2498 negligi,
617 2431 674 2481 ct
701 2428 1014 2482 subsidium
1030 2428 1099 2482 ab
1122 2427 1356 2482 ecclesia
1372 2428 1460 2481 cui
1482 2428 1803 2483 deserviunt

162 2521 461 2592 percipere
485 2522 702 2592 possint
722 2522 925 2576 clerici.
949 2523 1109 2587 Quod
1131 2522 1174 2575 si
1196 2522 1323 2593 quis
1339 2538 1537 2575 eorum
1553 2527 1802 2575 contem-

160 2615 342 2686 pserit
368 2615 575 2684 facere,
597 2615 713 2685 ipse
745 2633 803 2668 se
826 2616 1105 2686 stipendio
1127 2633 1228 2669 suo
1252 2615 1534 2668 videbitur
1554 2615 1797 2684 privare.

234 2710 320 2763 VI.
351 2708 618 2763 Proclivis
645 2725 837 2763 cursus
864 2716 945 2763 est
971 2710 1042 2762 ad
1067 2710 1420 2780 voluptatem
1448 2711 1503 2761 et
1528 2708 1801 2764 imitatrix

163 2806 370 2856 natura
398 2802 661 2856 vitiorum
696 2820 707 2856 :
738 2803 1115 2874 quamobrem
1149 2802 1404 2873 quisquis
1433 2803 1681 2856 virorum
1711 2803 1799 2857 vel

164 2895 476 2950 mulierum
510 2895 769 2949 habitum
813 2896 989 2949 semel
1035 2896 1287 2949 induerit
1330 2899 1638 2965 spontanee
1681 2896 1801 2949 reli-

167 2990 415 3059 giosum,
449 2991 548 3042 aut
575 2989 620 3042 si
650 2988 731 3042 vir
758 2989 984 3043 deditus
1004 2989 1273 3056 ecclesiae,
1298 2989 1383 3042 vel
1401 2989 1613 3043 femina
1633 2989 1801 3043 fuerit

165 3089 259 3135 aut
288 3083 398 3136 fuit
425 3083 688 3153 delegata
722 3083 1042 3153 puellarum
1083 3083 1447 3148 monasterio,
1471 3082 1527 3135 in
1557 3086 1798 3153 utroque

165 3194 297 3229 sexu
326 3176 733 3248 praevaricator
758 3176 827 3229 ad
862 3177 1219 3247 propositum
1245 3176 1449 3230 invitus
1476 3176 1683 3229 reverti
1710 3192 1800 3229 co-
1819 3215 1872 3288 Ο

237 3275 246 3288 ι
385 3273 438 3288 ηι
472 3268 550 3288 μευ
596 3270 945 3288 1-Ar_lr,j__,,
1003 3276 1044 3288 ,ι
1120 3287 1145 3288 η
1189 3271 1248 3288 ιιμ
1303 3287 1312 3288 η
1346 3269 1361 3288 1
1396 3286 1415 3288 ν.
1461 3269 1790 3288 ,ᾑᾼμιμμᾸημ-

166 3275 345 3339 gitur,
378 3273 445 3322 ut
471 3268 553 3322 vir
580 3270 967 3336 detondeatur,
994 3276 1049 3323 et
1076 3271 1264 3340 puella
1293 3269 1365 3323 ad
1392 3269 1799 3323 monasterium

164 3364 536 3431 regrediatur.
569 3362 625 3416 Si
656 3368 847 3416 autem
869 3363 1121 3434 quolibet
1143 3362 1456 3432 patrocinio
1486 3363 1798 3417 desertores

162 3473 506 3527 permanere
554 3457 857 3523 voluerint,
897 3447 1233 3510 sacerdotali
1282 3456 1560 3509 sententia
1586 3472 1618 3509 a
1647 3455 1798 3509 Chri-

162 3549 473 3605 stianorum
502 3553 645 3603 coetu
673 3550 987 3605 habeantur
1019 3556 1288 3615 extorres,
1315 3553 1376 3602 ut
1403 3566 1504 3603 nec
1530 3550 1685 3603 locus
1717 3549 1797 3602 eis

166 3645 307 3697 ullus
334 3645 407 3697 sit
434 3643 870 3697 communionis.
906 3644 1095 3697 Vidua?
1125 3660 1348 3714 quoque
1383 3642 1527 3696 sicut
1566 3643 1792 3696 univer-

163 3737 289 3790 salis
333 3738 588 3807 synodus
625 3737 745 3809 jam
787 3738 980 3790 statuit
1028 3736 1392 3807 professionis
1436 3737 1523 3790 vel
1572 3736 1795 3790 habitus

163 3832 244 3885 sui
272 3830 613 3885 desertrices
638 3831 911 3910 superiori
941 3830 1223 3884 sententia
1253 3830 1719 3884 condemnentur.

233 3924 281 3995 1
300 3923 349 3995 ﬁ
369 3923 428 3995 9
454 3926 565 3978 Vl].
596 3924 863 3987 Quamvis
891 3924 1083 3994 priora
1112 3941 1407 3994 nunquam
1436 3923 1696 3977 siluerint
1726 3923 1793 3977 de

162 4020 313 4071 tanto
352 4017 609 4071 facinore
656 4018 914 4083 concilia,
956 4017 1096 4070 ratio
1132 4021 1325 4071 tamen
1361 4017 1616 4087 deposcit
1642 4021 1703 4070 ut
1727 4034 1800 4071 ea

162 4128 285 4183 qua)
327 4111 613 4182 frequenti
658 4111 1120 4181 prznvaricatione
1154 4111 1447 4179 iterantur,
1504 4111 1795 4182 frequenti

149 4196 444 4259 sententia
471 4204 943 4258 condemnentur.
976 4206 1039 4257 Et
1067 4204 1213 4272 ideo,
1235 4210 1393 4259 tanta
1425 4204 1636 4258 exstitit
1664 4221 1790 4274 per-

159 4300 392 4352 versitas
423 4298 726 4351 hominum
759 4303 820 4351 ut
846 4298 926 4365 hi,
955 4315 1094 4369 quos
1139 4298 1242 4351 sub
1293 4298 1559 4368 religioso
1596 4297 1792 4351 habitu

158 4391 510 4465 premitentia:
536 4391 809 4461 professio
850 4408 951 4462 pro
976 4391 1138 4445 venia
1164 4394 1525 4462 peccatorum
1556 4391 1629 4445 ad
1677 4407 1794 4445 ma-

160 4502 293 4539 num
323 4485 629 4538 sacerdotis
657 4483 885 4538 deducit
917 4484 999 4538 vel
1026 4484 1280 4553 adduxit,
1312 4485 1518 4538 iterum
1544 4483 1794 4538 rediviva

1905 1963 2124 2040 legibus
2154 1962 2378 2016 deditus
2407 1967 2542 2016 ante
2566 1961 2637 2014 ab
2668 1961 2773 2015 hac
2797 1959 2908 2015 vita
2936 1958 3238 2014 decesserit
3266 1973 3440 2028 quam
3466 1973 3537 2011 ex

1903 2071 2182 2110 consensu
2227 2055 2300 2108 ad
2347 2052 2759 2109 continentiam
2802 2069 3005 2107 eorum
3046 2051 3197 2105 unde
3242 2049 3413 2104 fuerit
3438 2066 3530 2104 re-

1905 2165 2151 2218 gressus,
2180 2147 2470 2219 superstiti
2495 2164 2611 2202 non
2640 2146 2805 2201 liceat
2831 2146 3020 2200 denuo
3047 2144 3118 2199 ad
3142 2143 3335 2199 uxoris
3354 2145 3536 2197 trans-

1902 2242 1984 2296 ire
2016 2244 2330 2313 amplexus.
2361 2241 2421 2295 Si
2448 2245 2640 2295 autem
2679 2240 2830 2295 illius
2865 2240 2978 2293 vita
3024 2237 3302 2293 exstiterit
3328 2253 3530 2308 super-

1902 2334 2015 2384 stes
2045 2331 2144 2401 qui
2169 2347 2283 2385 non
2310 2330 2526 2401 accepit
2559 2327 3013 2384 benedictionem
3059 2325 3388 2398 pcenitentis
3422 2342 3533 2381 nu—

1899 2425 2016 2493 bat,
2050 2425 2096 2478 si
2121 2442 2177 2479 se
2207 2424 2499 2478 continere
2522 2440 2636 2477 non
2666 2402 2896 2501 potest!
2902 2426 2959 2475 et
2985 2420 3218 2475 ulterius
3249 2420 3530 2476 consortio

1899 2519 2123 2573 fruatur
2142 2518 2354 2584 uxoris,
2382 2516 2533 2588 quod
2566 2516 2636 2570 de
2665 2517 2911 2585 utroque
2949 2530 3082 2568 sexu
3130 2513 3255 2584 pari
3300 2513 3470 2568 modo
3498 2531 3532 2566 a

1900 2611 2060 2665 nobis
2086 2611 2456 2665 manifestum
2490 2614 2576 2663 est
2602 2608 2895 2662 decretum
2932 2623 3074 2673 esse,
3124 2606 3205 2661 ita
3250 2605 3527 2673 videlicet,

1903 2710 1962 2760 ut
1987 2706 2047 2759 in
2074 2704 2163 2758 his
2187 2704 2447 2758 omnibus
2472 2701 2774 2757 sacerdotis
2822 2700 3103 2754 ordinatio
3149 2703 3526 2771 exspectetur,

1904 2805 1963 2853 ut
1981 2799 2148 2870 juxta
2172 2798 2322 2869 quod
2349 2802 2575 2851 aetatem
2605 2798 2797 2866 aptam
2828 2792 3202 2865 perspexerit,
3229 2792 3526 2847 continen-

1900 2893 1991 2947 tiae
2021 2891 2385 2946 absolutionis
2414 2890 2499 2944 vel
2527 2887 2891 2944 districtionis
2914 2887 3127 2942 tribuat
3149 2886 3360 2957 legem.

1970 2987 2053 3042 IX.
2082 2984 2521 3055 Longinquitate
2549 2999 2698 3053 saepe
2726 2982 2792 3035 fit
2818 2979 3094 3052 temporis
3113 2983 3179 3034 ut
3198 2996 3315 3034 non
3338 2984 3528 3050 pateat

1898 3079 2144 3133 conditio
2175 3077 2431 3148 originis,
2462 3076 2614 3130 unde
2640 3076 2760 3146 jam
2793 3073 3085 3128 decretum
3132 3076 3220 3126 est
3268 3073 3327 3126 in
3377 3075 3530 3127 ante-

1899 3173 2063 3227 rioris
2112 3171 2443 3226 universalis
2485 3168 2707 3224 concilii
2756 3184 2973 3222 canone
3005 3170 3087 3234 ut,
3114 3165 3526 3238 professionem

1898 3283 2059 3321 suam
2084 3264 2271 3320 liberti
2296 3263 2557 3320 Ecclesiae
2585 3263 2828 3317 debeant
2853 3262 3038 3316 facere
3084 3260 3183 3331 qui
3216 3260 3525 3331 profitean-

1898 3364 1992 3415 tur
2020 3378 2077 3415 se
2106 3364 2163 3415 et
2191 3360 2259 3415 de
2290 3358 2518 3414 familiis
2558 3374 2678 3413 esse
2724 3356 3004 3425 Ecclesiae,
3042 3358 3101 3409 et
3136 3355 3398 3410 Ecclesia}
3423 3355 3523 3410 ob-

1897 3454 2157 3524 sequium
2187 3468 2486 3524 nunquam
2513 3450 2829 3505 relicturos.
2862 3448 3022 3503 Unde
3057 3447 3147 3505 his
3172 3464 3399 3519 quoque
3423 3465 3527 3503 nos

1895 3548 2192 3618 adjicimus
2221 3550 2300 3615 ut,
2333 3544 2596 3617 quotiens
2622 3559 2848 3599 cursum
2880 3541 3006 3596 vitae
3032 3542 3295 3596 sacerdos
3321 3541 3523 3613 imple-

1895 3641 2059 3709 verit,
2093 3644 2149 3695 et
2185 3641 2255 3694 de
2299 3640 2408 3693 hac
2457 3637 2571 3693 vita
2604 3634 2955 3708 migraverit,
2983 3651 3118 3689 mox
3144 3651 3276 3689 cum
3306 3650 3523 3689 succes-

1894 3753 1986 3790 sor
2033 3735 2156 3805 ejns
2199 3733 2510 3802 advenerit,
2560 3747 2756 3785 omnes
2800 3729 2987 3785 liberti
3028 3728 3286 3784 Ecclesiae
3321 3729 3406 3782 vel
3453 3728 3524 3782 ab

1896 3832 1976 3884 eis
2008 3828 2296 3900 progeniti
2322 3826 2607 3881 chartulas
2645 3841 2772 3879 suas
2816 3824 2875 3878 in
2927 3827 3232 3895 conspectu
3264 3821 3524 3877 omnium

1897 3923 2142 3977 debeant
2170 3922 2298 3994 ipsi,
2332 3921 2431 3991 qui
2456 3918 2839 3985 substituitur,
2870 3916 3122 3989 pontiﬁci
3150 3915 3441 3987 publicare
3473 3920 3529 3971 et

1895 4016 2300 4088 professionem
2331 4017 2638 4085 conspectu
2686 4011 2950 4067 Ecclesiae
2992 4026 3287 4080 renovare,
3324 4013 3524 4081 quate-

1894 4128 2000 4164 nus
2025 4115 2204 4165 statns
2235 4109 2319 4163 sui
2346 4108 2603 4179 vigorem
2635 4105 2950 4174 obtineant,
2978 4107 3035 4160 et
3060 4103 3383 4160 obedientia
3429 4120 3524 4158 eo-

1894 4221 2022 4258 rum
2071 4202 2316 4257 Ecclesia
2358 4219 2476 4259 non
2530 4203 2734 4255 careat.
2784 4198 2838 4255 Si
2883 4204 3073 4253 autem
3097 4202 3196 4252 aut
3219 4197 3526 4268 scripturas

1891 4296 2165 4351 libertatis
2197 4312 2312 4349 sum
2345 4295 2493 4348 intra
2517 4309 2730 4347 annum
2759 4290 3132 4346 ordinationis
3154 4290 3284 4345 novi
3302 4290 3527 4362 pontiﬁ-

1892 4390 1969 4444 cis
1995 4388 2359 4443 manifestare
2385 4385 2847 4457 contempserint,
2875 4387 2975 4438 aut
3001 4384 3382 4455 professiones
3431 4400 3522 4438 re-

1893 4499 2100 4537 novare
2153 4480 2461 4545 noluerint,
2510 4496 2697 4533 vacum
2744 4481 2802 4533 et
2842 4477 3036 4532 inanes
3079 4477 3354 4531 chartulae
3388 4477 3524 4547 ipsa;

158 4579 378 4632 malitia
408 4577 483 4631 ad
511 4577 637 4631 vitae
664 4578 918 4649 pristinas
966 4579 1158 4632 sordes
1205 4581 1442 4631 revocet.
1493 4577 1668 4648 Hujus
1709 4576 1790 4631 rei
1811 4587 1868 4657 D
1893 4578 2244 4643 remaneant,
2270 4578 2328 4628 et
2354 4573 2434 4628 illi
2460 4573 2667 4645 origini
2717 4587 2835 4625 suae.
2879 4570 3083 4625 redditi
3111 4570 3223 4624 sint
3250 4575 3523 4641 perpetuo

162 4690 342 4738 causa,
377 4674 568 4725 sancta
592 4672 841 4741 synodus
870 4672 1124 4726 decernit
1156 4673 1233 4737 ut,
1289 4670 1333 4723 si
1378 4670 1475 4741 qui
1518 4670 1791 4740 ingenuo-

163 4782 285 4820 rum
310 4766 605 4836 utriusque
631 4782 797 4819 sexus
827 4765 929 4819 sub
961 4765 1194 4819 nomine
1224 4763 1548 4836 paenitentis
1593 4762 1650 4816 in
1687 4764 1788 4817 ha-

162 4859 276 4913 bitu
330 4858 601 4929 religioso
653 4861 787 4911 sunt
837 4857 1190 4924 conversati,
1248 4863 1376 4928 post
1424 4858 1544 4910 haec
1598 4861 1790 4910 autem

165 4970 380 5007 comam
412 4952 733 5006 nutrientes
758 4954 845 5005 vel
872 4952 1211 5006 vestimenta
1242 4950 1535 5004 saecularia
1560 4966 1787 5003 sumen-

164 5051 256 5113 tes,
295 5046 368 5101 ad
410 5046 465 5099 id
506 5046 658 5116 quod
688 5046 1056 5116 reliquerant,
1087 5044 1394 5111 redierunt,
1426 5044 1495 5098 ab
1529 5044 1791 5115 episcopo

162 5139 417 5206 civitatis,
451 5139 507 5192 in
540 5139 699 5209 cujus
743 5138 1029 5193 territorio
1059 5144 1189 5192 sunt
1219 5138 1497 5204 conversi,
1539 5154 1792 5208 compre-

162 5234 316 5287 hensi
350 5250 547 5287 rursus
576 5232 796 5301 legibus
824 5232 1166 5302 pmnitentia}
1195 5233 1253 5285 in
1282 5231 1639 5286 monasteriis
1665 5232 1793 5285 sub-

162 5327 360 5381 dantur
386 5326 577 5391 inviti;
608 5326 761 5396 quod
787 5327 829 5379 si
850 5325 974 5379 ﬁeri
996 5329 1231 5396 propter
1249 5325 1482 5396 alicujus
1504 5325 1791 5395 potestatis

162 5426 406 5496 vigorem
440 5423 668 5478 difticile
694 5423 886 5493 fuerit,
916 5427 1050 5478 tunc
1079 5423 1220 5477 sicut
1265 5424 1583 5494 priscorum
1614 5439 1788 5477 cano-

163 5535 293 5573 num
320 5522 640 5572 statuerunt
668 5517 908 5583 decreta,
946 5534 1241 5588 quousque
1270 5518 1337 5572 ad
1371 5517 1666 5572 dimissum
1696 5532 1787 5571 or-

167 5612 346 5666 dinem
390 5614 773 5679 revertantur,
806 5610 1281 5666 excommunicati
1331 5615 1388 5666 et
1424 5610 1791 5665 anathemate

165 5706 522 5761 condemnati
550 5704 885 5759 habeantur.
916 5703 1183 5760 Similiter
1211 5709 1267 5759 et
1290 5704 1347 5758 hi
1375 5704 1472 5775 qui
1497 5709 1623 5775 post
1639 5721 1791 5758 com-

163 5800 494 5854 munionem
520 5798 608 5853 vel
636 5798 1003 5854 interdictum
1030 5816 1159 5853 cum
1187 5798 1323 5870 ipsis
1343 5798 1791 5853 communicave-

166 5893 291 5948 rint.
324 5891 593 5948 Sacerdos
616 5896 809 5947 autem
836 5893 904 5947 ad
934 5909 1105 5968 quem
1130 5891 1416 5965 pertinere
1458 5895 1786 5962 noscuntur,

1889 4688 2051 4725 SBI‘VI.

1962 4765 2021 4817 X.
2052 4762 2277 4817 Etenim
2306 4761 2467 4815 decet
2513 4764 2577 4814 ut
2621 4759 2679 4814 hi
2727 4774 2969 4830 quorum
3002 4760 3266 4829 parentes
3292 4756 3522 4812 titulum

1888 4862 2164 4917 libertatis
2214 4861 2283 4916 de
2332 4859 2565 4914 familiis
2619 4857 2865 4913 ecclesiae
2920 4855 3309 4927 perceperint,
3370 4855 3523 4913 intra

1890 4956 2181 5011 ecclesiam
2226 4954 2318 5009 cui
2361 4953 2700 5025 obsequium
2736 4951 2951 5006 debent
2977 4965 3145 5004 causa
3187 4949 3524 5006 eruditionis

1890 5049 2267 5104 enutriantur.
2303 5051 2670 5119 Contemptus
2696 5045 2907 5117 quippe
2942 5045 3028 5097 est
3053 5047 3426 5114 patronorum
3454 5045 3523 5114 si,

1889 5144 2024 5214 ipsis
2056 5142 2345 5214 neglectis,
2376 5141 2501 5196 aliis
2531 5140 2602 5195 ad
2630 5137 2995 5193 educandum
3025 5136 3197 5192 detur
3218 5139 3525 5211 progenies

1890 5237 2397 5292 manumissorum.
2716 5304 2726 5313 I

1958 5333 2149 5401 Itaque
2180 5345 2479 5384 censemus
2505 5331 2569 5382 ut
2593 5326 2715 5381 sine
2748 5328 2930 5381 status
2968 5327 3057 5381 sui
3086 5325 3420 5398 praejudicio
3452 5329 3522 5383 ab

1891 5425 2157 5495 episcopo
2187 5423 2502 5477 habeantur
2531 5421 2587 5475 in
2619 5420 2895 5476 doctrinas
2919 5420 3209 5493 obsequio,
3240 5424 3524 5493 quatenus

1891 5523 1946 5572 et
1974 5517 2054 5571 illi
2088 5517 2345 5571 debitum
2375 5515 2615 5570 reddant
2645 5514 3011 5583 famulatum,
3060 5518 3119 5569 et
3161 5516 3383 5569 nullum
3427 5531 3522 5585 pa-

1893 5610 2106 5665 tiantur
2134 5627 2253 5664 suae
2282 5608 2654 5681 ingenuitatis
2681 5608 3111 5664 detrimentum.
3136 5609 3241 5663 Eos
3269 5623 3400 5660 vero
3421 5607 3522 5678 qui

1891 5703 2055 5758 aliter
2084 5720 2257 5776 quam
2289 5703 2575 5758 sententia
2598 5706 2790 5758 nostra
2817 5701 3132 5757 decreverit
3159 5715 3327 5771 agere
3347 5704 3525 5754 tenta-

1889 5798 2095 5866 verint,
2124 5797 2331 5854 invitos
2352 5797 2624 5869 jnbemus
2661 5797 2731 5852 ab
2771 5794 3048 5869 episcOpis
3092 5792 3164 5847 ad
3207 5792 3331 5847 hac
3375 5792 3524 5864 ipsos

1889 5891 2102 5950 reduci.
2147 5891 2306 5963 Quod
2356 5891 2399 5947 si
2430 5892 2579 5951 forte
2628 5893 2889 5965 parentes
2936 5902 3133 5943 eorum
3164 5885 3525 5958 pontiﬁcibus
