  <div class='ocr_page' id='page_1' title='image "/cluster/home/n/w/nwhite01/storage/ocr_20150623/130/umn.319510024774230/319.png"; bbox 0 0 4032 6306; ppageno 0'>
   <div class='ocr_carea' id='block_1_1' title="bbox 508 326 599 384">
    <p class='ocr_par' dir='ltr' id='par_1_1' title="bbox 508 326 599 384">
     <span class='ocr_line' id='line_1_1' title="bbox 508 326 599 384; baseline -0.011 0"><span class='ocrx_word' id='word_1_1' title='bbox 508 326 599 384; x_wconf 67' lang='grc'>491</span> 
     </span>
    </p>
   </div>
   <div class='ocr_carea' id='block_1_2' title="bbox 1397 315 2977 379">
    <p class='ocr_par' dir='ltr' id='par_1_2' title="bbox 1397 315 2977 379">
     <span class='ocr_line' id='line_1_2' title="bbox 1397 315 2977 379; baseline -0.005 0"><span class='ocrx_word' id='word_1_2' title='bbox 1397 322 1683 379; x_wconf 80' lang='lat' dir='ltr'>APPEND.</span> <span class='ocrx_word' id='word_1_3' title='bbox 1722 322 1809 378; x_wconf 81' lang='lat' dir='ltr'>AD</span> <span class='ocrx_word' id='word_1_4' title='bbox 1848 320 2007 376; x_wconf 70' lang='lat' dir='ltr'>S/EC.</span> <span class='ocrx_word' id='word_1_5' title='bbox 2048 318 2135 374; x_wconf 80' lang='lat' dir='ltr'>1X.</span> <span class='ocrx_word' id='word_1_6' title='bbox 2164 347 2232 358; x_wconf 90' lang='lat'>-—</span> <span class='ocrx_word' id='word_1_7' title='bbox 2272 318 2514 375; x_wconf 77' lang='lat' dir='ltr'>lSlDURi</span> <span class='ocrx_word' id='word_1_8' title='bbox 2552 315 2977 375; x_wconf 77' lang='lat' dir='ltr'>MERCATORIS</span> 
     </span>
    </p>
   </div>
   <div class='ocr_carea' id='block_1_3' title="bbox 3766 310 3878 368">
    <p class='ocr_par' dir='ltr' id='par_1_3' title="bbox 3766 310 3878 368">
     <span class='ocr_line' id='line_1_3' title="bbox 3766 310 3878 368; baseline -0.018 0"><span class='ocrx_word' id='word_1_9' title='bbox 3766 310 3878 368; x_wconf 68' lang='grc'>492</span> 
     </span>
    </p>
   </div>
   <div class='ocr_carea' id='block_1_4' title="bbox 510 417 3881 511">
    <p class='ocr_par' dir='ltr' id='par_1_4' title="bbox 510 417 3881 511">
     <span class='ocr_line' id='line_1_4' title="bbox 510 417 3881 511; baseline -0.005 -23"><span class='ocrx_word' id='word_1_10' title='bbox 510 436 625 490; x_wconf 75' lang='lat' dir='ltr'>suis</span> <span class='ocrx_word' id='word_1_11' title='bbox 678 434 812 489; x_wconf 85' lang='lat' dir='ltr'>dare</span> <span class='ocrx_word' id='word_1_12' title='bbox 866 431 1345 503; x_wconf 81' lang='lat' dir='ltr'>contempserint,</span> <span class='ocrx_word' id='word_1_13' title='bbox 1398 434 1455 484; x_wconf 92' lang='lat' dir='ltr'>et</span> <span class='ocrx_word' id='word_1_14' title='bbox 1510 430 1654 484; x_wconf 90' lang='lat' dir='ltr'>alios</span> <span class='ocrx_word' id='word_1_15' title='bbox 1711 428 1816 483; x_wconf 88' lang='lat' dir='ltr'>sibi</span> <span class='ocrx_word' id='word_1_16' title='bbox 1870 433 2136 500; x_wconf 82' lang='lat' dir='ltr'>patronos</span> <span class='ocrx_word' id='word_1_17' title='bbox 2157 436 2363 511; x_wconf 77' lang='lat' dir='ltr'>Amus</span> <span class='ocrx_word' id='word_1_18' title='bbox 2388 425 2663 481; x_wconf 87' lang='lat' dir='ltr'>indivisa:</span> <span class='ocrx_word' id='word_1_19' title='bbox 2698 441 2925 497; x_wconf 64' lang='lat' dir='ltr'>mquum</span> <span class='ocrx_word' id='word_1_20' title='bbox 2957 426 3041 480; x_wconf 90' lang='lat' dir='ltr'>est</span> <span class='ocrx_word' id='word_1_21' title='bbox 3068 421 3319 478; x_wconf 81' lang='lat' dir='ltr'>maxime</span> <span class='ocrx_word' id='word_1_22' title='bbox 3366 425 3426 476; x_wconf 88' lang='lat' dir='ltr'>ut</span> <span class='ocrx_word' id='word_1_23' title='bbox 3471 418 3640 475; x_wconf 82' lang='lat' dir='ltr'><strong>rebus</strong></span> <span class='ocrx_word' id='word_1_24' title='bbox 3685 417 3881 473; x_wconf 87' lang='lat' dir='ltr'>eccle-</span> 
     </span>
    </p>
   </div>
   <div class='ocr_carea' id='block_1_5' title="bbox 510 522 2133 599">
    <p class='ocr_par' dir='ltr' id='par_1_5' title="bbox 510 522 2133 599">
     <span class='ocr_line' id='line_1_5' title="bbox 510 522 2133 599; baseline -0.004 -16"><span class='ocrx_word' id='word_1_25' title='bbox 510 528 942 599; x_wconf 88' lang='lat' dir='ltr'>adoptaverint,</span> <span class='ocrx_word' id='word_1_26' title='bbox 999 527 1353 598; x_wconf 77' lang='lat' dir='ltr'>ingratorum</span> <span class='ocrx_word' id='word_1_27' title='bbox 1398 524 1677 580; x_wconf 82' lang='lat' dir='ltr'>feriantur</span> <span class='ocrx_word' id='word_1_28' title='bbox 1723 523 1849 595; x_wconf 83' lang='lat' dir='ltr'>lege</span> <span class='ocrx_word' id='word_1_29' title='bbox 1905 522 2133 577; x_wconf 84' lang='lat' dir='ltr'>liberto-</span> 
     </span>
    </p>
   </div>
   <div class='ocr_carea' id='block_1_6' title="bbox 508 640 657 679">
    <p class='ocr_par' dir='ltr' id='par_1_6' title="bbox 508 640 657 679">
     <span class='ocr_line' id='line_1_6' title="bbox 508 640 657 679; baseline -0.007 0"><span class='ocrx_word' id='word_1_30' title='bbox 508 640 657 679; x_wconf 77' lang='grc' dir='ltr'>ιίιω.</span> 
     </span>
    </p>
   </div>
   <div class='ocr_carea' id='block_1_7' title="bbox 530 706 2137 785">
    <p class='ocr_par' dir='ltr' id='par_1_7' title="bbox 530 706 2137 785">
     <span class='ocr_line' id='line_1_7' title="bbox 530 706 2137 785; baseline -0.004 -15"><span class='ocrx_word' id='word_1_31' title='bbox 530 706 541 714; x_wconf 64' lang='grc'><strong>’</strong></span> <span class='ocrx_word' id='word_1_32' title='bbox 582 716 661 770; x_wconf 79' lang='grc' dir='ltr'>ΧΙ.</span> <span class='ocrx_word' id='word_1_33' title='bbox 695 716 939 785; x_wconf 89' lang='lat' dir='ltr'>Dignum</span> <span class='ocrx_word' id='word_1_34' title='bbox 969 716 1054 767; x_wconf 89' lang='lat' dir='ltr'>est</span> <span class='ocrx_word' id='word_1_35' title='bbox 1102 717 1162 766; x_wconf 90' lang='lat' dir='ltr'>ut</span> <span class='ocrx_word' id='word_1_36' title='bbox 1191 712 1300 765; x_wconf 82' lang='lat' dir='ltr'>vita</span> <span class='ocrx_word' id='word_1_37' title='bbox 1330 711 1649 765; x_wconf 76' lang='lat' dir='ltr'>innocentis</span> <span class='ocrx_word' id='word_1_38' title='bbox 1694 710 1851 764; x_wconf 89' lang='lat' dir='ltr'>nulla</span> <span class='ocrx_word' id='word_1_39' title='bbox 1894 708 2137 764; x_wconf 90' lang='lat' dir='ltr'>macule-</span> 
     </span>
    </p>
   </div>
   <div class='ocr_carea' id='block_1_8' title="bbox 510 802 2138 879">
    <p class='ocr_par' dir='ltr' id='par_1_8' title="bbox 510 802 2138 879">
     <span class='ocr_line' id='line_1_8' title="bbox 510 802 2138 879; baseline -0.003 -17"><span class='ocrx_word' id='word_1_40' title='bbox 510 810 601 863; x_wconf 89' lang='lat' dir='ltr'>tur</span> <span class='ocrx_word' id='word_1_41' title='bbox 645 807 892 879; x_wconf 85' lang='lat' dir='ltr'>pernicie</span> <span class='ocrx_word' id='word_1_42' title='bbox 927 806 1284 860; x_wconf 84' lang='lat' dir='ltr'>accusatoris.</span> <span class='ocrx_word' id='word_1_43' title='bbox 1330 805 1457 860; x_wconf 90' lang='lat' dir='ltr'>Ideo</span> <span class='ocrx_word' id='word_1_44' title='bbox 1503 803 1759 875; x_wconf 88' lang='lat' dir='ltr'>quisquis</span> <span class='ocrx_word' id='word_1_45' title='bbox 1804 820 1837 857; x_wconf 88' lang='lat' dir='ltr'>a</span> <span class='ocrx_word' id='word_1_46' title='bbox 1885 802 2138 874; x_wconf 89' lang='lat' dir='ltr'>quolibet</span> 
     </span>
    </p>
   </div>
   <div class='ocr_carea' id='block_1_9' title="bbox 509 896 2131 969">
    <p class='ocr_par' dir='ltr' id='par_1_9' title="bbox 509 896 2131 969">
     <span class='ocr_line' id='line_1_9' title="bbox 509 896 2131 969; baseline -0.004 -14"><span class='ocrx_word' id='word_1_47' title='bbox 509 901 877 967; x_wconf 78' lang='lat' dir='ltr'>criminatur,</span> <span class='ocrx_word' id='word_1_48' title='bbox 930 916 1047 953; x_wconf 89' lang='lat' dir='ltr'>non</span> <span class='ocrx_word' id='word_1_49' title='bbox 1097 902 1227 953; x_wconf 86' lang='lat' dir='ltr'>ante</span> <span class='ocrx_word' id='word_1_50' title='bbox 1275 902 1568 952; x_wconf 76' lang='lat' dir='ltr'>accusatus</span> <span class='ocrx_word' id='word_1_51' title='bbox 1616 897 1891 969; x_wconf 90' lang='lat' dir='ltr'>supplicio</span> <span class='ocrx_word' id='word_1_52' title='bbox 1946 896 2131 962; x_wconf 81' lang='lat' dir='ltr'>detur,</span> 
     </span>
    </p>
   </div>
   <div class='ocr_carea' id='block_1_10' title="bbox 507 991 2132 1067">
    <p class='ocr_par' dir='ltr' id='par_1_10' title="bbox 507 991 2132 1067">
     <span class='ocr_line' id='line_1_10' title="bbox 507 991 2132 1067; baseline -0.004 -18"><span class='ocrx_word' id='word_1_53' title='bbox 507 1011 678 1067; x_wconf 88' lang='lat' dir='ltr'>quam</span> <span class='ocrx_word' id='word_1_54' title='bbox 708 998 995 1048; x_wconf 84' lang='lat' dir='ltr'>accusator</span> <span class='ocrx_word' id='word_1_55' title='bbox 1022 994 1417 1064; x_wconf 72' lang='lat' dir='ltr'>prmsentetur,</span> <span class='ocrx_word' id='word_1_56' title='bbox 1451 994 1622 1061; x_wconf 89' lang='lat' dir='ltr'>atque</span> <span class='ocrx_word' id='word_1_57' title='bbox 1652 991 1846 1061; x_wconf 81' lang='lat' dir='ltr'>legum</span> <span class='ocrx_word' id='word_1_58' title='bbox 1878 994 1935 1044; x_wconf 88' lang='lat' dir='ltr'>et</span> <span class='ocrx_word' id='word_1_59' title='bbox 1960 1005 2132 1043; x_wconf 88' lang='lat' dir='ltr'>cano-</span> 
     </span>
    </p>
   </div>
   <div class='ocr_carea' id='block_1_11' title="bbox 507 1083 2132 1157">
    <p class='ocr_par' dir='ltr' id='par_1_11' title="bbox 507 1083 2132 1157">
     <span class='ocr_line' id='line_1_11' title="bbox 507 1083 2132 1157; baseline -0.004 -14"><span class='ocrx_word' id='word_1_60' title='bbox 507 1104 646 1143; x_wconf 88' lang='lat' dir='ltr'>num</span> <span class='ocrx_word' id='word_1_61' title='bbox 675 1086 951 1142; x_wconf 85' lang='lat' dir='ltr'>sententia</span> <span class='ocrx_word' id='word_1_62' title='bbox 971 1085 1318 1157; x_wconf 84' lang='lat' dir='ltr'>exquiretur.</span> <span class='ocrx_word' id='word_1_63' title='bbox 1346 1084 1503 1149; x_wconf 89' lang='lat' dir='ltr'>Quod</span> <span class='ocrx_word' id='word_1_64' title='bbox 1531 1083 1578 1137; x_wconf 89' lang='lat' dir='ltr'>si</span> <span class='ocrx_word' id='word_1_65' title='bbox 1605 1083 1840 1154; x_wconf 90' lang='lat' dir='ltr'>indigna</span> <span class='ocrx_word' id='word_1_66' title='bbox 1868 1083 1941 1136; x_wconf 91' lang='lat' dir='ltr'>ad</span> <span class='ocrx_word' id='word_1_67' title='bbox 1972 1098 2132 1136; x_wconf 85' lang='lat' dir='ltr'>accu-</span> 
     </span>
    </p>
   </div>
   <div class='ocr_carea' id='block_1_12' title="bbox 507 1176 2133 1251">
    <p class='ocr_par' dir='ltr' id='par_1_12' title="bbox 507 1176 2133 1251">
     <span class='ocr_line' id='line_1_12' title="bbox 507 1176 2133 1251; baseline -0.004 -16"><span class='ocrx_word' id='word_1_68' title='bbox 507 1181 750 1237; x_wconf 89' lang='lat' dir='ltr'>saudum</span> <span class='ocrx_word' id='word_1_69' title='bbox 803 1195 1047 1251; x_wconf 83' lang='lat' dir='ltr'>persona</span> <span class='ocrx_word' id='word_1_70' title='bbox 1084 1177 1392 1246; x_wconf 85' lang='lat' dir='ltr'>invenitur,</span> <span class='ocrx_word' id='word_1_71' title='bbox 1439 1176 1509 1231; x_wconf 90' lang='lat' dir='ltr'>ad</span> <span class='ocrx_word' id='word_1_72' title='bbox 1552 1176 1674 1247; x_wconf 89' lang='lat' dir='ltr'>ejus</span> <span class='ocrx_word' id='word_1_73' title='bbox 1722 1176 2133 1232; x_wconf 82' lang='lat' dir='ltr'>accusationem</span> 
     </span>
    </p>
   </div>
   <div class='ocr_carea' id='block_1_13' title="bbox 505 1274 945 1345">
    <p class='ocr_par' dir='ltr' id='par_1_13' title="bbox 505 1274 945 1345">
     <span class='ocr_line' id='line_1_13' title="bbox 505 1274 945 1345; baseline -0.007 -15"><span class='ocrx_word' id='word_1_74' title='bbox 505 1291 621 1331; x_wconf 88' lang='lat' dir='ltr'>non</span> <span class='ocrx_word' id='word_1_75' title='bbox 640 1274 945 1345; x_wconf 86' lang='lat' dir='ltr'>judicetur.</span> 
     </span>
    </p>
   </div>
   <div class='ocr_carea' id='block_1_14' title="bbox 577 1362 2137 1433">
    <p class='ocr_par' dir='ltr' id='par_1_14' title="bbox 577 1362 2137 1433">
     <span class='ocr_line' id='line_1_14' title="bbox 577 1362 2137 1433; baseline -0.004 -11"><span class='ocrx_word' id='word_1_76' title='bbox 577 1369 686 1422; x_wconf 84' lang='lat' dir='ltr'>Xll.</span> <span class='ocrx_word' id='word_1_77' title='bbox 730 1368 1037 1421; x_wconf 89' lang='lat' dir='ltr'>Pravarum</span> <span class='ocrx_word' id='word_1_78' title='bbox 1087 1364 1320 1419; x_wconf 87' lang='lat' dir='ltr'>audacia</span> <span class='ocrx_word' id='word_1_79' title='bbox 1375 1363 1655 1418; x_wconf 87' lang='lat' dir='ltr'>mentium</span> <span class='ocrx_word' id='word_1_80' title='bbox 1717 1380 1866 1433; x_wconf 67' lang='lat' dir='ltr'>saepe</span> <span class='ocrx_word' id='word_1_81' title='bbox 1920 1362 2137 1417; x_wconf 88' lang='lat' dir='ltr'>malitia</span> 
     </span>
    </p>
   </div>
   <div class='ocr_carea' id='block_1_15' title="bbox 505 1455 2138 1531">
    <p class='ocr_par' dir='ltr' id='par_1_15' title="bbox 505 1455 2138 1531">
     <span class='ocr_line' id='line_1_15' title="bbox 505 1455 2138 1531; baseline -0.004 -15"><span class='ocrx_word' id='word_1_82' title='bbox 505 1461 921 1531; x_wconf 78' lang='lat' dir='ltr'>cogitationum</span> <span class='ocrx_word' id='word_1_83' title='bbox 943 1464 1041 1513; x_wconf 89' lang='lat' dir='ltr'>aut</span> <span class='ocrx_word' id='word_1_84' title='bbox 1065 1474 1233 1512; x_wconf 89' lang='lat' dir='ltr'>causa</span> <span class='ocrx_word' id='word_1_85' title='bbox 1262 1458 1558 1527; x_wconf 87' lang='lat' dir='ltr'>culparum</span> <span class='ocrx_word' id='word_1_86' title='bbox 1586 1455 1875 1527; x_wconf 83' lang='lat' dir='ltr'>refugium</span> <span class='ocrx_word' id='word_1_87' title='bbox 1921 1455 2138 1527; x_wconf 88' lang='lat' dir='ltr'>appetit</span> 
     </span>
    </p>
   </div>
   <div class='ocr_carea' id='block_1_16' title="bbox 505 1549 2135 1622">
    <p class='ocr_par' dir='ltr' id='par_1_16' title="bbox 505 1549 2135 1622">
     <span class='ocr_line' id='line_1_16' title="bbox 505 1549 2135 1622; baseline -0.003 -14"><span class='ocrx_word' id='word_1_88' title='bbox 505 1553 781 1609; x_wconf 89' lang='lat' dir='ltr'>hostium.</span> <span class='ocrx_word' id='word_1_89' title='bbox 812 1552 969 1607; x_wconf 89' lang='lat' dir='ltr'>Unde</span> <span class='ocrx_word' id='word_1_90' title='bbox 997 1550 1251 1622; x_wconf 89' lang='lat' dir='ltr'>quisquis</span> <span class='ocrx_word' id='word_1_91' title='bbox 1276 1552 1535 1621; x_wconf 90' lang='lat' dir='ltr'>patrator</span> <span class='ocrx_word' id='word_1_92' title='bbox 1569 1550 1863 1620; x_wconf 89' lang='lat' dir='ltr'>culparum</span> <span class='ocrx_word' id='word_1_93' title='bbox 1905 1549 2135 1603; x_wconf 82' lang='lat' dir='ltr'>exstite-</span> 
     </span>
    </p>
   </div>
   <div class='ocr_carea' id='block_1_17' title="bbox 507 1641 2135 1714">
    <p class='ocr_par' dir='ltr' id='par_1_17' title="bbox 507 1641 2135 1714">
     <span class='ocr_line' id='line_1_17' title="bbox 507 1641 2135 1714; baseline -0.004 -13"><span class='ocrx_word' id='word_1_94' title='bbox 507 1647 581 1701; x_wconf 86' lang='lat' dir='ltr'>rit</span> <span class='ocrx_word' id='word_1_95' title='bbox 624 1646 846 1712; x_wconf 88' lang='lat' dir='ltr'>talium,</span> <span class='ocrx_word' id='word_1_96' title='bbox 878 1645 1147 1699; x_wconf 82' lang='lat' dir='ltr'>virtutem</span> <span class='ocrx_word' id='word_1_97' title='bbox 1184 1646 1379 1714; x_wconf 87' lang='lat' dir='ltr'>petens</span> <span class='ocrx_word' id='word_1_98' title='bbox 1431 1642 1737 1697; x_wconf 88' lang='lat' dir='ltr'>defendere</span> <span class='ocrx_word' id='word_1_99' title='bbox 1784 1641 2135 1697; x_wconf 86' lang='lat' dir='ltr'>adversario-</span> 
     </span>
    </p>
   </div>
   <div class='ocr_carea' id='block_1_18' title="bbox 508 1734 2140 1810">
    <p class='ocr_par' dir='ltr' id='par_1_18' title="bbox 508 1734 2140 1810">
     <span class='ocr_line' id='line_1_18' title="bbox 508 1734 2140 1810; baseline -0.003 -17"><span class='ocrx_word' id='word_1_100' title='bbox 508 1756 656 1808; x_wconf 88' lang='lat' dir='ltr'>rum,</span> <span class='ocrx_word' id='word_1_101' title='bbox 688 1744 744 1794; x_wconf 92' lang='lat' dir='ltr'>et</span> <span class='ocrx_word' id='word_1_102' title='bbox 769 1738 970 1810; x_wconf 64' lang='lat' dir='ltr'>patriae</span> <span class='ocrx_word' id='word_1_103' title='bbox 1017 1738 1103 1792; x_wconf 85' lang='lat' dir='ltr'>vel</span> <span class='ocrx_word' id='word_1_104' title='bbox 1148 1735 1302 1808; x_wconf 82' lang='lat' dir='ltr'>genti</span> <span class='ocrx_word' id='word_1_105' title='bbox 1346 1752 1463 1790; x_wconf 64' lang='lat' dir='ltr'>suae</span> <span class='ocrx_word' id='word_1_106' title='bbox 1513 1735 1855 1790; x_wconf 89' lang='lat' dir='ltr'>detrimenta</span> <span class='ocrx_word' id='word_1_107' title='bbox 1885 1734 2140 1789; x_wconf 88' lang='lat' dir='ltr'>intulerit</span> 
     </span>
    </p>
   </div>
   <div class='ocr_carea' id='block_1_19' title="bbox 506 1803 2214 1903">
    <p class='ocr_par' dir='ltr' id='par_1_19' title="bbox 506 1803 2214 1903">
     <span class='ocr_line' id='line_1_19' title="bbox 506 1803 2214 1903; baseline -0.005 -14"><span class='ocrx_word' id='word_1_108' title='bbox 506 1850 722 1899; x_wconf 89' lang='lat' dir='ltr'>rerum,</span> <span class='ocrx_word' id='word_1_109' title='bbox 753 1835 1030 1903; x_wconf 87' lang='lat' dir='ltr'>potestate</span> <span class='ocrx_word' id='word_1_110' title='bbox 1072 1830 1225 1901; x_wconf 89' lang='lat' dir='ltr'>regis</span> <span class='ocrx_word' id='word_1_111' title='bbox 1251 1846 1316 1884; x_wconf 92' lang='lat' dir='ltr'>ac</span> <span class='ocrx_word' id='word_1_112' title='bbox 1344 1829 1529 1899; x_wconf 86' lang='lat' dir='ltr'>gentis</span> <span class='ocrx_word' id='word_1_113' title='bbox 1574 1828 1861 1897; x_wconf 87' lang='lat' dir='ltr'>reductus,</span> <span class='ocrx_word' id='word_1_114' title='bbox 1900 1845 2133 1882; x_wconf 89' lang='lat' dir='ltr'>excom-</span> <span class='ocrx_word' id='word_1_115' title='bbox 2158 1803 2214 1874; x_wconf 86' lang='lat' dir='ltr'><strong>B</strong></span> 
     </span>
    </p>
   </div>
   <div class='ocr_carea' id='block_1_20' title="bbox 507 1923 2138 1995">
    <p class='ocr_par' dir='ltr' id='par_1_20' title="bbox 507 1923 2138 1995">
     <span class='ocr_line' id='line_1_20' title="bbox 507 1923 2138 1995; baseline -0.005 -11"><span class='ocrx_word' id='word_1_116' title='bbox 507 1929 831 1984; x_wconf 89' lang='lat' dir='ltr'>municatus</span> <span class='ocrx_word' id='word_1_117' title='bbox 893 1932 949 1981; x_wconf 92' lang='lat' dir='ltr'>et</span> <span class='ocrx_word' id='word_1_118' title='bbox 1010 1930 1265 1980; x_wconf 88' lang='lat' dir='ltr'>retrusus</span> <span class='ocrx_word' id='word_1_119' title='bbox 1316 1924 1729 1995; x_wconf 89' lang='lat' dir='ltr'>longinquioris</span> <span class='ocrx_word' id='word_1_120' title='bbox 1787 1923 2138 1994; x_wconf 68' lang='lat' dir='ltr'>paenitentiae</span> 
     </span>
    </p>
   </div>
   <div class='ocr_carea' id='block_1_21' title="bbox 506 2016 2134 2093">
    <p class='ocr_par' dir='ltr' id='par_1_21' title="bbox 506 2016 2134 2093">
     <span class='ocr_line' id='line_1_21' title="bbox 506 2016 2134 2093; baseline -0.003 -17"><span class='ocrx_word' id='word_1_121' title='bbox 506 2022 724 2093; x_wconf 79' lang='lat' dir='ltr'>legibus</span> <span class='ocrx_word' id='word_1_122' title='bbox 755 2020 1055 2089; x_wconf 84' lang='lat' dir='ltr'>subdatur;</span> <span class='ocrx_word' id='word_1_123' title='bbox 1094 2019 1244 2090; x_wconf 93' lang='lat' dir='ltr'>quod</span> <span class='ocrx_word' id='word_1_124' title='bbox 1293 2018 1337 2073; x_wconf 91' lang='lat' dir='ltr'>si</span> <span class='ocrx_word' id='word_1_125' title='bbox 1384 2018 1503 2088; x_wconf 90' lang='lat' dir='ltr'>ipse</span> <span class='ocrx_word' id='word_1_126' title='bbox 1547 2018 1687 2071; x_wconf 89' lang='lat' dir='ltr'>mali</span> <span class='ocrx_word' id='word_1_127' title='bbox 1730 2016 1816 2070; x_wconf 88' lang='lat' dir='ltr'>sui</span> <span class='ocrx_word' id='word_1_128' title='bbox 1860 2017 2016 2087; x_wconf 90' lang='lat' dir='ltr'>prius</span> <span class='ocrx_word' id='word_1_129' title='bbox 2045 2033 2134 2071; x_wconf 88' lang='lat' dir='ltr'>re-</span> 
     </span>
    </p>
   </div>
   <div class='ocr_carea' id='block_1_22' title="bbox 508 2110 2135 2180">
    <p class='ocr_par' dir='ltr' id='par_1_22' title="bbox 508 2110 2135 2180">
     <span class='ocr_line' id='line_1_22' title="bbox 508 2110 2135 2180; baseline -0.004 -11"><span class='ocrx_word' id='word_1_130' title='bbox 508 2115 815 2170; x_wconf 89' lang='lat' dir='ltr'>miniscens</span> <span class='ocrx_word' id='word_1_131' title='bbox 855 2114 925 2167; x_wconf 90' lang='lat' dir='ltr'>ad</span> <span class='ocrx_word' id='word_1_132' title='bbox 969 2112 1261 2167; x_wconf 87' lang='lat' dir='ltr'>ecclesiam</span> <span class='ocrx_word' id='word_1_133' title='bbox 1318 2111 1515 2165; x_wconf 83' lang='lat' dir='ltr'>fecerit</span> <span class='ocrx_word' id='word_1_134' title='bbox 1556 2110 1911 2180; x_wconf 89' lang='lat' dir='ltr'>confugium,</span> <span class='ocrx_word' id='word_1_135' title='bbox 1958 2110 2135 2163; x_wconf 88' lang='lat' dir='ltr'>inter-</span> 
     </span>
    </p>
   </div>
   <div class='ocr_carea' id='block_1_23' title="bbox 506 2202 2138 2274">
    <p class='ocr_par' dir='ltr' id='par_1_23' title="bbox 506 2202 2138 2274">
     <span class='ocr_line' id='line_1_23' title="bbox 506 2202 2138 2274; baseline -0.004 -12"><span class='ocrx_word' id='word_1_136' title='bbox 506 2226 666 2262; x_wconf 92' lang='lat' dir='ltr'>cessu</span> <span class='ocrx_word' id='word_1_137' title='bbox 711 2207 1073 2262; x_wconf 86' lang='lat' dir='ltr'>sacerdotum</span> <span class='ocrx_word' id='word_1_138' title='bbox 1122 2209 1179 2260; x_wconf 92' lang='lat' dir='ltr'>et</span> <span class='ocrx_word' id='word_1_139' title='bbox 1221 2204 1540 2259; x_wconf 88' lang='lat' dir='ltr'>reverentia</span> <span class='ocrx_word' id='word_1_140' title='bbox 1583 2203 1689 2257; x_wconf 92' lang='lat' dir='ltr'>loci</span> <span class='ocrx_word' id='word_1_141' title='bbox 1739 2203 1895 2274; x_wconf 90' lang='lat' dir='ltr'>regia</span> <span class='ocrx_word' id='word_1_142' title='bbox 1947 2202 2005 2257; x_wconf 91' lang='lat' dir='ltr'>in</span> <span class='ocrx_word' id='word_1_143' title='bbox 2059 2202 2138 2256; x_wconf 92' lang='lat' dir='ltr'>eis</span> 
     </span>
    </p>
   </div>
   <div class='ocr_carea' id='block_1_24' title="bbox 505 2296 1623 2373">
    <p class='ocr_par' dir='ltr' id='par_1_24' title="bbox 505 2296 1623 2373">
     <span class='ocr_line' id='line_1_24' title="bbox 505 2296 1623 2373; baseline -0.005 -18"><span class='ocrx_word' id='word_1_144' title='bbox 505 2301 687 2373; x_wconf 89' lang='lat' dir='ltr'>pietas</span> <span class='ocrx_word' id='word_1_145' title='bbox 714 2303 1027 2355; x_wconf 83' lang='lat' dir='ltr'>reservetur</span> <span class='ocrx_word' id='word_1_146' title='bbox 1050 2298 1358 2353; x_wconf 86' lang='lat' dir='ltr'>comitante</span> <span class='ocrx_word' id='word_1_147' title='bbox 1379 2296 1623 2368; x_wconf 90' lang='lat' dir='ltr'>justitia.</span> 
     </span>
    </p>
   </div>
   <div class='ocr_carea' id='block_1_25' title="bbox 577 2387 2136 2464">
    <p class='ocr_par' dir='ltr' id='par_1_25' title="bbox 577 2387 2136 2464">
     <span class='ocr_line' id='line_1_25' title="bbox 577 2387 2136 2464; baseline -0.004 -15"><span class='ocrx_word' id='word_1_148' title='bbox 577 2396 703 2449; x_wconf 79' lang='lat' dir='ltr'><strong>XIII.</strong></span> <span class='ocrx_word' id='word_1_149' title='bbox 732 2393 840 2458; x_wconf 90' lang='lat' dir='ltr'>Qui</span> <span class='ocrx_word' id='word_1_150' title='bbox 867 2393 1119 2464; x_wconf 84' lang='lat' dir='ltr'>primatu</span> <span class='ocrx_word' id='word_1_151' title='bbox 1163 2391 1456 2462; x_wconf 86' lang='lat' dir='ltr'>dignitatis</span> <span class='ocrx_word' id='word_1_152' title='bbox 1484 2393 1657 2460; x_wconf 80' lang='lat' dir='ltr'>atque</span> <span class='ocrx_word' id='word_1_153' title='bbox 1691 2387 2027 2443; x_wconf 66' lang='lat' dir='ltr'>reverentiae</span> <span class='ocrx_word' id='word_1_154' title='bbox 2052 2390 2136 2443; x_wconf 87' lang='lat' dir='ltr'>vel</span> 
     </span>
    </p>
   </div>
   <div class='ocr_carea' id='block_1_26' title="bbox 506 2482 2133 2559">
    <p class='ocr_par' dir='ltr' id='par_1_26' title="bbox 506 2482 2133 2559">
     <span class='ocr_line' id='line_1_26' title="bbox 506 2482 2133 2559; baseline -0.004 -17"><span class='ocrx_word' id='word_1_155' title='bbox 506 2488 705 2559; x_wconf 70' lang='lat' dir='ltr'>gratia:</span> <span class='ocrx_word' id='word_1_156' title='bbox 729 2487 801 2541; x_wconf 94' lang='lat' dir='ltr'>ob</span> <span class='ocrx_word' id='word_1_157' title='bbox 824 2485 1089 2539; x_wconf 89' lang='lat' dir='ltr'>meritum</span> <span class='ocrx_word' id='word_1_158' title='bbox 1119 2484 1178 2538; x_wconf 92' lang='lat' dir='ltr'>in</span> <span class='ocrx_word' id='word_1_159' title='bbox 1210 2483 1420 2555; x_wconf 90' lang='lat' dir='ltr'>palatio</span> <span class='ocrx_word' id='word_1_160' title='bbox 1446 2482 1812 2538; x_wconf 87' lang='lat' dir='ltr'>honorabiles</span> <span class='ocrx_word' id='word_1_161' title='bbox 1833 2482 2133 2548; x_wconf 85' lang='lat' dir='ltr'>habentur,</span> 
     </span>
    </p>
   </div>
   <div class='ocr_carea' id='block_1_27' title="bbox 506 2575 2139 2652">
    <p class='ocr_par' dir='ltr' id='par_1_27' title="bbox 506 2575 2139 2652">
     <span class='ocr_line' id='line_1_27' title="bbox 506 2575 2139 2652; baseline -0.004 -17"><span class='ocrx_word' id='word_1_162' title='bbox 506 2582 592 2635; x_wconf 89' lang='lat' dir='ltr'>his</span> <span class='ocrx_word' id='word_1_163' title='bbox 622 2598 656 2635; x_wconf 88' lang='lat' dir='ltr'>a</span> <span class='ocrx_word' id='word_1_164' title='bbox 675 2578 999 2652; x_wconf 87' lang='lat' dir='ltr'>junioribus</span> <span class='ocrx_word' id='word_1_165' title='bbox 1042 2578 1332 2632; x_wconf 90' lang='lat' dir='ltr'>modestus</span> <span class='ocrx_word' id='word_1_166' title='bbox 1380 2577 1564 2630; x_wconf 87' lang='lat' dir='ltr'>honor</span> <span class='ocrx_word' id='word_1_167' title='bbox 1606 2593 1710 2647; x_wconf 89' lang='lat' dir='ltr'>per</span> <span class='ocrx_word' id='word_1_168' title='bbox 1755 2575 1946 2629; x_wconf 90' lang='lat' dir='ltr'>omnia</span> <span class='ocrx_word' id='word_1_169' title='bbox 1988 2575 2139 2629; x_wconf 89' lang='lat' dir='ltr'>defe-</span> 
     </span>
    </p>
   </div>
   <div class='ocr_carea' id='block_1_28' title="bbox 504 2668 2138 2745">
    <p class='ocr_par' dir='ltr' id='par_1_28' title="bbox 504 2668 2138 2745">
     <span class='ocr_line' id='line_1_28' title="bbox 504 2668 2138 2745; baseline -0.004 -16"><span class='ocrx_word' id='word_1_170' title='bbox 504 2678 685 2741; x_wconf 87' lang='lat' dir='ltr'>ratur,</span> <span class='ocrx_word' id='word_1_171' title='bbox 720 2672 1020 2745; x_wconf 90' lang='lat' dir='ltr'>quietiam</span> <span class='ocrx_word' id='word_1_172' title='bbox 1065 2671 1321 2725; x_wconf 88' lang='lat' dir='ltr'>minores</span> <span class='ocrx_word' id='word_1_173' title='bbox 1368 2687 1400 2723; x_wconf 90' lang='lat' dir='ltr'>a</span> <span class='ocrx_word' id='word_1_174' title='bbox 1446 2669 1756 2723; x_wconf 87' lang='lat' dir='ltr'>senioribus</span> <span class='ocrx_word' id='word_1_175' title='bbox 1793 2672 1849 2722; x_wconf 92' lang='lat' dir='ltr'>et</span> <span class='ocrx_word' id='word_1_176' title='bbox 1892 2668 2138 2723; x_wconf 89' lang='lat' dir='ltr'>dilectio-</span> 
     </span>
    </p>
   </div>
   <div class='ocr_carea' id='block_1_29' title="bbox 503 2762 2139 2837">
    <p class='ocr_par' dir='ltr' id='par_1_29' title="bbox 503 2762 2139 2837">
     <span class='ocr_line' id='line_1_29' title="bbox 503 2762 2139 2837; baseline -0.005 -15"><span class='ocrx_word' id='word_1_177' title='bbox 503 2768 593 2822; x_wconf 89' lang='lat' dir='ltr'>nis</span> <span class='ocrx_word' id='word_1_178' title='bbox 638 2768 1056 2837; x_wconf 86' lang='lat' dir='ltr'>amplectantur</span> <span class='ocrx_word' id='word_1_179' title='bbox 1098 2764 1324 2830; x_wconf 76' lang='lat' dir='ltr'>aﬁ‘ectu,</span> <span class='ocrx_word' id='word_1_180' title='bbox 1390 2768 1447 2817; x_wconf 92' lang='lat' dir='ltr'>et</span> <span class='ocrx_word' id='word_1_181' title='bbox 1504 2762 1760 2816; x_wconf 76' lang='lat' dir='ltr'>utilitatis</span> <span class='ocrx_word' id='word_1_182' title='bbox 1809 2762 2139 2816; x_wconf 90' lang='lat' dir='ltr'>imbuantur</span> 
     </span>
    </p>
   </div>
   <div class='ocr_carea' id='block_1_30' title="bbox 505 2860 784 2931">
    <p class='ocr_par' dir='ltr' id='par_1_30' title="bbox 505 2860 784 2931">
     <span class='ocr_line' id='line_1_30' title="bbox 505 2860 784 2931; baseline 0 -17"><span class='ocrx_word' id='word_1_183' title='bbox 505 2860 784 2931; x_wconf 90' lang='lat' dir='ltr'>exemplo.</span> 
     </span>
    </p>
   </div>
   <div class='ocr_carea' id='block_1_31' title="bbox 579 2949 2139 3007">
    <p class='ocr_par' dir='ltr' id='par_1_31' title="bbox 579 2949 2139 3007">
     <span class='ocr_line' id='line_1_31' title="bbox 579 2949 2139 3007; baseline -0.003 0"><span class='ocrx_word' id='word_1_184' title='bbox 579 2953 707 3007; x_wconf 81' lang='lat' dir='ltr'>XIV.</span> <span class='ocrx_word' id='word_1_185' title='bbox 736 2952 1044 3007; x_wconf 64' lang='lat' dir='ltr'>Praemium</span> <span class='ocrx_word' id='word_1_186' title='bbox 1072 2951 1331 3005; x_wconf 89' lang='lat' dir='ltr'>fraudare</span> <span class='ocrx_word' id='word_1_187' title='bbox 1360 2949 1625 3004; x_wconf 87' lang='lat' dir='ltr'>ﬁdelibus</span> <span class='ocrx_word' id='word_1_188' title='bbox 1673 2965 1789 3004; x_wconf 91' lang='lat' dir='ltr'>non</span> <span class='ocrx_word' id='word_1_189' title='bbox 1828 2950 2012 3004; x_wconf 90' lang='lat' dir='ltr'>solum</span> <span class='ocrx_word' id='word_1_190' title='bbox 2055 2950 2139 3003; x_wconf 92' lang='lat' dir='ltr'>in-</span> 
     </span>
    </p>
   </div>
   <div class='ocr_carea' id='block_1_32' title="bbox 504 3042 2137 3114">
    <p class='ocr_par' dir='ltr' id='par_1_32' title="bbox 504 3042 2137 3114">
     <span class='ocr_line' id='line_1_32' title="bbox 504 3042 2137 3114; baseline -0.002 -13"><span class='ocrx_word' id='word_1_191' title='bbox 504 3045 848 3111; x_wconf 86' lang='lat' dir='ltr'>humanum,</span> <span class='ocrx_word' id='word_1_192' title='bbox 876 3045 970 3099; x_wconf 90' lang='lat' dir='ltr'>sed</span> <span class='ocrx_word' id='word_1_193' title='bbox 1000 3043 1175 3098; x_wconf 89' lang='lat' dir='ltr'>etiam</span> <span class='ocrx_word' id='word_1_194' title='bbox 1203 3044 1390 3097; x_wconf 80' lang='lat' dir='ltr'>existit</span> <span class='ocrx_word' id='word_1_195' title='bbox 1409 3043 1711 3114; x_wconf 89' lang='lat' dir='ltr'>injustum.</span> <span class='ocrx_word' id='word_1_196' title='bbox 1744 3042 1984 3113; x_wconf 86' lang='lat' dir='ltr'>Ideoque</span> <span class='ocrx_word' id='word_1_197' title='bbox 2006 3060 2137 3097; x_wconf 92' lang='lat' dir='ltr'>cum</span> 
     </span>
    </p>
   </div>
   <div class='ocr_carea' id='block_1_33' title="bbox 507 3136 2211 3240">
    <p class='ocr_par' dir='ltr' id='par_1_33' title="bbox 507 3136 2211 3240">
     <span class='ocr_line' id='line_1_33' title="bbox 507 3136 2211 3240; baseline -0.002 -46"><span class='ocrx_word' id='word_1_198' title='bbox 507 3140 636 3194; x_wconf 89' lang='lat' dir='ltr'>ﬁdei</span> <span class='ocrx_word' id='word_1_199' title='bbox 662 3138 928 3193; x_wconf 89' lang='lat' dir='ltr'>meritum</span> <span class='ocrx_word' id='word_1_200' title='bbox 950 3140 1068 3191; x_wconf 88' lang='lat' dir='ltr'>tam</span> <span class='ocrx_word' id='word_1_201' title='bbox 1090 3136 1147 3190; x_wconf 92' lang='lat' dir='ltr'>in</span> <span class='ocrx_word' id='word_1_202' title='bbox 1173 3137 1340 3191; x_wconf 87' lang='lat' dir='ltr'>rebus</span> <span class='ocrx_word' id='word_1_203' title='bbox 1359 3136 1562 3191; x_wconf 90' lang='lat' dir='ltr'>divinis</span> <span class='ocrx_word' id='word_1_204' title='bbox 1582 3152 1754 3207; x_wconf 90' lang='lat' dir='ltr'>quam</span> <span class='ocrx_word' id='word_1_205' title='bbox 1779 3136 1840 3191; x_wconf 90' lang='lat' dir='ltr'>in</span> <span class='ocrx_word' id='word_1_206' title='bbox 1869 3137 2135 3191; x_wconf 90' lang='lat' dir='ltr'>humanis</span> <span class='ocrx_word' id='word_1_207' title='bbox 2157 3167 2211 3240; x_wconf 67' lang='grc' dir='ltr'>Ο</span> 
     </span>
    </p>
   </div>
   <div class='ocr_carea' id='block_1_34' title="bbox 508 3230 2132 3302">
    <p class='ocr_par' dir='ltr' id='par_1_34' title="bbox 508 3230 2132 3302">
     <span class='ocr_line' id='line_1_34' title="bbox 508 3230 2132 3302; baseline -0.002 -14"><span class='ocrx_word' id='word_1_208' title='bbox 508 3250 621 3288; x_wconf 91' lang='lat' dir='ltr'>non</span> <span class='ocrx_word' id='word_1_209' title='bbox 666 3232 938 3286; x_wconf 85' lang='lat' dir='ltr'>habeatur</span> <span class='ocrx_word' id='word_1_210' title='bbox 980 3232 1293 3302; x_wconf 89' lang='lat' dir='ltr'>ingratum,</span> <span class='ocrx_word' id='word_1_211' title='bbox 1331 3230 1570 3301; x_wconf 90' lang='lat' dir='ltr'>dignum</span> <span class='ocrx_word' id='word_1_212' title='bbox 1612 3230 1834 3284; x_wconf 90' lang='lat' dir='ltr'>videtur</span> <span class='ocrx_word' id='word_1_213' title='bbox 1860 3233 1925 3284; x_wconf 91' lang='lat' dir='ltr'>ut</span> <span class='ocrx_word' id='word_1_214' title='bbox 1952 3248 2132 3285; x_wconf 90' lang='lat' dir='ltr'>sacer-</span> 
     </span>
    </p>
   </div>
   <div class='ocr_carea' id='block_1_35' title="bbox 507 3323 2134 3393">
    <p class='ocr_par' dir='ltr' id='par_1_35' title="bbox 507 3323 2134 3393">
     <span class='ocr_line' id='line_1_35' title="bbox 507 3323 2134 3393; baseline -0.002 -11"><span class='ocrx_word' id='word_1_215' title='bbox 507 3326 676 3382; x_wconf 89' lang='lat' dir='ltr'>dotali</span> <span class='ocrx_word' id='word_1_216' title='bbox 706 3324 985 3380; x_wconf 88' lang='lat' dir='ltr'>sententia</span> <span class='ocrx_word' id='word_1_217' title='bbox 1016 3324 1380 3378; x_wconf 90' lang='lat' dir='ltr'>consulamus</span> <span class='ocrx_word' id='word_1_218' title='bbox 1410 3323 1665 3377; x_wconf 88' lang='lat' dir='ltr'>ﬁdelibus</span> <span class='ocrx_word' id='word_1_219' title='bbox 1691 3323 1863 3393; x_wconf 89' lang='lat' dir='ltr'>regis.</span> <span class='ocrx_word' id='word_1_220' title='bbox 1895 3324 2134 3378; x_wconf 88' lang='lat' dir='ltr'>Proinde</span> 
     </span>
    </p>
   </div>
   <div class='ocr_carea' id='block_1_36' title="bbox 503 3416 2139 3491">
    <p class='ocr_par' dir='ltr' id='par_1_36' title="bbox 503 3416 2139 3491">
     <span class='ocr_line' id='line_1_36' title="bbox 503 3416 2139 3491; baseline -0.002 -15"><span class='ocrx_word' id='word_1_221' title='bbox 503 3426 569 3476; x_wconf 86' lang='lat' dir='ltr'>ut</span> <span class='ocrx_word' id='word_1_222' title='bbox 594 3437 744 3475; x_wconf 89' lang='lat' dir='ltr'>anno</span> <span class='ocrx_word' id='word_1_223' title='bbox 776 3419 959 3491; x_wconf 89' lang='lat' dir='ltr'>primo</span> <span class='ocrx_word' id='word_1_224' title='bbox 989 3417 1334 3472; x_wconf 91' lang='lat' dir='ltr'>serenissimi</span> <span class='ocrx_word' id='word_1_225' title='bbox 1378 3416 1648 3488; x_wconf 88' lang='lat' dir='ltr'>principis</span> <span class='ocrx_word' id='word_1_226' title='bbox 1675 3417 1857 3472; x_wconf 89' lang='lat' dir='ltr'>nostri</span> <span class='ocrx_word' id='word_1_227' title='bbox 1889 3418 2139 3473; x_wconf 89' lang='lat' dir='ltr'>decrevit</span> 
     </span>
    </p>
   </div>
   <div class='ocr_carea' id='block_1_37' title="bbox 502 3510 2137 3582">
    <p class='ocr_par' dir='ltr' id='par_1_37' title="bbox 502 3510 2137 3582">
     <span class='ocr_line' id='line_1_37' title="bbox 502 3510 2137 3582; baseline 0.001 -17"><span class='ocrx_word' id='word_1_228' title='bbox 502 3513 807 3569; x_wconf 72' lang='lat' dir='ltr'>concilium</span> <span class='ocrx_word' id='word_1_229' title='bbox 833 3515 1093 3567; x_wconf 90' lang='lat' dir='ltr'>sanctum</span> <span class='ocrx_word' id='word_1_230' title='bbox 1138 3528 1334 3565; x_wconf 89' lang='lat' dir='ltr'>omnes</span> <span class='ocrx_word' id='word_1_231' title='bbox 1379 3510 1573 3565; x_wconf 88' lang='lat' dir='ltr'>ﬁdeles</span> <span class='ocrx_word' id='word_1_232' title='bbox 1614 3511 1713 3582; x_wconf 92' lang='lat' dir='ltr'>qui</span> <span class='ocrx_word' id='word_1_233' title='bbox 1758 3511 2032 3582; x_wconf 91' lang='lat' dir='ltr'>obsequio</span> <span class='ocrx_word' id='word_1_234' title='bbox 2080 3517 2137 3566; x_wconf 92' lang='lat' dir='ltr'>et</span> 
     </span>
    </p>
   </div>
   <div class='ocr_carea' id='block_1_38' title="bbox 503 3604 2139 3674">
    <p class='ocr_par' dir='ltr' id='par_1_38' title="bbox 503 3604 2139 3674">
     <span class='ocr_line' id='line_1_38' title="bbox 503 3604 2139 3674; baseline -0.001 -14"><span class='ocrx_word' id='word_1_235' title='bbox 503 3609 720 3663; x_wconf 76' lang='lat' dir='ltr'>sincero</span> <span class='ocrx_word' id='word_1_236' title='bbox 768 3606 994 3661; x_wconf 88' lang='lat' dir='ltr'>servitio</span> <span class='ocrx_word' id='word_1_237' title='bbox 1038 3604 1430 3660; x_wconf 84' lang='lat' dir='ltr'>voluntatibus</span> <span class='ocrx_word' id='word_1_238' title='bbox 1479 3605 1563 3657; x_wconf 90' lang='lat' dir='ltr'>vel</span> <span class='ocrx_word' id='word_1_239' title='bbox 1613 3604 1788 3674; x_wconf 89' lang='lat' dir='ltr'>jussis</span> <span class='ocrx_word' id='word_1_240' title='bbox 1841 3606 2139 3674; x_wconf 89' lang='lat' dir='ltr'>paruerint</span> 
     </span>
    </p>
   </div>
   <div class='ocr_carea' id='block_1_39' title="bbox 505 3698 2138 3773">
    <p class='ocr_par' dir='ltr' id='par_1_39' title="bbox 505 3698 2138 3773">
     <span class='ocr_line' id='line_1_39' title="bbox 505 3698 2138 3773; baseline -0.002 -18"><span class='ocrx_word' id='word_1_241' title='bbox 505 3701 774 3773; x_wconf 87' lang='lat' dir='ltr'>principis</span> <span class='ocrx_word' id='word_1_242' title='bbox 821 3702 1045 3769; x_wconf 89' lang='lat' dir='ltr'>totaque</span> <span class='ocrx_word' id='word_1_243' title='bbox 1089 3698 1405 3753; x_wconf 88' lang='lat' dir='ltr'>intentione</span> <span class='ocrx_word' id='word_1_244' title='bbox 1452 3698 1647 3751; x_wconf 90' lang='lat' dir='ltr'>salutis</span> <span class='ocrx_word' id='word_1_245' title='bbox 1677 3698 1799 3768; x_wconf 91' lang='lat' dir='ltr'>ejus</span> <span class='ocrx_word' id='word_1_246' title='bbox 1824 3698 2138 3752; x_wconf 90' lang='lat' dir='ltr'>custodiam</span> 
     </span>
    </p>
   </div>
   <div class='ocr_carea' id='block_1_40' title="bbox 506 3790 2135 3861">
    <p class='ocr_par' dir='ltr' id='par_1_40' title="bbox 506 3790 2135 3861">
     <span class='ocr_line' id='line_1_40' title="bbox 506 3790 2135 3861; baseline -0.002 -12"><span class='ocrx_word' id='word_1_247' title='bbox 506 3793 825 3860; x_wconf 84' lang='lat' dir='ltr'>habuerint,</span> <span class='ocrx_word' id='word_1_248' title='bbox 871 3809 905 3844; x_wconf 79' lang='grc' dir='ltr'>ει</span> <span class='ocrx_word' id='word_1_249' title='bbox 948 3792 1115 3860; x_wconf 86' lang='lat' dir='ltr'>regni</span> <span class='ocrx_word' id='word_1_250' title='bbox 1159 3790 1596 3857; x_wconf 88' lang='lat' dir='ltr'>successoribus,</span> <span class='ocrx_word' id='word_1_251' title='bbox 1639 3807 1745 3844; x_wconf 91' lang='lat' dir='ltr'>nec</span> <span class='ocrx_word' id='word_1_252' title='bbox 1782 3807 1815 3843; x_wconf 90' lang='lat' dir='ltr'>a</span> <span class='ocrx_word' id='word_1_253' title='bbox 1860 3790 2135 3861; x_wconf 87' lang='lat' dir='ltr'>dignitate</span> 
     </span>
    </p>
   </div>
   <div class='ocr_carea' id='block_1_41' title="bbox 507 3883 2139 3955">
    <p class='ocr_par' dir='ltr' id='par_1_41' title="bbox 507 3883 2139 3955">
     <span class='ocr_line' id='line_1_41' title="bbox 507 3883 2139 3955; baseline -0.002 -13"><span class='ocrx_word' id='word_1_254' title='bbox 507 3904 610 3942; x_wconf 88' lang='lat' dir='ltr'>nec</span> <span class='ocrx_word' id='word_1_255' title='bbox 638 3904 669 3940; x_wconf 89' lang='lat' dir='ltr'>a</span> <span class='ocrx_word' id='word_1_256' title='bbox 694 3885 864 3939; x_wconf 90' lang='lat' dir='ltr'>rebus</span> <span class='ocrx_word' id='word_1_257' title='bbox 897 3883 1151 3955; x_wconf 88' lang='lat' dir='ltr'>pristinis</span> <span class='ocrx_word' id='word_1_258' title='bbox 1191 3900 1364 3937; x_wconf 88' lang='lat' dir='ltr'>causa</span> <span class='ocrx_word' id='word_1_259' title='bbox 1390 3883 1748 3953; x_wconf 88' lang='lat' dir='ltr'>repellantur</span> <span class='ocrx_word' id='word_1_260' title='bbox 1778 3883 2010 3953; x_wconf 87' lang='lat' dir='ltr'>injusta,</span> <span class='ocrx_word' id='word_1_261' title='bbox 2039 3885 2139 3939; x_wconf 92' lang='lat' dir='ltr'>sed</span> 
     </span>
    </p>
   </div>
   <div class='ocr_carea' id='block_1_42' title="bbox 511 3975 2139 4047">
    <p class='ocr_par' dir='ltr' id='par_1_42' title="bbox 511 3975 2139 4047">
     <span class='ocr_line' id='line_1_42' title="bbox 511 3975 2139 4047; baseline -0.001 -13"><span class='ocrx_word' id='word_1_262' title='bbox 511 3996 659 4034; x_wconf 87' lang='lat' dir='ltr'>nunc</span> <span class='ocrx_word' id='word_1_263' title='bbox 683 3978 762 4032; x_wconf 78' lang='lat' dir='ltr'>ita</span> <span class='ocrx_word' id='word_1_264' title='bbox 786 3993 891 4047; x_wconf 92' lang='lat' dir='ltr'>pro</span> <span class='ocrx_word' id='word_1_265' title='bbox 917 3975 1360 4046; x_wconf 88' lang='lat' dir='ltr'>uniuscujusque</span> <span class='ocrx_word' id='word_1_266' title='bbox 1395 3975 1629 4030; x_wconf 88' lang='lat' dir='ltr'>utilitate</span> <span class='ocrx_word' id='word_1_267' title='bbox 1660 3975 1930 4047; x_wconf 89' lang='lat' dir='ltr'>principis</span> <span class='ocrx_word' id='word_1_268' title='bbox 1952 3978 2139 4032; x_wconf 91' lang='lat' dir='ltr'>mode-</span> 
     </span>
    </p>
   </div>
   <div class='ocr_carea' id='block_1_43' title="bbox 508 4068 2139 4138">
    <p class='ocr_par' dir='ltr' id='par_1_43' title="bbox 508 4068 2139 4138">
     <span class='ocr_line' id='line_1_43' title="bbox 508 4068 2139 4138; baseline 0 -12"><span class='ocrx_word' id='word_1_269' title='bbox 508 4077 707 4126; x_wconf 82' lang='lat' dir='ltr'>rentur</span> <span class='ocrx_word' id='word_1_270' title='bbox 735 4068 1097 4134; x_wconf 87' lang='lat' dir='ltr'>discretione,</span> <span class='ocrx_word' id='word_1_271' title='bbox 1126 4069 1272 4122; x_wconf 89' lang='lat' dir='ltr'>sicut</span> <span class='ocrx_word' id='word_1_272' title='bbox 1294 4085 1389 4122; x_wconf 91' lang='lat' dir='ltr'>eos</span> <span class='ocrx_word' id='word_1_273' title='bbox 1420 4069 1777 4138; x_wconf 81' lang='lat' dir='ltr'>perspexerit</span> <span class='ocrx_word' id='word_1_274' title='bbox 1794 4071 2139 4126; x_wconf 90' lang='lat' dir='ltr'>necessarios</span> 
     </span>
    </p>
   </div>
   <div class='ocr_carea' id='block_1_44' title="bbox 511 4161 2141 4235">
    <p class='ocr_par' dir='ltr' id='par_1_44' title="bbox 511 4161 2141 4235">
     <span class='ocr_line' id='line_1_44' title="bbox 511 4161 2141 4235; baseline 0 -18"><span class='ocrx_word' id='word_1_275' title='bbox 511 4181 630 4219; x_wconf 86' lang='lat' dir='ltr'>esse</span> <span class='ocrx_word' id='word_1_276' title='bbox 662 4162 885 4235; x_wconf 79' lang='lat' dir='ltr'>patriae;</span> <span class='ocrx_word' id='word_1_277' title='bbox 931 4166 987 4216; x_wconf 91' lang='lat' dir='ltr'>et</span> <span class='ocrx_word' id='word_1_278' title='bbox 1029 4161 1107 4216; x_wconf 90' lang='lat' dir='ltr'>sic</span> <span class='ocrx_word' id='word_1_279' title='bbox 1151 4161 1258 4215; x_wconf 86' lang='lat' dir='ltr'>illis</span> <span class='ocrx_word' id='word_1_280' title='bbox 1301 4161 1666 4232; x_wconf 87' lang='lat' dir='ltr'>impartiatur</span> <span class='ocrx_word' id='word_1_281' title='bbox 1700 4162 2046 4233; x_wconf 85' lang='lat' dir='ltr'>benignitas,</span> <span class='ocrx_word' id='word_1_282' title='bbox 2079 4168 2141 4218; x_wconf 91' lang='lat' dir='ltr'>ut</span> 
     </span>
    </p>
   </div>
   <div class='ocr_carea' id='block_1_45' title="bbox 509 4248 2165 4345">
    <p class='ocr_par' dir='ltr' id='par_1_45' title="bbox 509 4248 2165 4345">
     <span class='ocr_line' id='line_1_45' title="bbox 509 4248 2165 4345; baseline 0.001 -34"><span class='ocrx_word' id='word_1_283' title='bbox 509 4256 817 4330; x_wconf 8' lang='lat' dir='ltr'>ingcaeteris</span> <span class='ocrx_word' id='word_1_284' title='bbox 848 4271 1073 4326; x_wconf 84' lang='lat' dir='ltr'>magnae</span> <span class='ocrx_word' id='word_1_285' title='bbox 1098 4258 1448 4309; x_wconf 88' lang='lat' dir='ltr'>monstretur</span> <span class='ocrx_word' id='word_1_286' title='bbox 1474 4254 1673 4326; x_wconf 83' lang='lat' dir='ltr'>gratiae</span> <span class='ocrx_word' id='word_1_287' title='bbox 1700 4259 1967 4326; x_wconf 82' lang='lat' dir='ltr'>potestas,</span> <span class='ocrx_word' id='word_1_288' title='bbox 1996 4248 2165 4345; x_wconf 62' lang='lat' dir='ltr'>qua-l</span> 
     </span>
    </p>
   </div>
   <div class='ocr_carea' id='block_1_46' title="bbox 510 4348 2141 4420">
    <p class='ocr_par' dir='ltr' id='par_1_46' title="bbox 510 4348 2141 4420">
     <span class='ocr_line' id='line_1_46' title="bbox 510 4348 2141 4420; baseline 0 -14"><span class='ocrx_word' id='word_1_289' title='bbox 510 4360 675 4406; x_wconf 89' lang='lat' dir='ltr'>tenus</span> <span class='ocrx_word' id='word_1_290' title='bbox 705 4351 781 4404; x_wconf 90' lang='lat' dir='ltr'>ita</span> <span class='ocrx_word' id='word_1_291' title='bbox 805 4349 996 4404; x_wconf 90' lang='lat' dir='ltr'>omnia</span> <span class='ocrx_word' id='word_1_292' title='bbox 1025 4348 1084 4403; x_wconf 89' lang='lat' dir='ltr'>in</span> <span class='ocrx_word' id='word_1_293' title='bbox 1125 4348 1292 4403; x_wconf 88' lang='lat' dir='ltr'>rebus</span> <span class='ocrx_word' id='word_1_294' title='bbox 1314 4348 1465 4419; x_wconf 91' lang='lat' dir='ltr'>juste</span> <span class='ocrx_word' id='word_1_295' title='bbox 1511 4349 1824 4420; x_wconf 90' lang='lat' dir='ltr'>conquisita</span> <span class='ocrx_word' id='word_1_296' title='bbox 1848 4351 2141 4406; x_wconf 90' lang='lat' dir='ltr'>lucrentur</span> 
     </span>
    </p>
   </div>
   <div class='ocr_carea' id='block_1_47' title="bbox 508 4442 2139 4516">
    <p class='ocr_par' dir='ltr' id='par_1_47' title="bbox 508 4442 2139 4516">
     <span class='ocr_line' id='line_1_47' title="bbox 508 4442 2139 4516; baseline -0.001 -16"><span class='ocrx_word' id='word_1_297' title='bbox 508 4449 572 4500; x_wconf 91' lang='lat' dir='ltr'>ut</span> <span class='ocrx_word' id='word_1_298' title='bbox 599 4443 838 4516; x_wconf 87' lang='lat' dir='ltr'>posteris</span> <span class='ocrx_word' id='word_1_299' title='bbox 864 4442 1222 4513; x_wconf 89' lang='lat' dir='ltr'>relinquendi</span> <span class='ocrx_word' id='word_1_300' title='bbox 1272 4443 1357 4497; x_wconf 85' lang='lat' dir='ltr'>vel</span> <span class='ocrx_word' id='word_1_301' title='bbox 1400 4442 1607 4514; x_wconf 90' lang='lat' dir='ltr'>quibus</span> <span class='ocrx_word' id='word_1_302' title='bbox 1647 4444 1909 4498; x_wconf 90' lang='lat' dir='ltr'>voluntas</span> <span class='ocrx_word' id='word_1_303' title='bbox 1940 4461 2139 4499; x_wconf 90' lang='lat' dir='ltr'>eorum</span> 
     </span>
    </p>
   </div>
   <div class='ocr_carea' id='block_1_48' title="bbox 2236 512 3882 588">
    <p class='ocr_par' dir='ltr' id='par_1_48' title="bbox 2236 512 3882 588">
     <span class='ocr_line' id='line_1_48' title="bbox 2236 512 3882 588; baseline -0.005 -14"><span class='ocrx_word' id='word_1_304' title='bbox 2236 520 2445 574; x_wconf 88' lang='lat' dir='ltr'>siarum</span> <span class='ocrx_word' id='word_1_305' title='bbox 2477 520 2579 575; x_wconf 91' lang='lat' dir='ltr'>Dei</span> <span class='ocrx_word' id='word_1_306' title='bbox 2608 520 2944 574; x_wconf 89' lang='lat' dir='ltr'>adhibeatur</span> <span class='ocrx_word' id='word_1_307' title='bbox 2986 535 3019 572; x_wconf 90' lang='lat' dir='ltr'>a</span> <span class='ocrx_word' id='word_1_308' title='bbox 3058 517 3220 572; x_wconf 90' lang='lat' dir='ltr'>nobis</span> <span class='ocrx_word' id='word_1_309' title='bbox 3259 512 3617 588; x_wconf 90' lang='lat' dir='ltr'>providentia</span> <span class='ocrx_word' id='word_1_310' title='bbox 3655 528 3882 584; x_wconf 77' lang='lat' dir='ltr'>oppor-</span> 
     </span>
    </p>
   </div>
   <div class='ocr_carea' id='block_1_49' title="bbox 2237 606 3881 684">
    <p class='ocr_par' dir='ltr' id='par_1_49' title="bbox 2237 606 3881 684">
     <span class='ocr_line' id='line_1_49' title="bbox 2237 606 3881 684; baseline -0.005 -17"><span class='ocrx_word' id='word_1_311' title='bbox 2237 617 2396 680; x_wconf 90' lang='lat' dir='ltr'>tuna,</span> <span class='ocrx_word' id='word_1_312' title='bbox 2429 614 2571 668; x_wconf 90' lang='lat' dir='ltr'>adeo</span> <span class='ocrx_word' id='word_1_313' title='bbox 2613 618 2674 667; x_wconf 91' lang='lat' dir='ltr'>ut</span> <span class='ocrx_word' id='word_1_314' title='bbox 2704 628 3061 684; x_wconf 71' lang='lat' dir='ltr'>quaecunque</span> <span class='ocrx_word' id='word_1_315' title='bbox 3100 628 3189 665; x_wconf 91' lang='lat' dir='ltr'>res</span> <span class='ocrx_word' id='word_1_316' title='bbox 3234 610 3476 664; x_wconf 89' lang='lat' dir='ltr'>ecclesiis</span> <span class='ocrx_word' id='word_1_317' title='bbox 3517 607 3616 663; x_wconf 90' lang='lat' dir='ltr'>Dei</span> <span class='ocrx_word' id='word_1_318' title='bbox 3647 624 3678 660; x_wconf 91' lang='lat' dir='ltr'>a</span> <span class='ocrx_word' id='word_1_319' title='bbox 3706 606 3881 679; x_wconf 85' lang='lat' dir='ltr'>prin-</span> 
     </span>
    </p>
   </div>
   <div class='ocr_carea' id='block_1_50' title="bbox 2234 700 3878 777">
    <p class='ocr_par' dir='ltr' id='par_1_50' title="bbox 2234 700 3878 777">
     <span class='ocr_line' id='line_1_50' title="bbox 2234 700 3878 777; baseline -0.005 -16"><span class='ocrx_word' id='word_1_320' title='bbox 2234 706 2454 777; x_wconf 91' lang='lat' dir='ltr'>cipibus</span> <span class='ocrx_word' id='word_1_321' title='bbox 2489 706 2639 777; x_wconf 91' lang='lat' dir='ltr'>juste</span> <span class='ocrx_word' id='word_1_322' title='bbox 2668 722 2946 761; x_wconf 79' lang='lat' dir='ltr'>concessae</span> <span class='ocrx_word' id='word_1_323' title='bbox 2985 708 3137 771; x_wconf 90' lang='lat' dir='ltr'>sunt,</span> <span class='ocrx_word' id='word_1_324' title='bbox 3172 704 3259 758; x_wconf 91' lang='lat' dir='ltr'>vel</span> <span class='ocrx_word' id='word_1_325' title='bbox 3303 701 3534 769; x_wconf 87' lang='lat' dir='ltr'>fuerint,</span> <span class='ocrx_word' id='word_1_326' title='bbox 3562 700 3649 755; x_wconf 89' lang='lat' dir='ltr'>vel</span> <span class='ocrx_word' id='word_1_327' title='bbox 3678 700 3878 771; x_wconf 90' lang='lat' dir='ltr'>cujus-</span> 
     </span>
    </p>
   </div>
   <div class='ocr_carea' id='block_1_51' title="bbox 2236 793 3881 871">
    <p class='ocr_par' dir='ltr' id='par_1_51' title="bbox 2236 793 3881 871">
     <span class='ocr_line' id='line_1_51' title="bbox 2236 793 3881 871; baseline -0.004 -18"><span class='ocrx_word' id='word_1_328' title='bbox 2236 816 2459 871; x_wconf 89' lang='lat' dir='ltr'>cunque</span> <span class='ocrx_word' id='word_1_329' title='bbox 2503 798 2736 853; x_wconf 90' lang='lat' dir='ltr'>alterius</span> <span class='ocrx_word' id='word_1_330' title='bbox 2780 816 3036 870; x_wconf 77' lang='lat' dir='ltr'>personas</span> <span class='ocrx_word' id='word_1_331' title='bbox 3073 798 3326 870; x_wconf 89' lang='lat' dir='ltr'>quolibet</span> <span class='ocrx_word' id='word_1_332' title='bbox 3370 796 3534 850; x_wconf 91' lang='lat' dir='ltr'>titulo</span> <span class='ocrx_word' id='word_1_333' title='bbox 3585 793 3697 847; x_wconf 91' lang='lat' dir='ltr'>illis</span> <span class='ocrx_word' id='word_1_334' title='bbox 3756 810 3881 847; x_wconf 90' lang='lat' dir='ltr'>non</span> 
     </span>
    </p>
   </div>
   <div class='ocr_carea' id='block_1_52' title="bbox 2232 888 3882 964">
    <p class='ocr_par' dir='ltr' id='par_1_52' title="bbox 2232 888 3882 964">
     <span class='ocr_line' id='line_1_52' title="bbox 2232 888 3882 964; baseline -0.005 -16"><span class='ocrx_word' id='word_1_335' title='bbox 2232 893 2441 964; x_wconf 91' lang='lat' dir='ltr'>injuste</span> <span class='ocrx_word' id='word_1_336' title='bbox 2498 894 2715 946; x_wconf 75' lang='lat' dir='ltr'>collatas</span> <span class='ocrx_word' id='word_1_337' title='bbox 2762 898 2894 946; x_wconf 88' lang='lat' dir='ltr'>sunt</span> <span class='ocrx_word' id='word_1_338' title='bbox 2936 893 3017 946; x_wconf 90' lang='lat' dir='ltr'>vel</span> <span class='ocrx_word' id='word_1_339' title='bbox 3065 890 3402 958; x_wconf 83' lang='lat' dir='ltr'>exstiterint,</span> <span class='ocrx_word' id='word_1_340' title='bbox 3453 889 3529 942; x_wconf 89' lang='lat' dir='ltr'>ita</span> <span class='ocrx_word' id='word_1_341' title='bbox 3566 888 3625 942; x_wconf 92' lang='lat' dir='ltr'>in</span> <span class='ocrx_word' id='word_1_342' title='bbox 3668 903 3882 941; x_wconf 88' lang='lat' dir='ltr'>earum</span> 
     </span>
    </p>
   </div>
   <div class='ocr_carea' id='block_1_53' title="bbox 2226 980 3882 1058">
    <p class='ocr_par' dir='ltr' id='par_1_53' title="bbox 2226 980 3882 1058">
     <span class='ocr_line' id='line_1_53' title="bbox 2226 980 3882 1058; baseline -0.004 -18"><span class='ocrx_word' id='word_1_343' title='bbox 2226 986 2358 1058; x_wconf 90' lang='lat' dir='ltr'>jure</span> <span class='ocrx_word' id='word_1_344' title='bbox 2389 986 2689 1057; x_wconf 87' lang='lat' dir='ltr'>persistere</span> <span class='ocrx_word' id='word_1_345' title='bbox 2738 985 2901 1039; x_wconf 90' lang='lat' dir='ltr'>ﬁrma</span> <span class='ocrx_word' id='word_1_346' title='bbox 2945 985 3250 1039; x_wconf 88' lang='lat' dir='ltr'>stabilitate</span> <span class='ocrx_word' id='word_1_347' title='bbox 3290 983 3581 1054; x_wconf 86' lang='lat' dir='ltr'>jubemus,</span> <span class='ocrx_word' id='word_1_348' title='bbox 3618 986 3678 1035; x_wconf 91' lang='lat' dir='ltr'>ut</span> <span class='ocrx_word' id='word_1_349' title='bbox 3707 980 3882 1034; x_wconf 83' lang='lat' dir='ltr'>evelli</span> 
     </span>
    </p>
   </div>
   <div class='ocr_carea' id='block_1_54' title="bbox 2235 1075 3878 1152">
    <p class='ocr_par' dir='ltr' id='par_1_54' title="bbox 2235 1075 3878 1152">
     <span class='ocr_line' id='line_1_54' title="bbox 2235 1075 3878 1152; baseline -0.004 -18"><span class='ocrx_word' id='word_1_350' title='bbox 2235 1096 2464 1152; x_wconf 87' lang='lat' dir='ltr'>quoquo</span> <span class='ocrx_word' id='word_1_351' title='bbox 2492 1096 2623 1133; x_wconf 88' lang='lat' dir='ltr'>casu</span> <span class='ocrx_word' id='word_1_352' title='bbox 2652 1080 2736 1132; x_wconf 91' lang='lat' dir='ltr'>vel</span> <span class='ocrx_word' id='word_1_353' title='bbox 2757 1084 3010 1150; x_wconf 85' lang='lat' dir='ltr'>tempore</span> <span class='ocrx_word' id='word_1_354' title='bbox 3041 1078 3361 1132; x_wconf 88' lang='lat' dir='ltr'>nullatenus</span> <span class='ocrx_word' id='word_1_355' title='bbox 3386 1076 3617 1148; x_wconf 89' lang='lat' dir='ltr'>possint.</span> <span class='ocrx_word' id='word_1_356' title='bbox 3642 1075 3878 1145; x_wconf 87' lang='lat' dir='ltr'>Oppor-</span> 
     </span>
    </p>
   </div>
   <div class='ocr_carea' id='block_1_55' title="bbox 2236 1167 3880 1241">
    <p class='ocr_par' dir='ltr' id='par_1_55' title="bbox 2236 1167 3880 1241">
     <span class='ocr_line' id='line_1_55' title="bbox 2236 1167 3880 1241; baseline -0.004 -14"><span class='ocrx_word' id='word_1_357' title='bbox 2236 1176 2439 1228; x_wconf 91' lang='lat' dir='ltr'>tunum</span> <span class='ocrx_word' id='word_1_358' title='bbox 2470 1176 2555 1227; x_wconf 89' lang='lat' dir='ltr'>est</span> <span class='ocrx_word' id='word_1_359' title='bbox 2582 1173 2757 1241; x_wconf 90' lang='lat' dir='ltr'>enim,</span> <span class='ocrx_word' id='word_1_360' title='bbox 2794 1176 2853 1226; x_wconf 91' lang='lat' dir='ltr'>ut</span> <span class='ocrx_word' id='word_1_361' title='bbox 2885 1171 3030 1226; x_wconf 92' lang='lat' dir='ltr'>sicut</span> <span class='ocrx_word' id='word_1_362' title='bbox 3057 1172 3246 1226; x_wconf 87' lang='lat' dir='ltr'>fidelia</span> <span class='ocrx_word' id='word_1_363' title='bbox 3285 1170 3587 1225; x_wconf 90' lang='lat' dir='ltr'>hominum</span> <span class='ocrx_word' id='word_1_364' title='bbox 3634 1167 3880 1222; x_wconf 82' lang='lat' dir='ltr'>servitia</span> 
     </span>
    </p>
   </div>
   <div class='ocr_carea' id='block_1_56' title="bbox 2235 1266 3876 1340">
    <p class='ocr_par' dir='ltr' id='par_1_56' title="bbox 2235 1266 3876 1340">
     <span class='ocr_line' id='line_1_56' title="bbox 2235 1266 3876 1340; baseline -0.004 -15"><span class='ocrx_word' id='word_1_365' title='bbox 2235 1288 2348 1326; x_wconf 90' lang='lat' dir='ltr'>non</span> <span class='ocrx_word' id='word_1_366' title='bbox 2379 1270 2618 1325; x_wconf 78' lang='lat' dir='ltr'>existere</span> <span class='ocrx_word' id='word_1_367' title='bbox 2646 1270 2967 1324; x_wconf 89' lang='lat' dir='ltr'>censuimus</span> <span class='ocrx_word' id='word_1_368' title='bbox 2996 1269 3240 1340; x_wconf 89' lang='lat' dir='ltr'>ingrata,</span> <span class='ocrx_word' id='word_1_369' title='bbox 3270 1268 3351 1322; x_wconf 90' lang='lat' dir='ltr'>ita</span> <span class='ocrx_word' id='word_1_370' title='bbox 3376 1266 3623 1322; x_wconf 91' lang='lat' dir='ltr'>ecclesiis</span> <span class='ocrx_word' id='word_1_371' title='bbox 3643 1267 3876 1331; x_wconf 89' lang='lat' dir='ltr'>collata,</span> 
     </span>
    </p>
   </div>
   <div class='ocr_carea' id='block_1_57' title="bbox 2238 1359 3879 1435">
    <p class='ocr_par' dir='ltr' id='par_1_57' title="bbox 2238 1359 3879 1435">
     <span class='ocr_line' id='line_1_57' title="bbox 2238 1359 3879 1435; baseline -0.004 -16"><span class='ocrx_word' id='word_1_372' title='bbox 2238 1381 2363 1435; x_wconf 62' lang='lat' dir='ltr'>quae</span> <span class='ocrx_word' id='word_1_373' title='bbox 2383 1364 2611 1435; x_wconf 90' lang='lat' dir='ltr'>propria</span> <span class='ocrx_word' id='word_1_374' title='bbox 2627 1368 2759 1417; x_wconf 89' lang='lat' dir='ltr'>sunt</span> <span class='ocrx_word' id='word_1_375' title='bbox 2775 1380 3095 1435; x_wconf 89' lang='lat' dir='ltr'>pauperum</span> <span class='ocrx_word' id='word_1_376' title='bbox 3112 1363 3405 1428; x_wconf 89' lang='lat' dir='ltr'>alimenta,</span> <span class='ocrx_word' id='word_1_377' title='bbox 3422 1377 3621 1415; x_wconf 90' lang='lat' dir='ltr'>eorum</span> <span class='ocrx_word' id='word_1_378' title='bbox 3644 1359 3879 1431; x_wconf 73' lang='lat' dir='ltr'>injurias</span> 
     </span>
    </p>
   </div>
   <div class='ocr_carea' id='block_1_58' title="bbox 2237 1453 3696 1529">
    <p class='ocr_par' dir='ltr' id='par_1_58' title="bbox 2237 1453 3696 1529">
     <span class='ocr_line' id='line_1_58' title="bbox 2237 1453 3696 1529; baseline -0.004 -17"><span class='ocrx_word' id='word_1_379' title='bbox 2237 1474 2340 1529; x_wconf 91' lang='lat' dir='ltr'>pro</span> <span class='ocrx_word' id='word_1_380' title='bbox 2370 1457 2632 1511; x_wconf 88' lang='lat' dir='ltr'>mercede</span> <span class='ocrx_word' id='word_1_381' title='bbox 2657 1456 3023 1511; x_wconf 78' lang='lat' dir='ltr'>offerentium</span> <span class='ocrx_word' id='word_1_382' title='bbox 3048 1460 3324 1509; x_wconf 90' lang='lat' dir='ltr'>maneant</span> <span class='ocrx_word' id='word_1_383' title='bbox 3346 1453 3696 1508; x_wconf 91' lang='lat' dir='ltr'>inconvulsa.</span> 
     </span>
    </p>
   </div>
   <div class='ocr_carea' id='block_1_59' title="bbox 2308 1545 3880 1618">
    <p class='ocr_par' dir='ltr' id='par_1_59' title="bbox 2308 1545 3880 1618">
     <span class='ocr_line' id='line_1_59' title="bbox 2308 1545 3880 1618; baseline -0.003 -13"><span class='ocrx_word' id='word_1_384' title='bbox 2308 1552 2436 1605; x_wconf 79' lang='lat' dir='ltr'>XVI.</span> <span class='ocrx_word' id='word_1_385' title='bbox 2490 1550 2646 1605; x_wconf 91' lang='lat' dir='ltr'>Sicut</span> <span class='ocrx_word' id='word_1_386' title='bbox 2684 1548 2986 1603; x_wconf 89' lang='lat' dir='ltr'>insolentia</span> <span class='ocrx_word' id='word_1_387' title='bbox 3027 1549 3315 1603; x_wconf 90' lang='lat' dir='ltr'>malorum</span> <span class='ocrx_word' id='word_1_388' title='bbox 3348 1563 3551 1618; x_wconf 88' lang='lat' dir='ltr'>regum</span> <span class='ocrx_word' id='word_1_389' title='bbox 3594 1545 3791 1601; x_wconf 89' lang='lat' dir='ltr'>odiosa</span> <span class='ocrx_word' id='word_1_390' title='bbox 3820 1551 3880 1601; x_wconf 88' lang='lat' dir='ltr'>et</span> 
     </span>
    </p>
   </div>
   <div class='ocr_carea' id='block_1_60' title="bbox 2238 1644 3877 1718">
    <p class='ocr_par' dir='ltr' id='par_1_60' title="bbox 2238 1644 3877 1718">
     <span class='ocr_line' id='line_1_60' title="bbox 2238 1644 3877 1718; baseline -0.002 -16"><span class='ocrx_word' id='word_1_391' title='bbox 2238 1647 2595 1702; x_wconf 84' lang='lat' dir='ltr'>exsecrabilis</span> <span class='ocrx_word' id='word_1_392' title='bbox 2625 1664 2854 1718; x_wconf 87' lang='lat' dir='ltr'>semper</span> <span class='ocrx_word' id='word_1_393' title='bbox 2894 1646 3082 1700; x_wconf 82' lang='lat' dir='ltr'>existit</span> <span class='ocrx_word' id='word_1_394' title='bbox 3123 1645 3406 1715; x_wconf 90' lang='lat' dir='ltr'>subjectis,</span> <span class='ocrx_word' id='word_1_395' title='bbox 3456 1644 3533 1698; x_wconf 88' lang='lat' dir='ltr'>ita</span> <span class='ocrx_word' id='word_1_396' title='bbox 3579 1644 3877 1699; x_wconf 90' lang='lat' dir='ltr'>bonorum</span> 
     </span>
    </p>
   </div>
   <div class='ocr_carea' id='block_1_61' title="bbox 2239 1736 3879 1812">
    <p class='ocr_par' dir='ltr' id='par_1_61' title="bbox 2239 1736 3879 1812">
     <span class='ocr_line' id='line_1_61' title="bbox 2239 1736 3879 1812; baseline -0.004 -17"><span class='ocrx_word' id='word_1_397' title='bbox 2239 1740 2468 1812; x_wconf 89' lang='lat' dir='ltr'>provida</span> <span class='ocrx_word' id='word_1_398' title='bbox 2500 1740 2707 1794; x_wconf 89' lang='lat' dir='ltr'>utilitas</span> <span class='ocrx_word' id='word_1_399' title='bbox 2736 1739 2992 1794; x_wconf 88' lang='lat' dir='ltr'>amabilis</span> <span class='ocrx_word' id='word_1_400' title='bbox 3023 1739 3268 1792; x_wconf 88' lang='lat' dir='ltr'>efﬁcitur</span> <span class='ocrx_word' id='word_1_401' title='bbox 3307 1737 3552 1808; x_wconf 91' lang='lat' dir='ltr'>populis.</span> <span class='ocrx_word' id='word_1_402' title='bbox 3598 1736 3879 1801; x_wconf 86' lang='lat' dir='ltr'>Quocirca</span> 
     </span>
    </p>
   </div>
   <div class='ocr_carea' id='block_1_62' title="bbox 2238 1829 3877 1905">
    <p class='ocr_par' dir='ltr' id='par_1_62' title="bbox 2238 1829 3877 1905">
     <span class='ocr_line' id='line_1_62' title="bbox 2238 1829 3877 1905; baseline -0.002 -18"><span class='ocrx_word' id='word_1_403' title='bbox 2238 1834 2365 1905; x_wconf 88' lang='lat' dir='ltr'>quis</span> <span class='ocrx_word' id='word_1_404' title='bbox 2404 1834 2564 1899; x_wconf 87' lang='lat' dir='ltr'>ferat,</span> <span class='ocrx_word' id='word_1_405' title='bbox 2614 1839 2712 1887; x_wconf 89' lang='lat' dir='ltr'>aut</span> <span class='ocrx_word' id='word_1_406' title='bbox 2761 1833 2887 1904; x_wconf 88' lang='lat' dir='ltr'>quis</span> <span class='ocrx_word' id='word_1_407' title='bbox 2927 1833 3103 1886; x_wconf 88' lang='lat' dir='ltr'>talem</span> <span class='ocrx_word' id='word_1_408' title='bbox 3146 1836 3433 1886; x_wconf 90' lang='lat' dir='ltr'>errantem</span> <span class='ocrx_word' id='word_1_409' title='bbox 3486 1829 3877 1885; x_wconf 87' lang='lat' dir='ltr'>Christianum</span> 
     </span>
    </p>
   </div>
   <div class='ocr_carea' id='block_1_63' title="bbox 2237 1923 3879 1997">
    <p class='ocr_par' dir='ltr' id='par_1_63' title="bbox 2237 1923 3879 1997">
     <span class='ocr_line' id='line_1_63' title="bbox 2237 1923 3879 1997; baseline -0.002 -17"><span class='ocrx_word' id='word_1_410' title='bbox 2237 1927 2422 1980; x_wconf 84' lang='lat' dir='ltr'>videat</span> <span class='ocrx_word' id='word_1_411' title='bbox 2448 1927 2544 1997; x_wconf 85' lang='lat' dir='ltr'>qui</span> <span class='ocrx_word' id='word_1_412' title='bbox 2577 1927 2799 1996; x_wconf 85' lang='lat' dir='ltr'>regiam</span> <span class='ocrx_word' id='word_1_413' title='bbox 2831 1926 3100 1989; x_wconf 84' lang='lat' dir='ltr'>sobolem,</span> <span class='ocrx_word' id='word_1_414' title='bbox 3145 1929 3243 1978; x_wconf 89' lang='lat' dir='ltr'>aut</span> <span class='ocrx_word' id='word_1_415' title='bbox 3282 1923 3674 1995; x_wconf 86' lang='lat' dir='ltr'>posteritatem</span> <span class='ocrx_word' id='word_1_416' title='bbox 3704 1940 3879 1977; x_wconf 76' lang='lat' dir='ltr'>eone-</span> 
     </span>
    </p>
   </div>
   <div class='ocr_carea' id='block_1_64' title="bbox 2238 2017 3875 2090">
    <p class='ocr_par' dir='ltr' id='par_1_64' title="bbox 2238 2017 3875 2090">
     <span class='ocr_line' id='line_1_64' title="bbox 2238 2017 3875 2090; baseline -0.003 -16"><span class='ocrx_word' id='word_1_417' title='bbox 2238 2024 2329 2075; x_wconf 87' lang='lat' dir='ltr'>tur</span> <span class='ocrx_word' id='word_1_418' title='bbox 2351 2020 2660 2090; x_wconf 85' lang='lat' dir='ltr'>exspoliare</span> <span class='ocrx_word' id='word_1_419' title='bbox 2687 2020 2877 2086; x_wconf 91' lang='lat' dir='ltr'>rebus,</span> <span class='ocrx_word' id='word_1_420' title='bbox 2902 2024 2999 2073; x_wconf 88' lang='lat' dir='ltr'>aut</span> <span class='ocrx_word' id='word_1_421' title='bbox 3024 2018 3242 2089; x_wconf 88' lang='lat' dir='ltr'>privare</span> <span class='ocrx_word' id='word_1_422' title='bbox 3269 2017 3641 2087; x_wconf 87' lang='lat' dir='ltr'>dignitatibus</span> <span class='ocrx_word' id='word_1_423' title='bbox 3659 2017 3687 2070; x_wconf 88' lang='lat'><strong>?</strong></span> <span class='ocrx_word' id='word_1_424' title='bbox 3713 2017 3875 2086; x_wconf 88' lang='lat' dir='ltr'>quod</span> 
     </span>
    </p>
   </div>
   <div class='ocr_carea' id='block_1_65' title="bbox 2240 2109 3877 2183">
    <p class='ocr_par' dir='ltr' id='par_1_65' title="bbox 2240 2109 3877 2183">
     <span class='ocr_line' id='line_1_65' title="bbox 2240 2109 3877 2183; baseline -0.002 -16"><span class='ocrx_word' id='word_1_425' title='bbox 2240 2131 2311 2167; x_wconf 91' lang='lat' dir='ltr'>ne</span> <span class='ocrx_word' id='word_1_426' title='bbox 2343 2114 2457 2179; x_wconf 85' lang='lat' dir='ltr'>fiat,</span> <span class='ocrx_word' id='word_1_427' title='bbox 2481 2130 2607 2167; x_wconf 90' lang='lat' dir='ltr'>cum</span> <span class='ocrx_word' id='word_1_428' title='bbox 2637 2112 2921 2183; x_wconf 88' lang='lat' dir='ltr'>generalis</span> <span class='ocrx_word' id='word_1_429' title='bbox 2967 2115 3265 2182; x_wconf 88' lang='lat' dir='ltr'>promatur</span> <span class='ocrx_word' id='word_1_430' title='bbox 3312 2111 3382 2165; x_wconf 90' lang='lat' dir='ltr'>de</span> <span class='ocrx_word' id='word_1_431' title='bbox 3428 2109 3703 2180; x_wconf 89' lang='lat' dir='ltr'>principis</span> <span class='ocrx_word' id='word_1_432' title='bbox 3738 2110 3877 2163; x_wconf 90' lang='lat' dir='ltr'>ﬁliis</span> 
     </span>
    </p>
   </div>
   <div class='ocr_carea' id='block_1_66' title="bbox 2238 2202 3876 2277">
    <p class='ocr_par' dir='ltr' id='par_1_66' title="bbox 2238 2202 3876 2277">
     <span class='ocr_line' id='line_1_66' title="bbox 2238 2202 3876 2277; baseline -0.002 -17"><span class='ocrx_word' id='word_1_433' title='bbox 2238 2206 2536 2273; x_wconf 88' lang='lat' dir='ltr'>sententia,</span> <span class='ocrx_word' id='word_1_434' title='bbox 2591 2206 2660 2259; x_wconf 89' lang='lat' dir='ltr'>de</span> <span class='ocrx_word' id='word_1_435' title='bbox 2714 2206 2984 2277; x_wconf 66' lang='lat' dir='ltr'>prmsenti</span> <span class='ocrx_word' id='word_1_436' title='bbox 3038 2202 3499 2258; x_wconf 83' lang='lat' dir='ltr'>excellentissimi</span> <span class='ocrx_word' id='word_1_437' title='bbox 3537 2202 3876 2258; x_wconf 82' lang='lat' dir='ltr'>Chintillani</span> 
     </span>
    </p>
   </div>
   <div class='ocr_carea' id='block_1_67' title="bbox 2237 2295 3879 2370">
    <p class='ocr_par' dir='ltr' id='par_1_67' title="bbox 2237 2295 3879 2370">
     <span class='ocr_line' id='line_1_67' title="bbox 2237 2295 3879 2370; baseline -0.003 -16"><span class='ocrx_word' id='word_1_438' title='bbox 2237 2300 2391 2369; x_wconf 76' lang='lat' dir='ltr'>regis</span> <span class='ocrx_word' id='word_1_439' title='bbox 2422 2300 2745 2370; x_wconf 86' lang='lat' dir='ltr'>posteritate</span> <span class='ocrx_word' id='word_1_440' title='bbox 2775 2299 2981 2352; x_wconf 90' lang='lat' dir='ltr'>dantur</span> <span class='ocrx_word' id='word_1_441' title='bbox 3012 2301 3145 2367; x_wconf 89' lang='lat' dir='ltr'>apta</span> <span class='ocrx_word' id='word_1_442' title='bbox 3183 2297 3409 2351; x_wconf 87' lang='lat' dir='ltr'>decreta</span> <span class='ocrx_word' id='word_1_443' title='bbox 3432 2313 3464 2349; x_wconf 95' lang='lat' dir='ltr'>a</span> <span class='ocrx_word' id='word_1_444' title='bbox 3495 2295 3677 2362; x_wconf 89' lang='lat' dir='ltr'>nobis,</span> <span class='ocrx_word' id='word_1_445' title='bbox 3710 2299 3776 2349; x_wconf 91' lang='lat' dir='ltr'>ut</span> <span class='ocrx_word' id='word_1_446' title='bbox 3805 2312 3879 2350; x_wconf 85' lang='lat' dir='ltr'>ea</span> 
     </span>
    </p>
   </div>
   <div class='ocr_carea' id='block_1_68' title="bbox 2239 2389 3879 2463">
    <p class='ocr_par' dir='ltr' id='par_1_68' title="bbox 2239 2389 3879 2463">
     <span class='ocr_line' id='line_1_68' title="bbox 2239 2389 3879 2463; baseline -0.002 -17"><span class='ocrx_word' id='word_1_447' title='bbox 2239 2410 2365 2463; x_wconf 68' lang='lat' dir='ltr'>qua:</span> <span class='ocrx_word' id='word_1_448' title='bbox 2397 2393 2647 2463; x_wconf 90' lang='lat' dir='ltr'>synodus</span> <span class='ocrx_word' id='word_1_449' title='bbox 2678 2392 2966 2462; x_wconf 69' lang='lat' dir='ltr'>praeterito</span> <span class='ocrx_word' id='word_1_450' title='bbox 2994 2407 3147 2445; x_wconf 90' lang='lat' dir='ltr'>anno</span> <span class='ocrx_word' id='word_1_451' title='bbox 3178 2390 3238 2444; x_wconf 91' lang='lat' dir='ltr'>in</span> <span class='ocrx_word' id='word_1_452' title='bbox 3262 2390 3368 2444; x_wconf 91' lang='lat' dir='ltr'>hac</span> <span class='ocrx_word' id='word_1_453' title='bbox 3406 2389 3644 2444; x_wconf 86' lang='lat' dir='ltr'>ecclesia</span> <span class='ocrx_word' id='word_1_454' title='bbox 3671 2389 3879 2443; x_wconf 87' lang='lat' dir='ltr'>habita</span> 
     </span>
    </p>
   </div>
   <div class='ocr_carea' id='block_1_69' title="bbox 2238 2482 3880 2557">
    <p class='ocr_par' dir='ltr' id='par_1_69' title="bbox 2238 2482 3880 2557">
     <span class='ocr_line' id='line_1_69' title="bbox 2238 2482 3880 2557; baseline -0.003 -17"><span class='ocrx_word' id='word_1_455' title='bbox 2238 2486 2544 2552; x_wconf 81' lang='lat' dir='ltr'>Constituit,</span> <span class='ocrx_word' id='word_1_456' title='bbox 2591 2487 2735 2539; x_wconf 85' lang='lat' dir='ltr'>circa</span> <span class='ocrx_word' id='word_1_457' title='bbox 2781 2484 3436 2557; x_wconf 85' lang='lat' dir='ltr'>omnemposteritatem</span> <span class='ocrx_word' id='word_1_458' title='bbox 3481 2483 3605 2552; x_wconf 91' lang='lat' dir='ltr'>ejus</span> <span class='ocrx_word' id='word_1_459' title='bbox 3648 2482 3880 2536; x_wconf 83' lang='lat' dir='ltr'>univer-</span> 
     </span>
    </p>
   </div>
   <div class='ocr_carea' id='block_1_70' title="bbox 2238 2576 3878 2649">
    <p class='ocr_par' dir='ltr' id='par_1_70' title="bbox 2238 2576 3878 2649">
     <span class='ocr_line' id='line_1_70' title="bbox 2238 2576 3878 2649; baseline -0.002 -16"><span class='ocrx_word' id='word_1_460' title='bbox 2238 2580 2373 2633; x_wconf 87' lang='lat' dir='ltr'>sitas</span> <span class='ocrx_word' id='word_1_461' title='bbox 2400 2579 2561 2649; x_wconf 87' lang='lat' dir='ltr'>regni</span> <span class='ocrx_word' id='word_1_462' title='bbox 2595 2579 2677 2632; x_wconf 91' lang='lat' dir='ltr'>sui</span> <span class='ocrx_word' id='word_1_463' title='bbox 2707 2581 3020 2643; x_wconf 84' lang='lat' dir='ltr'>conservet,</span> <span class='ocrx_word' id='word_1_464' title='bbox 3046 2577 3151 2631; x_wconf 89' lang='lat' dir='ltr'>hoc</span> <span class='ocrx_word' id='word_1_465' title='bbox 3181 2579 3267 2631; x_wconf 90' lang='lat' dir='ltr'>est</span> <span class='ocrx_word' id='word_1_466' title='bbox 3297 2580 3357 2629; x_wconf 94' lang='lat' dir='ltr'>ut</span> <span class='ocrx_word' id='word_1_467' title='bbox 3381 2576 3701 2646; x_wconf 53' lang='lat' dir='ltr'>pralbeatur</span> <span class='ocrx_word' id='word_1_468' title='bbox 3741 2576 3878 2630; x_wconf 87' lang='lat' dir='ltr'>ﬁliis</span> 
     </span>
    </p>
   </div>
   <div class='ocr_carea' id='block_1_71' title="bbox 2237 2668 3877 2743">
    <p class='ocr_par' dir='ltr' id='par_1_71' title="bbox 2237 2668 3877 2743">
     <span class='ocr_line' id='line_1_71' title="bbox 2237 2668 3877 2743; baseline -0.002 -16"><span class='ocrx_word' id='word_1_469' title='bbox 2237 2674 2357 2743; x_wconf 90' lang='lat' dir='ltr'>ejus</span> <span class='ocrx_word' id='word_1_470' title='bbox 2379 2672 2601 2727; x_wconf 89' lang='lat' dir='ltr'>dilectio</span> <span class='ocrx_word' id='word_1_471' title='bbox 2646 2671 2894 2742; x_wconf 88' lang='lat' dir='ltr'>benigna</span> <span class='ocrx_word' id='word_1_472' title='bbox 2921 2676 2977 2725; x_wconf 87' lang='lat' dir='ltr'>et</span> <span class='ocrx_word' id='word_1_473' title='bbox 3002 2671 3191 2736; x_wconf 89' lang='lat' dir='ltr'>ﬁrma,</span> <span class='ocrx_word' id='word_1_474' title='bbox 3223 2674 3279 2724; x_wconf 87' lang='lat' dir='ltr'>et</span> <span class='ocrx_word' id='word_1_475' title='bbox 3301 2669 3624 2723; x_wconf 89' lang='lat' dir='ltr'>tribuantur</span> <span class='ocrx_word' id='word_1_476' title='bbox 3640 2668 3737 2722; x_wconf 91' lang='lat' dir='ltr'>ubi</span> <span class='ocrx_word' id='word_1_477' title='bbox 3762 2669 3877 2723; x_wconf 91' lang='lat' dir='ltr'>loci</span> 
     </span>
    </p>
   </div>
   <div class='ocr_carea' id='block_1_72' title="bbox 2237 2762 3873 2835">
    <p class='ocr_par' dir='ltr' id='par_1_72' title="bbox 2237 2762 3873 2835">
     <span class='ocr_line' id='line_1_72' title="bbox 2237 2762 3873 2835; baseline -0.003 -15"><span class='ocrx_word' id='word_1_478' title='bbox 2237 2764 2629 2835; x_wconf 89' lang='lat' dir='ltr'>opportunitas</span> <span class='ocrx_word' id='word_1_479' title='bbox 2646 2765 2963 2819; x_wconf 84' lang='lat' dir='ltr'>exhibuerit</span> <span class='ocrx_word' id='word_1_480' title='bbox 2979 2762 3323 2817; x_wconf 88' lang='lat' dir='ltr'>defensionis</span> <span class='ocrx_word' id='word_1_481' title='bbox 3340 2762 3685 2815; x_wconf 87' lang='lat' dir='ltr'>adminicula</span> <span class='ocrx_word' id='word_1_482' title='bbox 3693 2762 3873 2831; x_wconf 88' lang='lat' dir='ltr'>justa,</span> 
     </span>
    </p>
   </div>
   <div class='ocr_carea' id='block_1_73' title="bbox 2236 2854 3878 2927">
    <p class='ocr_par' dir='ltr' id='par_1_73' title="bbox 2236 2854 3878 2927">
     <span class='ocr_line' id='line_1_73' title="bbox 2236 2854 3878 2927; baseline -0.003 -15"><span class='ocrx_word' id='word_1_483' title='bbox 2236 2876 2308 2913; x_wconf 87' lang='lat' dir='ltr'>ne</span> <span class='ocrx_word' id='word_1_484' title='bbox 2340 2858 2409 2911; x_wconf 90' lang='lat' dir='ltr'>de</span> <span class='ocrx_word' id='word_1_485' title='bbox 2437 2858 2607 2912; x_wconf 90' lang='lat' dir='ltr'>rebus</span> <span class='ocrx_word' id='word_1_486' title='bbox 2643 2857 2798 2927; x_wconf 90' lang='lat' dir='ltr'>juste</span> <span class='ocrx_word' id='word_1_487' title='bbox 2842 2856 3177 2927; x_wconf 83' lang='lat' dir='ltr'>proﬂigatis,</span> <span class='ocrx_word' id='word_1_488' title='bbox 3205 2858 3303 2909; x_wconf 88' lang='lat' dir='ltr'>aut</span> <span class='ocrx_word' id='word_1_489' title='bbox 3345 2860 3644 2924; x_wconf 89' lang='lat' dir='ltr'>parentum</span> <span class='ocrx_word' id='word_1_490' title='bbox 3686 2854 3878 2925; x_wconf 90' lang='lat' dir='ltr'>digni-</span> 
     </span>
    </p>
   </div>
   <div class='ocr_carea' id='block_1_74' title="bbox 2236 2947 3876 3022">
    <p class='ocr_par' dir='ltr' id='par_1_74' title="bbox 2236 2947 3876 3022">
     <span class='ocr_line' id='line_1_74' title="bbox 2236 2947 3876 3022; baseline -0.004 -15"><span class='ocrx_word' id='word_1_491' title='bbox 2236 2957 2347 3007; x_wconf 88' lang='lat' dir='ltr'>tate</span> <span class='ocrx_word' id='word_1_492' title='bbox 2377 2951 2711 3022; x_wconf 88' lang='lat' dir='ltr'>procuratis,</span> <span class='ocrx_word' id='word_1_493' title='bbox 2744 2951 2830 3004; x_wconf 89' lang='lat' dir='ltr'>vel</span> <span class='ocrx_word' id='word_1_494' title='bbox 2857 2949 3119 3020; x_wconf 84' lang='lat' dir='ltr'>largitate</span> <span class='ocrx_word' id='word_1_495' title='bbox 3140 2948 3486 3019; x_wconf 91' lang='lat' dir='ltr'>principum,</span> <span class='ocrx_word' id='word_1_496' title='bbox 3514 2947 3601 3002; x_wconf 90' lang='lat' dir='ltr'>vel</span> <span class='ocrx_word' id='word_1_497' title='bbox 3631 2948 3876 3018; x_wconf 86' lang='lat' dir='ltr'>alicujus</span> 
     </span>
    </p>
   </div>
   <div class='ocr_carea' id='block_1_75' title="bbox 2234 3040 3877 3115">
    <p class='ocr_par' dir='ltr' id='par_1_75' title="bbox 2234 3040 3877 3115">
     <span class='ocr_line' id='line_1_75' title="bbox 2234 3040 3877 3115; baseline -0.002 -16"><span class='ocrx_word' id='word_1_498' title='bbox 2234 3044 2527 3115; x_wconf 90' lang='lat' dir='ltr'>impensis,</span> <span class='ocrx_word' id='word_1_499' title='bbox 2575 3046 2675 3097; x_wconf 89' lang='lat' dir='ltr'>aut</span> <span class='ocrx_word' id='word_1_500' title='bbox 2720 3043 2893 3097; x_wconf 89' lang='lat' dir='ltr'>etiam</span> <span class='ocrx_word' id='word_1_501' title='bbox 2923 3042 3266 3114; x_wconf 87' lang='lat' dir='ltr'>proprietate</span> <span class='ocrx_word' id='word_1_502' title='bbox 3297 3040 3502 3095; x_wconf 90' lang='lat' dir='ltr'>debitis</span> <span class='ocrx_word' id='word_1_503' title='bbox 3530 3040 3877 3095; x_wconf 87' lang='lat' dir='ltr'>fraudentur</span> 
     </span>
    </p>
   </div>
   <div class='ocr_carea' id='block_1_76' title="bbox 2235 3134 3875 3210">
    <p class='ocr_par' dir='ltr' id='par_1_76' title="bbox 2235 3134 3875 3210">
     <span class='ocr_line' id='line_1_76' title="bbox 2235 3134 3875 3210; baseline -0.004 -17"><span class='ocrx_word' id='word_1_504' title='bbox 2235 3138 2578 3210; x_wconf 90' lang='lat' dir='ltr'>quibuslibet</span> <span class='ocrx_word' id='word_1_505' title='bbox 2619 3136 2839 3191; x_wconf 90' lang='lat' dir='ltr'>insidiis</span> <span class='ocrx_word' id='word_1_506' title='bbox 2880 3134 3217 3205; x_wconf 87' lang='lat' dir='ltr'>calliditatis,</span> <span class='ocrx_word' id='word_1_507' title='bbox 3264 3151 3449 3206; x_wconf 89' lang='lat' dir='ltr'>neque</span> <span class='ocrx_word' id='word_1_508' title='bbox 3496 3151 3529 3188; x_wconf 89' lang='lat' dir='ltr'>a</span> <span class='ocrx_word' id='word_1_509' title='bbox 3576 3151 3875 3206; x_wconf 89' lang='lat' dir='ltr'>quoquam</span> 
     </span>
    </p>
   </div>
   <div class='ocr_carea' id='block_1_77' title="bbox 2233 3227 3871 3301">
    <p class='ocr_par' dir='ltr' id='par_1_77' title="bbox 2233 3227 3871 3301">
     <span class='ocr_line' id='line_1_77' title="bbox 2233 3227 3871 3301; baseline -0.003 -14"><span class='ocrx_word' id='word_1_510' title='bbox 2233 3231 2484 3287; x_wconf 71' lang='lat' dir='ltr'>laedendi</span> <span class='ocrx_word' id='word_1_511' title='bbox 2509 3248 2602 3285; x_wconf 90' lang='lat' dir='ltr'>eos</span> <span class='ocrx_word' id='word_1_512' title='bbox 2632 3231 2997 3301; x_wconf 85' lang='lat' dir='ltr'>praebeantur</span> <span class='ocrx_word' id='word_1_513' title='bbox 3039 3233 3378 3300; x_wconf 88' lang='lat' dir='ltr'>argumenta</span> <span class='ocrx_word' id='word_1_514' title='bbox 3405 3227 3871 3296; x_wconf 87' lang='lat' dir='ltr'>machinationis,</span> 
     </span>
    </p>
   </div>
   <div class='ocr_carea' id='block_1_78' title="bbox 2234 3322 3875 3396">
    <p class='ocr_par' dir='ltr' id='par_1_78' title="bbox 2234 3322 3875 3396">
     <span class='ocr_line' id='line_1_78' title="bbox 2234 3322 3875 3396; baseline -0.002 -17"><span class='ocrx_word' id='word_1_515' title='bbox 2234 3324 2363 3396; x_wconf 85' lang='lat' dir='ltr'>quia</span> <span class='ocrx_word' id='word_1_516' title='bbox 2396 3325 2637 3395; x_wconf 91' lang='lat' dir='ltr'>dignum</span> <span class='ocrx_word' id='word_1_517' title='bbox 2663 3329 2747 3379; x_wconf 91' lang='lat' dir='ltr'>est</span> <span class='ocrx_word' id='word_1_518' title='bbox 2773 3328 2838 3377; x_wconf 88' lang='lat' dir='ltr'>ut</span> <span class='ocrx_word' id='word_1_519' title='bbox 2857 3324 3018 3394; x_wconf 85' lang='lat' dir='ltr'>cujus</span> <span class='ocrx_word' id='word_1_520' title='bbox 3040 3322 3325 3394; x_wconf 89' lang='lat' dir='ltr'>regimine</span> <span class='ocrx_word' id='word_1_521' title='bbox 3357 3322 3636 3377; x_wconf 91' lang='lat' dir='ltr'>habemus</span> <span class='ocrx_word' id='word_1_522' title='bbox 3662 3322 3875 3376; x_wconf 90' lang='lat' dir='ltr'>securi-</span> 
     </span>
    </p>
   </div>
   <div class='ocr_carea' id='block_1_79' title="bbox 2235 3406 3872 3489">
    <p class='ocr_par' dir='ltr' id='par_1_79' title="bbox 2235 3406 3872 3489">
     <span class='ocr_line' id='line_1_79' title="bbox 2235 3406 3872 3489; baseline -0.002 -16"><span class='ocrx_word' id='word_1_523' title='bbox 2235 3422 2431 3485; x_wconf 88' lang='lat' dir='ltr'>tatem,</span> <span class='ocrx_word' id='word_1_524' title='bbox 2461 3418 2581 3489; x_wconf 92' lang='lat' dir='ltr'>ejus</span> <span class='ocrx_word' id='word_1_525' title='bbox 2608 3417 2931 3488; x_wconf 89' lang='lat' dir='ltr'>posteritati</span> <span class='ocrx_word' id='word_1_526' title='bbox 2960 3417 3187 3471; x_wconf 90' lang='lat' dir='ltr'>decreto</span> <span class='ocrx_word' id='word_1_527' title='bbox 3218 3414 3437 3470; x_wconf 91' lang='lat' dir='ltr'>concilii</span> <span class='ocrx_word' id='word_1_528' title='bbox 3469 3406 3872 3487; x_wconf 71' lang='lat' dir='ltr'>impertiamus</span> 
     </span>
    </p>
   </div>
   <div class='ocr_carea' id='block_1_80' title="bbox 2238 3507 3873 3583">
    <p class='ocr_par' dir='ltr' id='par_1_80' title="bbox 2238 3507 3873 3583">
     <span class='ocr_line' id='line_1_80' title="bbox 2238 3507 3873 3583; baseline -0.002 -17"><span class='ocrx_word' id='word_1_529' title='bbox 2238 3512 2507 3583; x_wconf 90' lang='lat' dir='ltr'>quietem.</span> <span class='ocrx_word' id='word_1_530' title='bbox 2554 3510 2809 3581; x_wconf 91' lang='lat' dir='ltr'>Denique</span> <span class='ocrx_word' id='word_1_531' title='bbox 2852 3514 3010 3564; x_wconf 89' lang='lat' dir='ltr'>tanta</span> <span class='ocrx_word' id='word_1_532' title='bbox 3053 3526 3191 3580; x_wconf 91' lang='lat' dir='ltr'>erga</span> <span class='ocrx_word' id='word_1_533' title='bbox 3231 3526 3334 3563; x_wconf 89' lang='lat' dir='ltr'>nos</span> <span class='ocrx_word' id='word_1_534' title='bbox 3378 3509 3553 3563; x_wconf 89' lang='lat' dir='ltr'>nostri</span> <span class='ocrx_word' id='word_1_535' title='bbox 3598 3507 3873 3581; x_wconf 87' lang='lat' dir='ltr'>principis</span> 
     </span>
    </p>
   </div>
   <div class='ocr_carea' id='block_1_81' title="bbox 2238 3602 3869 3674">
    <p class='ocr_par' dir='ltr' id='par_1_81' title="bbox 2238 3602 3869 3674">
     <span class='ocr_line' id='line_1_81' title="bbox 2238 3602 3869 3674; baseline -0.002 -14"><span class='ocrx_word' id='word_1_536' title='bbox 2238 3609 2463 3660; x_wconf 79' lang='lat' dir='ltr'>exstant</span> <span class='ocrx_word' id='word_1_537' title='bbox 2508 3605 2799 3670; x_wconf 86' lang='lat' dir='ltr'>beneficia,</span> <span class='ocrx_word' id='word_1_538' title='bbox 2834 3608 2895 3658; x_wconf 92' lang='lat' dir='ltr'>ut</span> <span class='ocrx_word' id='word_1_539' title='bbox 2920 3604 3159 3673; x_wconf 90' lang='lat' dir='ltr'>longum</span> <span class='ocrx_word' id='word_1_540' title='bbox 3210 3603 3283 3656; x_wconf 92' lang='lat' dir='ltr'>sit</span> <span class='ocrx_word' id='word_1_541' title='bbox 3324 3602 3611 3674; x_wconf 90' lang='lat' dir='ltr'>sigillatim</span> <span class='ocrx_word' id='word_1_542' title='bbox 3638 3618 3705 3656; x_wconf 88' lang='lat' dir='ltr'>ea</span> <span class='ocrx_word' id='word_1_543' title='bbox 3734 3619 3869 3672; x_wconf 88' lang='lat' dir='ltr'>pro-</span> 
     </span>
    </p>
   </div>
   <div class='ocr_carea' id='block_1_82' title="bbox 2236 3694 3867 3770">
    <p class='ocr_par' dir='ltr' id='par_1_82' title="bbox 2236 3694 3867 3770">
     <span class='ocr_line' id='line_1_82' title="bbox 2236 3694 3867 3770; baseline -0.002 -17"><span class='ocrx_word' id='word_1_544' title='bbox 2236 3717 2392 3753; x_wconf 87' lang='lat' dir='ltr'>mere</span> <span class='ocrx_word' id='word_1_545' title='bbox 2420 3699 2635 3770; x_wconf 90' lang='lat' dir='ltr'>lingua.</span> <span class='ocrx_word' id='word_1_546' title='bbox 2682 3700 2803 3769; x_wconf 91' lang='lat' dir='ltr'>Ipse</span> <span class='ocrx_word' id='word_1_547' title='bbox 2844 3697 2998 3751; x_wconf 90' lang='lat' dir='ltr'>enim</span> <span class='ocrx_word' id='word_1_548' title='bbox 3042 3701 3275 3750; x_wconf 88' lang='lat' dir='ltr'>auctore</span> <span class='ocrx_word' id='word_1_549' title='bbox 3316 3698 3427 3751; x_wconf 92' lang='lat' dir='ltr'>Deo</span> <span class='ocrx_word' id='word_1_550' title='bbox 3454 3694 3616 3749; x_wconf 91' lang='lat' dir='ltr'>nobis</span> <span class='ocrx_word' id='word_1_551' title='bbox 3643 3712 3867 3766; x_wconf 88' lang='lat' dir='ltr'>pacem,</span> 
     </span>
    </p>
   </div>
   <div class='ocr_carea' id='block_1_83' title="bbox 2237 3787 3869 3864">
    <p class='ocr_par' dir='ltr' id='par_1_83' title="bbox 2237 3787 3869 3864">
     <span class='ocr_line' id='line_1_83' title="bbox 2237 3787 3869 3864; baseline -0.002 -17"><span class='ocrx_word' id='word_1_552' title='bbox 2237 3793 2355 3863; x_wconf 91' lang='lat' dir='ltr'>ipse</span> <span class='ocrx_word' id='word_1_553' title='bbox 2385 3792 2546 3864; x_wconf 90' lang='lat' dir='ltr'>quasi</span> <span class='ocrx_word' id='word_1_554' title='bbox 2578 3790 2861 3862; x_wconf 90' lang='lat' dir='ltr'>captivam</span> <span class='ocrx_word' id='word_1_555' title='bbox 2906 3789 3131 3844; x_wconf 87' lang='lat' dir='ltr'>reduxit</span> <span class='ocrx_word' id='word_1_556' title='bbox 3169 3789 3521 3856; x_wconf 90' lang='lat' dir='ltr'>charitatem,</span> <span class='ocrx_word' id='word_1_557' title='bbox 3557 3787 3735 3859; x_wconf 88' lang='lat' dir='ltr'>ipsius</span> <span class='ocrx_word' id='word_1_558' title='bbox 3761 3806 3869 3860; x_wconf 90' lang='lat' dir='ltr'>ope</span> 
     </span>
    </p>
   </div>
   <div class='ocr_carea' id='block_1_84' title="bbox 2239 3882 3869 3957">
    <p class='ocr_par' dir='ltr' id='par_1_84' title="bbox 2239 3882 3869 3957">
     <span class='ocr_line' id='line_1_84' title="bbox 2239 3882 3869 3957; baseline -0.002 -17"><span class='ocrx_word' id='word_1_559' title='bbox 2239 3886 2435 3956; x_wconf 91' lang='lat' dir='ltr'>quieti,</span> <span class='ocrx_word' id='word_1_560' title='bbox 2483 3885 2660 3957; x_wconf 88' lang='lat' dir='ltr'>ipsius</span> <span class='ocrx_word' id='word_1_561' title='bbox 2704 3900 2901 3938; x_wconf 91' lang='lat' dir='ltr'>sumus</span> <span class='ocrx_word' id='word_1_562' title='bbox 2936 3882 3232 3953; x_wconf 90' lang='lat' dir='ltr'>largitione</span> <span class='ocrx_word' id='word_1_563' title='bbox 3263 3882 3446 3948; x_wconf 89' lang='lat' dir='ltr'>ditati,</span> <span class='ocrx_word' id='word_1_564' title='bbox 3475 3882 3593 3953; x_wconf 90' lang='lat' dir='ltr'>ipse</span> <span class='ocrx_word' id='word_1_565' title='bbox 3621 3882 3869 3937; x_wconf 88' lang='lat' dir='ltr'>medica-</span> 
     </span>
    </p>
   </div>
   <div class='ocr_carea' id='block_1_85' title="bbox 2236 3975 3870 4047">
    <p class='ocr_par' dir='ltr' id='par_1_85' title="bbox 2236 3975 3870 4047">
     <span class='ocr_line' id='line_1_85' title="bbox 2236 3975 3870 4047; baseline -0.003 -13"><span class='ocrx_word' id='word_1_566' title='bbox 2236 3980 2391 4033; x_wconf 89' lang='lat' dir='ltr'>mine</span> <span class='ocrx_word' id='word_1_567' title='bbox 2419 3978 2690 4034; x_wconf 90' lang='lat' dir='ltr'>bonitatis</span> <span class='ocrx_word' id='word_1_568' title='bbox 2714 3994 2849 4044; x_wconf 75' lang='lat' dir='ltr'>suze,</span> <span class='ocrx_word' id='word_1_569' title='bbox 2881 3980 2937 4031; x_wconf 90' lang='lat' dir='ltr'>et</span> <span class='ocrx_word' id='word_1_570' title='bbox 2964 3976 3072 4031; x_wconf 90' lang='lat' dir='ltr'>reis</span> <span class='ocrx_word' id='word_1_571' title='bbox 3099 3975 3373 4047; x_wconf 91' lang='lat' dir='ltr'>pepercit,</span> <span class='ocrx_word' id='word_1_572' title='bbox 3408 3980 3463 4029; x_wconf 91' lang='lat' dir='ltr'>et</span> <span class='ocrx_word' id='word_1_573' title='bbox 3494 3980 3677 4029; x_wconf 88' lang='lat' dir='ltr'>rectos</span> <span class='ocrx_word' id='word_1_574' title='bbox 3706 3976 3870 4030; x_wconf 87' lang='lat' dir='ltr'>subli-</span> 
     </span>
    </p>
   </div>
   <div class='ocr_carea' id='block_1_86' title="bbox 2239 4068 3865 4142">
    <p class='ocr_par' dir='ltr' id='par_1_86' title="bbox 2239 4068 3865 4142">
     <span class='ocr_line' id='line_1_86' title="bbox 2239 4068 3865 4142; baseline -0.002 -16"><span class='ocrx_word' id='word_1_575' title='bbox 2239 4072 2431 4127; x_wconf 90' lang='lat' dir='ltr'>mavit.</span> <span class='ocrx_word' id='word_1_576' title='bbox 2450 4072 2549 4127; x_wconf 89' lang='lat' dir='ltr'>Cui</span> <span class='ocrx_word' id='word_1_577' title='bbox 2565 4071 2612 4125; x_wconf 91' lang='lat' dir='ltr'>si</span> <span class='ocrx_word' id='word_1_578' title='bbox 2628 4070 2817 4142; x_wconf 89' lang='lat' dir='ltr'>dignis</span> <span class='ocrx_word' id='word_1_579' title='bbox 2830 4070 3177 4125; x_wconf 86' lang='lat' dir='ltr'>voluerimus</span> <span class='ocrx_word' id='word_1_580' title='bbox 3195 4068 3538 4140; x_wconf 91' lang='lat' dir='ltr'>respondere</span> <span class='ocrx_word' id='word_1_581' title='bbox 3555 4068 3865 4137; x_wconf 89' lang='lat' dir='ltr'>beneﬁciis,</span> 
     </span>
    </p>
   </div>
   <div class='ocr_carea' id='block_1_87' title="bbox 2241 4162 3867 4235">
    <p class='ocr_par' dir='ltr' id='par_1_87' title="bbox 2241 4162 3867 4235">
     <span class='ocr_line' id='line_1_87' title="bbox 2241 4162 3867 4235; baseline -0.001 -15"><span class='ocrx_word' id='word_1_582' title='bbox 2241 4183 2351 4220; x_wconf 92' lang='lat' dir='ltr'>non</span> <span class='ocrx_word' id='word_1_583' title='bbox 2397 4165 2567 4220; x_wconf 88' lang='lat' dir='ltr'>tantis</span> <span class='ocrx_word' id='word_1_584' title='bbox 2606 4170 2885 4219; x_wconf 88' lang='lat' dir='ltr'>exstamus</span> <span class='ocrx_word' id='word_1_585' title='bbox 2929 4163 3108 4235; x_wconf 82' lang='lat' dir='ltr'>copiis</span> <span class='ocrx_word' id='word_1_586' title='bbox 3156 4162 3396 4232; x_wconf 88' lang='lat' dir='ltr'>virtutis,</span> <span class='ocrx_word' id='word_1_587' title='bbox 3439 4162 3647 4234; x_wconf 88' lang='lat' dir='ltr'>quibus</span> <span class='ocrx_word' id='word_1_588' title='bbox 3690 4165 3867 4218; x_wconf 74' lang='lat' dir='ltr'>tantae</span> 
     </span>
    </p>
   </div>
   <div class='ocr_carea' id='block_1_88' title="bbox 2238 4258 3085 4313">
    <p class='ocr_par' dir='ltr' id='par_1_88' title="bbox 2238 4258 3085 4313">
     <span class='ocr_line' id='line_1_88' title="bbox 2238 4258 3085 4313; baseline -0.002 0"><span class='ocrx_word' id='word_1_589' title='bbox 2238 4265 2366 4313; x_wconf 90' lang='lat' dir='ltr'>voto</span> <span class='ocrx_word' id='word_1_590' title='bbox 2393 4258 2737 4313; x_wconf 87' lang='lat' dir='ltr'>sufﬁciamus</span> <span class='ocrx_word' id='word_1_591' title='bbox 2764 4258 3085 4312; x_wconf 81' lang='lat' dir='ltr'>voluntatis.</span> 
     </span>
    </p>
   </div>
   <div class='ocr_carea' id='block_1_89' title="bbox 2311 4348 3866 4420">
    <p class='ocr_par' dir='ltr' id='par_1_89' title="bbox 2311 4348 3866 4420">
     <span class='ocr_line' id='line_1_89' title="bbox 2311 4348 3866 4420; baseline -0.001 -13"><span class='ocrx_word' id='word_1_592' title='bbox 2311 4354 2461 4407; x_wconf 80' lang='lat' dir='ltr'>XVII.</span> <span class='ocrx_word' id='word_1_593' title='bbox 2494 4352 2776 4417; x_wconf 91' lang='lat' dir='ltr'>Quoniam</span> <span class='ocrx_word' id='word_1_594' title='bbox 2800 4351 2859 4405; x_wconf 90' lang='lat' dir='ltr'>in</span> <span class='ocrx_word' id='word_1_595' title='bbox 2892 4350 3130 4405; x_wconf 90' lang='lat' dir='ltr'>concilio</span> <span class='ocrx_word' id='word_1_596' title='bbox 3174 4349 3467 4418; x_wconf 84' lang='lat' dir='ltr'>anteriori,</span> <span class='ocrx_word' id='word_1_597' title='bbox 3515 4348 3670 4420; x_wconf 92' lang='lat' dir='ltr'>quod</span> <span class='ocrx_word' id='word_1_598' title='bbox 3713 4366 3866 4405; x_wconf 88' lang='lat' dir='ltr'>anno</span> 
     </span>
    </p>
   </div>
   <div class='ocr_carea' id='block_1_90' title="bbox 2242 4442 3869 4516">
    <p class='ocr_par' dir='ltr' id='par_1_90' title="bbox 2242 4442 3869 4516">
     <span class='ocr_line' id='line_1_90' title="bbox 2242 4442 3869 4516; baseline -0.001 -16"><span class='ocrx_word' id='word_1_599' title='bbox 2242 4446 2426 4516; x_wconf 90' lang='lat' dir='ltr'>primo</span> <span class='ocrx_word' id='word_1_600' title='bbox 2455 4445 2687 4515; x_wconf 88' lang='lat' dir='ltr'>gloriosi</span> <span class='ocrx_word' id='word_1_601' title='bbox 2714 4444 2983 4515; x_wconf 88' lang='lat' dir='ltr'>principis</span> <span class='ocrx_word' id='word_1_602' title='bbox 3012 4443 3193 4498; x_wconf 87' lang='lat' dir='ltr'>nostri</span> <span class='ocrx_word' id='word_1_603' title='bbox 3225 4442 3482 4497; x_wconf 90' lang='lat' dir='ltr'>habitum</span> <span class='ocrx_word' id='word_1_604' title='bbox 3527 4446 3631 4511; x_wconf 87' lang='lat' dir='ltr'>est,</span> <span class='ocrx_word' id='word_1_605' title='bbox 3671 4442 3742 4499; x_wconf 93' lang='lat' dir='ltr'>de</span> <span class='ocrx_word' id='word_1_606' title='bbox 3767 4443 3869 4498; x_wconf 88' lang='lat' dir='ltr'>hu-</span> 
     </span>
    </p>
   </div>
   <div class='ocr_carea' id='block_1_91' title="bbox 508 4534 3876 4610">
    <p class='ocr_par' dir='ltr' id='par_1_91' title="bbox 508 4534 3876 4610">
     <span class='ocr_line' id='line_1_91' title="bbox 508 4534 3876 4610; baseline -0.001 -17"><span class='ocrx_word' id='word_1_607' title='bbox 508 4537 821 4593; x_wconf 88' lang='lat' dir='ltr'>decreverit</span> <span class='ocrx_word' id='word_1_608' title='bbox 849 4535 1176 4591; x_wconf 89' lang='lat' dir='ltr'>conferendi</span> <span class='ocrx_word' id='word_1_609' title='bbox 1215 4540 1527 4607; x_wconf 86' lang='lat' dir='ltr'>spontaneo</span> <span class='ocrx_word' id='word_1_610' title='bbox 1576 4535 1843 4591; x_wconf 90' lang='lat' dir='ltr'>fruantur</span> <span class='ocrx_word' id='word_1_611' title='bbox 1880 4537 2135 4592; x_wconf 90' lang='lat' dir='ltr'>arbitrio.</span> <span class='ocrx_word' id='word_1_612' title='bbox 2158 4534 2219 4606; x_wconf 76' lang='grc' dir='ltr'><strong>Β</strong></span> <span class='ocrx_word' id='word_1_613' title='bbox 2234 4539 2487 4610; x_wconf 88' lang='lat' dir='ltr'>jusmodi</span> <span class='ocrx_word' id='word_1_614' title='bbox 2505 4556 2565 4593; x_wconf 90' lang='lat' dir='ltr'>re</span> <span class='ocrx_word' id='word_1_615' title='bbox 2581 4538 3123 4609; x_wconf 88' lang='lat' dir='ltr'>fueritpromulgata</span> <span class='ocrx_word' id='word_1_616' title='bbox 3136 4536 3439 4605; x_wconf 88' lang='lat' dir='ltr'>sententia,</span> <span class='ocrx_word' id='word_1_617' title='bbox 3471 4541 3663 4591; x_wconf 87' lang='lat' dir='ltr'>tamen</span> <span class='ocrx_word' id='word_1_618' title='bbox 3691 4538 3876 4607; x_wconf 88' lang='lat' dir='ltr'>placet</span> 
     </span>
    </p>
   </div>
   <div class='ocr_carea' id='block_1_92' title="bbox 507 4629 2147 4701">
    <p class='ocr_par' dir='ltr' id='par_1_92' title="bbox 507 4629 2147 4701">
     <span class='ocr_line' id='line_1_92' title="bbox 507 4629 2147 4701; baseline -0.001 -13"><span class='ocrx_word' id='word_1_619' title='bbox 507 4635 787 4689; x_wconf 66' lang='lat' dir='ltr'>Cmterum</span> <span class='ocrx_word' id='word_1_620' title='bbox 814 4631 855 4685; x_wconf 95' lang='lat' dir='ltr'>si</span> <span class='ocrx_word' id='word_1_621' title='bbox 886 4629 1125 4685; x_wconf 89' lang='lat' dir='ltr'>inﬁdelis</span> <span class='ocrx_word' id='word_1_622' title='bbox 1154 4630 1461 4701; x_wconf 88' lang='lat' dir='ltr'>quisquam</span> <span class='ocrx_word' id='word_1_623' title='bbox 1510 4629 1568 4683; x_wconf 92' lang='lat' dir='ltr'>in</span> <span class='ocrx_word' id='word_1_624' title='bbox 1615 4630 1797 4700; x_wconf 91' lang='lat' dir='ltr'>capite</span> <span class='ocrx_word' id='word_1_625' title='bbox 1849 4631 2008 4701; x_wconf 91' lang='lat' dir='ltr'>regio</span> <span class='ocrx_word' id='word_1_626' title='bbox 2047 4636 2147 4686; x_wconf 91' lang='lat' dir='ltr'>aut</span> 
     </span>
    </p>
   </div>
   <div class='ocr_carea' id='block_1_93' title="bbox 508 4723 2145 4794">
    <p class='ocr_par' dir='ltr' id='par_1_93' title="bbox 508 4723 2145 4794">
     <span class='ocr_line' id='line_1_93' title="bbox 508 4723 2145 4794; baseline 0 -15"><span class='ocrx_word' id='word_1_627' title='bbox 508 4725 725 4779; x_wconf 89' lang='lat' dir='ltr'>inutilis</span> <span class='ocrx_word' id='word_1_628' title='bbox 756 4725 812 4778; x_wconf 89' lang='lat' dir='ltr'>in</span> <span class='ocrx_word' id='word_1_629' title='bbox 842 4724 1011 4778; x_wconf 91' lang='lat' dir='ltr'>rebus</span> <span class='ocrx_word' id='word_1_630' title='bbox 1031 4723 1363 4794; x_wconf 89' lang='lat' dir='ltr'>commissis,</span> <span class='ocrx_word' id='word_1_631' title='bbox 1390 4726 1669 4794; x_wconf 65' lang='lat' dir='ltr'>praesente</span> <span class='ocrx_word' id='word_1_632' title='bbox 1691 4724 1927 4778; x_wconf 92' lang='lat' dir='ltr'>domino</span> <span class='ocrx_word' id='word_1_633' title='bbox 1953 4729 2145 4779; x_wconf 90' lang='lat' dir='ltr'>nostro</span> 
     </span>
    </p>
   </div>
   <div class='ocr_carea' id='block_1_94' title="bbox 509 4815 2145 4889">
    <p class='ocr_par' dir='ltr' id='par_1_94' title="bbox 509 4815 2145 4889">
     <span class='ocr_line' id='line_1_94' title="bbox 509 4815 2145 4889; baseline 0.001 -18"><span class='ocrx_word' id='word_1_634' title='bbox 509 4818 762 4889; x_wconf 86' lang='lat' dir='ltr'>piissimo</span> <span class='ocrx_word' id='word_1_635' title='bbox 780 4817 1123 4872; x_wconf 69' lang='lat' dir='ltr'>Cliintillano</span> <span class='ocrx_word' id='word_1_636' title='bbox 1151 4834 1287 4889; x_wconf 90' lang='lat' dir='ltr'>rege</span> <span class='ocrx_word' id='word_1_637' title='bbox 1306 4816 1603 4884; x_wconf 81' lang='lat' dir='ltr'>exstiterit,</span> <span class='ocrx_word' id='word_1_638' title='bbox 1623 4815 1682 4869; x_wconf 92' lang='lat' dir='ltr'>in</span> <span class='ocrx_word' id='word_1_639' title='bbox 1702 4816 2007 4872; x_wconf 90' lang='lat' dir='ltr'>clementia</span> <span class='ocrx_word' id='word_1_640' title='bbox 2023 4819 2071 4889; x_wconf 89' lang='lat' dir='ltr'>ej</span> <span class='ocrx_word' id='word_1_641' title='bbox 2083 4836 2145 4873; x_wconf 91' lang='lat' dir='ltr'>us</span> 
     </span>
    </p>
   </div>
   <div class='ocr_carea' id='block_1_95' title="bbox 510 4908 2145 4982">
    <p class='ocr_par' dir='ltr' id='par_1_95' title="bbox 510 4908 2145 4982">
     <span class='ocr_line' id='line_1_95' title="bbox 510 4908 2145 4982; baseline 0 -17"><span class='ocrx_word' id='word_1_642' title='bbox 510 4916 737 4966; x_wconf 85' lang='lat' dir='ltr'>maneat</span> <span class='ocrx_word' id='word_1_643' title='bbox 762 4911 1055 4982; x_wconf 86' lang='lat' dir='ltr'>potestatis</span> <span class='ocrx_word' id='word_1_644' title='bbox 1082 4927 1185 4965; x_wconf 92' lang='lat' dir='ltr'>suo</span> <span class='ocrx_word' id='word_1_645' title='bbox 1216 4915 1361 4964; x_wconf 89' lang='lat' dir='ltr'>nutu</span> <span class='ocrx_word' id='word_1_646' title='bbox 1382 4908 1782 4963; x_wconf 87' lang='lat' dir='ltr'>constituenda</span> <span class='ocrx_word' id='word_1_647' title='bbox 1813 4910 2145 4980; x_wconf 90' lang='lat' dir='ltr'>hujusmodi</span> 
     </span>
    </p>
   </div>
   <div class='ocr_carea' id='block_1_96' title="bbox 514 5000 2143 5074">
    <p class='ocr_par' dir='ltr' id='par_1_96' title="bbox 514 5000 2143 5074">
     <span class='ocr_line' id='line_1_96' title="bbox 514 5000 2143 5074; baseline -0.001 -15"><span class='ocrx_word' id='word_1_648' title='bbox 514 5004 847 5071; x_wconf 85' lang='lat' dir='ltr'>moderatio,</span> <span class='ocrx_word' id='word_1_649' title='bbox 881 5003 1035 5058; x_wconf 84' lang='lat' dir='ltr'>nefas</span> <span class='ocrx_word' id='word_1_650' title='bbox 1061 5007 1145 5058; x_wconf 90' lang='lat' dir='ltr'>est</span> <span class='ocrx_word' id='word_1_651' title='bbox 1168 5003 1323 5058; x_wconf 89' lang='lat' dir='ltr'>enim</span> <span class='ocrx_word' id='word_1_652' title='bbox 1355 5001 1413 5055; x_wconf 92' lang='lat' dir='ltr'>in</span> <span class='ocrx_word' id='word_1_653' title='bbox 1443 5000 1681 5055; x_wconf 90' lang='lat' dir='ltr'>dubium</span> <span class='ocrx_word' id='word_1_654' title='bbox 1716 5001 1993 5058; x_wconf 91' lang='lat' dir='ltr'>deducere</span> <span class='ocrx_word' id='word_1_655' title='bbox 2022 5004 2143 5074; x_wconf 90' lang='lat' dir='ltr'>ejus</span> 
     </span>
    </p>
   </div>
   <div class='ocr_carea' id='block_1_97' title="bbox 513 5094 2143 5167">
    <p class='ocr_par' dir='ltr' id='par_1_97' title="bbox 513 5094 2143 5167">
     <span class='ocr_line' id='line_1_97' title="bbox 513 5094 2143 5167; baseline 0 -15"><span class='ocrx_word' id='word_1_656' title='bbox 513 5101 865 5167; x_wconf 77' lang='lat' dir='ltr'>potestatem,</span> <span class='ocrx_word' id='word_1_657' title='bbox 895 5098 985 5151; x_wconf 92' lang='lat' dir='ltr'>cui</span> <span class='ocrx_word' id='word_1_658' title='bbox 1012 5096 1271 5151; x_wconf 89' lang='lat' dir='ltr'>omnium</span> <span class='ocrx_word' id='word_1_659' title='bbox 1294 5094 1632 5166; x_wconf 86' lang='lat' dir='ltr'>gubernatio</span> <span class='ocrx_word' id='word_1_660' title='bbox 1655 5110 1899 5165; x_wconf 90' lang='lat' dir='ltr'>superno</span> <span class='ocrx_word' id='word_1_661' title='bbox 1924 5101 2143 5152; x_wconf 90' lang='lat' dir='ltr'>constat</span> 
     </span>
    </p>
   </div>
   <div class='ocr_carea' id='block_1_98' title="bbox 510 5187 2140 5261">
    <p class='ocr_par' dir='ltr' id='par_1_98' title="bbox 510 5187 2140 5261">
     <span class='ocr_line' id='line_1_98' title="bbox 510 5187 2140 5261; baseline 0.001 -17"><span class='ocrx_word' id='word_1_662' title='bbox 510 5190 776 5261; x_wconf 86' lang='lat' dir='ltr'>delegata</span> <span class='ocrx_word' id='word_1_663' title='bbox 796 5189 1032 5260; x_wconf 89' lang='lat' dir='ltr'>judicio.</span> <span class='ocrx_word' id='word_1_664' title='bbox 1061 5188 1221 5253; x_wconf 88' lang='lat' dir='ltr'>Quod</span> <span class='ocrx_word' id='word_1_665' title='bbox 1269 5187 1314 5241; x_wconf 91' lang='lat' dir='ltr'>si</span> <span class='ocrx_word' id='word_1_666' title='bbox 1361 5190 1489 5257; x_wconf 86' lang='lat' dir='ltr'>post</span> <span class='ocrx_word' id='word_1_667' title='bbox 1539 5187 1832 5243; x_wconf 88' lang='lat' dir='ltr'>decessum</span> <span class='ocrx_word' id='word_1_668' title='bbox 1862 5189 2140 5261; x_wconf 91' lang='lat' dir='ltr'>quispiam</span> 
     </span>
    </p>
   </div>
   <div class='ocr_carea' id='block_1_99' title="bbox 510 5279 2141 5355">
    <p class='ocr_par' dir='ltr' id='par_1_99' title="bbox 510 5279 2141 5355">
     <span class='ocr_line' id='line_1_99' title="bbox 510 5279 2141 5355; baseline 0 -17"><span class='ocrx_word' id='word_1_669' title='bbox 510 5286 770 5354; x_wconf 89' lang='lat' dir='ltr'>repertus</span> <span class='ocrx_word' id='word_1_670' title='bbox 811 5282 985 5337; x_wconf 89' lang='lat' dir='ltr'>fuerit</span> <span class='ocrx_word' id='word_1_671' title='bbox 1027 5282 1148 5353; x_wconf 86' lang='lat' dir='ltr'>ejus</span> <span class='ocrx_word' id='word_1_672' title='bbox 1192 5280 1318 5335; x_wconf 70' lang='lat' dir='ltr'>vita:</span> <span class='ocrx_word' id='word_1_673' title='bbox 1362 5280 1536 5334; x_wconf 87' lang='lat' dir='ltr'>fuisse</span> <span class='ocrx_word' id='word_1_674' title='bbox 1570 5279 1833 5339; x_wconf 87' lang='lat' dir='ltr'>inﬁdelis.</span> <span class='ocrx_word' id='word_1_675' title='bbox 1863 5284 2141 5355; x_wconf 90' lang='lat' dir='ltr'>quidquid</span> 
     </span>
    </p>
   </div>
   <div class='ocr_carea' id='block_1_100' title="bbox 508 5373 2137 5447">
    <p class='ocr_par' dir='ltr' id='par_1_100' title="bbox 508 5373 2137 5447">
     <span class='ocr_line' id='line_1_100' title="bbox 508 5373 2137 5447; baseline 0 -17"><span class='ocrx_word' id='word_1_676' title='bbox 508 5376 775 5447; x_wconf 83' lang='lat' dir='ltr'>largitate</span> <span class='ocrx_word' id='word_1_677' title='bbox 816 5374 993 5446; x_wconf 89' lang='lat' dir='ltr'>ipsius</span> <span class='ocrx_word' id='word_1_678' title='bbox 1036 5374 1096 5427; x_wconf 89' lang='lat' dir='ltr'>in</span> <span class='ocrx_word' id='word_1_679' title='bbox 1143 5373 1311 5428; x_wconf 85' lang='lat' dir='ltr'>rebus</span> <span class='ocrx_word' id='word_1_680' title='bbox 1342 5373 1540 5429; x_wconf 87' lang='lat' dir='ltr'>habuit</span> <span class='ocrx_word' id='word_1_681' title='bbox 1568 5374 1900 5446; x_wconf 88' lang='lat' dir='ltr'>conquisitis</span> <span class='ocrx_word' id='word_1_682' title='bbox 1930 5380 2137 5444; x_wconf 88' lang='lat' dir='ltr'>careat,</span> 
     </span>
    </p>
   </div>
   <div class='ocr_carea' id='block_1_101' title="bbox 509 5466 1713 5539">
    <p class='ocr_par' dir='ltr' id='par_1_101' title="bbox 509 5466 1713 5539">
     <span class='ocr_line' id='line_1_101' title="bbox 509 5466 1713 5539; baseline -0.002 -15"><span class='ocrx_word' id='word_1_683' title='bbox 509 5469 871 5524; x_wconf 73' lang='lat' dir='ltr'>conliscando</span> <span class='ocrx_word' id='word_1_684' title='bbox 899 5468 995 5521; x_wconf 92' lang='lat' dir='ltr'>illo</span> <span class='ocrx_word' id='word_1_685' title='bbox 1028 5470 1084 5521; x_wconf 87' lang='lat' dir='ltr'>et</span> <span class='ocrx_word' id='word_1_686' title='bbox 1115 5466 1371 5521; x_wconf 87' lang='lat' dir='ltr'>ﬁdelibus</span> <span class='ocrx_word' id='word_1_687' title='bbox 1398 5468 1713 5539; x_wconf 86' lang='lat' dir='ltr'>largiendo.</span> 
     </span>
    </p>
   </div>
   <div class='ocr_carea' id='block_1_102' title="bbox 583 5561 2136 5631">
    <p class='ocr_par' dir='ltr' id='par_1_102' title="bbox 583 5561 2136 5631">
     <span class='ocr_line' id='line_1_102' title="bbox 583 5561 2136 5631; baseline -0.001 -14"><span class='ocrx_word' id='word_1_688' title='bbox 583 5564 688 5617; x_wconf 77' lang='lat' dir='ltr'>XV.</span> <span class='ocrx_word' id='word_1_689' title='bbox 716 5563 855 5627; x_wconf 87' lang='lat' dir='ltr'>Quia</span> <span class='ocrx_word' id='word_1_690' title='bbox 901 5561 990 5615; x_wconf 85' lang='lat' dir='ltr'>his</span> <span class='ocrx_word' id='word_1_691' title='bbox 1033 5561 1129 5631; x_wconf 85' lang='lat' dir='ltr'>qui</span> <span class='ocrx_word' id='word_1_692' title='bbox 1176 5561 1523 5631; x_wconf 85' lang='lat' dir='ltr'>principibus</span> <span class='ocrx_word' id='word_1_693' title='bbox 1569 5562 1739 5629; x_wconf 64' lang='lat' dir='ltr'>digne</span> <span class='ocrx_word' id='word_1_694' title='bbox 1792 5561 2136 5631; x_wconf 81' lang='lat' dir='ltr'>deserviunt,</span> 
     </span>
    </p>
   </div>
   <div class='ocr_carea' id='block_1_103' title="bbox 510 5653 2138 5727">
    <p class='ocr_par' dir='ltr' id='par_1_103' title="bbox 510 5653 2138 5727">
     <span class='ocr_line' id='line_1_103' title="bbox 510 5653 2138 5727; baseline 0.001 -18"><span class='ocrx_word' id='word_1_695' title='bbox 510 5661 682 5727; x_wconf 85' lang='lat' dir='ltr'>atque</span> <span class='ocrx_word' id='word_1_696' title='bbox 707 5653 1096 5710; x_wconf 88' lang='lat' dir='ltr'>deferentibus</span> <span class='ocrx_word' id='word_1_697' title='bbox 1122 5654 1285 5708; x_wconf 87' lang='lat' dir='ltr'>ﬁdele</span> <span class='ocrx_word' id='word_1_698' title='bbox 1316 5654 1422 5707; x_wconf 88' lang='lat' dir='ltr'>illis</span> <span class='ocrx_word' id='word_1_699' title='bbox 1445 5654 1780 5725; x_wconf 83' lang='lat' dir='ltr'>obsequium</span> <span class='ocrx_word' id='word_1_700' title='bbox 1798 5658 2017 5710; x_wconf 89' lang='lat' dir='ltr'>constat</span> <span class='ocrx_word' id='word_1_701' title='bbox 2035 5672 2138 5711; x_wconf 92' lang='lat' dir='ltr'>nos</span> 
     </span>
    </p>
   </div>
   <div class='ocr_carea' id='block_1_104' title="bbox 503 5748 2135 5819">
    <p class='ocr_par' dir='ltr' id='par_1_104' title="bbox 503 5748 2135 5819">
     <span class='ocr_line' id='line_1_104' title="bbox 503 5748 2135 5819; baseline 0.002 -20"><span class='ocrx_word' id='word_1_702' title='bbox 503 5749 785 5818; x_wconf 83' lang='lat' dir='ltr'>optimum</span> <span class='ocrx_word' id='word_1_703' title='bbox 815 5748 1163 5802; x_wconf 83' lang='lat' dir='ltr'>ministrasse</span> <span class='ocrx_word' id='word_1_704' title='bbox 1194 5748 1546 5819; x_wconf 71' lang='lat' dir='ltr'>suffragium,</span> <span class='ocrx_word' id='word_1_705' title='bbox 1582 5748 1718 5801; x_wconf 90' lang='lat' dir='ltr'>dum</span> <span class='ocrx_word' id='word_1_706' title='bbox 1738 5749 1890 5818; x_wconf 85' lang='lat' dir='ltr'>juste</span> <span class='ocrx_word' id='word_1_707' title='bbox 1922 5767 1954 5802; x_wconf 89' lang='lat' dir='ltr'>a</span> <span class='ocrx_word' id='word_1_708' title='bbox 1985 5748 2135 5819; x_wconf 87' lang='lat' dir='ltr'>prin-</span> 
     </span>
    </p>
   </div>
   <div class='ocr_carea' id='block_1_105' title="bbox 496 5840 2132 5912">
    <p class='ocr_par' dir='ltr' id='par_1_105' title="bbox 496 5840 2132 5912">
     <span class='ocr_line' id='line_1_105' title="bbox 496 5840 2132 5912; baseline 0.005 -23"><span class='ocrx_word' id='word_1_709' title='bbox 496 5840 714 5909; x_wconf 75' lang='lat' dir='ltr'>ripibus</span> <span class='ocrx_word' id='word_1_710' title='bbox 745 5841 1013 5910; x_wconf 81' lang='lat' dir='ltr'>acquisita</span> <span class='ocrx_word' id='word_1_711' title='bbox 1076 5841 1131 5896; x_wconf 90' lang='lat' dir='ltr'>in</span> <span class='ocrx_word' id='word_1_712' title='bbox 1192 5857 1386 5896; x_wconf 88' lang='lat' dir='ltr'>eorum</span> <span class='ocrx_word' id='word_1_713' title='bbox 1424 5840 1551 5912; x_wconf 88' lang='lat' dir='ltr'>jure</span> <span class='ocrx_word' id='word_1_714' title='bbox 1598 5841 1899 5911; x_wconf 83' lang='lat' dir='ltr'>persistere</span> <span class='ocrx_word' id='word_1_715' title='bbox 1947 5843 2132 5897; x_wconf 87' lang='lat' dir='ltr'>sanci-</span> 
     </span>
    </p>
   </div>
   <div class='ocr_carea' id='block_1_106' title="bbox 2243 4629 3876 4703">
    <p class='ocr_par' dir='ltr' id='par_1_106' title="bbox 2243 4629 3876 4703">
     <span class='ocr_line' id='line_1_106' title="bbox 2243 4629 3876 4703; baseline -0.001 -16"><span class='ocrx_word' id='word_1_716' title='bbox 2243 4634 2448 4687; x_wconf 90' lang='lat' dir='ltr'>iterare</span> <span class='ocrx_word' id='word_1_717' title='bbox 2494 4633 2650 4703; x_wconf 90' lang='lat' dir='ltr'>quod</span> <span class='ocrx_word' id='word_1_718' title='bbox 2693 4631 2952 4686; x_wconf 90' lang='lat' dir='ltr'>convenit</span> <span class='ocrx_word' id='word_1_719' title='bbox 2993 4630 3280 4685; x_wconf 89' lang='lat' dir='ltr'>custodiri.</span> <span class='ocrx_word' id='word_1_720' title='bbox 3331 4632 3526 4701; x_wconf 88' lang='lat' dir='ltr'>Itaque</span> <span class='ocrx_word' id='word_1_721' title='bbox 3571 4629 3722 4701; x_wconf 90' lang='lat' dir='ltr'>regis</span> <span class='ocrx_word' id='word_1_722' title='bbox 3763 4631 3876 4685; x_wconf 80' lang='lat' dir='ltr'>vita</span> 
     </span>
    </p>
   </div>
   <div class='ocr_carea' id='block_1_107' title="bbox 2245 4722 3874 4796">
    <p class='ocr_par' dir='ltr' id='par_1_107' title="bbox 2245 4722 3874 4796">
     <span class='ocr_line' id='line_1_107' title="bbox 2245 4722 3874 4796; baseline 0 -17"><span class='ocrx_word' id='word_1_723' title='bbox 2245 4729 2557 4793; x_wconf 84' lang='lat' dir='ltr'>constante,</span> <span class='ocrx_word' id='word_1_724' title='bbox 2585 4727 2773 4780; x_wconf 89' lang='lat' dir='ltr'>nullus</span> <span class='ocrx_word' id='word_1_725' title='bbox 2798 4725 2902 4780; x_wconf 92' lang='lat' dir='ltr'>sibi</span> <span class='ocrx_word' id='word_1_726' title='bbox 2924 4725 3117 4796; x_wconf 90' lang='lat' dir='ltr'>aliquo</span> <span class='ocrx_word' id='word_1_727' title='bbox 3145 4740 3333 4795; x_wconf 90' lang='lat' dir='ltr'>opere,</span> <span class='ocrx_word' id='word_1_728' title='bbox 3356 4723 3442 4777; x_wconf 90' lang='lat' dir='ltr'>vel</span> <span class='ocrx_word' id='word_1_729' title='bbox 3464 4722 3874 4779; x_wconf 90' lang='lat' dir='ltr'>deliberatione</span> 
     </span>
    </p>
   </div>
   <div class='ocr_carea' id='block_1_108' title="bbox 2244 4816 3869 4891">
    <p class='ocr_par' dir='ltr' id='par_1_108' title="bbox 2244 4816 3869 4891">
     <span class='ocr_line' id='line_1_108' title="bbox 2244 4816 3869 4891; baseline -0.002 -17"><span class='ocrx_word' id='word_1_730' title='bbox 2244 4820 2633 4891; x_wconf 89' lang='lat' dir='ltr'>cujuscunque</span> <span class='ocrx_word' id='word_1_731' title='bbox 2662 4818 2953 4889; x_wconf 88' lang='lat' dir='ltr'>dignitatis</span> <span class='ocrx_word' id='word_1_732' title='bbox 2986 4818 3183 4887; x_wconf 92' lang='lat' dir='ltr'>laicus,</span> <span class='ocrx_word' id='word_1_733' title='bbox 3217 4833 3317 4872; x_wconf 87' lang='lat' dir='ltr'>seu</span> <span class='ocrx_word' id='word_1_734' title='bbox 3345 4816 3552 4887; x_wconf 88' lang='lat' dir='ltr'>gradus</span> <span class='ocrx_word' id='word_1_735' title='bbox 3599 4816 3869 4888; x_wconf 88' lang='lat' dir='ltr'>episcopi,</span> 
     </span>
    </p>
   </div>
   <div class='ocr_carea' id='block_1_109' title="bbox 2246 4908 3871 4985">
    <p class='ocr_par' dir='ltr' id='par_1_109' title="bbox 2246 4908 3871 4985">
     <span class='ocr_line' id='line_1_109' title="bbox 2246 4908 3871 4985; baseline -0.002 -18"><span class='ocrx_word' id='word_1_736' title='bbox 2246 4919 2342 4968; x_wconf 88' lang='lat' dir='ltr'>aut</span> <span class='ocrx_word' id='word_1_737' title='bbox 2368 4913 2699 4985; x_wconf 76' lang='lat' dir='ltr'>presbyteri,</span> <span class='ocrx_word' id='word_1_738' title='bbox 2731 4917 2828 4966; x_wconf 89' lang='lat' dir='ltr'>aut</span> <span class='ocrx_word' id='word_1_739' title='bbox 2854 4911 3079 4966; x_wconf 90' lang='lat' dir='ltr'>diaconi</span> <span class='ocrx_word' id='word_1_740' title='bbox 3119 4914 3497 4977; x_wconf 91' lang='lat' dir='ltr'>consecratus,</span> <span class='ocrx_word' id='word_1_741' title='bbox 3542 4908 3871 4981; x_wconf 58' lang='lat' dir='ltr'>ceterisque</span> 
     </span>
    </p>
   </div>
   <div class='ocr_carea' id='block_1_110' title="bbox 2245 5002 3872 5074">
    <p class='ocr_par' dir='ltr' id='par_1_110' title="bbox 2245 5002 3872 5074">
     <span class='ocr_line' id='line_1_110' title="bbox 2245 5002 3872 5074; baseline -0.001 -15"><span class='ocrx_word' id='word_1_742' title='bbox 2245 5007 2539 5061; x_wconf 89' lang='lat' dir='ltr'>clericatus</span> <span class='ocrx_word' id='word_1_743' title='bbox 2568 5005 2764 5060; x_wconf 87' lang='lat' dir='ltr'>ofﬁciis</span> <span class='ocrx_word' id='word_1_744' title='bbox 2790 5005 3015 5059; x_wconf 87' lang='lat' dir='ltr'>deditus</span> <span class='ocrx_word' id='word_1_745' title='bbox 3043 5004 3303 5059; x_wconf 90' lang='lat' dir='ltr'>futurum</span> <span class='ocrx_word' id='word_1_746' title='bbox 3346 5019 3546 5074; x_wconf 88' lang='lat' dir='ltr'>regem</span> <span class='ocrx_word' id='word_1_747' title='bbox 3580 5002 3872 5074; x_wconf 80' lang='lat' dir='ltr'>provideat</span> 
     </span>
    </p>
   </div>
   <div class='ocr_carea' id='block_1_111' title="bbox 2244 5095 3867 5169">
    <p class='ocr_par' dir='ltr' id='par_1_111' title="bbox 2244 5095 3867 5169">
     <span class='ocr_line' id='line_1_111' title="bbox 2244 5095 3867 5169; baseline -0.002 -16"><span class='ocrx_word' id='word_1_748' title='bbox 2244 5105 2437 5154; x_wconf 90' lang='lat' dir='ltr'>contra</span> <span class='ocrx_word' id='word_1_749' title='bbox 2465 5098 2700 5153; x_wconf 88' lang='lat' dir='ltr'>viventis</span> <span class='ocrx_word' id='word_1_750' title='bbox 2726 5098 2880 5169; x_wconf 88' lang='lat' dir='ltr'>regis</span> <span class='ocrx_word' id='word_1_751' title='bbox 2913 5098 3235 5164; x_wconf 89' lang='lat' dir='ltr'>utilitatem,</span> <span class='ocrx_word' id='word_1_752' title='bbox 3265 5102 3321 5151; x_wconf 90' lang='lat' dir='ltr'>et</span> <span class='ocrx_word' id='word_1_753' title='bbox 3348 5096 3541 5167; x_wconf 90' lang='lat' dir='ltr'>procul</span> <span class='ocrx_word' id='word_1_754' title='bbox 3573 5095 3747 5151; x_wconf 88' lang='lat' dir='ltr'>dubio</span> <span class='ocrx_word' id='word_1_755' title='bbox 3772 5113 3867 5150; x_wconf 90' lang='lat' dir='ltr'>vo-</span> 
     </span>
    </p>
   </div>
   <div class='ocr_carea' id='block_1_112' title="bbox 2244 5190 3869 5260">
    <p class='ocr_par' dir='ltr' id='par_1_112' title="bbox 2244 5190 3869 5260">
     <span class='ocr_line' id='line_1_112' title="bbox 2244 5190 3869 5260; baseline -0.001 -15"><span class='ocrx_word' id='word_1_756' title='bbox 2244 5194 2541 5258; x_wconf 87' lang='lat' dir='ltr'>luntatem,</span> <span class='ocrx_word' id='word_1_757' title='bbox 2562 5192 2718 5246; x_wconf 90' lang='lat' dir='ltr'>nullo</span> <span class='ocrx_word' id='word_1_758' title='bbox 2735 5191 3146 5257; x_wconf 85' lang='lat' dir='ltr'>blandimento,</span> <span class='ocrx_word' id='word_1_759' title='bbox 3169 5190 3257 5244; x_wconf 87' lang='lat' dir='ltr'>vel</span> <span class='ocrx_word' id='word_1_760' title='bbox 3273 5190 3528 5244; x_wconf 89' lang='lat' dir='ltr'>suasione</span> <span class='ocrx_word' id='word_1_761' title='bbox 3545 5206 3650 5260; x_wconf 90' lang='lat' dir='ltr'>pro</span> <span class='ocrx_word' id='word_1_762' title='bbox 3673 5190 3869 5245; x_wconf 90' lang='lat' dir='ltr'>eadem</span> 
     </span>
    </p>
   </div>
   <div class='ocr_carea' id='block_1_113' title="bbox 2243 5282 3867 5355">
    <p class='ocr_par' dir='ltr' id='par_1_113' title="bbox 2243 5282 3867 5355">
     <span class='ocr_line' id='line_1_113' title="bbox 2243 5282 3867 5355; baseline -0.001 -17"><span class='ocrx_word' id='word_1_763' title='bbox 2243 5302 2361 5355; x_wconf 87' lang='lat' dir='ltr'>spe,</span> <span class='ocrx_word' id='word_1_764' title='bbox 2396 5290 2495 5340; x_wconf 91' lang='lat' dir='ltr'>aut</span> <span class='ocrx_word' id='word_1_765' title='bbox 2522 5285 2662 5340; x_wconf 89' lang='lat' dir='ltr'>alios</span> <span class='ocrx_word' id='word_1_766' title='bbox 2695 5284 2750 5338; x_wconf 91' lang='lat' dir='ltr'>in</span> <span class='ocrx_word' id='word_1_767' title='bbox 2776 5301 2833 5339; x_wconf 92' lang='lat' dir='ltr'>se</span> <span class='ocrx_word' id='word_1_768' title='bbox 2856 5285 3064 5351; x_wconf 88' lang='lat' dir='ltr'>trahat,</span> <span class='ocrx_word' id='word_1_769' title='bbox 3095 5288 3194 5339; x_wconf 91' lang='lat' dir='ltr'>aut</span> <span class='ocrx_word' id='word_1_770' title='bbox 3221 5284 3338 5353; x_wconf 90' lang='lat' dir='ltr'>ipse</span> <span class='ocrx_word' id='word_1_771' title='bbox 3360 5283 3417 5336; x_wconf 91' lang='lat' dir='ltr'>in</span> <span class='ocrx_word' id='word_1_772' title='bbox 3442 5282 3618 5337; x_wconf 90' lang='lat' dir='ltr'>alium</span> <span class='ocrx_word' id='word_1_773' title='bbox 3641 5283 3867 5354; x_wconf 88' lang='lat' dir='ltr'>acquie-</span> 
     </span>
    </p>
   </div>
   <div class='ocr_carea' id='block_1_114' title="bbox 2242 5375 3870 5449">
    <p class='ocr_par' dir='ltr' id='par_1_114' title="bbox 2242 5375 3870 5449">
     <span class='ocr_line' id='line_1_114' title="bbox 2242 5375 3870 5449; baseline -0.001 -18"><span class='ocrx_word' id='word_1_774' title='bbox 2242 5384 2375 5433; x_wconf 89' lang='lat' dir='ltr'>scat.</span> <span class='ocrx_word' id='word_1_775' title='bbox 2406 5378 2669 5449; x_wconf 85' lang='lat' dir='ltr'>Iniquum</span> <span class='ocrx_word' id='word_1_776' title='bbox 2697 5378 2869 5445; x_wconf 91' lang='lat' dir='ltr'>enim,</span> <span class='ocrx_word' id='word_1_777' title='bbox 2900 5380 2957 5431; x_wconf 88' lang='lat' dir='ltr'>et</span> <span class='ocrx_word' id='word_1_778' title='bbox 2986 5377 3147 5431; x_wconf 86' lang='lat' dir='ltr'>valde</span> <span class='ocrx_word' id='word_1_779' title='bbox 3176 5376 3514 5431; x_wconf 83' lang='lat' dir='ltr'>exsecrabile</span> <span class='ocrx_word' id='word_1_780' title='bbox 3541 5375 3870 5431; x_wconf 82' lang='lat' dir='ltr'>Christianis</span> 
     </span>
    </p>
   </div>
   <div class='ocr_carea' id='block_1_115' title="bbox 2243 5469 3870 5542">
    <p class='ocr_par' dir='ltr' id='par_1_115' title="bbox 2243 5469 3870 5542">
     <span class='ocr_line' id='line_1_115' title="bbox 2243 5469 3870 5542; baseline 0 -18"><span class='ocrx_word' id='word_1_781' title='bbox 2243 5471 2409 5525; x_wconf 89' lang='lat' dir='ltr'>debet</span> <span class='ocrx_word' id='word_1_782' title='bbox 2438 5470 2639 5525; x_wconf 90' lang='lat' dir='ltr'>haberi</span> <span class='ocrx_word' id='word_1_783' title='bbox 2662 5471 2841 5525; x_wconf 90' lang='lat' dir='ltr'>futuri</span> <span class='ocrx_word' id='word_1_784' title='bbox 2870 5470 3144 5542; x_wconf 88' lang='lat' dir='ltr'>temporis</span> <span class='ocrx_word' id='word_1_785' title='bbox 3183 5469 3389 5523; x_wconf 88' lang='lat' dir='ltr'>illicitis</span> <span class='ocrx_word' id='word_1_786' title='bbox 3438 5469 3779 5540; x_wconf 88' lang='lat' dir='ltr'>prospicere,</span> <span class='ocrx_word' id='word_1_787' title='bbox 3816 5476 3870 5524; x_wconf 87' lang='lat' dir='ltr'>et</span> 
     </span>
    </p>
   </div>
   <div class='ocr_carea' id='block_1_116' title="bbox 2241 5562 3864 5636">
    <p class='ocr_par' dir='ltr' id='par_1_116' title="bbox 2241 5562 3864 5636">
     <span class='ocr_line' id='line_1_116' title="bbox 2241 5562 3864 5636; baseline -0.001 -20"><span class='ocrx_word' id='word_1_788' title='bbox 2241 5564 2368 5618; x_wconf 68' lang='lat' dir='ltr'>vitae</span> <span class='ocrx_word' id='word_1_789' title='bbox 2400 5581 2515 5619; x_wconf 78' lang='lat' dir='ltr'>suae</span> <span class='ocrx_word' id='word_1_790' title='bbox 2548 5565 2774 5636; x_wconf 82' lang='lat' dir='ltr'>ignaros</span> <span class='ocrx_word' id='word_1_791' title='bbox 2815 5568 3053 5618; x_wconf 90' lang='lat' dir='ltr'>ventura</span> <span class='ocrx_word' id='word_1_792' title='bbox 3079 5564 3400 5633; x_wconf 91' lang='lat' dir='ltr'>disponere.</span> <span class='ocrx_word' id='word_1_793' title='bbox 3436 5562 3601 5627; x_wconf 90' lang='lat' dir='ltr'>Quod</span> <span class='ocrx_word' id='word_1_794' title='bbox 3629 5562 3678 5616; x_wconf 91' lang='lat' dir='ltr'>si</span> <span class='ocrx_word' id='word_1_795' title='bbox 3709 5562 3864 5634; x_wconf 89' lang='lat' dir='ltr'>quis-</span> 
     </span>
    </p>
   </div>
   <div class='ocr_carea' id='block_1_117' title="bbox 2240 5656 3868 5729">
    <p class='ocr_par' dir='ltr' id='par_1_117' title="bbox 2240 5656 3868 5729">
     <span class='ocr_line' id='line_1_117' title="bbox 2240 5656 3868 5729; baseline -0.001 -18"><span class='ocrx_word' id='word_1_796' title='bbox 2240 5674 2350 5729; x_wconf 83' lang='lat' dir='ltr'>que</span> <span class='ocrx_word' id='word_1_797' title='bbox 2368 5659 2491 5728; x_wconf 88' lang='lat' dir='ltr'>jam</span> <span class='ocrx_word' id='word_1_798' title='bbox 2514 5658 2645 5712; x_wconf 84' lang='lat' dir='ltr'>talia</span> <span class='ocrx_word' id='word_1_799' title='bbox 2672 5657 2868 5728; x_wconf 91' lang='lat' dir='ltr'>iniqua</span> <span class='ocrx_word' id='word_1_800' title='bbox 2898 5656 3304 5711; x_wconf 91' lang='lat' dir='ltr'>deliberatione</span> <span class='ocrx_word' id='word_1_801' title='bbox 3354 5673 3483 5710; x_wconf 90' lang='lat' dir='ltr'>cum</span> <span class='ocrx_word' id='word_1_802' title='bbox 3529 5672 3868 5728; x_wconf 89' lang='lat' dir='ltr'>quocunque</span> 
     </span>
    </p>
   </div>
   <div class='ocr_carea' id='block_1_118' title="bbox 2240 5748 3865 5818">
    <p class='ocr_par' dir='ltr' id='par_1_118' title="bbox 2240 5748 3865 5818">
     <span class='ocr_line' id='line_1_118' title="bbox 2240 5748 3865 5818; baseline 0 -14"><span class='ocrx_word' id='word_1_803' title='bbox 2240 5758 2325 5805; x_wconf 90' lang='lat' dir='ltr'>est</span> <span class='ocrx_word' id='word_1_804' title='bbox 2351 5752 2668 5818; x_wconf 66' lang='lat' dir='ltr'>inc-ditatus,</span> <span class='ocrx_word' id='word_1_805' title='bbox 2699 5752 2802 5805; x_wconf 91' lang='lat' dir='ltr'>hoc</span> <span class='ocrx_word' id='word_1_806' title='bbox 2830 5751 2935 5804; x_wconf 90' lang='lat' dir='ltr'>sibi</span> <span class='ocrx_word' id='word_1_807' title='bbox 2984 5750 3205 5805; x_wconf 90' lang='lat' dir='ltr'>noverit</span> <span class='ocrx_word' id='word_1_808' title='bbox 3236 5766 3355 5804; x_wconf 89' lang='lat' dir='ltr'>esse</span> <span class='ocrx_word' id='word_1_809' title='bbox 3382 5748 3710 5804; x_wconf 89' lang='lat' dir='ltr'>secerdotali</span> <span class='ocrx_word' id='word_1_810' title='bbox 3742 5767 3865 5804; x_wconf 88' lang='lat' dir='ltr'>mo-</span> 
     </span>
    </p>
   </div>
   <div class='ocr_carea' id='block_1_119' title="bbox 2238 5843 3864 5916">
    <p class='ocr_par' dir='ltr' id='par_1_119' title="bbox 2238 5843 3864 5916">
     <span class='ocr_line' id='line_1_119' title="bbox 2238 5843 3864 5916; baseline 0 -17"><span class='ocrx_word' id='word_1_811' title='bbox 2238 5844 2521 5900; x_wconf 76' lang='lat' dir='ltr'>deratione</span> <span class='ocrx_word' id='word_1_812' title='bbox 2567 5862 2913 5912; x_wconf 87' lang='lat' dir='ltr'>concessmn,</span> <span class='ocrx_word' id='word_1_813' title='bbox 2961 5844 3005 5898; x_wconf 90' lang='lat' dir='ltr'>si</span> <span class='ocrx_word' id='word_1_814' title='bbox 3048 5843 3407 5899; x_wconf 81' lang='lat' dir='ltr'>vcniabiliter</span> <span class='ocrx_word' id='word_1_815' title='bbox 3444 5843 3641 5916; x_wconf 86' lang='lat' dir='ltr'>poscit,</span> <span class='ocrx_word' id='word_1_816' title='bbox 3674 5849 3739 5899; x_wconf 90' lang='lat' dir='ltr'>ut</span> <span class='ocrx_word' id='word_1_817' title='bbox 3762 5844 3864 5900; x_wconf 88' lang='lat' dir='ltr'>hoc</span> 
     </span>
    </p>
   </div>
  </div>
