4032 6292
184 349 295 410 493

1438 350 1913 413 DECRETALIUM
1949 354 2331 413 COLIECTIO.

3458 353 3558 419 495

186 463 319 514 sine
361 475 528 515 mora
567 458 864 531 praesentis
908 458 1181 533 principis
1207 460 1438 517 auribus
1464 463 1690 518 studeat
1718 479 1823 535 pu-
1847 477 1906 551 Α
1927 464 2055 519 culo
2097 465 2256 536 quasi
2297 464 2510 536 proprii
2543 465 2714 537 patris
2748 466 2871 537 ejus
2898 466 3197 523 ulciscatur
3235 464 3557 525 interitum.

183 554 420 610 blicare.
473 555 530 610 Si
580 557 777 610 autem
822 554 1087 625 retineat,
1136 558 1193 612 et
1237 555 1663 611 deliberationis
1710 574 1827 612 suae

181 647 658 704 machinamenta
698 647 947 704 noluerit
992 648 1181 704 dicere
1202 691 1215 717 ,
1258 649 1505 721 pessimo
1544 650 1832 722 plectatur

184 742 560 798 anathemate
580 760 598 812 ;
627 758 764 814 rege
805 759 942 798 vero
981 742 1271 812 defuncto,
1304 744 1492 798 nullus
1534 743 1831 815 tyrannica

186 836 639 907 praesumptione
668 852 912 907 regnum
940 841 1217 906 assumat,
1248 836 1442 891 nullus
1471 837 1576 892 sub
1599 836 1826 908 religio-

184 928 280 982 nis
307 927 510 983 habitu
531 928 819 999 detonsus,
841 932 942 984 aut
966 930 1212 1001 turpiter
1239 930 1578 997 decalvatus,
1598 932 1699 985 aut
1718 946 1830 985 ser-

186 1022 366 1077 vilem
404 1021 686 1093 originem
710 1022 966 1091 trahens,
987 1024 1077 1078 vel
1110 1028 1396 1078 extraneae
1427 1024 1611 1095 gentis
1629 1024 1826 1091 homo,

184 1114 301 1171 nisi
335 1132 550 1185 genere
578 1121 636 1171 et
659 1116 919 1171 moribus
953 1116 1141 1187 dignis
1169 1121 1574 1187 promoveatur
1600 1116 1673 1171 ad
1702 1116 1826 1188 api-

188 1225 320 1262 cem
372 1208 560 1281 regni.
609 1211 934 1265 Temerator
971 1213 1167 1265 autem
1221 1210 1389 1281 hujus
1432 1210 1829 1281 praeceptionis

188 1302 565 1357 sanctissimae
596 1306 875 1374 perpetuo
901 1304 1263 1359 anathemate
1293 1304 1622 1359 damnetur.

260 1398 446 1453 XVIII.
470 1398 598 1451 Jam
628 1396 864 1468 quidem
901 1397 960 1452 in
1004 1396 1363 1452 antecedenti
1393 1397 1705 1453 universali
1734 1414 1826 1469 sy-

186 1490 345 1547 nodo
372 1488 542 1545 saluti
570 1495 897 1544 nostrorum
928 1489 1255 1561 principum
1285 1493 1508 1545 constat
1537 1508 1661 1545 esse
1689 1508 1825 1546 con-

191 1585 407 1639 sultum
433 1625 447 1651 ,
496 1583 595 1638 sed
634 1582 773 1659 libet
815 1583 1026 1638 iterare
1067 1584 1215 1639 bene
1257 1584 1473 1639 sancita
1498 1627 1511 1653 ,
1560 1588 1618 1639 et
1659 1584 1831 1655 digna

191 1677 532 1733 auctoritate
561 1678 787 1733 munire
812 1676 1114 1732 salubriter
1139 1677 1402 1733 ordinata
1426 1694 1439 1732 :
1472 1678 1719 1749 ideoque
1752 1682 1831 1732 te-

192 1777 418 1826 stamur
447 1787 642 1826 coram
672 1772 784 1827 Deo
810 1775 867 1827 et
910 1770 1063 1826 omni
1106 1770 1307 1825 ordine
1347 1771 1702 1842 angelorum,
1736 1789 1826 1827 co-

1926 558 1986 613 In
2015 557 2175 627 cujus
2200 557 2542 613 defensionis
2567 557 2842 614 auxilium
2870 559 3122 616 universi
3150 561 3320 631 regni
3347 561 3561 618 Gotho-

1926 666 2056 704 rum
2089 651 2409 707 consentiat
2444 651 2741 708 fortitudo.
2771 652 2832 708 Si
2877 657 3070 709 autem
3105 654 3335 710 desidiae
3364 634 3557 723 causa,

1928 746 1985 797 et
2031 743 2239 799 minori
2286 745 2427 814 zelo,
2478 748 2595 800 tam
2645 746 2935 802 funestum
2983 748 3235 803 noluerit
3280 748 3563 805 vindicare

1929 837 2131 910 scelus,
2164 837 2279 892 sint
2305 854 2505 892 omnes
2541 854 2607 894 ex
2651 842 2844 894 nostra
2877 841 3160 897 sententia
3188 842 3560 913 opprobrium

1931 930 2149 984 caeteris
2180 931 2466 1001 gentibus.

1998 1025 2124 1079 XIX.
2155 1024 2252 1079 His
2280 1024 2546 1080 omnibus
2580 1026 2686 1080 rite
2732 1026 3030 1097 dispositis,
3059 1033 3115 1083 et
3142 1027 3415 1085 diuturna
3445 1032 3557 1086 col-

1896 1197 1902 1201 ι
1928 1117 2141 1172 latione
2173 1117 2521 1185 deliberatis,
2547 1117 3023 1190 benedictionem,
3048 1121 3291 1193 gloriam
3312 1126 3369 1178 et
3388 1123 3561 1179 hono-

1929 1227 2053 1265 rem
2076 1209 2341 1266 invisibili
2362 1210 2620 1266 omnium
2648 1213 2867 1267 auctori
2890 1215 3252 1284 rependimus
3270 1216 3559 1273 luminum

1927 1304 2097 1372 Patri,
2150 1307 2208 1360 et
2251 1304 2311 1359 in
2361 1304 2764 1359 conservandis
2805 1305 2926 1377 ejus
2974 1306 3348 1378 imploramus
3392 1326 3561 1382 opem

1928 1397 2204 1470 suffragii,
2238 1401 2302 1452 ut
2332 1398 2831 1453 constitutionibus
2873 1400 3081 1455 nostris
3115 1401 3289 1457 robur
3325 1403 3554 1473 tribuat,

1929 1507 2027 1546 seu
2041 1491 2825 1563 virtutem,fragilitatemque
2842 1492 3159 1549 humanam
3176 1495 3308 1551 huic
3326 1495 3561 1569 disposi~

1928 1584 2073 1638 tioni
2086 1585 2284 1640 reddat
2302 1585 2611 1660 efficacem,
2628 1584 2687 1640 id
2709 1589 2793 1640 est
2816 1586 3198 1655 salubrem,ut
3212 1605 3330 1645 non
3343 1589 3561 1660 judicet

1926 1677 2458 1748 prasvaricatricem.
2483 1664 2595 1747 ﬂos
2624 1695 2764 1749 ergo
2786 1678 2977 1734 omnia
2997 1682 3378 1754 superscripta
3399 1684 3557 1739 omni

1928 1770 2264 1826 auctoritate
2281 1756 2603 1843 priscorum
2623 1789 2905 1827 canonum
2931 1773 3345 1846 subscriptione
3368 1782 3563 1832 nostra

192 1882 317 1919 ram
342 1865 759 1936 prophetarum
782 1874 951 1936 atque
976 1864 1364 1936 apostolorum
1390 1865 1477 1919 vel
1505 1865 1664 1919 omni
1682 1882 1832 1920 mar-
1849 1846 1907 1917 B
1932 1864 2249 1933 firmamus,
2283 1867 2341 1919 et
2366 1865 2576 1935 gratias
2602 1865 2827 1935 agimus
2858 1866 3336 1924 Christianissimo
3361 1874 3419 1924 et
3446 1871 3564 1941 glo-

196 1963 386 2030 tyrum
439 1959 651 2028 choro,
702 1975 894 2013 coram
959 1958 1117 2013 omni
1162 1959 1408 2013 Ecclesia
1456 1958 1734 2014 catholica
1777 1964 1834 2015 et

191 2052 643 2107 Christianorum
671 2058 839 2122 coetu,
871 2054 933 2106 ut
956 2068 1128 2106 nemo
1160 2051 1424 2106 intendat
1447 2051 1506 2105 in
1535 2052 1833 2107 interitum

194 2145 367 2217 regis,
401 2162 575 2201 nemo
606 2146 782 2201 vitam
827 2145 1100 2217 principis
1148 2148 1430 2216 attrectat,
1457 2161 1627 2200 nemo
1659 2146 1828 2217 regni

196 2256 326 2295 eum
364 2239 762 2311 gubernaculis
788 2239 991 2310 privet,
1023 2256 1195 2293 nemo
1225 2239 1521 2310 tyrannica
1546 2256 1822 2311 praesum-

196 2335 394 2405 ptione
437 2332 661 2403 apicem
703 2332 869 2403 regni
912 2331 1017 2386 sibi
1058 2336 1313 2403 usurpet,
1366 2349 1536 2387 nemo
1583 2333 1834 2403 quolibet

195 2427 655 2481 machinamento
682 2426 741 2480 in
769 2426 892 2497 ejus
920 2425 1253 2480 adversitate
1274 2425 1379 2480 sibi
1409 2426 1832 2497 conjuratorum

194 2537 432 2575 manum
453 2520 714 2586 associet;
732 2519 884 2591 quod
905 2520 948 2573 si
966 2519 1276 2590 quidquam
1297 2520 1506 2573 horum
1528 2519 1833 2591 quisquam

194 2619 519 2669 nostrorum
560 2616 838 2669 temerate
873 2613 1319 2684 pressumpserit,
1352 2614 1717 2668 anathemate
1744 2613 1831 2667 di-

194 2708 326 2762 vino
368 2708 667 2779 perculsus
705 2706 917 2777 absque
963 2706 1077 2759 ulIo
1121 2705 1358 2760 remedii
1399 2706 1524 2761 loco
1556 2706 1835 2761 habeatur

196 2800 619 2855 condemnatus
656 2803 870 2855 interno
896 2798 1135 2869 judicio.
1164 2801 1214 2854 ls
1241 2804 1433 2853 autem
1464 2798 1564 2870 qui
1596 2799 1717 2869 ejus
1747 2815 1831 2853 se—

196 2894 326 2949 dem
358 2894 535 2950 fuerit
552 2896 858 2962 assecutus,
876 2891 925 2965 1
941 2891 1066 2965 2ο
1090 2892 1135 2946 si
1159 2894 1278 2947 vult
1302 2896 1464 2947 tanto
1484 2892 1701 2964 expiari
1721 2891 1835 2963 pia-

1934 1957 2245 2013 riosissimo
2288 1957 2634 2013 Chintillano
2676 1959 2921 2030 principi
2967 1964 3189 2029 nostro,
3233 1962 3394 2033 cujus
3440 1969 3561 2019 stu-

1934 2050 2024 2104 dio
2062 2051 2317 2106 advocati
2347 2056 2405 2106 et
2446 2051 2715 2107 instantia
2750 2053 2967 2108 collecti
3005 2070 3218 2110 sumus.
3249 2055 3422 2127 Cujus
3463 2072 3559 2112 vo-

1932 2144 2123 2198 luntas
2162 2145 2403 2215 probata
2444 2144 2730 2201 ordinatio
2770 2146 2985 2201 exstitit
3042 2147 3343 2219 religiosa,
3381 2148 3563 2205 donec

1933 2237 1986 2291 ei
2027 2238 2304 2292 Dominus
2340 2237 2556 2308 optimo
2586 2238 2833 2310 principi
2876 2239 3211 2296 diuturnum
3255 2241 3314 2296 in
3356 2244 3563 2297 saeculo

1932 2331 2201 2401 praesenti
2234 2331 2617 2402 triumphum,
2647 2337 2704 2386 et
2740 2332 2800 2386 in
2838 2336 3001 2403 parte
3028 2333 3321 2404 justorum
3356 2351 3560 2407 perpe-

1932 2428 2097 2478 tuum
2122 2440 2388 2496 regnum,
2410 2424 2785 2496 felicibusque
2811 2426 2978 2480 annis
3000 2426 3134 2481 felix
3159 2427 3280 2498 ipse
3299 2428 3357 2483 in
3387 2429 3563 2500 longa

1932 2517 2200 2572 felicitate
2246 2517 2506 2586 fruatur,
2561 2522 2617 2572 et
2664 2517 2870 2573 divinae
2915 2518 3163 2574 dexterae
3210 2521 3562 2591 protectione

1932 2611 2143 2682 ubique
2175 2609 2485 2665 muniatur.
2515 2612 2631 2682 Ego
2657 2611 2825 2679 Silva,
2855 2611 2959 2667 etsi
2986 2611 3279 2684 indignus,
3302 2613 3561 2671 Ecclesia;

1937 2704 2232 2775 episcopus
2281 2702 2663 2759 Narbonensis
2687 2746 2700 2773 ,
2746 2704 2807 2759 in
2857 2704 2946 2759 his
2981 2706 3483 2762 constitutionibus
3528 2725 3563 2763 a

1937 2797 2100 2852 nobis
2153 2796 2318 2852 editis
2362 2796 2690 2869 subscripsi.
2742 2797 3014 2854 Similiter
3062 2802 3120 2853 et
3167 2798 3266 2855 alii
3308 2800 3562 2873 episcopi

1934 2890 2406 2963 subscripserunt.
2433 2907 2677 2946 numero
2705 2891 2935 2963 triginta
2961 2895 3203 2964 septem.

3575 3012 3766 3167 Δ

859 3185 1259 3250 INCIPIUNT
1303 3186 1698 3251 CAPITULA
1743 3185 2076 3251 CONCILII
2121 3184 2438 3250 SEPTIMI
2483 3184 2897 3250 TOLETANI.

265 3327 312 3376 I.
342 3322 421 3375 De
452 3318 668 3391 refugis
697 3322 867 3392 atque
889 3319 1119 3390 perfidis
1143 3319 1359 3373 clericis
1388 3319 1501 3374 sive
1528 3319 1705 3373 laicis.

262 3420 317 3470 2.
372 3415 452 3468 De
506 3413 803 3485 languoris
850 3416 1052 3467 eventu
1091 3412 1540 3467 ministrantium
1585 3413 1822 3467 clerico-

198 3525 341 3563 rum.

259 3605 311 3659 3.
344 3603 422 3658 De
452 3599 736 3673 exsequiis
768 3598 1063 3655 morientis
1089 3598 1356 3671 episcopi.

1996 3321 2048 3374 4.
2086 3321 2159 3373 De
2197 3318 2492 3373 exactione
2530 3317 2907 3372 Ecclesiarum
2949 3319 3194 3374 Gallicias
3233 3320 3554 3391 provinciae.

1998 3417 2049 3467 5.
2081 3413 2155 3466 De
2187 3411 2417 3466 reclusis
2442 3411 2782 3478 inhonestis,
2816 3412 2934 3466 sive
2963 3412 3142 3482 vagis.

1995 3508 2048 3559 6.
2085 3505 2163 3559 De
2194 3503 2499 3559 convicinis
2528 3503 2808 3578 episcopis
2846 3503 2904 3559 in
2938 3504 3076 3562 urbe
3103 3504 3263 3579 regia
3300 3523 3555 3564 commo-

1926 3598 2137 3654 randis.

616 3869 1030 3963 INCIPIT
1100 3868 1718 3964 CONCILIUM
1786 3868 2359 3963 SEPTIMUM
2427 3866 3155 3963 TOLETANUM.

206 4041 501 4121 Triginta
531 4039 1004 4122 episcoporum,
1029 4058 1202 4102 anno
1231 4047 1410 4101 sexto
1437 4038 1872 4101 Cindasz'undz'
1897 4041 2094 4120 regis,
2116 4056 2253 4101 aera
2284 4057 2556 4113 DCLXXX,
2584 4040 2809 4121 quinto
2838 4039 3114 4103 Kalend.
3145 4041 3551 4107 Novembris.

259 4206 387 4261 CAP.
436 4206 478 4259 ι.
530 4203 674 4259 Cum
720 4203 778 4258 in
825 4203 1058 4259 nomine
1107 4208 1315 4259 sanctae
1354 4203 1669 4273 Trinitatis,
1715 4215 1896 4289 proC
1922 4202 2316 4257 constituenda
2353 4206 2745 4273 competenter
2789 4201 3203 4259 existimantur.
3234 4204 3374 4269 Quis
3399 4206 3552 4262 enim

193 4297 537 4370 quibusdam
576 4296 887 4369 disciplinis
916 4296 1304 4352 ecclesiasticis
1335 4301 1452 4352 tam
1489 4301 1682 4351 nostra
1719 4296 1820 4351 de-

194 4391 418 4446 votione
448 4407 624 4462 quam
649 4391 837 4446 studio
863 4391 1206 4445 serenissimi
1238 4396 1295 4446 et
1323 4391 1593 4445 amatoris
1619 4386 1824 4446 Christi

192 4484 600 4541 Chindasiundi
645 4484 797 4555 regis
840 4484 1041 4555 nostri,
1075 4485 1225 4556 apud
1262 4484 1590 4539 Toletanam
1616 4484 1822 4539 urbem

191 4583 499 4633 conventus
516 4578 1148 4649 adesset,competenter
1158 4579 1341 4633 visum
1356 4582 1441 4632 est
1452 4583 1650 4633 mutua
1660 4577 1822 4633 colla-

190 4672 345 4727 tione
362 4671 691 4736 decernere,
708 4672 860 4743 quod
880 4672 1114 4728 sollicite
1133 4672 1590 4727 conservandum
1608 4676 1664 4726 et
1681 4688 1822 4742 prae-

192 4766 442 4822 sentibus
462 4769 520 4820 et
538 4766 743 4821 futuris
764 4766 1081 4822 commodis
1094 4766 1364 4833 nimium,
1382 4768 1442 4820 ut
1459 4765 1817 4833 confidimus,

189 4860 459 4931 prodesse
480 4859 779 4929 constabit,
798 4861 1097 4932 magisque
1120 4876 1346 4931 semper
1367 4862 1453 4913 est
1472 4875 1822 4930 magnopere

190 4952 611 5025 providendum
656 4953 929 5025 quidquid
974 4953 1359 5009 ecclesiasticis
1410 4952 1686 5021 moribus,
1732 4952 1821 5007 vel

190 5047 431 5118 publica:
463 5046 721 5113 utilitati,
754 5046 875 5101 sine
915 5064 1027 5119 qua
1066 5047 1246 5118 quieti
1287 5063 1401 5100 non
1427 5045 1683 5113 vivimus,
1716 5062 1819 5117 op-

188 5146 501 5212 portunum
531 5156 652 5195 esse
685 5141 1081 5212 perpenditur.
1110 5142 1255 5196 Nam
1280 5141 1410 5196 licet
1435 5144 1491 5195 et
1520 5144 1652 5196 ante
1682 5156 1819 5195 con-

188 5234 513 5289 stitutiones
545 5250 834 5289 canonum
870 5234 1133 5304 existant,
1162 5252 1290 5307 quae
1320 5234 1393 5289 ad
1419 5251 1652 5289 omnem
1686 5251 1818 5305 pos-

188 5329 297 5383 sint
338 5327 763 5399 correptionem
808 5328 1094 5399 sufﬁcere,
1144 5330 1187 5384 si
1232 5329 1358 5401 quis
1408 5345 1499 5383 eas
1549 5328 1821 5400 dignetur

184 5422 430 5477 libenter
476 5421 805 5488 attendere,
854 5427 1012 5477 tanto
1055 5425 1252 5478 tamen
1310 5421 1544 5477 luminis
1593 5422 1820 5477 claritas

1922 4296 2139 4350 nesciat
2166 4299 2383 4365 quanta
2414 4295 2527 4350 siut
2564 4295 2840 4350 hactenus
2876 4311 2977 4367 per
3015 4299 3283 4368 tyrannos
3309 4302 3367 4353 et
3398 4299 3549 4356 refu-

1923 4406 2023 4459 gas
2052 4388 2445 4443 transferendo
2486 4404 2545 4441 se
2578 4388 2636 4442 in
2672 4393 2931 4443 externas
2960 4395 3171 4460 partes,
3206 4391 3402 4447 illicite
3431 4408 3555 4464 per-

1921 4486 2161 4552 petrata,
2211 4484 2268 4536 et
2312 4498 2484 4551 quam
2522 4481 2770 4536 nefanda
2806 4498 3005 4536 eorum
3038 4484 3302 4554 superbia
3338 4485 3553 4557 jugiter

1922 4576 2283 4646 frequentata
2308 4591 2432 4647 quas
2461 4577 2519 4628 et
2547 4574 2744 4645 patriae
2785 4574 3227 4632 diminutionem
3255 4577 3547 4649 afferrent,

1921 4673 1974 4724 et
2000 4669 2275 4724 exercitui
2299 4669 2608 4723 Gothorum
2638 4667 3058 4724 indesinentem
3080 4670 3333 4727 laborem
3360 4672 3548 4744 impo-

1920 4762 2168 4818 nerent?
2218 4761 2379 4826 Quod
2425 4761 2708 4833 siquidem
2762 4760 3037 4817 laicorum
3083 4763 3303 4819 insania
3349 4764 3552 4821 fuisset

1920 4858 2158 4923 factum,
2184 4855 2544 4911 tolerandum
2569 4871 2603 4909 a
2632 4854 2795 4910 nobis
2823 4855 3060 4912 forsitan
3091 4856 3438 4929 aliquotiens
3462 4860 3548 4917 vi-

1922 4950 2155 5006 deretur
2185 4967 2199 5005 :
2236 4949 2375 5005 illud
2407 4954 2603 5005 tamen
2631 4953 2717 5005 est
2750 4949 3146 5006 vehementius
3173 4953 3543 5025 stupendum,

1920 5044 2074 5115 quod
2115 5044 2279 5115 pejus
2326 5046 2412 5098 est
2448 5047 2623 5099 tantae
2666 5042 2958 5114 religionis
3009 5044 3300 5116 proposito
3338 5047 3400 5104 in
3440 5048 3550 5106 hac

1919 5138 2211 5193 interdum
2259 5137 2710 5209 praesumptione
2749 5135 3067 5208 praecipites
3112 5137 3448 5211 efferuntur,
3486 5147 3550 5198 ut

1922 5235 1996 5290 ad
2020 5251 2135 5289 non
2160 5235 2342 5290 levem
2369 5236 2759 5291 confusionem
2787 5238 3043 5291 nostram
3070 5237 3368 5311 pertineat,
3392 5240 3439 5295 si
3459 5257 3550 5296 res
3579 5228 3601 5328 ί

1922 5330 2204 5384 ullatenus
2234 5333 2554 5396 remaneat,
2582 5345 2754 5400 quam
2783 5332 2841 5384 et
2870 5330 3167 5386 mundana
3195 5331 3322 5405 lege
3367 5339 3427 5390 et
3453 5351 3544 5390 ec-

1920 5422 2232 5477 clesiastica
2284 5422 2546 5476 convenit
2604 5422 2901 5493 disciplina
2959 5425 3267 5497 corrigere.
3307 5428 3547 5500 Ideoque

188 5515 437 5588 amplius
472 5514 698 5585 emicat,
734 5519 947 5587 quanto
977 5516 1150 5570 fuerit
1180 5516 1485 5571 studiosius
1512 5514 1819 5586 saepissime
1838 5586 1877 5591 _
1919 5514 2131 5586 placuit
2159 5531 2312 5569 nunc
2342 5514 2611 5569 concordi
2634 5515 2914 5571 sententia
2939 5517 3176 5573 definire
3198 5523 3277 5589 ut,
3292 5520 3547 5591 quisquis

188 5586 555 5663 contrectata.
587 5608 710 5663 Non
740 5586 941 5679 parum
977 5609 1201 5681 proficit
1238 5611 1308 5664 ad
1355 5608 1817 5664 emendationem
1838 5586 1979 5663 Din
2010 5608 2210 5663 ordine
2241 5607 2542 5664 clericatus
2566 5625 2602 5664 a
2630 5609 2884 5665 maximo
2915 5612 3100 5683 gradu
3126 5628 3311 5683 usque
3333 5611 3405 5666 ad
3432 5613 3543 5669 mi-

188 5703 524 5769 multorum,
551 5701 598 5755 si
627 5718 692 5756 ea
726 5719 853 5774 qua:
882 5703 1192 5758 constituta
1217 5707 1349 5758 sunt
1377 5719 1479 5774 per
1510 5704 1821 5758 fraternam

189 5795 552 5851 collationem
578 5795 650 5850 ad
678 5796 1015 5851 memoriam
1047 5796 1409 5867 reducantur,
1440 5796 1483 5850 si
1526 5796 1623 5850 illa
1650 5797 1819 5851 etiam

194 5888 533 5962 adjiciantur
571 5905 700 5962 qua:
739 5894 836 5946 aut
879 5889 1075 5947 deesse
1117 5889 1405 5958 videntur,
1446 5894 1543 5946 aut
1584 5889 1821 5947 omnino

1922 5702 2142 5757 nimum
2183 5703 2520 5758 constitutus
2560 5702 2618 5757 in
2664 5702 2863 5759 alienas
2913 5705 3099 5777 gentis
3142 5704 3438 5773 regionem
3483 5722 3544 5763 se

1921 5812 2257 5868 quacunque
2293 5795 2644 5853 occasionem
2686 5798 3090 5864 transduxerit,
3118 5802 3180 5851 ut
3204 5796 3409 5855 exinde
3448 5816 3542 5857 su-

1920 5889 2230 5967 perbicudo
2263 5891 2348 5951 vel
2378 5890 2660 5948 redditum
2692 5907 2857 5949 suum
2880 5891 2965 5948 vel
2986 5889 3275 5965 quodlibet
3294 5892 3451 5953 aliud
3472 5893 3545 5955 vi-
