4032 6306
465 368 567 430 493

1343 374 1624 431 APPEND.
1662 373 1751 429 AD
1788 372 1949 429 SASG.
1991 371 2077 428 lX.
2109 402 2179 415 ——
2217 370 2468 429 ISlDORl
2505 372 2931 430 MERCATORIS

3723 376 3829 432 496

466 486 668 541 deatur
694 486 983 557 expetere,
1016 481 1131 539 sive
1158 482 1331 539 etiam
1363 482 1520 554 quod
1549 482 1706 554 genti
1748 481 2088 552 Gothorum,
2115 493 2174 567 Α
2196 485 2310 538 tem
2341 498 2400 537 se
2422 481 2784 554 superstitem
2808 487 2932 555 post
2958 482 3215 554 ejusdem
3246 482 3398 554 regis
3422 481 3644 538 obitum
3674 487 3827 539 temo

465 580 553 635 vel
591 578 791 651 patria).
826 580 915 635 vel
960 595 1138 649 regno
1168 577 1486 649 specialiter
1518 576 1620 631 sub
1658 577 1764 631 hac
1801 575 2095 631 occasione

465 673 643 746 possit
682 689 885 728 nocere
923 672 1009 727 vel
1049 671 1174 726 ﬁeri
1218 670 1577 742 disposuerit,
1607 671 1693 724 vel
1735 669 2094 740 aliquatenus

464 767 682 833 fecerit,
712 766 812 821 sed
842 769 900 821 et
929 765 1248 837 quicunque
1274 764 1481 819 talibus
1504 764 1763 819 conscius
1790 763 2089 835 reperitur,

465 861 656 933 eisque
704 860 795 915 vel
836 859 1137 915 concilium
1182 859 1270 913 vel
1315 874 1482 930 opem
1543 857 1939 912 administrare
1995 873 2091 911 co-

465 954 778 1027 gnoscitur,
818 953 1061 1026 qualiter
1102 956 1201 1008 aut
1237 953 1308 1007 ad
1352 955 1583 1022 gentem
1620 951 1861 1005 alienam
1896 951 2094 1021 fugam

464 1051 773 1120 appeteret,
803 1051 903 1102 aut
927 1046 987 1102 in
1017 1046 1181 1101 malis
1208 1062 1336 1117 quas
1366 1052 1656 1117 coeperant
1691 1044 2090 1115 perdurarent,

464 1157 565 1195 seu
592 1156 1001 1213 quamcunque
1024 1139 1322 1193 laesionem
1349 1138 1506 1209 genti
1536 1138 1846 1192 Gothorum
1874 1138 1962 1191 vel
1990 1153 2091 1207 pa-

461 1235 585 1291 triae
595 1240 692 1290 aut
708 1233 949 1306 principi
962 1236 1087 1304 post
1101 1233 1297 1302 fugam
1315 1231 1615 1298 inferrent,
1631 1234 1800 1302 atque
1820 1230 1878 1284 in
1891 1230 2093 1285 eadem

460 1328 738 1402 pravitate
768 1331 1234 1400 perseverarent:
1259 1324 1512 1396 quisquis
1539 1325 1647 1379 hoc
1670 1324 1863 1379 fecisse
1893 1324 2093 1395 digno-

463 1424 657 1491 scitur,
685 1423 792 1477 iste
816 1419 1311 1476 itatindubitanter
1335 1418 1492 1473 omni
1525 1419 1760 1473 honoris
1794 1417 1878 1471 sui
1912 1418 2091 1488 gradu

462 1517 739 1589 privetur,
769 1520 836 1570 ut
877 1514 1069 1568 locum
1099 1512 1224 1583 ejus
1263 1512 1319 1567 in
1352 1528 1465 1583 quo
1501 1511 1918 1566 ministraverat
1952 1511 2093 1565 alter

464 1611 735 1665 continuo
781 1607 1064 1680 perpetim
1120 1605 1436 1676 regendum
1468 1604 1748 1675 accipiat.
1799 1606 1920 1675 Ipse
1957 1621 2090 1659 vero

462 1710 849 1774 transgressor
895 1701 999 1755 sub
1044 1699 1385 1771 poenitentia
1428 1697 1781 1765 constitutus,
1823 1698 1864 1751 si
1918 1697 2088 1751 remi-

465 1798 689 1854 niscens
708 1795 847 1851 mali
867 1795 1019 1867 quod
1047 1794 1252 1849 fecerat
1279 1809 1457 1864 usque
1483 1792 1542 1845 in
1568 1791 1722 1846 diem
1751 1791 1950 1845 mortis
1976 1807 2091 1845 suae

464 1890 778 1947 rectissime
802 1888 1149 1960 paenituerit,
1177 1887 1237 1941 in
1273 1887 1391 1940 solo
1422 1889 1642 1940 tantum
1682 1885 1796 1939 ﬁne
1831 1901 2086 1939 commu-
2111 1864 2168 1936 B

464 1986 562 2041 nio
593 1984 645 2039 ei
684 1984 874 2039 danda
914 1986 1017 2049 est,
1046 1981 1124 2035 ita
1166 1986 1226 2034 ut
1265 1983 1573 2050 antequam
1613 1980 1741 2033 ﬁnis
1783 1980 1904 2049 ejus
1945 1982 2087 2033 tem-

463 2097 572 2153 pus
610 2077 888 2134 adveniat.
930 2076 985 2131 Si
1015 2075 1314 2147 quisquam
1344 2073 1702 2127 sacerdotum
1733 2072 1901 2127 etiam
1937 2072 2087 2126 ordi-

461 2177 638 2230 nante
668 2172 719 2228 ei
754 2170 1009 2243 principe
1055 2166 1477 2224 communicare
1519 2164 1889 2235 consenserit,
1915 2166 2088 2236 parti-

465 2284 597 2339 ceps
625 2264 880 2320 criminis
922 2263 1072 2317 illius
1110 2262 1362 2327 effectus,
1393 2260 1699 2315 anathema
1734 2261 1829 2314 ﬁat
1868 2260 1926 2314 in
1957 2277 2089 2330 per-

460 2365 722 2434 petuum,
756 2374 820 2413 ac
846 2356 1016 2411 simili
1042 2373 1171 2410 cum
1207 2372 1274 2410 eo
1302 2354 1392 2409 cui
1418 2354 1927 2408 communicaverit
1959 2370 2088 2406 sen-

461 2453 645 2510 tentia
698 2451 1128 2518 condemnetur,
1168 2448 1446 2520 quoniam
1489 2452 1769 2519 potestate
1818 2446 2091 2516 principis

458 2549 650 2604 nullus
678 2546 1033 2602 sacerdotum
1066 2542 1126 2597 in
1157 2543 1261 2597 hoc
1291 2541 1550 2612 praebere
1576 2541 1747 2595 debet
1771 2557 2087 2612 assensum,

461 2558 650 2604 nullus
678 2558 1033 2602 sacerdotum
1066 2560 1126 2597 1n
1157 2558 1261 2597 noc
1291 2558 1550 2612 praebere
1576 2558 1747 2595 oenet
1810 2558 2087 2610 ssensum,

461 2638 615 2694 unde
656 2636 745 2691 vel
782 2634 1100 2706 perjurium
1140 2632 1400 2687 videatur
1440 2558 1883 2733 incurrerefi’el
1919 2629 2092 2701 (quod

466 2731 651 2801 absit)
701 2729 749 2784 si
813 2728 1139 2799 quicunque
1187 2725 1477 2780 catholica:
1524 2724 1657 2778 ﬁdei
1697 2722 2094 2794 praevaricator

463 2825 726 2896 princeps
752 2820 1078 2886 surrexerit,
1101 2819 1356 2873 sacerdos
1375 2818 1697 2872 nullatenus
1722 2816 1912 2871 favore
1940 2817 2094 2887 prin-

463 2918 625 2990 cipis,
654 2916 741 2971 vel
769 2919 983 2970 terrore
1008 2931 1041 2968 a
1072 2917 1240 2968 rectae
1267 2910 1613 2966 credulitatis
1657 2910 1877 2965 lumine
1904 2910 1974 2965 ad
2003 2914 2090 2963 te-

462 3012 668 3068 nebras
694 3013 934 3080 cogatur
975 3006 1203 3061 reverti.
1234 3005 1323 3062 Sic
1355 3006 1509 3060 enim
1536 3022 1641 3059 nec
1669 3021 1839 3076 super
1875 3020 2094 3059 annexa

464 3104 714 3178 capitula
777 3104 865 3156 vel
929 3099 1182 3171 imperiis
1240 3099 1587 3170 principum,
1635 3098 1721 3152 vel
1781 3098 2094 3153 terroribus

465 3197 751 3272 oportebit
791 3210 1049 3266 unquam
1084 3209 1380 3261 evacuare,
1409 3192 1541 3263 quia
1585 3191 1849 3247 novimus
1893 3208 2093 3248 omnes
2112 3233 2168 3308 Ο

650 3290 712 3308 πο
753 3288 927 3308 ηκμεμ
984 3288 1290 3308 _---_.'I-L-_
1368 3303 1668 3308 -_-_-_..__-
1714 3286 1954 3308 _-_.:-_--_
2004 3287 2087 3308 ---ἶ

462 3308 610 3365 pene
650 3288 935 3362 Hispaniae
979 3288 1312 3355 sacerdotes,
1363 3303 1673 3358 omnesque
1711 3286 1976 3354 seniores,
2004 3287 2092 3341 vel

455 3387 679 3459 judices
715 3401 780 3439 ac
814 3387 1044 3439 caeteros
1078 3381 1340 3437 homines
1377 3380 1547 3436 ofﬁcii
1583 3380 1816 3452 palatini
1848 3380 2088 3451 jurasse,

461 3487 635 3552 atque
677 3479 757 3535 ita
797 3494 949 3533 nunc
986 3476 1209 3548 legibus
1248 3475 1539 3531 decretum
1579 3475 1771 3543 fuisse,
1809 3479 1871 3530 ut
1902 3477 2093 3530 nullus

462 3574 664 3646 refuga
699 3572 790 3627 vel
831 3566 1085 3643 perﬁdus
1115 3570 1215 3641 qui
1261 3574 1455 3624 contra
1498 3574 1730 3640 gentem
1779 3569 2092 3624 Gothorum

463 3670 548 3725 vel
585 3667 831 3739 patriam
858 3681 956 3721 seu
995 3681 1194 3736 regem
1232 3680 1402 3733 agere
1429 3663 1660 3717 alterius
1687 3663 1873 3733 gentis
1911 3664 2089 3718 socie-

462 3767 642 3818 tatem
675 3778 735 3816 se
775 3759 1143 3814 transducere
1188 3757 1489 3827 reperitur,
1531 3756 1859 3827 integritate
1899 3772 2092 3811 rerum

462 3871 696 3911 suarum
721 3853 1042 3909 nullatenus
1068 3850 1440 3916 reformatur,
1471 3849 1580 3903 nisi
1618 3849 1854 3903 forsitan
1878 3849 2088 3920 princi-

463 3965 565 4020 pes
606 3943 981 4001 humanitatis
1007 3942 1221 4014 aliquid
1254 3941 1512 4012 personis
1548 3941 1757 3996 talibus
1802 3942 2092 4013 impertire

463 4040 763 4115 voluerint,
793 4037 884 4093 cui
910 4040 1104 4091 tamen
1140 4052 1258 4090 non
1297 4034 1542 4106 amplius
1566 4052 1737 4105 quam
1763 4035 2093 4107 vigesimam

465 4137 689 4207 partem
715 4147 911 4187 rerum
939 4131 992 4185 ei
1016 4130 1111 4202 qui
1141 4129 1386 4200 perﬁdus
1413 4128 1625 4183 exstitit
1649 4128 1719 4183 de
1744 4129 1914 4207 rebus
1942 4130 2092 4185 unde

465 4192 562 4284 rex
592 4214 829 4297 elegerit
850 4192 1508 4295 tribuendi-potestatem
1537 4192 1930 4311 habebit.‘Sed
1961 4224 2093 4295 quia

464 4324 766 4395 plerosque
792 4318 1026 4374 clericos
1066 4317 1327 4372 instantis
1361 4316 1603 4371 levitatis
1630 4317 1918 4371 interdum
1960 4334 2089 4389 pra-

464 4415 653 4471 vitatis
694 4412 1064 4487 praesumptio
1103 4412 1182 4467 ita
1235 4411 1420 4465 elevat
1462 4413 1523 4464 ut
1563 4411 1950 4482 praetermissa
1998 4429 2091 4467 or-

466 4511 615 4567 dinis
655 4502 742 4566 Sui
783 4507 1082 4580 gravitate,
1117 4523 1181 4560 ac
1222 4504 1465 4578 polliciti
1508 4506 1846 4561 sacramenti
1885 4506 2088 4561 imme-

2194 592 2298 647 pus
2325 576 2607 631 invenerit
2627 576 2903 648 superiori
2933 576 3308 663 anathematis
3326 578 3676 648 correptioni
3704 578 3835 633 sub-

2186 669 2392 740 jaceat,
2422 674 2477 725 et
2514 669 2837 741 quicunque
2868 670 2950 723 illi
2983 674 3189 741 praeter
3218 670 3277 724 in
3318 671 3518 725 ultimo
3546 671 3678 724 vitae
3708 688 3829 726 suae

2193 763 2307 816 ﬁne
2354 763 2418 834 (si
2461 766 2656 817 tamen
2690 779 2822 817 eum
2868 762 3122 834 legitime
3164 764 3438 834 poenitere
3479 765 3833 835 probaverit)

2193 855 2614 911 communionis
2675 856 2919 927 gratiam
2972 858 3321 912 consenserit
3360 857 3829 928 impendendam.

2192 949 2362 1004 Nobis
2408 949 2638 1004 interim
2688 950 2832 1005 ratio
2888 951 3167 1021 persuasit
3210 951 3463 1023 synodali
3507 968 3682 1022 super
3724 952 3831 1004 hoc

2195 1043 2597 1099 constitutione
2636 1042 2943 1098 decernere
2982 1048 3045 1098 ut
3074 1045 3396 1116 quicunque
3430 1045 3601 1099 etiam
3650 1045 3826 1098 laico-

2192 1153 2324 1190 rum
2350 1137 2666 1191 interdictis
2695 1137 2958 1208 capitulis
2980 1138 3088 1193 hoc
3122 1138 3177 1191 in
3197 1138 3593 1193 adversitatem
3614 1139 3827 1208 gentis,

2192 1234 2290 1284 aut
2354 1230 2551 1301 patriae
2600 1231 2961 1301 potestatisve
3001 1231 3176 1301 regite
3220 1231 3279 1285 in
3325 1237 3591 1285 externas
3638 1234 3829 1302 partes

2193 1340 2251 1377 se
2293 1324 2636 1378 conferendo
2684 1324 2769 1378 vel
2811 1324 3022 1378 talibus
3062 1341 3229 1394 opem
3271 1325 3579 1395 praebendo
3624 1324 3830 1378 noxius

2189 1416 2362 1471 fuerit
2410 1418 2559 1471 ultra
2602 1422 2883 1488 repertus,
2931 1435 3046 1474 non
3096 1420 3282 1473 solum
3344 1418 3425 1488 (ut
3468 1418 3681 1472 dictum
3726 1420 3828 1488 est)

2193 1511 2454 1564 omnium
2493 1527 2685 1565 rerum
2739 1528 2973 1565 suarum
3022 1513 3370 1583 pr0prietate
3414 1512 3684 1583 privetur,
3730 1512 3829 1566 sed

2192 1609 2249 1657 et
2290 1610 2564 1674 perpetua
2601 1606 3192 1659 excommunicatione
3226 1606 3548 1675 damnetur,
3582 1608 3639 1659 et
3676 1621 3826 1658 nun-

2190 1713 2361 1768 quam
2382 1697 2480 1764 illi,
2497 1697 2606 1751 nisi
2632 1699 2689 1752 in
2710 1699 2913 1752 ultimo
2939 1698 3143 1753 mortis
3156 1716 3272 1753 suae
3291 1704 3547 1769 tempore
3570 1715 3831 1753 commu-

2193 1790 2288 1845 nio
2304 1791 2849 1861 tribuatur,excepto
2873 1793 2916 1845 si
2932 1793 3347 1846 communionis
3365 1793 3410 1863 ej
3423 1810 3484 1846 us
3502 1792 3824 1846 remedium

2191 1884 2276 1938 vel
2321 1900 2539 1949 eorum,
2570 1886 2638 1939 de
2685 1886 2892 1955 quibus
2937 1903 3109 1956 supra
3141 1887 3520 1954 tractavimus,
3552 1886 3825 1955 implora-

2190 1980 2347 2031 tione
2391 1979 2742 2032 sacerdotum
2784 1979 2935 2049 apud
2977 1979 3293 2049 principem
3333 1979 3504 2033 fuerit
3551 1980 3822 2050 impetra-

2191 2074 2332 2125 tum.
2380 2072 2518 2125 Nam
2567 2072 2613 2125 si
2664 2072 2721 2126 in
2790 2073 3219 2143 derogationem
3261 2077 3359 2126 aut
3413 2072 3827 2126 contumeliam

2192 2164 2463 2236 principis
2503 2165 2819 2236 reperiatur
2855 2166 3060 2237 aliquis
3098 2165 3359 2237 nequiter
3398 2166 3577 2237 loqui,
3621 2169 3723 2219 aut
3767 2166 3827 2219 in

2164 2274 2389 2333 lnecem
2430 2258 2602 2327 regis,
2636 2276 2736 2312 seu
2777 2259 3157 2329 direptionem
3198 2260 3511 2327 intendere,
3543 2261 3630 2312 vel
3682 2276 3825 2312 con-

2195 2368 2422 2405 sensum
2450 2352 2728 2421 pra-abere,
2760 2370 2859 2405 nos
2891 2353 3125 2423 quidem
3158 2352 3557 2423 hujuscemodi
3585 2369 3827 2407 excom-

2192 2445 2576 2499 municatione
2623 2446 2864 2516 dignum
2906 2463 3222 2513 censemus,
3270 2452 3465 2500 utrum
3508 2450 3708 2501 tamen
3754 2447 3828 2501 sit

2191 2538 2273 2592 illi
2327 2539 2685 2609 quandoque
2725 2539 3268 2594 communicandum
3311 2540 3506 2610 pietati
3550 2540 3826 2612 principis

2192 2620 2615 2686 decernendum
2658 2633 3055 2704 relinquimus,
3085 2635 3244 2704 cujus
3279 2634 3473 2705 procul
3516 2634 3692 2689 dubio
3723 2652 3826 2705 po-

2192 2726 2411 2779 testatis
2436 2731 2520 2780 est
2549 2726 2929 2796 subjectorum
2957 2728 3150 2798 culpas
3176 2727 3578 2782 misericordiae
3600 2728 3825 2798 judicii-

2193 2836 2303 2890 que
2349 2820 2633 2874 sententia
2676 2824 3015 2891 temperare.
3048 2824 3444 2876 Contestamur
3480 2825 3671 2876 autem
3704 2823 3823 2876 cle-

2192 2913 2576 2968 mentissimos
2624 2914 2927 2985 principes,
2960 2920 3017 2969 et
3043 2932 3145 2986 per
3181 2915 3463 2970 ineffabile
3494 2915 3672 2970 divini
3722 2933 3824 2970 no-

2192 3007 2359 3061 minis
2407 3012 2826 3063 sacramentum
2870 3008 3219 3064 obtestantes
3262 3009 3611 3064 unanimiter
3654 3010 3820 3065 obse-

2193 3116 2433 3168 cramus,
2486 3117 2557 3155 ne
2606 3102 3058 3172 quandocunque
3113 3104 3322 3174 absque
3356 3104 3508 3173 justa
3552 3102 3672 3174 (ubi
3716 3122 3821 3158 ne-

2194 3209 2342 3248 cesse
2379 3194 2567 3266 fuerit)
2615 3195 3015 3265 imploratione
3061 3196 3391 3251 sacerdotali
3436 3199 3826 3252 excommuni-

2193 3287 2427 3341 cationis
2471 3288 2640 3359 hujus
2701 3288 3043 3343 sententiam
3086 3307 3116 3342 a
3168 3289 3396 3359 perﬁdis
3450 3291 3686 3357 clericis,
3736 3291 3824 3345 vel

2192 3380 2344 3435 laicis
2372 3381 2443 3436 ad
2474 3386 2739 3436 externas
2766 3386 2957 3453 partes
2981 3400 3038 3437 sc
3068 3383 3534 3442 transferentibus
3559 3386 3648 3438 vel
3681 3400 3820 3439 con-

2192 3492 2423 3529 sensum
2450 3475 2836 3546 praehentibus
2866 3493 3199 3548 quacunque
3230 3477 3552 3532 temeritate
3593 3495 3827 3549 suspen-

2194 3569 2349 3638 dant,
2382 3586 2517 3623 nam
2543 3570 2652 3623 hoc
2676 3570 2860 3639 magis
2889 3569 3221 3625 utilitatibus
3257 3570 3475 3625 videtur
3505 3572 3656 3625 ferre
3685 3589 3821 3627 con-

2192 3664 2403 3717 sultum
2458 3662 2500 3716 si
2557 3663 2977 3717 constitutionis
3040 3670 3248 3718 nostrae
3304 3665 3493 3719 forma
3548 3671 3821 3721 servetur.

2193 3756 2617 3811 Exsecrandum
2667 3757 2974 3811 anathema
3016 3758 3150 3828 ﬁat,
3196 3762 3252 3813 et
3291 3758 3444 3812 velut
3480 3760 3820 3829 prmvarica-

2194 3853 2281 3904 tor
2316 3849 2607 3904 catholicas
2637 3850 2770 3905 ﬁdei
2819 3867 3043 3922 semper
3084 3853 3154 3906 ad
3202 3852 3503 3908 Dominum
3548 3869 3682 3907 reus
3713 3854 3825 3908 exi-

2193 3947 2324 4011 stat,
2354 3943 2675 4015 quicunque
2709 3960 2910 4015 regum
2938 3944 3199 4016 deinceps
3230 3946 3462 4000 canonis
3491 3946 3665 4017 hujus
3692 3964 3820 4002 cen-

2191 4054 2382 4091 suram
2408 4036 2468 4092 in
2499 4054 2837 4110 quocunque
2878 4038 3200 4108 crediderit,
3232 4039 3319 4093 vel
3347 4039 3671 4112 permiserit
3701 4041 3821 4099 vio-

2194 4130 2327 4185 land
2338 4148 2451 4184 um.

2264 4226 2325 4280 ll.
2358 4224 2507 4279 Nihil
2543 4229 2742 4280 contra
2768 4226 2983 4280 ordinis
3010 4231 3281 4282 statutum
3315 4229 3648 4284 temeritatis
3682 4247 3827 4286 ausu

2192 4322 2609 4390 praesumetur,
2657 4336 2842 4391 neque
2880 4320 2976 4374 illa
3018 4338 3144 4393 qua;
3187 4339 3414 4377 summa
3459 4324 3825 4379 veneratione

2192 4416 2518 4479 censentur,
2548 4412 2635 4466 vel
2662 4413 2905 4469 minimo
2931 4416 3394 4487 praesumptionis
3420 4420 3575 4472 tactu
3599 4419 3823 4472 solvan-

2192 4509 2304 4573 tur,
2328 4523 2456 4560 cum
2497 4506 2569 4560 ad
2598 4506 2707 4561 hoc
2746 4510 2972 4562 tantum
3004 4510 3129 4563 ﬁeri
3159 4511 3318 4581 jussa
3364 4514 3496 4565 sunt
3534 4526 3605 4567 ne
3642 4511 3822 4566 inter-

473 4621 684 4673 mores,
718 4605 1018 4659 constante
1065 4599 1323 4673 principe
1369 4598 1459 4654 cui
1503 4599 1675 4654 ﬁdem
1703 4616 1921 4655 servare
1961 4617 2093 4672 pro-
2114 4605 2174 4679 D
2197 4604 2362 4671 rupta
2392 4602 2719 4668 noscantur,
2751 4602 2836 4654 vel
2874 4601 3166 4674 languoris
3197 4607 3476 4674 proventu
3505 4606 3710 4660 robore
3736 4624 3822 4660 sa-

463 4698 760 4766 miserant,
792 4696 852 4751 in
879 4694 1112 4750 alterius
1137 4693 1474 4749 electionem
1519 4693 1825 4748 temeraria
1864 4694 2091 4750 levitate

463 4792 845 4859 consentiant,
876 4788 1140 4859 abrogari
1168 4788 1329 4843 decet
1356 4788 1504 4841 hanc
1530 4787 1762 4841 omnino
1786 4787 2089 4856 licentiam,

465 4891 523 4941 et
565 4903 598 4940 a
643 4890 836 4940 nostro
874 4882 1154 4938 consortio
1199 4880 1430 4952 penitus
1482 4880 1792 4950 exstirpari,
1821 4880 1898 4934 ita
1936 4885 2015 4948 ut,
2045 4883 2093 4936 si

464 4978 792 5051 quicunque
823 4977 1098 5032 laicorum
1137 4973 1482 5047 quandoque
1525 4972 1677 5027 intra
1712 4973 1854 5027 ﬁnes
1889 4974 2090 5044 patriae

463 5073 775 5129 Gothorum
796 5069 1149 5142 superbiens,
1170 5067 1334 5139 regni
1364 5066 1584 5138 apicem
1608 5083 1833 5121 sumere
1854 5068 2091 5123 fortasse

462 5165 786 5233 tentaverit,
811 5164 975 5236 eique
1006 5163 1344 5217 clericorum
1371 5160 1607 5232 quilibet
1634 5159 1983 5230 adjutorium
2005 5164 2091 5216 vel

462 5262 717 5316 favorem
745 5256 1090 5330 praestiterit,
1118 5260 1290 5326 atque
1320 5256 1470 5309 hunc
1499 5254 1597 5326 qui
1618 5254 1907 5325 superbire
1933 5255 2090 5311 vide-

465 5359 561 5410 tur
577 5353 647 5408 ad
669 5352 933 5408 eamdem
948 5350 1118 5422 regni
1139 5348 1508 5404 ambitionem
1528 5349 1868 5420 praevalente
1890 5349 2090 5405 delicto

463 5447 760 5522 pervenire
788 5444 1112 5517 contigerit,
1143 5460 1208 5497 ex
1230 5460 1294 5497 eo
1324 5443 1572 5515 quodam
1596 5442 1705 5512 die,
1730 5442 1817 5496 vel
1838 5448 2093 5514 tempore

464 5542 740 5599 eumdum
769 5540 1121 5612 episcopum,
1145 5538 1233 5591 vel
1258 5537 1554 5608 cujuslibet
1578 5537 1792 5592 ordinis
1818 5538 2090 5592 clericum

460 5634 1023 5692 excommunicatum
1048 5647 1283 5686 manere
1311 5631 1591 5702 perpetim
1629 5631 1952 5703 opportebit
1993 5632 2090 5704 qui

458 5730 560 5785 tali
588 5746 647 5785 se
685 5728 896 5783 scelere
926 5725 1256 5797 implicavit,
1290 5730 1480 5779 tamen
1521 5724 1565 5778 si
1604 5729 1837 5796 propter
1875 5726 2088 5797 impro-

459 5822 697 5877 bitatem
722 5819 1013 5892 principis,
1044 5818 1134 5873 cui
1161 5818 1351 5890 inique
1378 5818 1677 5884 consensit,
1699 5835 1812 5872 non
1841 5819 2092 5890 potuerit

463 5914 736 5971 instantia
774 5913 1127 5973 sacerdotum
1156 5931 1189 5967 a
1226 5910 1622 5969 communione
1659 5911 1948 5981 suspendi,
1976 5913 2086 5967 sal-

2192 4694 2326 4749 lutis
2354 4693 2604 4764 privetur
2623 4699 2847 4749 natura.
2866 4696 2983 4750 Non
3009 4713 3146 4768 ergo
3170 4698 3462 4770 fragilitati
3489 4700 3667 4754 solum
3692 4717 3828 4755 con-

2193 4787 2325 4842 sulit
2364 4788 2656 4854 humana),
2697 4788 2799 4842 sed
2839 4788 3008 4843 etiam
3058 4792 3227 4845 sacris
3276 4793 3678 4863 mysteriorum
3725 4796 3827 4849 Dei

2191 4881 2522 4953 providetur
2561 4881 2764 4936 haberi
2802 4882 3259 4939 sollicitudinem.
3306 4886 3640 4941 Censuimus
3682 4905 3823 4960 ergo

2193 4976 2508 5045 convenire,
2545 4982 2602 5031 ut
2630 4993 2761 5030 cum
2786 4994 2819 5030 a
2839 4977 3224 5033 sacerdotibus
3248 4979 3546 5035 missarum
3564 4984 3824 5053 tempore

2193 5073 2388 5123 sancta
2417 5070 2686 5141 mysteria
2711 5074 3136 5139 consecrantur,
3157 5073 3200 5126 si
3229 5074 3589 5145 gratitudinis
3619 5077 3827 5130 accidit

2193 5162 2493 5234 cujuslibet
2531 5169 2785 5231 eventus,
2817 5181 2932 5236 quo
2968 5169 3213 5237 coeptum
3254 5171 3503 5239 nequeat
3540 5185 3829 5224 consecra-

2191 5256 2363 5311 tionis
2389 5257 2603 5327 expleri
2634 5258 2990 5329 mysterium,
3024 5259 3097 5313 sit
3137 5261 3380 5316 liberum
3411 5263 3701 5335 episcopo,
3736 5265 3827 5319 vel

2191 5351 2520 5422 presbytero
2561 5351 2760 5419 alteri,
2806 5354 3291 5410 consecrationem
3353 5357 3582 5428 exsequi
3646 5358 3826 5412 ofﬁcii

2193 5443 2379 5515 coepti.
2419 5445 2543 5498 Non
2583 5445 2737 5498 enim
2778 5446 2932 5501 aliud
2979 5448 3051 5502 ad
3086 5450 3551 5519 supplementum
3588 5451 3827 5507 initiatis

2191 5537 2472 5608 mysteriis
2502 5539 2775 5610 competit
2800 5556 2971 5612 quam
3001 5547 3098 5596 aut
3121 5542 3464 5614 incipientis,
3495 5550 3593 5599 aut
3622 5545 3824 5600 subse-

2191 5631 2416 5702 quentis
2453 5633 2735 5703 completa
2767 5633 3159 5690 benedictione
3186 5637 3509 5707 Sacerdotis,
3545 5639 3678 5709 quia
3717 5656 3826 5694 nec

2190 5725 2441 5796 perfecta
2480 5726 2656 5781 videri
2702 5733 2977 5798 possunt,
3031 5728 3136 5783 nisi
3210 5731 3572 5800 perfectionis
3620 5733 3825 5789 ordine

2191 5820 2604 5891 compleantur.
2663 5821 2806 5875 Dum
2850 5823 3004 5876 enim
3050 5839 3243 5878 sumus
3293 5841 3491 5880 omnes
3541 5842 3720 5881 unum
3763 5828 3825 5883 in

2191 5913 2435 5981 Christo,
2480 5913 2618 5968 nihil
2674 5915 3021 5972 contrarium
3080 5916 3373 5975 diversitas
3423 5920 3666 5990 format,
3722 5920 3824 5978 ubi
