4032 6330
474 343 577 405 499

1377 342 1657 407 ΑΡΡΕΝΙ).
1696 352 1785 406 AD
1823 351 1984 406 SIEC.
2027 349 2114 405 IX.
2142 380 2211 393 -—
2252 349 2492 411 lSlDORI
2530 350 2952 408 MERCATORIS

3743 350 3844 404 300

473 455 710 513 nomine
739 458 941 512 sanctae
962 454 1327 513 Emeritensis
1349 459 1607 514 Ecclesiae
1632 459 2109 531 metropolitanus
2130 461 2337 551 Aliter
2354 467 2410 517 et
2425 462 2520 519 alii
2547 461 2794 536 episcopi
2821 459 3294 533 subscripserunt,
3326 475 3589 527 numero,
3605 458 3847 531 triginta

476 549 796 620 episcopus,
829 551 949 604 haec
974 552 1281 606 constituta
1303 551 1581 607 definiens
1600 554 1919 625 subscripsi.
1942 553 2109 609 Simi-

2210 559 2358 610 octo.

1160 764 1559 830 INCIPIUNT
1600 767 1993 833 CAPITULA
2035 767 2369 834 CONCILII
2415 767 2699 833 OCTAVI
2743 766 3161 832 TOLETANI.

548 881 821 936 Allocutio
847 883 1240 940 Reccesiunthi
1270 886 1421 956 regis
1451 887 1523 941 ad
1555 887 1858 959 synodum.

549 975 626 1029 De
651 976 938 1031 catholica:
960 976 1091 1031 ﬁdei
1117 978 1499 1048 plenitudine.

553 1072 602 1122 1.
635 1068 711 1123 De
742 1069 965 1124 incauto
987 1070 1337 1140 juramento.

548 1166 601 1215 2.
631 1163 706 1216 De
732 1162 819 1216 his
844 1164 942 1233 qui
972 1169 1359 1220 sacrosanctos
1388 1166 1617 1222 ordines
1661 1168 1990 1225 muneribus
2018 1186 2106 1224 as-

476 1260 811 1327 sequuntur,
840 1262 897 1312 et
920 1257 1237 1311 fautoribus
1258 1275 1477 1314 eorum.

550 1352 601 1402 3.
634 1350 709 1403 De
742 1349 1223 1405 incontinentibus
1256 1353 1556 1425 episcopis.

552 1444 604 1498 4.
632 1443 709 1497 De
734 1442 1222 1499 incontinentibus
1252 1447 1614 1517 presbyteris,
1648 1465 1711 1503 ac
1756 1449 2107 1521 diaconibus,

480 1537 538 1587 et
562 1535 793 1589 feminis
818 1553 946 1607 quas
974 1538 1176 1592 talibus
1207 1539 1655 1611 conjunguntur.

634 1629 711 1683 De
738 1628 1221 1687 incontinentibus
1247 1632 1597 1690 diaconibus.

2280 893 2331 945 6.
2365 891 2444 946 De
2473 889 2561 945 his
2597 890 2693 962 qui
2736 893 2865 962 post
2893 892 3180 961 assumpta
3220 888 3732 945 ecclesiasticarum
3762 885 3847 940 di-

2210 983 2490 1054 gnitatum
2520 983 2724 1051 ofﬁcia,
2753 984 2825 1038 ad
2856 983 3121 1054 conjugia
3152 983 3411 1038 redeunt.
3496 1012 3505 1017 ί

2278 1082 2329 1132 7.
2363 1079 2436 1132 De
2467 1094 2580 1132 non
2613 1076 2941 1131 ordinandis
2971 1077 3058 1131 his
3090 1076 3190 1147 qui
3217 1077 3562 1147 psalmorum
3593 1072 3848 1129 cantico-

2207 1186 2358 1237 rum,
2392 1186 2493 1224 seu
2520 1171 2890 1241 hymnorum,
2922 1169 3083 1241 gnari
3105 1172 3255 1223 sunt.

2281 1267 2334 1318 8.
2381 1265 2460 1318 De
2491 1264 2579 1318 his
2606 1263 2703 1335 qui
2729 1268 3011 1335 praetextu
3061 1262 3446 1317 incommodae
3483 1259 3849 1331 aegritudinis

2208 1357 2670 1429 Quadragesimze
2688 1357 2977 1428 jejunium
3005 1355 3244 1411 solvunt.

2282 1454 2333 1505 9.
2368 1452 2445 1506 De
2470 1451 2559 1505 his
2586 1450 2682 1523 qui
2709 1456 2807 1506 aut
2825 1466 2928 1522 per
2943 1449 3337 1505 auctoritatem
3366 1451 3465 1504 aut
3486 1465 3591 1523 per
3610 1447 3732 1502 vim
3765 1464 3853 1502 or-

2213 1543 2390 1599 dinati
2418 1549 2568 1599 sunt.
2964 1536 2969 1541 ’

2285 1642 2370 1693 10.
2404 1639 2484 1692 De
2511 1638 2953 1694 confirmatione
3008 1636 3414 1693 universalium
3464 1636 3848 1691 decretorum.

2284 1735 2367 1787 11.
2396 1733 2476 1787 De
2508 1730 2738 1788 Iudaeis.

900 1975 1314 2069 INCIPIT
1397 1977 2012 2073 CONCILIUM
2079 1974 2771 2071 TOLETANUM
2854 1973 3435 2067 OCTAVUM.

1320 2116 1728 2180 Celebratum
1758 2136 1893 2181 aera
1924 2137 2082 2192 ocu,
2114 2124 2293 2179 sexto
2321 2113 2651 2178 Kalendas
2679 2113 3010 2176 Januarii.

554 2227 719 2283 Anno
747 2229 946 2300 quinto
974 2233 1276 2289 orthodoxi
1302 2240 1470 2306 atque
1492 2236 1744 2306 gloriosi,
1774 2239 1829 2291 et
1857 2252 1990 2290 vera
2008 2236 2117 2291 cle-

2216 2234 2486 2288 anhelum
2511 2235 2711 2303 pectus
2737 2248 2794 2286 se
2826 2230 2884 2284 in
2910 2230 3355 2302 promissionum
3374 2228 3629 2300 compita
3645 2228 3856 2284 diﬂ‘un-

483 2320 713 2375 mentite
743 2322 1022 2394 dignitate
1049 2328 1325 2399 praecipui
1355 2329 1747 2384 Reccesiunthi
1788 2330 1959 2401 regis,
1988 2334 2119 2385 cum
2136 2345 2194 2416 B
2218 2327 2319 2395 dit,
2336 2344 2409 2380 ne
2431 2325 2674 2397 pigritiae
2696 2324 2909 2379 fessum
2932 2322 3335 2379 retardationis
3356 2322 3622 2377 oneribus
3639 2339 3701 2376 se
3722 2323 3856 2377 sub-

486 2413 683 2469 omdes
696 2432 813 2471 non
833 2417 1036 2474 divinae
1053 2421 1340 2477 ordinatio
1364 2423 1671 2477 voluntatis
1687 2423 1942 2494 ejusdem
1959 2425 2113 2495 prin-

484 2506 622 2578 cipis
650 2510 1009 2567 serenissimo
1046 2514 1212 2585 jussu
1258 2515 1320 2570 in
1364 2516 1596 2571 basilica
1622 2520 1947 2572 sanctorum
1971 2534 2111 2588 apo-

482 2603 754 2658 stolorum
799 2605 872 2659 ad
911 2623 1134 2662 sacrum
1187 2610 1385 2681 synodi
1442 2611 1719 2681 coegisset
1770 2610 2113 2682 congregari

484 2701 845 2765 conventum,
875 2699 993 2755 dies
1019 2702 1256 2757 tandem
1282 2704 1493 2758 laetitiae
1513 2704 1766 2775 appetitu
1794 2704 2111 2759 diutissime

485 2794 830 2861 praaoptatus
854 2796 911 2846 et
936 2798 1133 2863 gratus
1156 2795 1357 2863 adfuit,
1381 2801 1435 2851 et
1448 2797 1735 2867 jocundus
1757 2801 1914 2852 tanto
1933 2798 2115 2852 nostri

482 2883 727 2953 pectoris
759 2884 997 2941 avidiori
1044 2893 1172 2942 voto
1214 2893 1525 2960 susceptus,
1560 2894 1775 2961 quanto
1814 2891 1886 2944 ad
1931 2907 2111 2946 reme-

485 2975 643 3029 dium
669 2977 864 3032 salutis
891 2981 1203 3046 exstiterat,
1236 2982 1633 3036 anhelantium
1660 2984 1989 3053 praecordiis
2014 3000 2112 3039 ex-

485 3068 743 3140 quisitus.
774 3072 1029 3143 Cumque
1061 3090 1125 3127 ex
1154 3091 1314 3129 more
1343 3076 1736 3148 unusquisque
1764 3078 1941 3132 nostri
1967 3078 2116 3132 ordi-

484 3161 574 3216 nis
604 3163 763 3218 sedes
793 3165 1011 3222 debitas
1054 3172 1397 3239 occupasset,
1432 3174 1489 3224 et
1517 3174 1783 3224 eventum
1830 3170 1914 3225 rei
1955 3176 2110 3225 tran-

483 3256 673 3326 quillae
703 3256 1035 3313 intentionis
1064 3262 1400 3331 exspectatio
1427 3263 1747 3333 sustineret,
1777 3263 1937 3318 adest
1960 3282 2111 3320 sere-

482 3349 747 3405 nissimus
758 3352 1023 3424 princeps
1034 3354 1129 3425 pia
1139 3355 1418 3426 religione
1431 3357 2113 3427 plenissimus,etsummo

481 3442 717 3499 laudum
743 3445 908 3501 titulo
938 3448 1231 3519 gloriosus,
1249 3450 1347 3521 qui
1375 3467 1430 3504 se
1457 3453 1651 3505 nostro
1679 3450 1846 3505 εωῐυὶ
1867 3451 2113 3506 reddens

481 3538 765 3605 acclivem,
819 3544 881 3595 ut
923 3542 1072 3597 hunc
1121 3543 1502 3614 omnipotenti
1549 3545 1796 3600 Domino
1848 3546 2113 3616 precibus

479 3633 1019 3690 commendaremus
1040 3641 1228 3691 astans
1248 3637 1504 3692 dulcibus
1529 3642 1591 3692 ut
1614 3638 1761 3693 ﬁlius
1779 3656 1885 3694 nos
1904 3640 2108 3695 cohor-

2218 2420 2427 2489 mittat,
2445 2420 2681 2491 longam
2700 2419 3159 2489 prosecutionem
3187 2416 3524 2489 compendio
3551 2416 3855 2471 brevitatis

2210 2512 2463 2581 astrinxi,
2494 2516 2549 2566 et
2579 2511 2730 2584 quod
2758 2511 3228 2583 productionibus
3255 2510 3610 2582 loquelarum
3636 2509 3698 2564 in
3722 2526 3857 2565 con-

2212 2606 2371 2661 cione
2384 2605 2703 2661 diffundere
2719 2605 2899 2676 potui,
2916 2608 3103 2659 totum
3118 2603 3176 2657 in
3198 2604 3342 2659 tomi
3360 2604 3530 2675 hujus
3551 2603 3856 2675 complica-

2212 2703 2408 2754 mento
2436 2715 2669 2770 prorsus
2693 2698 2857 2752 almae
2885 2703 3085 2752 vestrae
3118 2695 3482 2751 sanctitudini
3511 2696 3718 2752 offerre
3750 2697 3851 2751 de-

2213 2793 2384 2862 crevi,
2413 2792 2469 2846 id
2496 2809 2702 2863 magno
2724 2794 2959 2863 precatu
2986 2790 3412 2846 deliberationis
3435 2790 3766 2857 exhortans,
3791 2795 3856 2845 ut

2172 2883 2177 2909 τ
2214 2902 2569 2958 quaecunque
2600 2885 2715 2940 illic
2747 2888 3015 2939 tenentur
3043 2884 3287 2955 ascripta
3314 2883 3502 2938 valido
3537 2883 3852 2938 attendatis

2216 2979 2443 3047 intuitu,
2473 2979 2663 3050 sagaci
2700 2978 3138 3050 perscrutemini
3165 2977 3371 3044 studio,
3405 2980 3462 3032 et
3491 2993 3850 3049 quascunque

2215 3072 2538 3128 exstiterint
2582 3072 2783 3144 placita
2812 3074 2950 3141 Deo,
2992 3071 3162 3126 vestri
3190 3070 3302 3126 oris
3333 3070 3405 3126 ad
3434 3087 3538 3125 nos
3562 3087 3721 3124 sacro
3752 3087 3848 3124 re-

2213 3168 2470 3221 ferantur
2498 3166 2748 3221 oraculo.
2781 3168 3022 3237 Accepto
3053 3164 3255 3221 deinde
3277 3164 3461 3220 oblato
3484 3163 3644 3219 nobis
3666 3166 3847 3233 temo,

2214 3262 2450 3331 agentes
2482 3259 2722 3314 Domino
2750 3259 2961 3330 gratias
2989 3257 3421 3313 acclamavimus
3452 3276 3466 3312 :
3504 3275 3532 3308 α
3564 3256 3758 3311 Gloria
3788 3257 3848 3312 in

2214 3352 2442 3407 excelsis
2469 3354 2598 3420 Deo,
2628 3355 2684 3406 et
2711 3353 2769 3406 in
2801 3356 2948 3406 terra
2976 3369 3083 3423 pax
3111 3351 3435 3405 hominibus
3460 3350 3626 3405 bona:
3650 3351 3850 3405 volun-

2212 3447 2343 3501 tatis
2386 3445 2533 3516 (Luc.
2566 3462 2627 3515 n,
2658 3448 2764 3515 14).
2801 3466 2827 3497 »
2855 3447 2985 3500 Post
3025 3445 3195 3516 hujus
3240 3443 3632 3499 exsultationis
3662 3444 3847 3498 beatas

2215 3540 2506 3611 gaudium,
2556 3544 2613 3594 et
2654 3539 2895 3594 caelestis
2939 3540 3136 3609 glorias
3160 3539 3442 3610 hymnum
3469 3537 3654 3592 eidem
3686 3554 3848 3592 sacro

2212 3631 2456 3704 principi
2485 3632 2899 3700 benediximus,
2934 3635 3293 3703 reseratoque
3332 3635 3508 3702 tomo,
3536 3631 3661 3686 haec
3692 3630 3844 3685 intra

480 3729 627 3781 tatus
656 3732 740 3781 est
765 3728 973 3796 verbis,
995 3734 1183 3799 grates
1208 3730 1470 3786 deferens
1496 3733 1612 3787 Deo
1641 3731 1935 3800 virtutum,
1959 3733 2113 3804 quod
2133 3711 2187 3785 Ο
2214 3730 2476 3782 contexta
2499 3726 2811 3797 reperimus
2846 3743 2859 3779 :

480 3836 597 3872 suae
601 3819 877 3889 jussionis
888 3820 1193 3892 implentes
1216 3822 1514 3877 decretum
1531 3824 1591 3878 in
1608 3840 1788 3879 unum
1809 3825 2113 3881 fuissemus

480 3911 716 3965 adunati
745 3913 1078 3983 concilium;
1109 3914 1208 3969 sed
1229 3931 1359 3968 cum
1386 3919 1578 3971 tamen
1603 3917 1885 3972 humilem
1911 3936 2115 3990 cogno-

481 4004 752 4058 vissemus
795 4006 917 4076 ejus
960 4007 1170 4061 animas
1215 4008 1589 4079 voluntatem,
1624 4015 1681 4065 et
1707 4014 1826 4065 tam
1857 4011 2111 4066 sublimis
2139 4005 2158 4115 ί

482 4096 681 4168 gloriae
694 4098 1083 4154 celsitudinem
1093 4100 1415 4156 videremus
1428 4101 1718 4171 acclivem,
1740 4106 1903 4159 tanta
1918 4122 2113 4160 sumus
2139 4096 2149 4115 ⁸
2166 4152 2169 4157 .

480 4189 615 4244 inde
641 4190 822 4262 gloria
844 4192 1230 4248 exsultationis
1258 4196 1531 4265 succensi,
1558 4202 1621 4251 ut
1644 4201 1833 4267 grates
1850 4197 1934 4253 illi
1954 4198 2109 4254 debi-

480 4287 562 4339 tas
590 4290 647 4339 et
673 4285 968 4352 honorem,
1002 4291 1059 4341 et
1080 4288 1194 4343 laeti
1223 4289 1615 4358 redderemus,
1667 4295 1724 4345 et
1766 4292 1980 4360 cernui,
2011 4294 2112 4349 sed

479 4382 754 4448 quantum
772 4380 1052 4436 extulerat
1079 4382 1395 4453 principem
1424 4384 1761 4439 humilitatis
1782 4386 1918 4441 ordo
1941 4387 2111 4441 subli-

442 4540 453 4549 ’
481 4472 604 4540 mis,
638 4475 856 4528 tantum
882 4474 953 4528 ad
971 4475 1225 4530 exercitia
1251 4493 1487 4531 summa;
1508 4477 1731 4533 virtutis
1760 4479 2113 4536 instruebant

476 4567 734 4641 exempla
761 4567 1124 4623 sacratissimi
1150 4570 1421 4641 principis
1458 4571 1704 4626 formam
1732 4577 1943 4628 nostrae
1976 4573 2108 4628 reli-

475 4638 849 4756 gionisj'l'um
876 4661 1072 4716 relatis
1102 4638 1215 4717 Deo
1242 4638 1501 4719 laudibus
1524 4665 1593 4719 de
1622 4665 1850 4720 unitatis
1874 4667 2109 4722 alternae

473 4759 768 4822 proventu,
801 4772 1009 4825 magna
1040 4773 1142 4810 nos
1156 4773 1287 4811 cum
1308 4758 1731 4829 tranquillitatis
1752 4759 1930 4829 gratia
1961 4761 2103 4815 allo-

473 4850 634 4900 cutus
665 4850 749 4901 est
777 4848 967 4903 dicens
996 4867 1009 4903 :
1047 4851 1113 4903 Et
1156 4850 1201 4903 si
1253 4866 1510 4904 summus
1547 4853 1762 4906 Auctor
1792 4869 1986 4907 rerum
2013 4870 2108 4908 me

471 4938 615 4993 divae
660 4942 953 4996 memoriae
1006 4942 1219 4997 domini
1271 4943 1540 5015 genitoris
1592 4944 1709 4998 mei
1755 4946 2109 5017 temporibus

472 5032 637 5101 regni
681 5034 811 5088 sede
858 5035 1132 5103 subvexit,
1179 5041 1351 5108 atque
1399 5037 1577 5109 ipsius
1618 5037 1814 5109 glorise
1847 5038 2106 5094 deferens

474 5125 804 5195 participem
831 5127 983 5195 fecit,
1006 5146 1158 5184 nunc
1177 5133 1366 5185 tamen
1388 5147 1519 5185 cum
1540 5131 1661 5203 ipse
1680 5132 1935 5203 requiem
1949 5136 2108 5187 reter-

472 5235 609 5271 nam
636 5219 870 5290 adeptus
916 5227 999 5276 est
1045 5224 1435 5292 mansionum,
1469 5241 1537 5279 ea
1563 5242 1692 5297 quae
1721 5225 1781 5280 in
1812 5243 1905 5281 me
1934 5227 2108 5282 totius

474 5311 771 5381 regiminis
801 5316 1086 5371 transfusa
1103 5317 1239 5388 jura
1264 5318 1493 5389 reliquit
1518 5335 1587 5374 ex
1608 5322 1729 5374 toto
1756 5319 1945 5375 divina
1966 5320 2108 5374 mihi

474 5405 729 5476 potentia
749 5406 1090 5480 subjugavit,
1112 5410 1261 5466 unde
1274 5412 1804 5484 quiaregendorum
1824 5413 2111 5468 membro-

472 5515 600 5554 rum
632 5517 803 5556 causa
832 5503 983 5557 salus
1021 5509 1104 5558 est
1130 5504 1351 5575 capitis,
1405 5509 1463 5559 et
1499 5506 1737 5562 felicitas
1766 5508 2110 5578 populorum

471 5594 697 5649 nonnisi
726 5596 1106 5651 mansuetudo
1152 5600 1237 5649 est
1268 5597 1610 5670 principum,
1659 5599 1843 5655 votive
1886 5600 2108 5656 decrevi

471 5686 630 5741 vobis
660 5705 853 5743 coram
880 5689 1078 5759 positis
1105 5692 1161 5742 et
1188 5693 1447 5744 votorum
1470 5709 1729 5747 meorum
1750 5694 2109 5749 deliberatio-

476 5796 577 5832 nes
628 5781 919 5835 sanctione
975 5782 1169 5852 patula
1217 5798 1488 5850 reserare,
1522 5788 1580 5839 et
1623 5786 1941 5841 studiorum
1970 5791 2105 5858 apta

480 5871 705 5927 decreta
748 5873 967 5931 sincera
1009 5873 1352 5932 exhibitione
1400 5875 1638 5936 deferre.
1684 5880 1754 5933 At
1796 5895 1931 5934 vero
1977 5878 2107 5954 quia

2125 5081 2184 5153 D

2286 3730 2476 3781 ntexta
2499 3726 2811 3797 reperimus
2846 3743 2859 3779 :
2888 3718 2952 3873 \F

2286 3822 2345 3874 In
2371 3819 2605 3874 nomine
2634 3819 2882 3889 Domini,
2955 3818 3134 3873 lavius
3158 3817 3601 3873 Reccesiunthus
3633 3834 3732 3873 rex
3763 3834 3847 3873 re-

2215 3913 2633 3969 verendissimis
2660 3913 2921 3967 Patribus
2968 3913 3025 3966 in
3072 3912 3175 3966 hac
3218 3916 3414 3966 sancta
3456 3911 3672 3983 synodo
3700 3913 3859 3967 resi:

2214 4007 2497 4076 dentibus,
2531 4006 2741 4061 sanctis
2771 4006 3069 4078 episcopis.
3115 4004 3445 4060 Admirabili
3488 4005 3637 4060 dono
3670 4022 3841 4077 regu—

2211 4102 2326 4155 lam
2348 4099 2476 4156 ﬁdei
2506 4116 2649 4155 meae
2673 4100 2913 4154 solidam
2942 4105 3164 4167 tenens,
3219 4102 3277 4153 et
3311 4099 3646 4153 instructam
3673 4117 3847 4171 agno-

2212 4211 2392 4263 scens,
2417 4199 2587 4266 atque
2613 4194 2673 4248 in
2700 4194 2915 4248 honore
2934 4193 3056 4264 ejus
3076 4193 3343 4248 diadema
3361 4192 3553 4263 gloria:
3576 4209 3707 4247 cum
3729 4210 3848 4247 cor-

2213 4288 2298 4342 dis
2325 4288 2641 4342 humilitate
2673 4290 3058 4358 prosternens,
3111 4286 3208 4340 illo
3250 4287 3411 4340 laztus
3456 4285 3657 4340 auditu
3688 4287 3846 4357 quod

2211 4399 2409 4436 omnes
2439 4398 2601 4452 reges
2628 4384 2793 4434 terras
2820 4380 3074 4435 serviunt
3110 4384 3167 4434 et
3191 4380 3465 4435 obediunt
3495 4382 3627 4447 Deo,
3656 4398 3724 4435 eo
3752 4398 3846 4435 re—

2211 4475 2447 4529 verendi
2488 4476 2680 4529 Patres
2728 4474 3023 4529 excelsiori
3048 4473 3190 4528 mihi
3219 4472 3599 4528 venerationis
3626 4473 3846 4528 honore

2212 4569 2501 4635 sublimes,
2528 4584 2720 4621 coram
2746 4567 2903 4621 vobis
2932 4567 3170 4621 advenio
3198 4567 3255 4620 in
3289 4566 3534 4637 gratiam
3569 4583 3844 4622 mansue-

2212 4662 2425 4716 tudinis
2452 4664 2653 4716 vestrze
2686 4661 2935 4715 studium
2968 4677 3306 4729 convocans,
3355 4663 3413 4713 et
3454 4660 3846 4715 testimonium

2209 4754 2435 4810 visionis
2448 4758 2647 4810 vestra:
2674 4771 2766 4809 me
2791 4760 2845 4808 et
2869 4771 3059 4808 coram
3073 4753 3477 4824 omnipotentis
3497 4754 3599 4807 Dei
3613 4754 3845 4808 nutibus

2207 4849 2519 4905 tremendis
2547 4848 2852 4917 acclinans,
2884 4848 3140 4903 referens
3168 4847 3247 4902 illi
3272 4847 3441 4902 corde
3471 4848 3601 4900 laeto
3631 4848 3843 4917 gratias

2208 4944 2523 5014 opulentas,
2569 4941 2725 5014 quod
2774 4959 2873 4996 vos
2916 4941 3225 4995 clementia
3248 4939 3549 4994 voluntatis
3574 4939 3751 5011 ipsius
3776 4957 3841 4995 ex

2206 5041 2415 5091 nostra:
2454 5037 2613 5107 jussu
2657 5035 3004 5089 celsitudinis
3045 5034 3116 5088 ad
3148 5034 3317 5104 hujus
3352 5036 3563 5087 sanctae
3594 5049 3839 5104 congre-

2210 5130 2451 5200 gationis
2478 5129 2724 5183 votivum
2753 5128 3018 5200 dignatus
3040 5133 3126 5181 est
3144 5127 3427 5182 deducere
3457 5131 3841 5194 castum,con-

2209 5224 2385 5277 fidens
2412 5228 2530 5278 tam
2559 5221 2697 5276 mihi
2729 5238 2905 5293 quam
2946 5221 3103 5275 vobis
3128 5226 3184 5275 et
3213 5221 3271 5275 in
3299 5220 3664 5291 praesentium
3694 5220 3846 5276 serie

2209 5320 2552 5388 temporum,
2611 5321 2668 5370 et
2718 5317 3041 5370 futurorum
3090 5314 3447 5386 longitudine
3503 5314 3846 5369 saeculorum

2167 5400 2331 5489 lejus
2368 5410 2565 5465 adesse
2600 5409 2801 5481 gratiae
2828 5408 3154 5480 praemium,
3187 5407 3463 5480 quoniam
3492 5412 3674 5462 vestra
3700 5424 3844 5463 con-

2211 5503 2404 5558 cordia
2428 5504 2487 5557 in
2515 5503 2904 5558 conveniendo
2935 5501 3269 5557 unanimum
3293 5517 3355 5555 ac
3388 5501 3721 5572 religiosum
3749 5501 3849 5555 de-

2207 5598 2538 5652 monstratis
2564 5598 2850 5663 aﬂ'ectum,
2879 5602 2936 5651 et
2962 5594 3344 5666 dispositionis
3370 5611 3514 5649 mea:
3542 5595 3599 5648 in
3630 5610 3844 5665 regem

2209 5690 2294 5745 dis
2322 5690 2547 5762 populis
2575 5707 2751 5763 quam
2788 5691 2949 5761 pium
2975 5689 3046 5743 sit
3080 5688 3341 5760 poteritis
3371 5691 3637 5759 patenter
3660 5703 3843 5756 agno-

2206 5802 2357 5841 scere
2387 5791 2604 5839 votum.
2654 5786 2812 5839 Nunc
2860 5783 3036 5855 igitur
3066 5783 3199 5854 quia
3237 5798 3479 5837 monens
3502 5781 3845 5854 praalocutio

2206 5879 2394 5957 longa:
2408 5878 2669 5935 dictionis
2689 5894 2808 5935 non
2830 5877 2980 5948 capit
3006 5893 3319 5945 excessum,
3337 5875 3471 5948 quid
3490 5875 3559 5931 de
3578 5880 3842 5934 sanctam
