4032 6284
222 330 312 392 SOI

1446 340 1912 399 DECRETALIUM
1948 343 2331 400 COLLECTIO.

3468 351 3568 408 502

218 448 328 504 ﬁde
374 445 628 505 noverim
658 466 831 523 quam
872 450 1089 508 caelitus
1120 453 1376 526 illapsam
1408 453 1552 510 mihi
1581 471 1683 527 per
1707 470 1837 509 san-
1863 461 1922 536 Α
1940 452 2154 507 actibus
2181 451 2338 524 gravi
2367 451 2810 511 contradictione
2840 453 2963 511 haec
2990 454 3274 512 sententia
3300 455 3570 511 resultare

216 546 442 598 ctorum
496 546 883 616 apostolorum
932 547 1435 622 frequentiumque
1476 551 1705 604 Patrum
1746 566 1843 604 ora

215 638 476 709 cognovi,
506 655 606 694 seu
636 640 773 712 quid
799 641 870 696 de
914 642 1190 698 secuturis
1220 643 1482 713 negotiis,
1510 660 1612 714 pro
1638 643 1843 714 quibus

214 730 370 786 hunc
381 736 726 788 conventum
743 735 1207 806 congregationis
1220 736 1531 790 coadunari
1546 735 1843 807 percensui

213 822 487 879 intimare
516 824 878 894 decreverim,
911 827 971 882 in
1001 828 1169 899 hujus
1194 829 1338 884 tomi
1358 828 1503 884 serie
1529 829 1845 900 conscripta

213 921 429 982 tenete,
457 935 522 974 ac
548 918 743 975 relicta
782 920 1118 991 pernoscite,
1148 925 1205 976 et
1246 922 1461 977 cunctis
1503 939 1631 994 quae
1660 921 1843 978 teuori

213 1011 338 1082 ejus
382 1016 591 1067 nostra“:
636 1013 1026 1085 amplitudinis
1074 1018 1324 1086 potestas
1371 1015 1692 1086 impressit,
1743 1033 1840 1071 ve-

212 1109 345 1159 strae
370 1104 743 1162 beatitudinis
771 1107 1017 1178 gravitas
1056 1108 1323 1163 effectum
1352 1111 1473 1164 tam
1511 1108 1591 1164 eis
1619 1114 1844 1181 promat

213 1214 276 1252 ac
326 1197 666 1256 miserenter
706 1199 996 1271 inpendat,
1022 1202 1213 1272 'quam
1263 1205 1469 1257 nostra:
1517 1207 1839 1258 mansuetu-

214 1290 367 1345 dinis
398 1291 673 1347 serenitas
698 1293 806 1349 hoc
837 1293 1003 1349 nobis
1026 1294 1317 1366 implenda
1340 1296 1725 1351 commendat.

284 1386 596 1441 Exordium
627 1387 815 1458 itaque
850 1387 1203 1443 allocutionis
1238 1406 1381 1444 mete
1417 1407 1482 1443 ex
1513 1388 1843 1444 deﬁnitione

211 1482 426 1533 sancta;
450 1478 581 1535 ﬁdei
609 1479 908 1550 inchoans,
939 1484 1144 1536 caetera
1175 1499 1302 1554 quae
1325 1483 1533 1537 futuris
1562 1487 1692 1538 sunt
1714 1498 1843 1553 pro-

212 1571 601 1627 secutionibus
628 1572 968 1644 intimanda,
998 1577 1153 1631 velut
1182 1593 1351 1648 supra
1378 1576 1724 1631 soliditatem
1751 1592 1843 1647 pe-

210 1670 317 1720 tras
343 1669 789 1735 constructums,
814 1684 848 1722 a
868 1670 977 1723 Deo
997 1669 1169 1724 etiam
1191 1670 1381 1741 operis
1402 1670 1518 1724 mei
1535 1668 1840 1724 aediﬁcium

211 1776 647 1831 congressurus,
680 1778 748 1815 eo
776 1763 1180 1834 consequentia
1205 1763 1442 1818 validius
1470 1780 1699 1835 ponam,
1727 1778 1841 1834 quo

1943 545 2339 615 perpenditur,
2368 550 2425 601 et
2453 548 2530 601 sic
2560 547 2815 603 funditus
2841 549 3221 605 damnationis
3246 549 3567 620 astipulatio

1944 638 2239 706 retinetur,
2288 656 2361 693 ne
2404 639 2597 710 pietati
2631 657 2760 712 quae
2801 643 3067 713 Apostolo
3111 643 3458 714 praecinente
3500 642 3571 697 ad

1945 731 2139 786 omnia
2168 731 2318 786 utilis
2344 736 2429 787 est
2461 734 2507 802 (Ι
2531 737 2665 789 Tim.
2695 751 2767 804 IV,
2797 735 2871 805 8),
2900 736 3225 810 quicunque
3253 736 3437 791 aditus
3475 752 3567 790 re—

1944 827 2219 891 servetur,
2252 826 2449 880 vestris
2476 827 2591 881 haec
2621 828 2917 883 committo
2946 829 3142 884 ﬁdenti
3172 829 3365 884 animo
3399 829 3569 884 sacris

1944 919 2344 988 pertractanda
2365 919 2611 989 judiciis,
2640 938 2704 975 ac
2735 921 3051 977 dirimenda
3080 922 3394 989 sententiis,
3417 922 3570 977 unde

1936 1010 2061 1080 jam
2079 1016 2325 1066 vestrum
2344 1012 2786 1084 erit,inspirante
2805 1015 2961 1070 vobis
2975 1015 3340 1071 miseratione
3351 1014 3564 1082 divina,

1942 1103 2023 1157 ita
2055 1103 2348 1175 utriusque
2391 1104 2730 1161 discriminis
2758 1112 3079 1178 temperare
3109 1124 3461 1175 mensuram,
3493 1123 3566 1162 ne

1943 1200 2044 1251 aut
2066 1196 2124 1251 in
2146 1197 2476 1267 juramento
2499 1198 2749 1254 conditio
2778 1204 2965 1255 teneat
2994 1218 3136 1268 reos,
3168 1205 3267 1256 aut
3300 1200 3563 1273 impieta-

1942 1289 2014 1344 tis
2055 1291 2194 1345 ultio
2225 1291 2434 1346 habeat
2473 1292 2839 1361 inhumanos,
2875 1294 3064 1365 sicque
3108 1294 3277 1349 vestri
3317 1310 3420 1348 nos
3470 1293 3562 1347 iu-

1944 1389 2122 1439 struat
2160 1385 2350 1440 forma
2385 1386 2608 1456 judicii,
2638 1390 2701 1442 ut
2742 1387 3025 1458 subjectos
3065 1388 3324 1459 populos,
3355 1403 3457 1442 nec
3504 1386 3566 1442 in

1942 1478 2428 1548 profanationibus
2459 1479 2773 1535 habeamus
2819 1481 3088 1548 subditos,
3114 1498 3218 1535 nec
3258 1480 3567 1552 impietatis

1941 1570 2176 1625 vinculis
2206 1572 2498 1626 doleamus
2523 1573 2956 1628 contaminatos.
2986 1576 3114 1630 Post
3136 1574 3307 1644 hujus
3335 1576 3568 1628 conten-

1939 1664 2108 1719 tionis
2156 1665 2508 1737 alloquium,
2554 1667 2917 1738 sequentium
2968 1684 3159 1721 causas
3203 1666 3566 1737 negotiorum

1941 1758 2109 1812 simili
2130 1775 2358 1830 quoque
2382 1760 2779 1831 subjungimus
2804 1777 2900 1815 vos
2922 1761 3213 1816 intendere
3234 1759 3565 1816 attentione.

212 1853 508 1908 decentius
537 1854 862 1910 ﬁrmissima
890 1857 1263 1927 praetulerim,
1291 1857 1479 1912 primo
1507 1856 1699 1929 itaque
1741 1874 1837 1911 co-
1860 1828 1917 1900 B
1941 1851 2305 1906 Decernimus
2341 1856 2667 1909 attestantes
2707 1854 3133 1909 universitatem
3171 1856 3418 1908 nostram
3462 1868 3569 1924 per

211 1963 334 2000 ram
361 1964 421 2000 se
448 1948 763 2002 reverentia
782 1952 965 2003 vestra
992 1950 1202 2004 habeat
1226 1951 1377 2021 quod
1395 1967 1558 2005 nosse
1581 1967 1699 2005 non
1725 1967 1843 2005 am-

209 2040 354 2111 bigit
380 2056 473 2095 me
505 2041 835 2096 orthodoxae
866 2043 1000 2097 ﬁdei
1029 2060 1244 2112 veram,
1275 2049 1546 2111 sanctam,
1579 2049 1634 2099 et
1659 2044 1839 2098 since-

210 2149 333 2187 ram
362 2134 626 2204 regulam
661 2134 730 2189 de
755 2135 924 2189 corde
954 2153 1093 2207 puro
1119 2142 1175 2191 et
1195 2138 1541 2192 conscientia
1561 2138 1709 2191 bona
1729 2137 1843 2208 ple-

211 2225 445 2281 nissime
491 2226 719 2295 habere,
749 2228 1024 2283 veraciter
1053 2229 1196 2283 scire
1239 2235 1295 2284 et
1338 2229 1665 2285 ﬁrmissime
1703 2229 1840 2284 reti-

207 2336 366 2386 nere,
402 2323 571 2391 atque
598 2335 724 2374 eam
749 2320 826 2374 ita
854 2322 1148 2392 complecti
1181 2326 1352 2394 atque
1372 2324 1841 2394 venerari,atque

208 2411 473 2482 diligere,
517 2413 661 2466 sicut
708 2430 833 2467 eam
878 2420 1069 2471 sancta
1115 2416 1418 2486 apostolica
1459 2416 1685 2471 traditio
1734 2416 1838 2471 do-

206 2508 313 2571 cet,
349 2505 500 2559 sicut
525 2506 699 2560 etiam
748 2511 944 2561 sancta
974 2508 1225 2579 synodus
1272 2510 1499 2563 Niccena
1528 2509 1837 2577 constituit,

206 2598 350 2652 sicut
368 2599 857 2671 Constantinopoli
871 2607 1198 2656 sanctorum
1219 2604 1447 2657 Patrum
1466 2603 1840 2674 congregatio

206 2691 483 2759 definivit,
518 2692 661 2747 sicut
688 2694 948 2764 Ephesini
975 2694 1147 2765 primi
1188 2698 1362 2750 ccetus
1389 2696 1572 2750 unitas
1599 2696 1840 2751 afﬁrma-

206 2786 305 2851 vit,
334 2786 480 2840 sicut
510 2787 982 2842 Chalcedonensis
1021 2788 1242 2843 concilii
1281 2789 1537 2843 deﬁnitio
1567 2790 1838 2860 praetulit,

206 2879 356 2933 hanc
384 2895 517 2933 cum
549 2880 811 2934 fidelibus
843 2897 1088 2949 servans,
1119 2881 1191 2934 ad
1212 2882 1359 2936 hanc
1389 2882 1682 2937 salvandos
1710 2883 1841 2937 inﬁ-

204 2973 357 3027 deles
373 2972 637 3039 invitans,
654 2972 711 3027 in
732 2973 881 3027 hanc
898 2974 1179 3044 subjectos
1200 2977 1436 3045 populos
1456 2992 1678 3047 regens,
1693 2977 1842 3030 hanc

204 3066 453 3137 propriis
481 3066 740 3137 gentibus
764 3067 1072 3123 tenendam
1097 3067 1409 3137 insinuans,
1426 3070 1570 3123 hanc
1590 3070 1648 3123 in
1669 3086 1843 3141 popu-

1942 1961 2178 1999 summae
2221 1945 2530 2001 divinitatis
2580 1948 2943 2018 coaequalem,
2994 1951 3054 2002 et
3101 1951 3467 2013 coasternam,
3511 1950 3569 2001 et

1942 2037 2385 2109 inseparabilem
2413 2039 2768 2107 Trinitatem,
2796 2046 2968 2113 atque
3003 2040 3155 2095 illius
3181 2038 3442 2111 mysterii
3472 2056 3562 2092 sa-

1942 2136 2301 2188 cramentum
2334 2133 2490 2204 quod
2516 2132 2880 2189 incarnatum
2907 2134 3007 2188 Dei
3034 2134 3235 2189 Filium
3255 2134 3324 2188 de
3352 2132 3562 2203 Spiritu

1942 2230 2156 2291 sancto,
2215 2243 2248 2280 a
2290 2226 2467 2281 Maria
2511 2226 2743 2298 Virgine
2791 2244 2895 2298 pro
2940 2228 3121 2282 salute
3162 2225 3386 2294 mundi,
3432 2241 3565 2279 vera

1942 2318 2082 2372 ﬁdes
2109 2319 2168 2373 in
2193 2322 2311 2373 toto
2344 2320 2479 2374 orbe
2516 2320 2831 2389 denuntiat,
2862 2325 3031 2392 atque
3062 2321 3370 2375 adventum
3411 2318 3564 2389 ejus-

1940 2411 2070 2465 dem
2112 2412 2238 2466 Jesu
2291 2412 2497 2466 Christi
2564 2414 2667 2467 ﬁlii
2712 2414 2847 2480 Dei,
2896 2413 3075 2468 nostri
3134 2412 3398 2479 Domini,
3450 2428 3564 2483 quo

1940 2505 2261 2575 perimendi
2305 2509 2437 2559 sunt
2467 2506 2649 2577 impii,
2680 2511 2738 2561 ct
2765 2524 3012 2578 regnum
3041 2507 3164 2578 ejus
3192 2523 3306 2578 quo
3349 2504 3561 2577 gloriﬁ-

1941 2598 2107 2653 candi
2160 2602 2294 2653 sunt
2320 2599 2516 2669 sancti,
2548 2603 2614 2654 ut
2643 2616 2999 2672 quaecunque
3041 2600 3272 2671 negotia
3303 2599 3372 2653 de
3418 2614 3561 2669 quo-

1940 2692 2209 2748 rumlibet
2236 2693 2598 2763 querelarum
2620 2693 2904 2749 auditibus
2928 2693 3260 2760 exstiterint,
3285 2692 3567 2764 patefacta

1940 2803 2069 2840 cum
2088 2786 2310 2858 justitia
2334 2792 2391 2841 et
2412 2786 2610 2857 vigore
2646 2786 3088 2842 misericorditer
3116 2790 3173 2841 et
3195 2803 3325 2841 cum
3348 2791 3566 2855 tempe-

1939 2884 2202 2934 ramento
2228 2879 2605 2935 miserationis
2625 2880 2955 2951 justissimae
2983 2879 3341 2935 concorditer
3366 2877 3563 2933 termi-

1941 2978 2151 3027 nentur
2179 2973 2240 3027 in
2261 2973 2456 3043 legum
2484 2974 2778 3029 sententiis
2805 2990 2933 3046 quae
2960 2980 3057 3029 aut
3088 2975 3393 3046 depravata
3424 2988 3562 3026 con-

1941 3066 2183 3134 sistunt,
2236 3070 2337 3121 aut
2382 3083 2452 3121 ex
2511 3068 2838 3139 superﬂuo,
2888 3069 2975 3123 vel
3018 3067 3268 3122 indebito
3316 3065 3567 3137 conjecta

206 3160 275 3213 lis
301 3159 502 3213 alienis
529 3160 896 3228 annuntians,
925 3166 983 3215 ut
1004 3160 1062 3214 in
1088 3161 1190 3216 illa
1212 3162 1538 3232 gloriﬁcans
1569 3164 1840 3232 Deum,et
1861 3195 1915 3266 Ο
1940 3159 2226 3227 videntur,
2254 3164 2463 3215 nostras
2500 3161 2814 3216 serenitatis
2842 3162 3305 3216 accommodaute
3337 3175 3567 3214 consen-

206 3253 355 3307 inter
384 3253 656 3306 mortales
698 3268 787 3307 me
814 3270 1054 3307 summas
1083 3254 1391 3309 divinitatis
1420 3255 1661 3310 felicitas
1684 3272 1835 3310 asse-

205 3350 433 3417 quatur,
463 3349 522 3399 et
548 3345 773 3401 interra
802 3346 1108 3401 viventium
1140 3348 1437 3402 hmreditas
1463 3366 1495 3401 a
1520 3365 1612 3403 me
1642 3350 1836 3419 glorite

206 3440 483 3510 rapiatur.
516 3440 618 3506 En,
646 3440 1105 3495 reverendissimi
1125 3443 1332 3509 Patres,
1349 3445 1631 3511 quantum
1657 3443 1730 3496 ad
1751 3459 1837 3497 ve-

205 3534 435 3587 ritatem
458 3532 585 3587 ﬁdei
614 3537 823 3587 sancta:
849 3534 1122 3604 pertinuit
1146 3551 1209 3588 ex
1235 3538 1350 3588 toto
1372 3535 1625 3589 animam
1646 3553 1837 3591 meam

205 3642 321 3679 sua:
368 3625 746 3680 confessionis
788 3625 981 3681 titulos
1024 3626 1376 3698 explicuisse,
1405 3627 1854 3703 honoriﬁcentia

204 3722 389 3772 vestra
410 3717 460 3790 1
477 3717 605 3791 22
632 3719 903 3789 pensavit.
918 3721 1038 3773 Jam
1054 3737 1204 3775 nunc
1221 3737 1571 3792 magnopere
1592 3722 1839 3777 arbitror

205 3828 324 3866 esse
384 3811 528 3865 mihi
580 3817 965 3883 opportunum
1027 3829 1154 3883 quae
1222 3814 1508 3869 tendimus
1578 3815 1836 3870 societati

203 3905 464 3976 ejusdem
490 3921 636 3959 verte
666 3904 796 3959 ﬁdei
828 3905 1013 3959 studia
1042 3912 1246 3961 sanctas
1271 3908 1619 3978 operationis
1646 3909 1839 3963 innec-

202 4006 342 4065 tere,
370 4016 444 4053 ne
470 3999 617 4053 hanc
647 4004 745 4053 aut
765 3999 884 4053 sine
905 4000 1169 4069 operibus
1195 4007 1476 4056 mortuam
1498 4002 1833 4071 habeamus,

204 4096 302 4147 aut
326 4109 443 4146 non
483 4092 846 4162 plenitudinis
890 4109 1007 4146 suae
1037 4093 1315 4163 dignitate
1357 4095 1652 4165 perspicua
1683 4096 1832 4150 deci-

204 4185 302 4238 dat
332 4185 656 4252 inhonesta,
688 4185 824 4238 dum
871 4185 1160 4255 Scriptura
1196 4202 1311 4240 non
1358 4188 1575 4254 silente,
1610 4188 1679 4242 de
1705 4189 1833 4259 qui-

202 4277 449 4346 busdam
481 4278 706 4346 inferat,
750 4294 878 4349 quas
908 4277 1103 4332 dicunt
1132 4295 1191 4332 se
1220 4295 1405 4348 nosse,
1440 4281 1620 4334 Deum
1646 4286 1836 4335 autem

201 4358 545 4518 negantkljt
582 4387 721 4442 ergo
760 4370 906 4425 hanc
939 4371 1113 4425 ﬁdem
1167 4388 1339 4442 super
1382 4373 1635 4444 lapidem
1674 4373 1836 4428 illum

202 4465 449 4518 solidata
516 4507 529 4518 .
567 4484 594 4514 «
618 4480 791 4518 auem
814 4464 1256 4518 renrobaverunt
1283 4465 1519 4518 quidam
1548 4466 1836 4518 zediﬁcan-

202 4464 529 4531 solidataih,
567 4484 594 4514 «
618 4480 791 4536 quem
814 4464 1256 4535 reprobaverunt
1283 4465 1519 4537 quidam
1548 4466 1836 4521 aediﬁcan-

1942 3271 2004 3307 su
2037 3255 2159 3307 haec
2192 3254 2377 3307 solum
2408 3271 2536 3325 quae
2567 3255 2637 3309 ad
2667 3255 2945 3310 sinceram
2981 3255 3258 3325 justitiam
3289 3258 3347 3308 et
3382 3268 3563 3323 nego-

1938 3346 2149 3401 tiorum
2181 3346 2577 3401 sufﬁcientiam
2609 3349 2945 3403 conveniant
2965 3347 3258 3416 ordinetis,
3283 3361 3565 3401 canonum

1939 3440 2174 3494 obscura
2201 3440 2462 3511 qumdam
2505 3447 2560 3496 et
2602 3442 2662 3495 in
2703 3442 2935 3496 dubium
2967 3457 3147 3508 versa,
3179 3441 3238 3495 in
3266 3438 3565 3494 meridiem

1935 3533 2137 3587 lucidae
2160 3532 2554 3604 intelligentiae
2577 3535 2879 3602 reducatis,
2905 3535 3280 3605 omniumque
3309 3531 3563 3604 negotio-

1935 3643 2065 3681 rum
2091 3630 2400 3681 conventus
2443 3628 2829 3700 ordinumque
2854 3632 3049 3696 status,
3078 3627 3176 3699 qui
3219 3627 3277 3681 in
3316 3630 3557 3681 vestram

1937 3718 2254 3774 exstiterint
2273 3719 2519 3775 devoluti
2547 3721 2925 3791 prmsentiam,
2949 3721 3026 3776 ita
3050 3721 3330 3791 majorum
3351 3717 3561 3789 regulis

1935 3813 2347 3867 concordantes
2391 3814 2728 3884 justissime,
2784 3815 2991 3886 pieque
3042 3831 3108 3870 ac
3177 3815 3561 3884 temperanter

1937 3906 2277 3961 constituere
2327 3908 2629 3975 studeatis,
2682 3911 2743 3962 ut
2785 3913 2843 3963 et
2890 3907 3036 3963 mihi
3084 3907 3184 3979 qui
3226 3907 3301 3961 ad
3344 3905 3558 3959 studio-

1935 4016 2065 4053 rum
2090 4000 2308 4054 fructus
2334 4001 2617 4056 bonorum
2645 4002 2848 4071 angelo
2871 4019 3002 4074 pars
3044 4002 3346 4056 beatorum
3388 3998 3558 4053 adve-

1936 4093 2055 4147 niat
2083 4097 2140 4147 et
2164 4110 2261 4149 vos
2292 4094 2391 4164 qui
2412 4094 2786 4165 adimplentes
2810 4095 3164 4149 voluntatem
3192 4094 3309 4161 Dei,
3332 4109 3425 4147 me
3442 4108 3560 4146 non

1934 4187 2216 4257 spernitis,
2257 4187 2665 4258 imprecantem
2708 4189 2910 4260 religio
2944 4188 3307 4244 beatitudinis
3335 4191 3561 4241 aeternae

1936 4280 2220 4350 suscipiat,
2252 4286 2308 4334 et
2342 4281 2480 4335 visio
2507 4282 2894 4336 delectationis
2941 4282 3044 4336 Dei
3082 4281 3189 4336 sibi
3232 4280 3560 4352 perenniter

1937 4373 2214 4427 inhaerere
2264 4373 2552 4429 concedat.
2578 4376 2688 4429 Vos
2726 4375 2898 4429 etiam
2945 4375 3187 4430 illustres
3230 4374 3379 4429 viros
3416 4389 3560 4444 quos

1938 4483 2007 4520 ex
2040 4466 2226 4520 ofﬁcio
2254 4468 2498 4537 palatino
2518 4468 2647 4522 huic
2673 4472 2885 4523 sanctas
2911 4468 3130 4539 synodo
3157 4468 3426 4522 interesse
3450 4466 3561 4536 pri-

207 4564 290 4612 tes
316 4600 329 4625 ,
379 4556 534 4612 idem
588 4562 778 4612 tamen
818 4574 852 4611 a
896 4557 1142 4612 Domino
1203 4557 1386 4611 factus
1432 4562 1517 4611 est
1560 4558 1619 4613 in
1668 4565 1914 4636 caputD
1937 4565 2124 4613 matus
2148 4559 2412 4629 obtinuit,
2441 4578 2503 4615 ac
2531 4561 2793 4616 nobilitas
2816 4562 3137 4633 spectabilis
3163 4560 3561 4628 honoravit,et

204 4651 401 4722 anguli
450 4655 506 4705 et
542 4653 628 4705 est
684 4650 1029 4705 admirabilis
1082 4650 1144 4704 in
1190 4650 1364 4704 oculis
1414 4650 1618 4705 nostris
1668 4652 1831 4722 (Psal.

205 4760 370 4813 CXVII,
398 4747 467 4798 22
490 4748 547 4798 et
570 4742 679 4814 23),
711 4765 750 4817 3)
793 4743 1018 4814 plenius
1062 4743 1396 4812 habeamus,
1432 4743 1665 4815 ejusque
1693 4744 1830 4799 insi-

205 4838 411 4907 gnibus
439 4836 732 4892 decentius
761 4853 1125 4906 exornamur,
1161 4837 1432 4893 attendite
1464 4837 1624 4908 cujus
1651 4839 1835 4909 Operis

204 4932 473 4997 fructum,
513 4930 787 5002 cujusque
831 4930 1181 5002 operationis
1212 4935 1586 5001 augmentum
1635 4932 1834 4986 studiis

204 5025 373 5097 hujus
399 5028 610 5079 sanctae
651 5023 788 5078 ﬁdei
818 5024 1143 5079 consociare
1177 5024 1433 5094 velimus,
1461 5030 1516 5079 et
1542 5025 1833 5081 innectere

203 5123 558 5190 quantOpere
600 5122 881 5189 optemus.
914 5119 1104 5190 Itaque
1134 5117 1398 5173 revolutis
1427 5123 1580 5173 retro
1605 5123 1830 5190 tempo-

202 5212 377 5279 ribus,
409 5211 491 5266 ita
532 5227 630 5265 vos
668 5227 1015 5283 omnemque
1058 5211 1329 5283 populum
1364 5212 1587 5282 jurasse
1630 5212 1830 5268 recoli-

202 5323 347 5373 mus,
366 5311 428 5360 ut
441 5304 831 5377 cujuscunque
849 5304 1067 5360 ordinis
1087 5305 1171 5359 vel
1193 5305 1428 5360 honoris
1445 5321 1690 5376 persona
1706 5323 1833 5379 qua:

201 5399 256 5453 in
292 5415 495 5455 necem
524 5398 738 5470 regiam
777 5398 1175 5470 excidiumque
1201 5399 1520 5454 Gothorum
1557 5400 1740 5471 gentis
1769 5418 1832 5455 ac

200 5494 399 5564 patrias
423 5493 643 5548 detecta
670 5493 869 5548 fuisset
891 5493 977 5546 vel
1006 5490 1284 5564 cogitasse
1315 5492 1484 5548 noxia
1509 5492 1599 5547 vel
1626 5493 1828 5565 egisse,

197 5585 585 5642 irrevocabilis
605 5585 900 5641 sententia:
919 5586 1195 5640 multatus
1212 5586 1523 5657 atrocitate,
1548 5603 1831 5659 nusquam

199 5684 525 5736 mereretur
554 5678 731 5735 venite
751 5679 1099 5749 remedium,
1117 5678 1207 5734 vel
1237 5679 1475 5751 alicujus
1506 5683 1828 5752 temperan-

200 5773 295 5828 tize
337 5772 633 5846 percipere
684 5774 1099 5845 qualecumque
1164 5773 1500 5828 subsidium.
1552 5776 1624 5829 At
1680 5791 1832 5829 nunc

197 5867 329 5940 quia
382 5882 553 5938 grave
604 5883 1021 5939 onerosumque
1064 5871 1360 5932 censetur,
1408 5866 1543 5939 quia
1606 5866 1830 5938 pietatis

1935 4653 2285 4724 experientia
2301 4654 2635 4724 aaqualitatis
2651 4654 2905 4726 plebium
2928 4660 3172 4710 rectores
3184 4654 3395 4725 exegit,
3417 4669 3559 4724 quos

1933 4746 1990 4800 in
2033 4745 2311 4817 regimine
2343 4747 2538 4815 socios,
2581 4748 2642 4801 in
2687 4748 3023 4803 adversitate
3052 4747 3214 4815 ﬁdos,
3245 4749 3301 4801 et
3334 4746 3392 4800 in
3421 4762 3555 4817 pro-

1934 4839 2111 4910 speris
2152 4841 2467 4910 amplector
2512 4844 2791 4911 strenuos,
2821 4858 2925 4912 per
2954 4858 3096 4911 quos
3139 4839 3362 4912 justitia
3403 4840 3559 4910 leges

1935 4932 2153 5005 implet,
2198 4933 2488 4990 miseratio
2530 4935 2673 5007 legis
2714 4934 3004 5006 impletur,
3045 4937 3241 4989 contra
3279 4933 3557 5005 justitiam

1932 5028 2163 5099 legum,
2214 5028 2529 5084 moderatio
2584 5029 2863 5100 aequitatis
2909 5028 3347 5100 temperantiam
3417 5028 3558 5099 legis

1933 5125 2255 5193 extorquet,
2284 5122 2556 5193 adjurans
2585 5123 2840 5178 obtestor
2863 5138 2969 5194 per
2996 5138 3165 5177 omne
3210 5122 3347 5177 illud
3374 5121 3554 5178 admi-

1932 5215 2127 5285 rabile,
2159 5218 2215 5269 et
2251 5216 2436 5270 solum
2468 5216 2634 5270 unius
2663 5232 2834 5271 sacras
2860 5216 2994 5271 ﬁdei
3022 5219 3467 5285 sacramentum,
3500 5220 3558 5270 et

1932 5324 2034 5379 per
2075 5308 2458 5364 venerabilem
2502 5310 2762 5365 omnium
2807 5313 3132 5365 sanctorum
3173 5312 3410 5366 Patrum
3456 5326 3558 5381 per

1931 5418 2104 5474 quem
2146 5402 2394 5457 obtestor
2439 5408 2695 5459 sanctum
2741 5410 3102 5476 conventum,
3135 5408 3201 5460 ut
3237 5404 3312 5460 ad
3340 5406 3558 5460 cunctae

1931 5495 2183 5550 veritatis
2224 5512 2289 5550 ac
2337 5495 2689 5552 discretionis
2718 5498 3049 5569 justissimze
3093 5500 3428 5565 formulam,
3480 5496 3558 5550 ita

1931 5590 2156 5644 animos
2194 5588 2471 5660 dirigatis,
2516 5595 2579 5645 ut
2610 5592 2757 5646 nihil
2795 5609 2828 5648 a
2871 5609 3150 5649 consensu
3187 5590 3555 5665 prensantium

1931 5683 2179 5751 Patrum,
2234 5688 2677 5758 sanctorumque
2722 5686 2976 5743 virorum
3026 5688 3299 5743 aliorsum
3346 5680 3556 5737 mentis

1932 5775 2217 5845 obtutum,
2262 5778 2537 5850 quidquid
2584 5779 2920 5835 innocentiae
2965 5780 3227 5845 vicinum,
3270 5774 3553 5848 quidquid

1923 5868 2158 5943 justitia:
2185 5871 2535 5945 proximmn,
2553 5873 2831 5948 quidquid
2855 5890 2887 5927 a
2916 5872 3125 5944 pietate
3147 5886 3265 5928 non
3282 5869 3549 5937 alienum,
