4032 6328
462 369 569 428 50:3

1363 368 1642 424 APPL‘ND.
1683 369 1769 423 ΑΙ)
1809 366 1967 422 8.·Είὶ.
2011 366 2096 422 ΙΧ.
2132 397 2199 407 -
2239 366 2484 427 lSlDORl
2521 372 2945 430 MEHCATORIS

3732 376 3844 435 504

456 479 545 531 vel
566 475 667 531 soli
689 477 799 531 Deo
828 477 1179 548 agnoveritis
1208 477 1444 531 existere
1472 477 1767 548 placitum,
1794 477 2090 543 instanter,
2116 487 2175 560 Α
2198 494 2323 532 mus
2350 481 2419 534 de
2449 482 2544 536 illa
2574 483 2835 553 primitus
2864 482 3023 554 loqui
3052 486 3111 537 ut
3145 482 3276 537 inde
3303 481 3598 538 soliditatis
3644 485 3850 556 auspi-

459 571 737 638 modeste,
772 576 985 625 etcum
1016 571 1170 625 omni
1214 570 1527 641 dignemini
1574 571 1891 623 intentione
1937 587 2091 623 com-

454 665 629 735 plere.
685 664 932 718 Scientes
968 665 1102 734 quia
1144 665 1201 717 in
1246 680 1311 716 eo
1358 664 1508 733 quod
1560 664 1680 716 lucc
1734 680 1859 716 mea
1908 664 2095 717 sobria

453 762 585 812 vota
612 759 923 829 completis,
964 774 1063 810 vos
1113 757 1384 811 amabiles
1434 758 1548 810 Deo
1581 756 1903 826 assignatis,
1939 760 1995 809 ct
2034 758 2092 810 in

454 866 523 904 eo
546 850 694 921 quod
728 851 1085 904 decretorum
1128 856 1450 904 nostrorum
1479 850 1663 903 edicta
1694 851 1900 904 favoris
1927 851 2087 903 exhi-

452 943 668 997 bitione
698 944 1021 1011 corroboro,
1056 961 1145 997 me
1184 943 1473 997 vobiscum
1503 943 1671 996 simul
1702 959 1833 996 cum
1862 944 2094 997 Domino

454 1036 795 1107 placiturum
827 1038 1076 1105 assiguo.
1102 1039 1159 1090 In
1190 1053 1499 1090 commune
1524 1037 1645 1106 jam
1670 1036 1827 1089 vobis
1855 1037 2091 1102 cunctis,

456 1136 512 1183 et
540 1129 715 1183 divini
758 1131 940 1183 cultus
971 1131 1247 1184 ministris
1310 1130 1548 1194 idoneis,
1583 1135 1638 1183 et
1666 1145 1727 1182 ex
1761 1131 1891 1182 aula
1940 1130 2095 1199 regia

455 1223 765 1276 rectoribus
813 1223 984 1277 divini
1035 1224 1278 1302 nominis
1344 1223 1697 1291 adjuratione
1756 1222 2091 1287 constrictis,

456 1315 661 1385 adjicio
688 1317 1079 1370 consensionis
1110 1333 1251 1370 mea:
1282 1332 1479 1370 verum
1512 1331 1833 1386 purumque
1861 1316 2095 1385 promis-

455 1425 604 1477 sum,
640 1415 701 1463 ut
730 1410 1104 1480 quodcunque
1140 1410 1376 1479 justitim
1406 1426 1469 1463 ac
1506 1409 1722 1479 pietati,
1754 1409 2095 1480 salutarique

459 1503 787 1556 discretioni
817 1503 1069 1556 vicinum
1121 1503 1444 1569 decernere,
1475 1519 1575 1556 seu
1611 1502 1923 1573 adimplere
1966 1519 2095 1556 cum
2142 1508 2145 1511 ’

456 1612 733 1649 consensu
761 1596 1073 1666 elegeritis,
1103 1597 1300 1649 omnia
1322 1597 1543 1649 favente
1565 1600 1675 1650 Deo
1699 1596 2013 1667 perﬁciam,
2040 1599 2097 1649 et

458 1689 722 1742 adversus
744 1689 782 1755 (l
800 1688 816 1759 )
833 1690 1127 1743 commoda
1142 1689 1651 1743 controversiarum
1673 1689 1963 1759 promissis
1984 1689 2096 1743 illis

460 1798 589 1851 qua:
620 1782 692 1835 ad
720 1781 1061 1836 domesticos
1089 1783 1221 1835 fidei
1254 1784 1453 1853 regula
1480 1783 1728 1836 veritatis
1755 1781 2095 1852 pertinuisse

2196 589 2391 628 cemur
2420 577 2732 645 exordium,
2751 578 2901 631 unde
2936 594 3106 631 sacrae
3136 576 3485 648 sumpsimus
3514 577 3847 633 nativitatis

2194 665 2442 734 initium,
2465 675 2741 739 quatenus
2767 670 3145 726 assertionum
3177 676 3499 726 sanctarum
3528 671 3665 725 forti
3692 688 3848 743 pra:-

2194 761 2359 813 missa
2388 764 2688 832 sententia,
2706 764 2987 835 quidquid
3013 764 3387 834 imposterum
3414 764 3848 837 subsequenter

2195 854 2487 909 advenerit
2524 858 2591 909 de
2622 858 2758 911 actis
2787 858 3147 928 negotiorum
3197 858 3396 913 fortius
3422 860 3702 914 sustinere
3734 877 3845 915 va-

2194 947 2303 999 leat
2332 949 2531 1003 seriem
2573 950 2952 1004 decretorum.
2988 952 3168 1005 Unam
3195 968 3332 1021 ergo
3358 969 3531 1006 sacra:
3566 953 3702 1007 ﬁdei
3737 970 3841 1008 ve-

2195 1058 2314 1097 ram
2362 1044 2767 1112 professionem
2817 1060 3120 1115 veramque
3160 1046 3417 1115 regulam
3464 1050 3680 1112 tenere,
3725 1064 3845 1101 nos

2194 1141 2309 1190 tota
2356 1136 2559 1191 virtute
2604 1137 2781 1190 animi
2827 1142 2883 1190 et
2943 1138 3295 1207 profitemur,
3344 1145 3400 1193 et
3431 1140 3841 1208 acclamamus,

2197 1230 2523 1300 cunctisque
2580 1231 3005 1301 percipiendam
3076 1248 3141 1285 ac
3221 1232 3579 1286 retinendam
3659 1235 3847 1304 plena

2196 1325 2606 1378 deliberatione
2635 1325 2982 1378 incessanter
3011 1325 3403 1394 praedicamus,
3446 1326 3588 1379 sicut
3614 1343 3649 1379 a
3697 1344 3841 1381 san-

2195 1417 2297 1470 ctis
2346 1418 2614 1488 apostolis
2644 1424 2870 1472 ostensa
2919 1419 3174 1485 docetur,
3205 1419 3347 1472 sicut
3388 1436 3420 1472 a
3464 1421 3843 1490 sequentibus

2194 1510 2453 1565 Patribus
2494 1511 2822 1565 orthodoxis
2862 1511 3101 1566 disserta
3143 1512 3436 1582 probatur,
3470 1512 3615 1567 sicut
3655 1513 3840 1567 etiam

2196 1623 2229 1659 a
2289 1605 2492 1658 sanctis
2538 1605 2645 1658 illis
2709 1605 3071 1675 synodalibus
3120 1606 3294 1676 gestis
3336 1622 3466 1660 vere
3521 1610 3842 1678 sancteque

2196 1698 2527 1754 conﬁrmata
2558 1699 2928 1769 dignoscitur,
2962 1700 3016 1751 in
3039 1699 3244 1769 quibus
3264 1700 3381 1753 Arii
3400 1700 3488 1753 vel
3519 1701 3839 1755 Eutichetis

2197 1792 2588 1846 insanissimus
2655 1809 2815 1846 error
2890 1792 3371 1862 deprehenditur,
3440 1797 3497 1847 et
3559 1794 3838 1847 radicitus

457 1874 738 1943 probavit,
770 1874 955 1929 adhuc
979 1876 1130 1929 aliud
1158 1894 1190 1929 a
1222 1876 1591 1929 beatitudinis
1624 1880 1819 1928 vestrm
1847 1892 2091 1929 conven-
2117 1856 2172 1928 B
2199 1886 2575 1955 exstirpat”,
2645 1886 2790 1939 sicut
2853 1886 3099 1955 denique
3163 1887 3223 1939 in
3286 1886 3455 1940 sacris
3520 1886 3837 1941 missarum

461 1972 523 2020 tu
588 1968 843 2037 ejusdem
908 1969 1039 2022 ﬁdei
1101 1969 1338 2022 aviditas
1392 1969 1678 2038 deposcit,
1755 1975 2096 2021 connectens

460 2078 553 2114 mc
611 2062 669 2114 in
719 2062 1024 2132 scquendis
1070 2062 1473 2116 traditionibus
1524 2064 1802 2115 conﬁrmo
1868 2078 2092 2115 causam

460 2171 587 2224 quas
618 2158 819 2208 vestra)
849 2156 1113 2225 dignitati
1145 2156 1417 2225 probatur
1446 2173 1559 2208 non
1583 2160 1868 2222 extranea,
1898 2172 2093 2225 quam-

460 2247 593 2302 libet
624 2264 725 2317 per
754 2264 842 2301 me
887 2249 1094 2301 lucrari
1122 2249 1375 2303 Christus
1418 2249 1772 2313 exliortctur,
1802 2248 2091 2301 inimicam

459 2339 565 2393 sibi
596 2344 789 2393 tamen
824 2358 942 2395 esse
974 2359 1086 2395 non
1131 2342 1391 2407 ambigit,
1429 2342 1608 2394 donec
1640 2342 1790 2412 quod
1829 2342 2095 2394 ardenter

460 2439 635 2502 Optat,
663 2434 916 2488 obtineat
945 2451 957 2488 :
987 2436 1311 2489 Judaeorum
1343 2435 1554 2488 scilicet
1581 2438 1635 2487 et
1665 2436 1834 2487 vitam
1874 2450 2090 2487 mores-

431 2513 571 2595 ique
618 2528 912 2597 denuntio,
960 2546 1205 2599 quorum
1250 2529 1648 2582 tantummodo
1702 2528 1834 2581 novi
1880 2532 2093 2581 terram

456 2620 757 2689 regiminis
790 2622 904 2674 mei
954 2622 1234 2692 pollutam
1283 2640 1404 2675 esse
1454 2626 1612 2691 peste
1654 2622 1921 2689 contagii.
1954 2623 2091 2673 Nam

461 2730 589 2765 eum
622 2716 770 2766 Deus
802 2716 1166 2785 omnipotens
1195 2733 1391 2769 omnes
1429 2734 1497 2768 ex
1546 2716 1649 2768 hac
1682 2716 1910 2783 regione
1939 2715 2090 2767 radi-

457 2807 599 2860 citus
629 2808 1019 2877 exstirpaverit
1049 2810 1310 2873 hrereses,
1343 2810 1451 2862 hoc
1484 2811 1667 2861 solum
1694 2808 1973 2877 sacrilegii
2002 2810 2094 2861 de-

458 2900 629 2953 decus
658 2901 1000 2955 remansisse
1045 2902 1414 2971 dignoscitur,
1448 2902 1601 2971 quod
1635 2905 1731 2953 aut
1762 2906 1965 2954 nostra
1994 2902 2087 2954 de.—

457 2992 702 3045 votionis
750 2994 1074 3047 instantiam
1107 2995 1374 3063 corrigat,
1416 2998 1511 3046 aut
1542 2995 1772 3046 ultionis
1820 3012 1934 3046 sure
1977 2994 2092 3046 vin-

461 3086 607 3140 dicta
654 3086 961 3156 disperdat.
998 3088 1073 3139 Ex
1124 3088 1204 3139 eis
1251 3089 1401 3141 enin.
1460 3089 1738 3158 quosdam
1775 3087 2093 3141 traditionis

2197 1978 2645 2033 solemnitatibus
2695 1979 2963 2033 concordi
3006 1996 3137 2033 voce
3194 1980 3525 2049 proﬁtemur
3587 1997 3651 2033 ac
3689 1980 3835 2034 dici-

2195 2089 2341 2125 IDUS.

2265 2166 2555 2220 Credimus
2584 2166 2641 2218 in
2673 2182 2847 2218 unum
2878 2167 3053 2219 Deum
3089 2168 3308 2218 Patrem
3343 2165 3831 2235 omnipotentem,

2193 2259 2464 2312 factorem
2496 2259 2618 2312 coeli
2650 2262 2705 2311 et
2740 2263 2929 2324 terrze,
2963 2258 3267 2311 visibilium
3300 2259 3556 2312 omnium
3587 2264 3643 2313 et
3683 2260 3832 2313 invi-

2194 2353 2443 2405 sibilium
2484 2352 2851 2417 conditorem,
2884 2353 2949 2405 Et
2995 2352 3055 2405 in
3085 2368 3264 2405 unum
3296 2352 3602 2406 Dominum
3631 2355 3835 2407 Iesum

2193 2446 2498 2512 Christum,
2534 2445 2737 2499 Filium
2769 2445 2867 2498 Dei
2905 2445 3289 2514 unigenitum,
3326 2450 3383 2499 et
3422 2462 3487 2499 ex
3532 2448 3696 2501 Patre
3733 2464 3836 2501 na-

2196 2543 2315 2593 tum
2335 2545 2463 2592 ante
2480 2539 2671 2593 omnia
2692 2540 2913 2605 saecula,
2931 2540 3106 2592 Deum
3125 2555 3193 2593 ex
3212 2541 3343 2605 Deo,
3360 2539 3555 2593 lumen
3580 2557 3644 2593 ex
3664 2540 3835 2594 lumi-

2196 2650 2287 2698 ne,
2320 2636 2495 2686 Deum
2538 2649 2738 2685 verum
2779 2649 2845 2685 ex
2874 2634 2986 2687 Deo
3031 2648 3182 2698 vero,
3212 2637 3407 2685 natum
3438 2649 3553 2686 non
3585 2634 3829 2702 factum,

2194 2726 2493 2779 omonsion
2517 2726 2684 2791 Patri,
2704 2726 2813 2779 hoc
2835 2731 2937 2791 est,
2956 2725 3215 2794 ejusdem
3237 2742 3368 2779 cum
3390 2727 3550 2780 Patre
3569 2727 3834 2781 substan-

2194 2820 2307 2884 tia),
2334 2836 2434 2888 per
2463 2836 2633 2889 quem
2661 2820 2849 2873 omnia
2874 2821 3020 2872 facta
3052 2824 3199 2885 sunt,
3226 2836 3352 2890 qum
3375 2820 3433 2873 in
3455 2821 3591 2873 ccelo
3620 2824 3677 2873 et
3696 2838 3829 2891 qua:

2186 2912 2251 2965 in
2285 2916 2468 2981 terra;
2505 2913 2599 2982 qui
2626 2917 2859 2983 propter
2888 2930 2991 2966 nos
3030 2916 3086 2966 et
3115 2917 3348 2983 propter
3383 2918 3637 2967 nostram
3684 2916 3830 2968 salu—

2196 3009 2305 3059 tem
2348 3006 2655 3072 descendit,
2687 3013 2742 3060 et
2784 3008 3105 3061 incarnatus
3148 3012 3229 3060 est
3268 3007 3334 3061 de
3378 3008 3591 3077 Spiritu
3634 3016 3828 3062 sancto

2193 3116 2259 3154 ex
2288 3101 2454 3153 Maria
2482 3098 2735 3170 Virgine,
2764 3101 2938 3155 homo
2965 3102 3147 3155 factus
3186 3107 3239 3154 et
3269 3118 3463 3171 passus
3490 3102 3593 3154 sub
3626 3102 3827 3155 Pontio

459 3200 653 3238 errore
681 3187 899 3237 vetusto
926 3184 1088 3238 video
1114 3186 1353 3237 retinere
1376 3186 1503 3254 jura
1526 3186 2085 3255 perlidhe,quosdam
2110 3220 2163 3293 Ο
2193 3194 2389 3261 Pilato,
2421 3211 2484 3247 ac
2523 3195 2794 3265 sepultus,
2830 3198 2885 3248 et
2929 3194 3093 3248 [grtia
3123 3194 3211 3248 die
3256 3195 3579 3249 resurrexit.
3609 3198 3824 3249 Ascen-

454 3298 587 3334 vero
633 3282 772 3335 sacri
817 3283 1173 3352 baptismatis
1221 3284 1473 3354 expiatos
1523 3284 1849 3350 ablutione,
1904 3284 1982 3336 ita
2030 3285 2086 3337 iu

458 3375 751 3444 apostasite
793 3376 978 3429 denuo
1017 3378 1266 3447 relapsos
1298 3394 1571 3443 errorem,
1607 3382 1665 3431 ut
1707 3377 2091 3431 detestabilior

458 3468 783 3523 inveniatur
820 3471 879 3524 in
910 3471 990 3524 eis
1018 3472 1255 3541 prolatio
1296 3471 1689 3541 blasphcmize,
1728 3488 1895 3540 quam
1925 3472 1980 3523 in
2011 3471 2089 3523 eis

456 3579 598 3632 quos
627 3564 879 3618 nondum
909 3569 1127 3619 constat
1149 3565 1467 3635 puriﬁcatos
1492 3582 1609 3618 esse
1636 3564 2089 3634 regenerationis

458 3673 631 3710 sacras
656 3658 898 3727 liquore,
931 3676 1035 3729 pro
1064 3676 1176 3729 quo
1220 3660 1382 3712 bona:
1426 3658 1759 3711 intentionis
1797 3676 2002 3728 agone,
2034 3664 2089 3712 et

454 3751 611 3803 luero
644 3752 773 3803 ﬁdei
818 3768 961 3805 veras
1006 3753 1240 3806 obsecro
1287 3752 1666 3805 reverentiam
1718 3751 2089 3805 beatitudinis

456 3847 651 3897 vestrae
705 3849 875 3913 atque
947 3862 1121 3915 supra
1188 3849 1375 3897 taxato
1440 3849 1727 3898 contestor
1774 3845 2088 3897 tremenda:

457 3937 583 4005 conj
596 3938 863 3990 arationis
888 3944 1107 4003 tenore,
1131 3943 1195 3991 ut
1219 3938 1429 4008 absque
1459 3939 1619 3991 omni
1640 3940 1855 4007 favore,
1878 3939 2087 4009 absque

459 4030 614 4083 omni
644 4047 1015 4100 personarum
1048 4031 1223 4101 partis
1264 4032 1515 4101 ipsorum
1545 4031 1890 4101 acceptione,
1926 4032 2085 4100 quid-

460 4124 596 4192 quid
641 4124 709 4176 ad
760 4124 981 4176 Domini
1024 4129 1079 4178 et
1123 4124 1499 4194 redemptoris
1550 4125 1667 4177 mei
1714 4127 1841 4179 Jesu
1885 4123 2089 4179 Christi

462 4233 651 4270 veram
697 4218 890 4285 ﬁdem,
922 4235 1237 4288 verumque
1280 4218 1524 4289 pertinet
1562 4219 1858 4287 honorem,
1890 4218 1960 4271 de
2006 4218 2090 4271 his

452 4311 700 4379 jnbeatis
747 4312 1035 4378 ardenter,
1065 4316 1121 4366 et
1167 4312 1454 4366 verissime
1507 4314 1615 4366 Deo
1662 4329 1726 4366 ac
1768 4312 1899 4367 fidei
1944 4329 2087 4365 mere

462 4405 717 4474 placitam
743 4406 1082 4459 sententiam
1113 4406 1268 4474 dare,
1289 4410 1347 4459 ut
1373 4407 1515 4460 sicut
1537 4407 1679 4460 mihi
1702 4407 1891 4460 divina
1914 4407 2090 4476 pietas

464 4515 704 4569 regnum
734 4499 987 4553 ﬁdelium
1022 4500 1177 4554 dedit
1208 4517 1337 4554 cum
1377 4500 1580 4572 quibus
1612 4518 1738 4555 eam
1775 4501 2081 4572 cognoscit,

2192 3288 2273 3341 dit
2307 3288 2363 3339 in
2398 3288 2580 3354 caelos,
2612 3288 2775 3341 sedet
2812 3306 2844 3340 a
2879 3288 3171 3341 dexteram
3218 3288 3420 3354 Patris,
3461 3288 3593 3341 inde
3629 3295 3827 3342 ventu-

2189 3398 2284 3435 rus
2308 3381 2561 3451 judicare
2606 3381 2662 3433 in
2694 3381 2869 3450 gloria
2896 3381 3047 3435 vivos
3079 3387 3133 3435 et
3163 3385 3435 3449 mortuos,
3467 3381 3628 3451 cujus
3661 3382 3826 3452 regni

2189 3491 2305 3527 non
2352 3474 2458 3528 erit
2492 3474 2640 3527 linis.
2688 3474 2982 3528 Credimus
3031 3478 3085 3527 et
3134 3474 3195 3527 in
3241 3474 3512 3544 Spiritum
3562 3479 3823 3528 sanctum

2189 3568 2611 3632 viviﬁcatorem,
2650 3585 2719 3620 ex
2751 3568 2912 3621 Patre
2956 3572 3012 3620 et
3060 3567 3197 3621 li‘ilio
3238 3567 3663 3639 procedentem,
3693 3585 3824 3623 cum

2192 3663 2349 3714 Patre
2397 3664 2453 3713 et
2494 3661 2628 3713 Filio
2690 3660 3041 3713 adorandum
3088 3666 3143 3714 et
3198 3660 3669 3731 glorificandum,
3724 3662 3821 3731 qui

2189 3755 2405 3807 locutus
2426 3759 2509 3807 est
2538 3770 2640 3823 per
2660 3754 2983 3823 prophetas.
3003 3755 3069 3806 Et
3095 3770 3265 3807 unam
3292 3754 3623 3807 catholicam
3652 3760 3821 3824 atque

2192 3847 2555 3917 apostolicam
2588 3846 2906 3899 Ecclesium.
2935 3847 3289 3900 Conlitemur
3324 3863 3505 3900 unum
3536 3846 3821 3917 baptisma

2190 3940 2246 3993 in
2293 3940 2623 3993 remissione
2663 3944 3048 4009 peccatorum.
3093 3942 3492 4010 Exspectamus
3542 3956 3822 3994 resurrec-

2194 4032 2407 4086 tionem
2452 4036 2832 4099 mortuornm,
2866 4037 2921 4085 et
2960 4033 3130 4086 vitam
3160 4033 3340 4087 futuri
3376 4032 3587 4087 seaculi.
3618 4036 3817 4088 Amen.

2191 4126 2365 4195 Hujus
2396 4126 2526 4179 ﬁdei
2554 4132 2760 4179 sanctze
2808 4126 3009 4196 regula
3043 4126 3252 4179 idcirco
3293 4143 3444 4181 nunc
3476 4130 3817 4181 tractatuum

2190 4236 2305 4273 non
2349 4220 2547 4289 recipit
2578 4222 2927 4289 aperturam,
2959 4220 3093 4289 quia
3139 4224 3196 4273 et
3226 4237 3258 4273 a
3304 4219 3471 4273 sacris
3499 4220 3820 4274 doctoribus

2192 4313 2416 4367 abunde
2444 4315 2661 4366 constat
2684 4312 2955 4382 exposita,
2986 4318 3040 4366 et
3064 4313 3497 4382 immineptium
3525 4330 3818 4368 causarum

2192 4330 2416 4367 anunae
2444 4330 2661 4366 con5tat
2684 4330 2955 4382 exposna,
2986 4330 3040 4366 et
3064 4330 3271 4366 immln

2191 4406 2419 4476 negotia
2449 4406 2519 4459 ad
2541 4405 2649 4459 alia
2680 4406 2915 4459 trahunt
2941 4330 3352 4480 peragendaﬁ

2264 4501 2326 4553 ll.
2373 4498 2645 4553 Secunda:
2684 4499 3081 4569 disputationis
3126 4516 3363 4554 occursu
3421 4500 3603 4554 adfuit
3654 4518 3819 4571 nego-

458 4594 533 4647 ita
578 4611 802 4664 quoque
848 4594 1160 4648 inﬁdelium
1213 4594 1436 4664 assequi
1482 4595 1693 4649 tribuat
1738 4596 1981 4663 lucrum,
2028 4592 2165 4663 inD
2192 4593 2356 4660 tium,
2390 4595 2505 4646 tam
2548 4592 2708 4645 facile
2754 4609 2925 4663 quam
2953 4596 3009 4646 et
3041 4610 3227 4663 grave,
3258 4593 3313 4647 in
3343 4611 3455 4664 quo
3507 4593 3574 4647 de
3606 4594 3816 4665 refugis

456 4686 658 4757 quibus
695 4688 1001 4741 voluntatis
1031 4706 1147 4742 sum
1193 4688 1314 4742 ﬁeri
1352 4688 1586 4755 bonum,
1616 4694 1672 4742 et
1702 4689 1761 4757 in
1802 4688 1921 4757 ejus
1952 4704 2084 4741 con-

455 4782 674 4834 venisse
697 4782 1092 4851 congaudeam
1115 4782 1430 4835 venerabile
1461 4752 1960 4926 regulumymnm
1988 4780 2089 4832 sub

458 4872 547 4926 die
580 4874 957 4926 Kalendarum
986 4874 1404 4926 Januariarum.
1428 4891 1578 4926 anno
1625 4873 1769 4926 felicx
1800 4890 1860 4926 er
1885 4874 2087 4926 quinto

458 4872 547 4926 die
580 4874 957 4927 Kalendarum
986 4874 1404 4939 Januariarum,
1428 4891 1578 4927 anno
1625 4872 1860 4926 feliciter
1885 4874 2087 4943 quinto

458 4966 655 5035 glorias
722 4968 882 5038 regni
941 4968 1140 5022 nostri.
1197 4970 1254 5020 In
1306 4968 1537 5021 nomine
1598 4966 1825 5019 Domini
1873 4967 2090 5019 Flavius

456 5060 900 5114 Reccesiuuthus
948 5078 1040 5115 rex
1093 5061 1239 5115 hanc
1285 5060 1413 5114 ﬁdei
1473 5064 1530 5113 et
1576 5060 1741 5113 bonae
1786 5060 2090 5113 voluntatis

458 5169 600 5206 mete
626 5154 1088 5208 deliberationem
1120 5171 1293 5209 manu
1320 5171 1448 5208 mea
1478 5153 1802 5224 subscripsi.

527 5247 652 5300 CAP.
686 5248 721 5299 l.
758 5247 983 5301 Relecta
1009 5248 1161 5302 omni
1203 5247 1411 5319 pagina
1443 5248 1531 5300 vel
1560 5247 1737 5313 ﬁnita,
1767 5264 1893 5300 cum
1926 5247 2090 5317 glori-

454 5341 775 5394 ﬁcassemus
790 5342 967 5394 Deum
982 5341 1051 5395 de
1067 5342 1194 5396 ﬁdei
1213 5342 1536 5412 principalis
1550 5341 1830 5410 auditu,et
1842 5341 1910 5395 de
1922 5340 2087 5395 honre

452 5433 762 5489 voluntatis
792 5435 910 5505 ejus
940 5435 1169 5504 affectu,
1202 5437 1271 5489 ad
1302 5436 1765 5506 peragendarum
1792 5452 2084 5489 causarum

452 5534 784 5583 czeterarum
807 5529 1101 5599 negotium
1123 5529 1312 5581 statim
1328 5528 1596 5582 vertimus
1616 5530 2090 5596 animum,simul—

452 5639 564 5694 que
585 5640 842 5677 summus
865 5622 1054 5677 exorsi
1076 5621 1326 5675 initium.
1348 5623 1500 5675 Tunc
1522 5622 1721 5692 primae
1743 5640 1903 5677 narra
1914 5624 2083 5678 tionis

454 5720 657 5771 exortu
705 5733 850 5771 verte
893 5716 1018 5769 ﬁdei
1063 5714 1225 5768 nobis
1256 5718 1531 5769 tractatus
1563 5717 1825 5786 occurrit,
1854 5718 2095 5789 incoepis

2187 4692 2355 4757 atque
2401 4685 2633 4756 perﬁdis
2690 4686 3071 4757 disputatione
3125 4692 3453 4755 commota,
3505 4691 3699 4741 utrum
3746 4704 3815 4743 ne

2192 4780 2366 4851 possit
2391 4779 2728 4833 eorumdem
2775 4780 3194 4849 contemperari
3226 4780 3504 4834 sententia
3530 4780 3816 4835 damnato-

2189 4891 2338 4943 rum,
2371 4890 2577 4943 magno
2610 4874 2745 4927 satis
2773 4877 2978 4927 conatu
3018 4878 3101 4926 est
3129 4874 3467 4944 exquisitum
3496 4890 3507 4937 ;
3556 4874 3657 4927 sed
3688 4891 3812 4927 cum

2188 4968 2412 5022 illarum
2451 4966 2622 5020 series
2667 4966 3060 5020 conditionum
3091 4966 3161 5021 ad
3218 4983 3357 5038 quas
3401 4967 3651 5022 decursis
3699 4984 3810 5022 non

2189 5060 2360 5130 longe
2410 5059 2761 5130 temporibus
2808 5077 2908 5130 pro
2962 5076 3156 5114 eorum
3214 5060 3451 5130 penuria
3499 5060 3813 5114 hostilitatis

2188 5154 2419 5208 vastitas
2449 5170 2551 5207 nos
2577 5154 2771 5224 jurare
2797 5157 3081 5225 coegerat,
3110 5154 3318 5208 nostris
3359 5159 3502 5208 esset
3532 5153 3812 5209 auditibus

2190 5247 2488 5316 recensita,
2514 5250 2733 5301 tantam
2762 5247 3081 5319 reperimus
3110 5247 3470 5318 obligationis
3497 5247 3610 5302 illic
3635 5247 3811 5303 inesse

2190 5358 2510 5409 censuram,
2579 5347 2643 5395 ut
2698 5342 3049 5396 macularum
3095 5358 3327 5396 suarum
3367 5341 3655 5396 nodositas
3704 5358 3814 5396 non

2188 5439 2411 5490 tantum
2439 5435 2727 5490 videretur
2767 5435 3210 5506 prohibitionem
3249 5435 3467 5490 dedisse
3513 5439 3814 5506 transgres—

2189 5529 2433 5595 sionum,
2498 5532 2780 5599 quantum
2842 5529 3181 5583 conclusisse
3242 5529 3459 5583 viscera
3520 5527 3810 5600 pietatum.

2186 5623 2392 5677 Aderat
2423 5620 2576 5676 enim
2620 5623 2773 5694 quod
2817 5622 2873 5677 in
2905 5626 3145 5695 utroque
3196 5639 3371 5695 pavor
3408 5623 3633 5694 agebat,
3664 5625 3813 5677 etne

2188 5715 2368 5771 sancti
2399 5715 2650 5771 nominis
2682 5717 3006 5788 profanatio
3036 5717 3219 5787 ﬁeret,
3235 5721 3291 5771 et
3330 5733 3402 5772 ne
3442 5715 3815 5771 miserationis

534 5852 602 5927 ll)
634 5852 1189 5927 Siclegendumtct
1216 5854 1472 5907 adversus
1502 5856 1855 5908 nmnimodam
1886 5860 2362 5913 controversinrmn
2397 5857 2668 5925 querelam
2694 5857 2991 5927 principali
3027 5858 3344 5909 auctoritate
3370 5856 3607 5908 mum’am
3638 5869 3698 5903 ac
3723 5853 3811 5905 Ile-

458 5924 704 5987 fcndam.
736 5919 1031 5977 Priamissis
1070 5924 1197 5987 illis,
1241 5928 1369 5990 ctc.,
1406 5931 1509 5978 etc.
