4032 6296
207 325 309 373 iiut;

1411 327 1884 388 DECRETALIUM
1923 333 2304 392 COLLECTIO.

3478 349 3577 397 3.1m".

204 430 464 499 operatio
514 430 791 499 interiret,
841 432 975 502 quia
1025 449 1088 486 ex
1139 435 1231 488 Dei
1285 438 1531 491 nominis
1575 441 2006 525 profana-AEt
2060 463 2162 514 per
2214 446 2499 499 Michzeam
2534 465 2546 500 :
2585 470 2611 495 ί(
2640 449 2728 500 Vae
2785 447 2945 515 mihi,
2995 448 3186 502 anima
3235 465 3385 516 mea,
3439 452 3574 520 quia

205 524 356 575 tione
389 542 503 576 non
529 525 724 578 aberat
745 525 895 595 quod
921 527 1186 594 terrebat,
1221 531 1595 598 prohibitione
1617 534 1840 604 pietatis

202 616 405 669 aderat
439 618 591 687 quod
627 618 911 672 tendebat.
943 621 1088 673 Dum
1115 639 1343 693 quoque
1371 625 1589 679 alterno
1619 628 1839 696 pericu—

200 709 392 762 lorum
425 710 648 778 objectu
682 710 785 763 sibi
814 713 1049 781 prolatae
1080 717 1376 770 sententirp
1426 726 1837 788 remignarent,

201 803 669 872 periclitabantur
697 804 972 874 ancipites
997 806 1055 858 in
1083 807 1258 861 bifido
1293 811 1534 878 partium
1573 812 1842 865 dissiden-

201 895 348 949 tium
367 895 530 961 calle,
549 913 660 965 quo
689 897 1088 968 diremptionis
1108 902 1622 971 tramitejudicium
1648 923 1842 975 prope-

200 993 376 1042 raret.
411 991 519 1045 Sed
550 1009 678 1046 cum
709 993 991 1061 gressibus
1020 996 1421 1063 disputationis
1455 1001 1659 1050 nostra)
1698 1002 1842 1051 esset

201 1082 555 1138 difﬁcultatis
602 1088 949 1156 congressio,
1010 1092 1065 1141 et
1114 1089 1180 1142 de
1235 1089 1326 1141 via
1375 1107 1477 1143 nos
1529 1091 1836 1160 dejecisset,

200 1178 549 1246 properandi
583 1179 807 1232 tandem
841 1181 1033 1235 relicto
1067 1181 1392 1236 discrimine
1441 1201 1570 1235 cum
1619 1185 1840 1255 fragore

201 1270 584 1341 singultuum,
621 1275 677 1324 et
716 1273 996 1328 imbribus
1026 1277 1408 1344 Iacrymarum
1439 1277 1506 1329 ad
1536 1278 1715 1330 Deum
1743 1278 1839 1347 qui

199 1362 435 1432 pietatis
463 1365 588 1418 fons
621 1370 705 1419 est
731 1367 901 1420 verba
933 1369 1097 1421 simul
1143 1373 1200 1421 et
1243 1369 1412 1422 corda
1459 1371 1840 1424 convertimus

201 1456 450 1510 orantia.
498 1459 678 1527 Spira,
725 1463 914 1514 sancte
962 1461 1237 1531 Spiritus,
1285 1467 1337 1514 et
1387 1463 1574 1515 ducito
1627 1481 1728 1516 nos
1784 1465 1839 1516 in

201 1555 435 1618 portum
503 1552 803 1605 voluntatis
865 1559 974 1606 tute
1034 1555 1198 1621 (Psal.
1260 1572 1388 1620 cvi,
1447 1549 1840 1628 30),]sedatis

202 1642 469 1696 fluctibus
496 1644 838 1714 ignorantiae
861 1650 1094 1712 nostrai,
1112 1664 1239 1701 ecce
1269 1649 1425 1700 enim
1459 1631 1840 1718 perienlormn

204 1740 388 1805 syrtes
444 1738 502 1790 in
554 1738 738 1791 littore
798 1757 994 1794 cursus
1039 1741 1212 1794 nostri
1260 1743 1619 1811 proveniunt,
1670 1750 1838 1812 atque

1943 539 2107 607 periit
2149 543 2438 592 revertens
2465 557 2496 592 a
2529 545 2702 608 terra,
2755 547 2809 594 et
2851 542 2946 610 qui
2995 543 3238 612 corrigat
3281 542 3429 596 inter
3473 544 3575 598 ho-

1940 632 2126 683 mines
2150 649 2265 685 non
2294 637 2396 698 est,
2428 651 2626 688 omnes
2654 635 2715 687 in
2738 634 3014 704 sanguine
3033 635 3385 704 judicantur,
3405 653 3576 690 unus-

1942 725 2182 794 quisque
2259 727 2584 794 proximum
2665 745 2830 781 suum
2895 728 3169 797 tribulat,
3256 746 3451 783 omnes
3520 730 3580 783 in

1941 819 2156 870 malum
2188 835 2314 872 suas
2340 837 2546 873 manus
2590 825 2928 890 praéparant.
2962 843 2988 868 ››
3027 823 3104 875 Ad
3135 823 3577 877 beneﬁcentiam

1943 914 2091 963 certe.
2125 929 2247 981 qua:
2275 912 2477 965 divinis
2524 914 2699 967 oculis
2743 917 2898 967 tanto
2945 917 3030 967 est
3079 915 3315 985 gratior,
3362 923 3577 986 quanto

1943 1008 1998 1056 et
2070 1005 2357 1058 invenitur
2431 1024 2547 1058 esse
2631 1008 3002 1062 praesentior.
3087 1008 3163 1061 sic
3238 1026 3342 1062 nos
3418 1010 3580 1062 Isaias

1942 1097 2192 1163 instruit,
2250 1099 2438 1151 dicens
2491 1117 2503 1152 :
2561 1122 2586 1146 ‹‹
2620 1101 2865 1154 Dissolve
2926 1101 3319 1171 colligationes
3373 1103 3576 1172 impie~

1945 1192 2086 1256 tatis,
2136 1193 2284 1244 solve
2333 1192 2632 1246 fasciculos
2659 1193 3045 1261 deprimentes
3094 1198 3217 1253 tIsa.
3261 1212 3410 1260 Lvm,
3446 1195 3518 1265 6).
3552 1217 3574 1244 υ

1940 1285 2146 1337 Paulus
2176 1285 2342 1336 etiam
2372 1301 2465 1336 vas
2492 1285 2785 1337 electionis
2816 1302 2827 1336 :
2863 1308 2886 1331 ‹‹
2914 1286 3092 1337 Pietas
3118 1287 3184 1339 ad
3205 1287 3397 1340 omnia
3421 1288 3578 1341 utilis

1942 1381 2025 1430 est
2050 1378 2097 1446 (Ι
2127 1379 2261 1430 Tim.
2289 1394 2361 1442 iv,
2397 1378 2470 1442 8).
2507 1400 2533 1425 ››
2572 1380 2636 1430 Et
2657 1378 2975 1431 Jacobuszu
3006 1379 3287 1432 Judicium
3323 1380 3440 1434 sine
3468 1382 3575 1434 mi-

1937 1471 2251 1526 sericordia
2275 1471 2352 1523 illi
2374 1470 2599 1540 ﬁet,qui
2620 1489 2733 1524 non
2764 1472 2897 1524 fecit
2917 1472 3376 1527 misericordiam.
3401 1475 3576 1544 Supe-

1942 1565 2191 1616 rexcellit
2234 1570 2423 1618 autem
2468 1565 2862 1617 misericordia
2899 1564 3116 1633 judicio
3163 1567 3291 1634 (Jac.
3326 1584 3383 1633 ιι,
3420 1568 3577 1636 13).»

1940 1655 2182 1706 Joannes
2227 1653 2360 1705 item
2396 1670 2406 1705 :
2445 1675 2471 1699 ‹‹
2504 1653 2608 1716 Qui
2653 1653 2771 1705 odit
2803 1655 3036 1706 fratrem
3082 1671 3246 1707 suum
3296 1655 3582 1708 homicida

1943 1752 2044 1813 est,
2077 1752 2131 1798 ct
2158 1746 2325 1810 scitis,
2361 1745 2491 1814 quia
2520 1746 2707 1798 omnis
2750 1746 3034 1799 homicida
3067 1764 3182 1800 non
3214 1748 3387 1801 habet
3410 1749 3580 1801 vitam

2631 1008 2961 1076 praesentior
2991 1050 3002 1073 ,

205 1829 338 1882 hinc
387 1831 523 1883 inde
565 1832 921 1886 obviantibus
948 1835 1384 1903 naufragiorum
1429 1836 1700 1904 ol‘iieibus,
1733 1855 1841 1906 quo
1863 1819 1919 1889 B
1945 1842 2216 1892 teternam
2247 1839 2303 1890 in
2334 1856 2389 1890 se.
2420 1845 2742 1892 manentem
2777 1842 2820 1898 (Ι
2846 1843 2999 1893 Joun.
3035 1858 3115 1904 ιιι,
3161 1845 3262 1908 lii).
3297 1860 3322 1890 ›)
3373 1843 3438 1895 Iit
3482 1859 3584 1911 per

207 1923 610 1993 disputationis
637 1931 840 1980 nostra:
865 1928 984 1980 vela
1014 1929 1327 1997 pandemus
1354 1930 1680 1982 attentionis
1713 1950 1844 1982 cou-

204 2016 554 2071 sideratione
583 2036 694 2071 non
725 2021 1041 2085 cernimus;
1073 2022 1167 2074 sed
1195 2021 1397 2090 aspira,
1425 2029 1477 2074 tu
1513 2030 1700 2076 sancte
1725 2023 1843 2093 Spi-

204 2111 366 2179 ritus,
398 2114 454 2164 et
481 2111 609 2164 dato
637 2113 798 2165 nobis
819 2119 871 2167 te
895 2114 1145 2167 donante
1176 2131 1336 2167 nosse
1370 2115 1518 2184 quod
1536 2117 1761 2183 jubeas,
1779 2134 1842 2169 ac.

206 2207 259 2256 te
303 2205 550 2273 jnbente
606 2206 840 2276 implere
890 2224 1049 2278 posse
1111 2209 1260 2277 quod
1305 2209 1558 2277 jusseris,
1612 2214 1669 2262 ut
1713 2228 1840 2279 per-

204 2298 503 2351 lustrando
550 2300 830 2353 illumines
871 2301 1020 2370 quod
1068 2301 1365 2367 nescimus,
1422 2305 1476 2353 et
1518 2303 1840 2370 adjuvando

206 2397 485 2466 perficies,
517 2399 669 2466 quod
701 2399 937 2468 implere
981 2417 1269 2469 pavcmus.
1303 2401 1486 2452 Simus
1536 2419 1672 2469 ergo
1703 2403 1758 2454 in
1793 2406 1843 2454 te

206 2489 657 2559 requiescentes,
704 2497 758 2544 et
803 2509 1168 2546 ermneormn
1220 2494 1494 2546 fluctuum
1543 2495 1844 2563 pavoribus

209 2583 446 2650 ahjectis
495 2584 834 2638 commercia
885 2603 983 2637 nos
1024 2587 1161 2653 jlllﬂm
1216 2587 1511 2656 δίδΙΨΠΟῙὍ
1549 2589 1717 2656 Ῐ)³⁴⁷Ῑ⁵”
1756 2589 1840 2641 ln‘

209 2677 488 2729 choemus
518 2677 614 2730 illa
641 2695 767 2748 quze
801 2682 853 2731 et
882 2679 936 2731 in
972 2680 1215 2748 glorian‘i
1267 2685 1375 2733 tuze
1415 2681 1843 2750 ιῖιιιιιιίμυιοιιὶιιιι

210 2770 598 2838 conferantur,
634 2776 686 2823 et
719 2771 985 2823 humanm
1015 2773 1177 2824 saluti
1225 2776 1274 2825 te
1305 2777 1592 2826 annuente
1622 2775 1842 2827 donen-

211 2868 324 2916 tur.
359 2862 728 2932 Temporibus
762 2882 874 2917 non
905 2867 1097 2934 procul
1126 2866 1372 2918 excursis
1409 2884 1534 2919 cum
1569 2885 1842 2935 ([llUl‘ltlll-

211 2957 341 3008 dam
411 2958 787 3010 refutatorum
859 2959 1201 3011 tumultuosa
1263 2960 1462 3013 seditio
1517 2961 1847 3029 frequenter

209 3050 556 3102 vastationes
582 3051 747 3104 terris
774 3051 1023 3118 inferret,
1074 3059 1126 3105 et
1169 3053 1433 3106 scandala
1462 3054 1685 3123 populis
1718 3072 1845 3106 cum

215 3143 446 3196 excidiis
468 3143 764 3214 irrogaret,
793 3145 934 3198 adeo
967 3151 1025 3197 ut.
1052 3147 1397 3215 captivorum
1431 3151 1644 3199 turmas
1676 3149 1843 3200 duee-

214 3239 361 3302 rent,
394 3239 449 3288 et
479 3236 852 3290 (lesolationcs
883 3239 1249 3292 ecclesiarum
1293 3240 1562 3307 facerent,
1599 3258 1723 3309 quze
1757 3241 1845 3292 tati

214 3347 501 3383 concussae
547 3335 677 3384 sunt
715 3337 888 3400 peste,
944 3337 1002 3384 ut
1047 3333 1288 3402 quilibet
1332 3339 1562 3386 conatus
1606 3340 1850 3403 nequeat

215 3441 501 3493 reparare,
527 3428 780 3478 exactum
812 3430 896 3478 est
938 3425 988 3478 vi
1040 3427 1225 3496 potius
1274 3427 1614 3479 necessitatis
1645 3432 1848 3479 exorta).

216 3539 390 3591 quam
412 3522 1048 3592 deliberationcjudieii,
1069 3526 1340 3578 utcontra
1360 3525 1586 3576 eosdem
1605 3525 1847 3577 eisdem-

217 3632 324 3685 que
345 3615 807 3669 simillimoscum
837 3617 992 3669 omni
1022 3618 1139 3670 fere
1161 3619 1368 3688 populo
1399 3617 1674 3670 acerrima
1695 3618 1851 3686 jura-

215 3715 413 3762 menta
431 3709 714 3762 daremus.
737 3710 1121 3778 Undejurasse
1150 3729 1249 3764 nos
1273 3729 1372 3780 per
1392 3710 1851 3764 atlrectationem

217 3803 392 3855 divini
421 3803 670 3856 nominis
697 3804 1278 3873 conditiojuramcnti
1307 3806 1669 3870 demonstrat,
1705 3812 1849 3858 etne

215 3896 416 3949 resolvi
473 3899 647 3966 queat
699 3914 871 3951 saera:
930 3899 1234 3968 Scripturze
1301 3899 1602 3952 auctoritas
1657 3898 1849 3952 instat.

217 3990 507 4060 Scriptum
565 4006 809 4060 namque
861 3991 916 4044 in
970 3992 1155 4045 Exodo
1213 3995 1297 4044 est
1354 3992 1464 4062 (xx,
1516 3995 1588 4054 7).
1651 4015 1675 4039 ‹‹
1729 3994 1852 4045 Non

215 4099 469 4136 assumes
520 4100 725 4137 nomen
778 4084 999 4138 Domini
1060 4086 1153 4138 Dei
1202 4084 1284 4137 tui
1336 4084 1392 4137 in
1448 4102 1695 4151 vanum,
1750 4101 1852 4137 nec

217 4174 504 4229 insontem
537 4176 690 4228 enim
711 4176 943 4230 habebit
969 4177 1241 4230 Dominus
1269 4195 1399 4230 eum
1421 4177 1516 4247 qui
1540 4195 1854 4246 assumpse-

219 4269 291 4322 rit
318 4285 531 4322 nomen
559 4267 655 4322 Dei
677 4270 760 4322 sui
787 4271 1012 4324 frustra.
1032 4291 1058 4321 »
1077 4272 1288 4324 ltemin
1311 4271 1548 4325 Levitico
1577 4275 1702 4336 (xix,
1732 4273 1813 4340 t2)
1839 4287 1850 4323 :

459 4384 485 4410 ‹‹
517 4363 636 4416 Non
665 4363 982 4434 perjurabis
1020 4366 1258 4418 nomine
1312 4382 1457 4430 meo,
1496 4382 1597 4417 nec
1638 4365 1854 4434 pollues

223 4473 437 4509 nomen
463 4456 690 4509 Domini
718 4458 811 4510 Dei
843 4458 942 4522 tui,
969 4476 1075 4527 ego
1099 4458 1384 4512 Dominus.
1413 4481 1436 4503 η
1477 4462 1542 4511 At
1566 4476 1694 4511 vero
1724 4458 1854 4527 quia

1944 1928 2315 1996 semetipsum
2368 1927 2607 1980 Veritas.
2667 1949 2692 1977 «
2744 1928 2970 1993 Diligite
3031 1929 3288 1981 inimicos
3345 1935 3577 1994 vestros,

1943 2020 2254 2073 benefacite
2301 2020 2387 2073 liis
2431 2021 2526 2089 qui
2571 2038 2666 2072 vos
2721 2022 2921 2074 odiunt
2971 2023 3186 2089 (Matth.
3233 2040 3281 2088 v,
3317 2021 3424 2094 44).
3458 2045 3484 2070 ››
3515 2025 3584 2076 Et

1944 2114 2520 2180 iterum:Dii'nittite,
2577 2118 2629 2165 et
2682 2114 3002 2167 cilii'uittetur
3056 2115 3232 2168 vobis.
3287 2117 3338 2169 Si
3387 2121 3578 2168 autem

1943 2223 2058 2259 non
2087 2207 2434 2274 dimiseritis,
2483 2224 2586 2259 nec
2633 2209 2799 2260 Pater
2841 2213 3024 2259 vester
3069 2209 3302 2260 caelestis
3337 2209 3581 2262 dimittet

1945 2300 2098 2352 thlllS
2151 2302 2376 2368 peccata
2423 2304 2600 2351 vestra
2659 2300 2872 2368 (Matt/1..
2924 2318 2998 2368 vi,
3048 2306 3108 2354 12
3155 2307 3204 2354 et
3255 2303 3408 2371 sem}.
3443 2303 3579 2354 Ecce

1945 2397 2074 2445 sunt
2109 2393 2410 2446 Don'iinieze
2435 2394 2706 2461 jussionis
2732 2394 2864 2445 hinc
2899 2394 3025 2447 inde
3059 2395 3356 2464 astipulata
3379 2396 3580 2448 firmis-

1945 2487 2086 2539 sima
2108 2488 2365 2540 cautione
2397 2491 2698 2555 pmwepta,
2735 2488 2803 2538 ab
2833 2488 3067 2556 proinde
3093 2490 3225 2557 quia
3247 2493 3377 2541 sunt
3407 2489 3582 2541 divini

1946 2581 2056 2632 oris
2075 2580 2467 2649 prosecutione
2491 2583 2675 2631 taxata
2692 2581 3005 2633 manebunt
3026 2598 3130 2651 per
3153 2582 3348 2634 omnia
3369 2586 3581 2634 adorna

1944 2674 2067 2741 lege
2090 2674 2343 2742 praefixa.
2363 2673 2507 2735 Quid
2531 2689 2664 2739 ergo
2680 2675 2705 2725 ’ἶ
2728 2674 2991 2743 Nunquid
3006 2674 3578 2744 jurai‘nentajustitite

1948 2770 2002 2818 et
2023 2768 2351 2836 juramenta
2381 2766 2527 2834 pacis
2557 2767 2658 2818 sibi
2691 2772 2881 2819 eontra
2930 2767 3009 2818 ire
3055 2767 3411 2821 narrabimus
3439 2769 3579 2820 dum

1946 2860 2213 2929 scriptum
2243 2861 2312 2911 sit
2343 2876 2354 2912 :
2390 2882 2414 2906 ‹‹
2443 2859 2818 2912 Misericordia
2868 2863 2922 2911 et
2968 2860 3166 2912 veritas
3212 2861 3584 2913 olwiaverunt

1949 2954 2073 3016 sibi,
2102 2954 2321 3022 justitia
2353 2956 2409 3006 et
2436 2971 2538 3021 pax
2571 2954 2873 3021 complexa-
2907 2959 3035 3006 sunt
3068 2971 3125 3004 se
3162 2956 3322 3011 (Psal.
3360 2971 3576 3020 Lxxxn‘,

1952 3051 1969 3100 ’1
1994 3052 2054 3114 ι).
2078 3071 2100 3094 ››
2120 3049 2189 3098 At
2215 3047 2347 3116 quia
2369 3047 2877 3100 contrm'ersiarum
2903 3048 3095 3116 lapsus
3123 3064 3243 3100 sese
3265 3047 3321 3100 in
3352 3054 3582 3101 conten—

1949 3142 2104 3194 tione
2159 3140 2504 3207 ditl'undunt,
2566 3141 2706 3192 adeo
2768 3140 2932 3192 unius
2989 3141 3163 3210 partis
3213 3142 3580 3194 assertionem

1949 3235 2300 3287 narravimus
2357 3253 2464 3285 non
2513 3233 2885 3302 implmnlam,
2941 3251 3042 3287 cur
3089 3235 3320 3288 alterius
3349 3237 3582 3289 assertio

1949 3329 2122 3397 partis
2173 3329 2406 3396 jacturze
2464 3327 2714 3396 patietur
2768 3327 3092 3381 instantiam
3115 3328 3141 3380 ‘3
3174 3331 3238 3383 Iit
3283 3330 3412 3398 quia
3434 3329 3586 3398 jura-

1953 3421 2130 3473 menti
2157 3421 2402 3473 custodia
2422 3421 2691 3473 ultionem
2718 3437 2825 3471 non
2851 3424 3130 3490 temperat
3151 3422 3582 3491 pavescendam,

1950 3513 2155 3565 idcirco
2190 3512 2495 3582 impietatis
2523 3513 2783 3564 atrocitas
2813 3517 3053 3566 mortem
3084 3515 3267 3583 pariat
3296 3532 3588 3568 exsecran-

1953 3607 2120 3659 dum?
2176 3606 2339 3658 absit.
2401 3605 2625 3657 Etenim
2682 3605 2724 3657 si
2779 3606 3016 3675 [inlibris
3072 3624 3359 3660 sacrorum
3413 3610 3587 3679 gestis

1957 3700 2134 3769 (quod
2208 3701 2352 3752 Deus
2415 3701 2651 3764 avertat.)
2721 3716 2753 3750 a
2815 3700 3161 3768 quibuslibet
3224 3697 3437 3768 illicita,
3501 3703 3586 3757 vel

1950 3812 2064 3846 non
2112 3794 2259 3845 bona
2306 3792 2582 3846 exstitisse
2612 3793 2857 3845 conditio
2888 3794 3184 3863 allegatur,
3215 3812 3341 3866 quae
3371 3800 3468 3848 aut
3490 3797 3585 3867 jn-

1954 3888 2145 3953 gulare
2177 3886 2424 3939 animam
2458 3886 2652 3956 patris,
2698 3890 2796 3939 aut
2842 3905 3015 3956 agere
3060 3889 3427 3957 con'ipelleret
3466 3895 3585 3943 stu-

1954 3998 2115 4050 prum
2170 3980 2558 4034 sacratissimz‘e
2624 3980 2875 4049 virginis,
2933 3982 3191 4050 nunquid
3249 3983 3587 4037 tolerabilius

1953 4081 2097 4128 esset
2126 4076 2307 4128 stultae
2339 4073 2729 4143 promissionis
2759 4073 2963 4142 ejicere
3012 4079 3162 4141 vota,
3207 4093 3381 4145 quam
3415 4077 3588 4131 inuti-

1952 4170 2087 4221 lium
2119 4169 2525 4238 promissorum
2553 4167 3246 4232 custodia,ethremlam
3281 4170 3586 4224 criminum

1954 4263 2188 4332 implere
2212 4278 2534 4314 mensuram
2549 4260 2574 4312 1’
2599 4260 2759 4321 Quod
2789 4260 2830 4313 si
2863 4261 2937 4313 ita
2967 4266 3130 4330 esset,
3156 4264 3446 4332 quomodo
3471 4283 3587 4318 cre-

1955 4358 2184 4410 deretur
2233 4354 2399 4408 unius
2453 4353 2798 4406 observantia
2843 4354 3110 4422 jussionis
3160 4358 3286 4409 fons
3343 4357 3586 4426 pietatis,

1956 4467 2085 4503 cum
2128 4448 2410 4501 emitteret
2461 4446 2693 4499 tribulos
2743 4446 2968 4500 ultionis
2997 4448 3022 4500 1’
3070 4453 3180 4501 Aut
3211 4466 3473 4518 quanam
3502 4451 3592 4504 illa

219 4549 374 4603 illata
398 4566 796 4619 pressurarum
830 4553 1104 4606 acerbitas
1153 4553 1358 4605 resolvi
1413 4552 1607 4621 possit,
1649 4568 1710 4604 ac
1755 4551 1854 4605 de-
1875 4556 1935 4626 Ι)
1959 4546 2104 4596 esset
2132 4559 2298 4594 sacrae
2325 4540 2638 4594 observatio
2665 4540 2826 4608 legis,
2856 4558 2982 4609 quae
3014 4542 3309 4612 sacrilegia
3357 4543 3592 4596 commi-

218 4643 367 4709 beat,
401 4647 517 4696 tam
545 4644 895 4698 vinculorum
925 4651 980 4699 et
1012 4647 1390 4700 lamentorum
1442 4647 1644 4697 horum
1683 4662 1848 4714 aspe-

221 4736 356 4789 ritas
385 4736 654 4804 insinuat,
685 4755 856 4808 quam
889 4739 1143 4807 ejusdem
1173 4737 1518 4792 auctoritatis
1549 4738 1852 4791 Dominieoe

221 4835 505 4900 praecepta
534 4833 1191 4897 commendant,etenim
1216 4833 1380 4902 juxta
1404 4837 1650 4885 veterem
1683 4835 1859 4883 trans-

222 4923 496 4978 lationem
546 4925 621 4977 ita
669 4927 945 4996 quosdam
988 4944 1088 4997 per
1135 4927 1332 4980 Isaiam
1378 4925 1533 4995 gravi
1581 4914 1855 4993 exproba-

223 5017 374 5071 tione
429 5018 701 5072 Dominus
753 5019 1024 5090 increpat,
1084 5026 1139 5083 et
1191 5021 1398 5091 arguit,
1435 5020 1665 5072 dicens:
1705 5038 1730 5068 «
1767 5021 1858 5071 Vre

224 5112 352 5165 ﬁliis
399 5112 752 5178 desertionis,
797 5113 931 5167 dicit
975 5115 1262 5181 Dominus,
1312 5113 1514 5167 fecistis
1559 5111 1860 5166 concilium

225 5223 339 5259 non
376 5223 479 5276 per
498 5223 588 5259 me
611 5209 667 5258 et
687 5208 1069 5277 sponsionem,
1087 5226 1203 5262 non
1222 5225 1325 5278 per
1341 5207 1617 5278 Spiritum
1643 5223 1858 5274 meum,

226 5299 475 5369 adjicere
526 5303 818 5370 peccatum
863 5317 1033 5372 super
1077 5305 1368 5372 peccatum
1415 5302 1544 5370 (Isa.
1576 5317 1698 5365 xxx,
1731 5305 1799 5367 1).
1834 5318 1859 5349 ››

227 5395 368 5448 Item
395 5393 451 5446 in
480 5394 751 5448 Ieremia:
781 5415 808 5444 ‹‹
837 5395 1167 5466 Iniquitatcs
1196 5400 1407 5450 nostra)
1438 5394 1867 5448 declinaverunt

227 5487 443 5556 omnia,
477 5490 533 5542 et
573 5496 799 5558 peccata
840 5493 1033 5543 nostra
1081 5493 1422 5544 amoverunt
1446 5489 1595 5542 bona
1619 5505 1649 5540 a
1683 5487 1864 5553 nobis,

225 5581 366 5653 quia
391 5582 608 5635 inventi
637 5585 769 5637 sunt
798 5582 856 5637 in
887 5583 1096 5655 populo
1126 5601 1258 5637 meo
1279 5583 1462 5654 impii,
1495 5587 1550 5636 et
1573 5583 1868 5652 loquentes

226 5692 399 5743 vana,
428 5678 751 5731 statuerunt
775 5677 847 5731 ad
877 5677 1280 5749 dispergendos
1324 5678 1492 5745 viros,
1527 5682 1581 5731 et
1610 5691 1867 5746 compre-

229 5770 585 5835 henderunt;
622 5774 686 5824 ut
715 5771 952 5842 laqueus
983 5773 1237 5826 venantis
1282 5773 1484 5843 plenus
1528 5770 1867 5836 volatilibus,

233 5863 313 5921 sic
365 5863 568 5922 domus
615 5881 815 5921 comm
861 5867 1045 5942 plena:
1096 5867 1226 5921 dolo
1275 5868 1476 5938 (Jer.v,
1506 5869 1572 5919 ‘25
1605 5864 1807 5934 ctscq.)
1841 5883 1867 5912 ››

1955 4643 2098 4692 teret
2124 4633 2464 4705 probitatis?
2487 4635 2569 4686 vel
2593 4634 2754 4698 cujus
2777 4650 3054 4685 mensura)
3083 4634 3352 4703 iniquitas
3381 4636 3594 4689 videres

1955 4739 2064 4796 tur,
2095 4733 2160 4782 ut
2192 4746 2259 4781 ex
2299 4727 2463 4780 unius
2503 4727 2768 4797 praiccpti
2816 4727 3038 4779 cautela
3083 4728 3234 4780 neris
3281 4730 3595 4784 exorirctur

1959 4824 2279 4878 immanitas
2312 4821 2666 4875 truculenta?
2692 4823 2758 4872 At
2790 4837 2937 4872 nunc
2955 4837 3068 4872 non
3103 4820 3173 4874 ita
3203 4823 3595 4878 contendimus

1959 4925 2021 4972 ut
2066 4917 2499 4971 contentionum
2533 4914 2786 4967 divertiis
2834 4913 3125 4967 eimcitatis
3171 4916 3422 4986 nosipsos
3461 4936 3591 4971 cons

1965 5011 2307 5066 tentionibus
2339 5007 2742 5062 certaminibus
2773 5008 3128 5062 misceamus.
3177 5010 3271 5062 Est
3314 5028 3447 5064 vera
3485 5028 3596 5082 pax

1963 5107 2017 5159 in
2037 5110 2277 5175 utroque
2296 5104 2442 5173 quod
2465 5103 2720 5167 dicimus,
2744 5101 2873 5171 quia
2895 5101 2969 5154 sic
2987 5102 3230 5172 Spiritus
3246 5107 3474 5158 sanctus
3495 5106 3599 5160 iter

1966 5205 2242 5260 nostrum,
2279 5215 2340 5251 ac.
2369 5213 2595 5250 cursum
2633 5200 2934 5264 temperat,
2987 5204 3045 5250 ut.
3094 5196 3152 5249 in
3199 5199 3356 5252 nullo
3403 5200 3598 5254 devius

1963 5312 2068 5347 nos
2120 5309 2276 5346 casus
2302 5311 2330 5343 a
2361 5289 2724 5359 dispositione
2765 5289 3031 5342 secludat.
3086 5292 3244 5344 [Inde
3287 5294 3454 5363 plena
3476 5294 3598 5364 jam

1968 5405 2119 5451 voce,
2153 5384 2392 5456 pleniori
2423 5384 2554 5449 fide,
2591 5382 3025 5453 plenissimaque
3054 5384 3367 5440 iutentirme
3400 5389 3602 5457 prtedi~

1969 5483 2164 5543 cimus,
2216 5484 2379 5548 atque
2435 5477 2487 5528 in
2533 5480 2654 5530 tota
2697 5483 2903 5530 sanctas
2933 5479 3186 5533 Ecclesia}
3235 5481 3598 5535 universitate

1967 5574 2345 5646 prauiicamus
2373 5572 2586 5641 pariter
2614 5574 2669 5624 et
2700 5575 2983 5640 optamus,
3015 5574 3170 5625 nulla
3207 5575 3599 5642 profamatione

1971 5669 2142 5723 solius
2170 5671 2224 5720 et.
2244 5681 2481 5718 summae
2503 5666 2536 5716 t2-
2551 5664 2810 5717 ivinitatis
2829 5683 3034 5719 nomen
3059 5667 3294 5718 existere.
3313 5682 3600 5719 assumen-

1972 5764 2130 5828 dum,
2152 5759 2304 5813 nullo
2330 5758 2578 5829 perjurio
2593 5758 2870 5829 sacrilegii
2889 5759 3138 5812 indebito
3156 5757 3595 5831 j'ii'ofaiianduin,

1975 5857 2130 5911 nullo
2151 5870 2408 5927 unquam
2432 5856 2692 5909 contactu
2714 5852 2942 5907 fallacize
2963 5850 3430 5924 contingendam.
3462 5853 3615 5930 Nam

3628 3655 3646 3804 t
