4032 6324
428 382 525 441 507

1313 374 1593 432 APPEND.
1635 374 1722 431 AD
1759 370 1918 431 SEC.
1960 375 2141 429 lX.—-
2180 370 2420 430 lSlDORl
2462 360 2885 428 MERCATORlS

3677 362 3781 409 50%

427 496 472 549 si
492 494 791 547 auc-stante
814 487 1070 557 veritate,
1087 490 1321 557 propter
1342 484 1792 554 profanationem
1816 482 2051 553 perjurii
2075 492 2133 566 Α
2155 483 2307 536 mala
2322 482 2455 536 licet
2467 480 2577 536 sint
2593 479 2826 535 omnino
2845 475 3166 532 cautissime
3185 471 3572 545 praecavenda,
3588 475 3783 523 tamen

430 586 751 643 evitandam
779 582 1115 654 prohibetur
1139 577 1373 633 omnino
1394 577 1611 647 jurare,
1643 592 1773 630 cum
1801 575 2006 630 dicitur
2036 592 2048 628 :

430 681 522 737 Sic
547 694 735 733 sermo
767 679 967 740 vester,
1001 676 1104 741 est,
1134 676 1218 726 est
1246 688 1260 725 :
1290 687 1427 737 non,
1468 686 1587 724 non
1621 686 1634 724 :
1662 669 1817 740 quod
1861 670 2053 723 autem

429 774 560 846 plus
592 776 693 838 est,
732 786 764 823 a
790 769 938 823 malo
963 770 1046 821 est
1076 765 1288 833 (Matth.
1316 780 1371 830 v,
1406 764 1516 833 37),
1549 762 1835 834 quomodo
1862 762 2052 832 impu-

431 868 613 921 nitum
627 863 952 918 eritnomen
965 864 1135 914 tantae
1146 857 1341 929 gloriae
1354 856 1692 911 voluntariae
1711 855 2052 927 profanasse,

432 964 570 1018 dum
607 960 664 1015 in
711 976 778 1013 eo
820 962 1008 1013 taxata
1049 956 1193 1010 ﬁdes
1239 953 1592 1025 dignoscitur
1620 953 1938 1007 interesse?
1968 952 2055 1004 vel

431 1057 709 1128 quatenus
733 1051 883 1124 pacis
909 1050 1126 1105 foedera
1160 1049 1313 1103 inter
1343 1047 1601 1119 gentium
1638 1045 1869 1101 dissidia
1911 1044 2054 1114 liga-

428 1148 663 1216 buntur,
696 1145 739 1199 si
766 1161 879 1199 non
900 1141 1215 1215 juramenti
1240 1145 1407 1212 pacta
1432 1139 1708 1194 sanctioni
1733 1137 2057 1208 integritate

430 1242 726 1295 serventur
740 1238 767 1292 ?
782 1236 1005 1291 Etenim
1027 1251 1199 1290 omne
1220 1233 1367 1305 quod
1401 1233 1458 1286 in
1482 1232 1634 1303 pacis
1653 1231 1866 1285 foedera
1886 1229 2055 1296 venit,

428 1339 568 1389 tunc
591 1331 826 1386 solidius
851 1328 1121 1400 subsistit,
1150 1343 1280 1381 cum
1303 1325 1617 1397 juramenti
1661 1325 1767 1379 hoc
1806 1323 2057 1393 interpo-

432 1426 559 1481 sitio
586 1425 837 1492 roborat,
869 1422 966 1476 sed
1010 1426 1066 1474 et
1106 1436 1273 1475 omne
1306 1418 1457 1490 quod
1504 1418 1721 1472 animos
1746 1416 2058 1471 amicorum

432 1518 691 1575 conciliat
710 1523 847 1571 tunc
872 1515 1039 1569 fixius
1064 1514 1251 1579 durat,
1281 1529 1410 1567 cum
1443 1528 1537 1566 eos
1572 1509 1910 1566 sacramenti
1934 1509 2057 1563 vin-

434 1614 559 1669 cula
588 1592 798 1682 ligant.
843 1610 1023 1663 Omne
1074 1606 1244 1661 etiam
1293 1606 1443 1677 quod
1491 1604 1648 1660 testis
1706 1603 2058 1675 astipulatur,

432 1712 570 1761 tunc
594 1702 782 1757 verius
809 1705 1026 1755 constat
1058 1716 1186 1754 cum
1215 1698 1272 1753 id
1300 1697 1538 1768 adjectio
1563 1696 1862 1767 jurationis
1906 1694 2057 1749 afﬁr-

434 1801 582 1866 mat;
606 1795 759 1869 quod
783 1795 824 1848 si
855 1798 910 1848 et
935 1793 1107 1864 gestis
1133 1791 1374 1860 deﬁciat,
1406 1790 1724 1844 innocentis
1751 1789 1923 1842 fidem
1942 1788 2062 1842 sola

2155 576 2201 629 si
2226 575 2458 646 periculi
2488 574 2791 629 necessitas
2806 589 2869 627 ex
2890 572 2979 626 his
2997 586 3178 625 unum
3200 573 3529 637 temperare
3552 578 3787 632 compu-

2152 668 2303 736 lerit,
2332 668 2387 721 id
2416 667 2689 721 debemus
2719 667 3018 732 resolvere,
3061 662 3213 734 quod
3257 658 3469 715 minori
3499 673 3653 711 nexu
3682 672 3783 708 no-

2155 761 2328 815 scitur
2346 760 2609 831 obligari;
2640 760 2774 831 quid
2805 762 2996 813 autem
3026 774 3095 811 ex
3125 755 3213 809 his
3247 752 3445 818 levius,
3478 750 3688 822 quidve
3715 748 3790 801 sit

2158 853 2383 926 gravius
2424 852 2654 924 pietatis
2699 852 2962 907 acumine
2998 848 3362 918 vestigemus.
3391 843 3614 899 Etenim
3646 842 3789 896 dum

2155 947 2450 1019 perjurare
2480 945 2893 1017 compellimur,
2925 946 3244 998 creatorem
3280 938 3513 1011 quidem
3541 934 3787 991 offendi-

2158 1057 2303 1108 mus,
2350 1039 2450 1093 sed
2496 1055 2601 1093 nos
2644 1037 3043 1093 tantummodo
3082 1033 3453 1090 maculamus.
3481 1030 3624 1084 Cum
3653 1045 3792 1083 vero

2160 1134 2326 1189 noxia
2366 1132 2647 1203 promissa
2690 1131 3063 1203 complemus,
3115 1131 3173 1182 et
3217 1125 3318 1182 Dei
3347 1125 3505 1196 jussa
3544 1120 3793 1194 superbe

2159 1228 2597 1291 contemnimus,
2632 1229 2690 1280 et
2716 1224 2993 1296 proximis
3036 1222 3215 1294 impia
3258 1218 3589 1274 crudelitate
3616 1231 3791 1271 noce-

2158 1339 2305 1388 mus,
2340 1326 2397 1375 et
2423 1321 2676 1392 nosipsos
2704 1317 3000 1373 crudeliori
3048 1315 3233 1387 gladio
3275 1311 3646 1369 trucidamus.
3679 1308 3795 1363 lllic

2162 1416 2316 1471 enim
2348 1414 2556 1485 duplici
2602 1413 2893 1484 culparum
2925 1410 3038 1465 telo
3086 1407 3454 1480 percutimur,
3485 1403 3576 1458 hic
3602 1402 3793 1473 tripli-

2162 1510 2304 1563 citer
2322 1508 2676 1578 jugulamur.
2717 1506 2910 1559 Restat
2953 1520 3089 1575 ergo
3133 1504 3197 1555 ut
3240 1518 3305 1555 eo
3349 1500 3545 1553 nostra
3585 1499 3799 1568 pergat

2163 1605 2446 1661 sententia
2476 1620 2589 1675 quo
2616 1601 3022 1658 misericordiae
3049 1598 3300 1672 patuerit
3326 1597 3437 1663 via,
3470 1612 3597 1667 quae
3629 1594 3711 1648 ita
3739 1593 3797 1647 in

2162 1699 2404 1754 Domino
2429 1698 2704 1770 probatur
2730 1699 2982 1767 accepta,
3016 1697 3081 1748 ut
3108 1694 3233 1764 plus
3255 1691 3378 1763 jam
3406 1688 3593 1759 cupiat
3620 1703 3796 1757 quam

2163 1796 2431 1852 sacriﬁcia
2458 1794 2804 1860 veneranda,
2835 1792 3057 1847 dicente
3083 1791 3207 1863 ipso
3239 1807 3253 1844 :
3291 1812 3319 1840 «
3348 1785 3797 1843 Misericordiam

427 1862 799 1963 jurisjurandi
837 1862 1047 1943 taxatio
1093 1884 1439 1939 manifestat.
1490 1883 1625 1937 Hinc
1669 1885 1732 1936 ut
1773 1880 2064 1935 mentibus
2087 1862 2141 1932 Β
2164 1890 2287 1943 volo
2313 1895 2369 1944 et
2398 1906 2512 1942 non
2543 1886 2875 1943 sacriﬁcium
2909 1885 3128 1957 (Matth,
3160 1899 3233 1949 ιχ,
3268 1882 3373 1953 13),
3406 1903 3434 1931 ,,
3465 1882 3580 1935 Hac
3613 1877 3803 1932 indu]-

435 1982 705 2039 humanis
724 1980 912 2035 divina
938 1979 1198 2033 voluntas
1244 1978 1520 2048 panderet
1546 1975 1697 2047 quod
1726 1974 1965 2039 volebat,
1990 1989 2061 2027 ne

435 2076 631 2132 labans
656 2074 926 2146 fragilitas
961 2089 1062 2143 pro
1088 2071 1305 2125 incerto
1335 2071 1575 2137 teneret,
1609 2068 1760 2140 quod
1789 2066 2063 2121 inviolata:

434 2168 685 2225 veritatis
708 2165 1008 2239 promissio
1036 2163 1410 2235 exprimebat,
1438 2179 1541 2233 per
1563 2161 1761 2215 Isaiam
1795 2160 2063 2231 loquitur,

440 2264 631 2318 dicens
658 2279 671 2316 :
705 2281 732 2313 «
766 2261 884 2331 Ego
914 2258 1185 2313 Dominus
1214 2262 1269 2311 et
1296 2274 1410 2311 non
1439 2261 1523 2311 est
1548 2255 1711 2321 alius,
1740 2254 1799 2308 in
1826 2258 2065 2308 memet-

438 2358 563 2428 ipso
593 2353 778 2426 juravi
819 2353 945 2421 (Isa.
974 2366 1098 2417 XLv,
1127 2353 1234 2421 23).
1266 2369 1293 2401 ι)
1343 2349 1400 2404 Si
1448 2365 1584 2419 ergo
1624 2351 1799 2401 tantze
1845 2346 2065 2400 institu-

438 2449 610 2504 tionis
653 2447 831 2501 limite
872 2450 1005 2499 sunt
1047 2444 1228 2498 votiva
1251 2444 1579 2513 juramenta
1620 2440 1909 2507 servanda,
1944 2439 2070 2510 quis

442 2544 658 2598 alienus
680 2557 712 2594 a
733 2538 964 2594 veritate
990 2537 1296 2609 constituat
1326 2533 1739 2590 exsecrabiliter
1763 2532 2070 2587 violanda?

442 2636 684 2691 Stabunt
720 2649 858 2703 ergo
905 2647 1080 2686 sacras
1132 2629 1479 2684 auctoritatis
1517 2626 1731 2681 viviﬁea
1757 2625 1930 2697 jussa,
1964 2640 2071 2679 nec

441 2745 582 2783 vana
636 2725 1028 2798 profanatione
1077 2727 1243 2778 erunt
1308 2721 1663 2793 aliquatenus
1717 2718 2069 2774 temeranda.

440 2825 652 2876 Verum
696 2836 770 2873 ne
803 2818 1134 2888 juramenta
1176 2832 1305 2886 quae
1332 2816 1460 2869 data
1506 2817 1658 2883 sunt,
1689 2812 1989 2867 videantur
2012 2812 2072 2864 in

444 2932 551 2971 nos
577 2914 656 2968 ita
678 2911 902 2983 penitus
922 2908 1352 2964 miserationum
1379 2907 1718 2961 conclusisse
1738 2905 2070 2976 praecordia,

450 3006 737 3063 utnullam
754 3004 823 3059 de
836 3003 1058 3075 pietatis
1071 3001 1270 3056 affectu
1293 3001 1501 3055 animm
1521 3000 1737 3053 viscera
1757 2998 2077 3069 concipiant

449 3098 867 3169 indulgentiam
893 3095 1232 3167 parituram,
1277 3094 1353 3148 sic
1394 3093 1652 3147 stabilitis
1699 3091 2077 3146 contractibus

2165 1983 2371 2054 gentiae
2398 1998 2659 2035 concessa
2685 1979 2914 2035 licentia
2941 1976 3318 2033 miserationis
3348 1974 3527 2047 ipsius
3567 1989 3711 2044 opus
3740 1972 3800 2026 in

2168 2075 2395 2148 gloriosi
2422 2073 2690 2146 principis
2720 2075 2998 2144 potestate
3026 2070 3360 2140 redigimus,
3392 2072 3457 2122 ut
3493 2065 3630 2137 quia
3655 2067 3802 2120 Deus

2166 2169 2249 2224 illi
2298 2166 2605 2223 miserendi
2661 2165 2877 2221 aditum
2936 2164 3221 2236 patefecit,
3271 2159 3528 2216 remedia
3566 2158 3804 2230 pietatis

2168 2262 2287 2333 ipse
2313 2278 2538 2333 quoque
2569 2277 2687 2315 non
2719 2258 2983 2327 deneget.
3011 2259 3145 2320 Ouaa
3173 2257 3247 2310 ita
3270 2251 3566 2327 principali
3595 2252 3807 2307 discre-

2168 2355 2322 2410 tione
2349 2354 2639 2409 moderata
2687 2351 3015 2423 persistant,
3046 2355 3106 2404 ut
3132 2353 3189 2403 et
3216 2348 3323 2402 illis
3348 2348 3419 2401 sit
3446 2346 3805 2417 aliquatenus

2169 2446 2553 2502 misericordia
2581 2445 2921 2513 contributa,
2946 2447 3002 2498 et
3025 2458 3314 2514 nusquam
3343 2456 3482 2511 gens
3503 2444 3600 2493 aut
3619 2438 3807 2509 patria

2170 2558 2273 2613 per
2302 2540 2528 2595 eosdem
2557 2544 2652 2593 aut
2678 2538 2991 2609 periculum
3020 2537 3397 2608 quodcunque
3433 2532 3683 2604 perferat
3706 2534 3808 2585 aut

2165 2635 2485 2705 jacturam,
2548 2633 2669 2687 hinc
2728 2630 3111 2685 miserationis
3163 2629 3397 2683 obtentu
3456 2630 3805 2695 temperasse

2174 2727 2434 2782 sufﬁciat.
2453 2726 2756 2791 Cmterum,
2776 2740 3132 2795 quascunque
3146 2722 3478 2793 juramenta
3503 2735 3607 2790 pro
3628 2718 3807 2789 regia:

2173 2820 2467 2893 potestatis
2518 2820 2715 2883 salute,
2764 2821 2820 2871 et
2869 2814 3251 2871 confutatione
3284 2812 3466 2885 gentis
3496 2815 3553 2866 et
3582 2812 3807 2883 patriae,

2174 2914 2261 2967 vel
2287 2914 2563 2967 hactenus
2612 2916 2744 2965 sunt
2793 2915 3009 2975 exacta,
3051 2909 3138 2963 vel
3170 2908 3436 2977 deinceps
3484 2904 3812 2959 exstiterint

2177 3006 2477 3077 exigenda,
2513 3004 2668 3059 omni
2697 3004 2971 3073 custodia,
3006 3001 3279 3073 omnique
3312 2999 3604 3071 vigilantia
3633 2998 3811 3053 indis-

2177 3099 2451 3154 solubiter
2499 3097 2856 3153 decernimus
2912 3095 3274 3161 observanda,
3331 3111 3364 3147 a
3411 3091 3814 3146 membrorum

443 3192 758 3267 linamenti
782 3190 970 3245 Sinam
995 3188 1392 3243 misericordia?
1435 3187 1743 3258 aperimus,
1781 3188 1951 3256 atque
1981 3185 2077 3239 illa
2100 3223 2154 3297 Ο
2178 3192 2541 3248 truncatione
2591 3192 2903 3262 mortisque
2952 3188 3229 3245 sententia
3269 3186 3543 3258 religione
3583 3185 3816 3256 penitus

457 3286 676 3343 cunctis
714 3286 831 3339 Deo
880 3282 1081 3354 placita
1124 3281 1380 3336 misereri
1415 3296 1729 3347 censemus,
1759 3284 1824 3333 ut
1849 3295 1948 3333 nos
1975 3295 2079 3332 nec

445 3379 757 3455 juramenti
786 3381 976 3433 teneat
1000 3375 1188 3431 cautio
1208 3392 1355 3442 reos,
1371 3390 1476 3428 nec
1506 3373 1897 3428 inhumanitas
1917 3370 2081 3426 faciat

454 3473 846 3531 exsecrandos.
876 3472 1181 3526 Occurrere
1208 3474 1361 3524 certe
1393 3468 1737 3522 miserorum
1766 3465 1950 3521 ruinis
1981 3465 2076 3519 de-

449 3570 548 3625 bet
577 3565 824 3622 subsidio
855 3563 1240 3635 unusquisque
1256 3579 1370 3634 quo
1402 3562 1562 3629 valet,
1579 3565 1634 3615 et
1647 3577 1710 3614 ex
1726 3558 2078 3615 relevationc

453 3664 653 3717 alienae
677 3659 939 3715 vindicta:
967 3676 998 3712 a
1025 3673 1082 3711 se
1113 3657 1208 3710 Dei
1241 3671 1505 3710 amovere
1550 3654 1859 3708 vindictam
1886 3670 1900 3718 ;
1946 3652 2083 3706 libat

456 3756 610 3811 enim
630 3754 870 3810 Domino
894 3766 1170 3823 prospera
1190 3749 1287 3820 qui
1312 3749 1381 3803 ab
1401 3747 1621 3802 afﬂictis
1642 3747 1805 3819 pellit
1827 3746 2077 3800 adversa.

454 3850 616 3905 Unde
647 3848 750 3901 Job
770 3847 1004 3917 juvante
1032 3841 1307 3914 passionis
1349 3839 1715 3912 experientia,
1748 3839 2084 3910 impendens

454 3940 802 4015 patientibus
843 3935 1115 4009 passionis
1167 3950 1281 3988 sua:
1327 3933 1663 4004 patientiam
1710 3931 2080 3999 memorabat,

388 4084 398 4093 .
456 4049 686 4091 suarum
710 4031 985 4085 virtutum
1011 4027 1329 4098 catalogum
1357 4032 1558 4081 texens
1587 4025 1739 4080 inter
1769 4031 1970 4080 caetera
2007 4026 2084 4079 sic

458 4124 775 4183 connectit:
803 4144 832 4173 «
860 4120 1181 4177 Benedictio
1209 4119 1446 4191 perituri
1478 4135 1651 4191 super
1674 4135 1766 4174 me
1797 4119 2081 4185 veniebat,

460 4227 516 4275 et
560 4236 659 4275 cor
698 4217 884 4272 viduae
929 4215 1247 4270 consolatus
1295 4229 1421 4267 sum
1470 4214 1598 4277 (Job.
1638 4229 1787 4277 xxrx,
1823 4214 1924 4283 l3).
1961 4233 1988 4262 »
2020 4214 2087 4267 Et

460 4314 631 4388 paulo
651 4316 809 4385 post:
833 4333 859 4360 ‹‹
876 4309 1104 4364 Flebam
1126 4306 1419 4378 quondam
1441 4323 1609 4377 super
1626 4324 1693 4361 eo
1725 4305 1823 4378 qui
1845 4307 2086 4361 afﬂictus

459 4411 599 4476 erat,
630 4412 685 4461 et
709 4401 1159 4475 compatiebatur
1184 4400 1379 4455 anima
1401 4416 1526 4455 mea
1549 4400 1785 4471 pauperi
1807 4400 1939 4471 (Job.
1959 4417 2082 4468 xxx,

458 4505 569 4571 25).
603 4520 629 4552 η
660 4500 800 4554 Hinc
843 4500 901 4551 et
924 4495 1190 4552 Salomon
1224 4510 1236 4548 :
1271 4515 1297 4542 «
1330 4493 1472 4549 Erue
1516 4511 1611 4548 eos
1658 4493 1758 4565 qui
1803 4494 2089 4548 ducuntur

2179 3287 2457 3341 absoluta.
2479 3286 2586 3339 Sed
2606 3302 2678 3338 ne
2698 3300 2996 3356 pravarum
3015 3281 3296 3337 mentium
3313 3282 3538 3334 versuta
3555 3278 3814 3349 nequitia

2180 3380 2561 3450 nosmetipsos
2577 3378 2647 3432 ad
2676 3378 2909 3448 perjurii
2935 3376 3280 3449 quandoque
3302 3374 3537 3429 devocet
3555 3372 3810 3444 culpam,

2178 3491 2286 3528 nec
2317 3490 2350 3527 a
2380 3477 2584 3526 sanctae
2610 3470 2743 3525 fidei
2773 3471 2969 3541 regula
3002 3470 3147 3524 hanc
3189 3472 3400 3523 asserat
3446 3465 3639 3521 venire
3678 3482 3812 3519 sen-

2179 3568 2438 3635 tentiam,
2510 3569 2627 3619 tam
2694 3562 2896 3618 divinae
2960 3561 3306 3617 auctoritatis
3362 3560 3588 3616 oracula
3638 3576 3813 3631 quam

2182 3659 2625 3732 praecedentium
2666 3656 2895 3712 Patrum
2940 3658 3150 3711 asserta
3192 3654 3324 3710 huic
3371 3651 3685 3708 narrationi
3714 3670 3811 3707 cu-

2181 3755 2433 3810 ravimus
2480 3751 2847 3807 innectenda.
2899 3750 3120 3805 Etenim
3165 3747 3539 3803 immutabilis
3590 3746 3817 3801 deitatis

2182 3849 2316 3903 licet
2368 3847 2518 3901 dicta
2564 3846 2677 3899 sint
2719 3844 3062 3912 firmissima,
3112 3843 3311 3897 crebro
3355 3846 3550 3895 tamen
3599 3841 3721 3911 ejus
3764 3852 3818 3894 et

2176 3943 2507 4013 juramenta
2553 3939 2825 4009 leguntur
2870 3939 2926 3991 et
2965 3936 3323 4008 poenitentia,
3373 3950 3499 4005 quas
3538 3933 3596 3988 in
3645 3932 3818 3989 sacris

2184 4037 2410 4089 exstant
2432 4032 2715 4104 mysteriis
2743 4031 3030 4103 adoperta.
3060 4031 3252 4085 Jurare
3282 4044 3528 4100 namque
3557 4027 3657 4083 Dei
3682 4029 3763 4081 est
3788 4044 3818 4082 a

2186 4145 2244 4184 se
2286 4128 2610 4182 nullatenus
2662 4124 2923 4179 ordinata
2977 4124 3307 4191 convellere,
3355 4122 3633 4193 poenitere
3682 4138 3816 4175 vero

2186 4221 2389 4276 eadem
2422 4219 2683 4275 ordinata
2732 4234 2861 4273 cum
2885 4217 3127 4273 voluerit
3154 4216 3478 4271 immutare.
3528 4216 3617 4270 Sic
3660 4216 3817 4269 enim

2184 4332 2287 4387 per
2329 4312 2668 4368 Hieremiam
2721 4310 2855 4366 dicit
2896 4329 2909 4365 :
2951 4311 3203 4383 Repente
3260 4310 3459 4382 loquar
3512 4308 3816 4363 adversum

2187 4410 2443 4478 gentem,
2479 4412 2535 4461 et
2562 4404 2862 4460 adversum
2892 4418 3163 4475 regnum,
3195 4407 3259 4456 ut
3301 4403 3606 4470 eradicem,
3645 4407 3702 4457 et
3730 4401 3822 4456 de-

2188 4506 2424 4567 struam,
2453 4503 2510 4555 et
2540 4499 2864 4571 disperdam
2898 4498 3059 4553 illud.
3112 4495 3165 4553 Si
3210 4497 3598 4569 paenitentiam
3639 4493 3821 4566 egerit

457 4597 529 4652 ad
554 4599 816 4660 mortem,
843 4596 899 4645 et
925 4589 1022 4661 qui
1050 4589 1359 4643 trahuntur
1405 4586 1476 4641 ad
1526 4587 1817 4641 interitum
1848 4587 2086 4642 liberare
2106 4595 2166 4666 ι)
2189 4612 2330 4665 gens
2356 4593 2453 4647 illa
2479 4609 2648 4663 super
2677 4593 2825 4647 malo
2856 4609 2956 4647 suo
2988 4591 3142 4663 quod
3187 4591 3409 4645 locutus
3452 4606 3575 4643 sum
3619 4589 3818 4643 θάνω.

458 4707 534 4747 ne
559 4704 739 4744 cesses
766 4687 941 4753 (Prov.
973 4698 1118 4750 xx1v,
1157 4681 1260 4750 Η).
1291 4704 1318 4729 »
1364 4680 1575 4744 Quibus
1603 4686 1810 4735 sanctae
1837 4681 2079 4734 auctori-

457 4783 588 4838 tatis
608 4779 866 4836 instructi
892 4776 1151 4842 decretis,
1198 4791 1301 4829 nec
1340 4780 1597 4828 sanctum
1648 4791 1861 4829 nomen
1888 4775 2080 4845 profa-

460 4893 621 4931 nasse
667 4891 770 4929 nos
812 4875 1047 4937 constat,
1081 4868 1233 4940 quod
1279 4868 1605 4921 nullatenus
1634 4884 1737 4938 pro
1770 4868 2083 4923 sanandum

451 4972 548 5043 jus
577 4973 781 5023 nostra:
820 4962 1237 5036 praedicationis
1265 4959 1539 5029 insinuat,
1588 4965 1660 5028 et,
1710 4960 2083 5031 indulgentiae

458 5061 764 5118 visceribus
827 5055 1131 5129 adapertis,
1198 5054 1331 5109 licet
1407 5054 1521 5110 oris
1593 5053 1675 5109 sui
1738 5056 2085 5126 professione

460 5154 713 5213 damnati
765 5151 989 5207 difﬁcile
1041 5153 1369 5204 mereantur
1422 5149 1668 5217 absolvi,
1723 5150 1886 5220 juxta
1936 5150 2083 5220 quod

460 5250 731 5321 scriptum
782 5248 869 5299 est
904 5261 916 5298 :
958 5241 1259 5314 «Sanguis
1301 5246 1431 5297 tuus
1478 5259 1647 5313 super
1688 5246 1855 5313 caput
1904 5249 2083 5308 tuum,

460 5362 521 5400 os
547 5342 701 5397 enim
729 5343 892 5393 tuum
920 5338 1169 5391 locutum
1212 5338 1293 5390 est
1349 5336 1648 5391 adversum
1670 5341 1725 5392 te
1749 5337 1853 5407 (III
1874 5339 1999 5404 Reg.
2026 5352 2084 5404 ιτ,

497 5442 570 5508 7);
602 5457 628 5485 η
660 5438 717 5489 et
744 5434 951 5487 iterum
980 5450 994 5485 :
1034 5452 1061 5479 ‹‹
1092 5431 1165 5484 Ex
1192 5446 1287 5484 ore
1308 5433 1404 5483 tuo
1432 5430 1921 5498 condemnaberis,
1942 5434 1998 5483 et
2017 5448 2088 5484 ex

459 5548 555 5587 ore
586 5534 683 5584 tuo
704 5523 1101 5599 justificaberis
1136 5523 1349 5593 (Matth.
1389 5538 1483 5588 xu,
1512 5524 1618 5591 37),
1652 5545 1678 5571 »
1726 5526 1915 5577 tamen
1967 5522 2084 5594 pie-

456 5626 583 5681 tatis
630 5620 858 5687 intuitu,
910 5624 966 5672 et
1014 5615 1276 5688 parcendi
1322 5614 1470 5668 viam
1516 5615 1834 5686 pandimus,
1876 5622 1931 5670 et
1980 5617 2085 5670 mi-

456 5716 817 5774 sericordiam
858 5725 1262 5784 prorogamus;
1302 5708 1473 5778 hujus
1516 5726 1653 5762 sane
1704 5709 2089 5781 promissionis

454 5811 680 5867 incaute
699 5806 936 5862 crudam
952 5804 1363 5871 cruentamque
1392 5807 1713 5873 temperare
1728 5804 2087 5872 sententiam,

452 5903 548 5962 illa
576 5916 742 5973 quam
765 5896 1009 5952 maxime
1030 5892 1429 5967 compellimur
1445 5911 1629 5961 causa,
1660 5896 1808 5968 quod
1833 5898 1955 5950 hmc
1979 5898 2089 5951 duo

2185 4704 2277 4741 sus
2297 4704 2446 4753 eam,
2473 4702 2642 4757 agam
2665 4690 2721 4739 et
2740 4700 2847 4755 ego
2868 4684 3263 4756 paenitentiam
3294 4699 3464 4755 super
3490 4681 3643 4737 malo
3672 4681 3820 4752 quod

2185 4780 2446 4851 cogitavi,
2487 4782 2554 4833 ut
2600 4778 2845 4834 facerem
2899 4778 2952 4832 ei
3003 4780 3126 4841 (Jer.
3156 4791 3310 4844 xviu,
3349 4781 3381 4831 '7
3414 4782 3465 4831 et
3501 4778 3573 4845 8).
3611 4775 3681 4830 Et
3723 4790 3823 4846 per

2185 4873 2528 4930 Ezechielem
2563 4889 2577 4926 :
2610 4895 2636 4923 ‹‹
2668 4872 2720 4928 Si
2752 4871 2948 4926 dixero
2978 4872 3133 4942 justo
3170 4871 3287 4925 viro
3328 4869 3480 4942 quod
3508 4867 3621 4923 vita
3648 4869 3819 4936 vivat,

2187 4970 2244 5021 et
2267 4983 2574 5022 conversus
2592 4984 2624 5020 a
2642 4966 2861 5036 justitia
2881 4982 2979 5019 sua
2998 4962 3197 5020 fecerit
3218 4960 3605 5036 iniquitatem,
3626 4978 3822 5017 omnes

2179 5058 2415 5132 justitiae
2461 5060 2583 5130 ejus
2625 5057 2895 5114 oblivioni
2925 5059 3242 5125 tradentur,
3290 5060 3347 5112 et
3390 5055 3692 5127 iniquitate
3727 5071 3823 5108 sua

2187 5170 2360 5227 quam
2391 5156 2654 5224 operatus
2672 5156 2760 5207 est
2779 5152 2837 5206 in
2856 5152 2979 5224 ipsa
3002 5152 3298 5207 morietur.
3319 5150 3371 5206 Si
3402 5152 3593 5205 autem
3623 5148 3820 5203 dixero

2186 5247 2362 5319 impio
2393 5264 2405 5301 :
2434 5248 2605 5301 Morte
2637 5245 2919 5314 morieris,
2938 5250 2994 5302 et
3012 5245 3197 5317 egerit
3226 5242 3615 5316 paenitentiam
3638 5260 3669 5296 a
3692 5259 3818 5314 pec-

2187 5344 2310 5395 cato
2343 5357 2464 5407 suo,
2509 5340 2623 5394 vita
2664 5339 2831 5409 vivet,
2861 5343 2919 5393 et
2946 5355 3062 5394 non
3100 5338 3377 5393 morietur
3421 5335 3633 5407 (Ezech.
3669 5351 3819 5403 xvm,

2189 5435 2256 5488 24
2287 5436 2506 5504 ctseq.).
2539 5455 2566 5482 ››
2614 5433 2669 5488 Si
2713 5449 2850 5504 ergo
2896 5435 3087 5487 nostra
3134 5431 3426 5487 conversio
3467 5430 3543 5483 sic
3571 5429 3819 5483 divinam

2190 5532 2378 5582 mutat
2410 5527 2771 5596 sententiam,
2819 5543 2919 5580 cur
2955 5526 3299 5581 miserorum
3330 5528 3507 5578 tantae
3539 5524 3818 5593 lacrymaz,

2188 5622 2276 5675 vel
2302 5637 2567 5692 pressura
2597 5627 2711 5676 tam
2742 5622 2976 5677 crudam
3008 5637 3125 5675 non
3156 5620 3483 5690 temperant
3530 5634 3598 5670 ex
3647 5616 3819 5670 mise-

2188 5714 2409 5769 ratione
2452 5713 2807 5769 vindictam?
2850 5714 2991 5769 Hinc
3038 5714 3209 5768 etiam
3258 5710 3560 5766 Israelitico
3615 5709 3820 5781 populo

2191 5824 2340 5879 saepe
2394 5808 2530 5863 ultio
2573 5808 2855 5880 promissa
2890 5806 3273 5879 suspenditur,
3330 5808 3388 5859 et
3445 5802 3820 5859 Ninivitarum

2189 5898 2436 5976 perditio
2460 5900 2663 5957 divinae
2690 5900 2990 5958 sententias
3019 5898 3442 5977 permutatione
3471 5894 3725 5954 sedatur.
3759 5898 3823 5955 At
