4032 6300
168 336 267 401 Sui)

1396 334 1866 410 brenn‘rmun
1902 344 2292 412 COLLECTIO.

3415 360 3441 420 Er;
3459 354 3469 421 l
3485 367 3515 423 ο

166 471 301 508 vero
363 454 668 509 illustrium
715 455 949 511 laudum
1013 457 1177 512 titulo
1250 460 1555 531 praeclarus
1601 464 1799 517 auctor
1820 462 1999 546 Adas
2030 465 2305 519 versutias
2333 464 2543 519 utiliter
2580 466 2696 533 ﬁat,
2744 465 2806 521 ut
2857 480 2987 522 cum
3033 481 3197 525 mens
3230 472 3439 527 minori
3468 480 3527 528 ct

164 547 515 615 Ambrosius,
545 547 603 603 in
648 548 795 604 libro
828 549 899 604 de
947 550 1156 606 Oﬂ'iciis
1194 552 1405 623 primo,
1447 554 1681 625 hujusce
1711 555 1797 609 rei

164 657 338 695 causa
368 640 446 695 sic
477 641 730 713 loquitur
762 661 775 696 :
807 643 904 697 Est
930 644 1105 698 etiam
1142 650 1339 700 contra
1364 648 1614 702 ofﬁcium
1646 666 1793 703 non-

166 749 468 804 nunquam
514 735 859 805 promissum
924 742 1340 793 sacramentum
1383 741 1685 808 custodire,
1732 746 1798 796 ut

165 827 453 896 Herodes,
508 828 606 898 qui
650 828 861 898 juravit
910 830 1184 901 quoniam
1230 832 1509 903 quidquid
1551 835 1797 904 petitura

165 922 338 987 esset,
366 920 527 974 daret
553 920 686 975 filias
713 922 1051 977 Herodiadis
1077 928 1133 979 et
1158 941 1353 980 necem
1383 927 1617 981 Joannis
1645 944 1792 999 pree-

162 1012 329 1081 stitit,
355 1029 427 1067 ne
452 1014 792 1084 promissum
809 1015 1122 1087 denegaret
1147 1015 1339 1087 (Marc.
1364 1034 1440 1087 γι,
1469 1023 1537 1074 22
1566 1024 1616 1074 et
1636 1020 1792 1091 seq.).

162 1105 303 1159 Nam
343 1107 412 1161 de
448 1107 647 1177 Jephte
677 1108 813 1179 quid
845 1108 1031 1163 dicam
1056 1109 1083 1164 ?
1114 1110 1221 1174 Qui
1253 1111 1569 1167 immolavit
1595 1113 1791 1181 tiliam,

162 1215 289 1269 quas
340 1199 445 1253 sibi
500 1199 697 1254 victori
745 1202 996 1272 primum
1047 1209 1390 1270 occurrerat,
1442 1222 1555 1276 quo
1601 1210 1792 1261 votum

161 1291 435 1363 impleret
459 1292 609 1363 quod
633 1295 1024 1365 spoponderat
1044 1300 1109 1350 ut
1127 1296 1401 1368 quidquid
1422 1298 1525 1352 sibi
1545 1298 1794 1369 primum

163 1385 540 1455 occurrisset,
594 1386 824 1441 offerret
869 1388 985 1441 Deo
1051 1390 1243 1455 (Judic.
1293 1407 1366 1458 ιι,
1426 1392 1493 1446 34
1537 1396 1588 1446 et
1636 1391 1790 1462 seq.).

160 1476 356 1531 Melius
387 1478 572 1533 fuerat
615 1479 756 1533 nihil
807 1480 920 1535 tale
955 1482 1311 1551 promittere,
1343 1500 1515 1554 quam
1545 1486 1791 1555 promis-

162 1586 293 1623 sum
316 1570 536 1625 solvere
557 1570 882 1642 parricidio.
910 1575 1045 1627 Item
1068 1572 1128 1628 in
1145 1574 1289 1630 libro
1309 1576 1478 1631 tertio
1501 1593 1513 1630 :
1542 1578 1791 1632 Primum

162 1679 302 1733 ergo
320 1663 606 1718 sincerum
626 1669 848 1735 oportet
874 1683 993 1720 esse
1018 1666 1302 1736 aﬂ‘ectum,
1324 1672 1382 1723 et
1402 1671 1791 1742 unusquisque

162 1756 480 1828 simplicem
510 1774 836 1813 sermonem
865 1759 1134 1829 proferat,
1166 1778 1261 1815 vas
1303 1780 1466 1817 suum
1494 1763 1552 1816 in
1583 1765 1788 1818 sancti-

1896 558 2147 612 maximo
2174 564 2406 629 peccato
2427 560 2857 631 constringitur,
2883 562 2928 615 si
2949 562 3183 618 omnino
3206 565 3393 619 nullus
3413 566 3530 621 sine

1895 653 2127 719 peccato
2157 651 2342 705 aditus
2383 652 2658 707 evadendi
2689 657 2862 723 patet,
2897 655 3122 710 minora
3166 673 3391 729 semper
3427 660 3525 713 eli-

1898 748 2123 811 gantur,
2164 744 2299 815 quia
2348 747 2405 797 et
2449 745 2545 815 qui
2587 762 2888 800 murorum
2932 748 3152 803 ambitu
3203 767 3275 804 ne
3320 750 3522 821 fugiat,

1897 834 2192 903 clauditur,
2226 835 2305 890 ibi
2348 854 2406 890 se
2451 837 2509 891 in
2554 838 2748 908 fugam
2791 840 3130 911 praecipitat,
3166 843 3258 897 ubi
3300 843 3529 899 brevior

1896 942 2093 980 murus
2118 926 2425 983 invenitur.
2454 930 2641 985 Nostri
2667 947 2892 1003 quoque
2919 933 3109 988 saeculi
3136 934 3350 1002 doctor,
3369 953 3527 1007 egre-

1896 1019 2024 1089 gius
2061 1020 2318 1075 Ecclesia)
2349 1022 2641 1077 catholicae
2680 1024 3043 1080 novissimum
3087 1026 3273 1096 decus,
3306 1045 3520 1101 praece-

1895 1112 2156 1168 dentibus
2193 1118 2358 1169 aetate
2409 1120 2748 1185 postremus,
2791 1116 3063 1174 doctrinae
3093 1122 3522 1192 comparatione

1893 1221 2012 1260 non
2029 1206 2277 1274 inﬁmus,
2296 1209 2554 1278 atque,et
2568 1210 2718 1279 quod
2731 1210 2914 1280 majus
2934 1215 3036 1279 est,
3047 1213 3171 1283 jam
3185 1215 3521 1271 saeculorum

1893 1297 2188 1353 ﬁnitarum
2220 1299 2598 1369 doctissimus,
2629 1318 2756 1355 cum
2786 1305 3105 1359 reverentia
3136 1308 3523 1363 nominandus

1897 1390 2137 1446 Isidorus
2164 1392 2224 1446 in
2251 1392 2395 1446 libro
2427 1394 2863 1465 sententiarum,
2883 1398 3125 1451 secundo
3146 1400 3267 1454 haec
3293 1418 3395 1471 pro
3421 1403 3524 1456 tali

1893 1490 2088 1539 narrat
2108 1485 2334 1556 negotio
2359 1502 2372 1539 :
2394 1486 2518 1541 Non
2539 1490 2625 1540 est
2644 1489 3087 1543 conservandum
3109 1499 3522 1548 sacramentum

1893 1576 2046 1647 quod
2072 1578 2217 1632 male
2251 1585 2307 1632 et
2332 1578 2556 1633 incaute
2585 1566 2959 1650 promittitur,
2990 1584 3141 1638 velut
3170 1585 3215 1637 si
3244 1585 3523 1656 quispiam

1892 1669 2163 1724 adulterae
2182 1677 2521 1741 perpetuam
2538 1689 2669 1726 cum
2689 1690 2757 1726 ea
2773 1676 3143 1743 permanendi
3170 1677 3338 1731 ﬁdem
3357 1680 3521 1749 polli-

1893 1768 2107 1817 ceatur.
2130 1764 2500 1818 Tolerabilius
2527 1771 2610 1819 est
2627 1766 2780 1819 enim
2802 1783 2918 1820 non
2940 1768 3177 1838 implere
3199 1787 3521 1827 sacramen-

162 1853 282 1903 tate
315 1850 614 1920 possideat,
646 1867 747 1905 nec
773 1852 1003 1907 fratrem
1040 1854 1558 1927 circumscriptione
1589 1858 1787 1911 verbo-
1811 1840 1867 1911 B
1891 1860 2013 1909 tum
2042 1872 2216 1926 quam
2244 1873 2585 1927 permanere
2609 1858 2666 1912 in
2703 1860 2884 1930 stupri
2904 1859 3140 1930 flagitio.
3164 1862 3435 1918 Similiter
3465 1866 3522 1920 in

162 1959 295 1997 rum
323 1943 573 2011 seducat,
604 1944 745 1999 nihil
775 1946 1068 2016 promittat
1092 1947 1485 2015 inhonestum,
1506 1966 1570 2004 ac
1596 1949 1640 2004 si
1666 1967 1794 2021 pro-
1894 1948 2258 2020 Synonymis:
2276 1952 2335 2003 ln
2349 1950 3525 2030 malispromissisrescindefidem,inturpi

162 2036 425 2103 miserit,
490 2038 838 2092 tolerabilius
883 2045 966 2094 est
1010 2040 1356 2111 promissum
1412 2060 1525 2096 non
1588 2043 1789 2112 facere,
1891 2045 2020 2096 voto
2047 2045 2207 2096 muta
2234 2043 2547 2113 decretum,
2571 2045 2723 2115 quod
2753 2045 2975 2100 incaute
3003 2047 3221 2115 vovisti,
3246 2049 3422 2122 impia
3441 2055 3527 2107 est

163 2146 337 2200 quam
363 2130 553 2185 facere
580 2131 729 2201 quod
755 2136 921 2204 turpe
947 2132 1038 2187 sit.
1061 2134 1219 2205 Saepe
1240 2135 1497 2207 plerique
1518 2122 1826 2213 constrin-(
1891 2133 2193 2205 promissio
2207 2151 2334 2206 qum
2352 2136 2562 2190 scelere
2579 2136 2943 2207 adimpletur.
2960 2139 3088 2194 Haec
3099 2140 3168 2194 de
3186 2140 3353 2196 sacris
3368 2143 3524 2215 pagi-

160 2228 309 2292 gunt
334 2239 394 2276 se
437 2222 761 2294 jusjurandi
789 2231 1164 2293 sacramento,
1194 2231 1251 2282 et
1277 2244 1406 2282 cum
1441 2227 1549 2299 ipsi
1579 2246 1788 2301 cogno-

161 2315 349 2370 verint
376 2316 837 2388 promittendum
866 2336 978 2373 non
1006 2319 1201 2390 fuisse,
1231 2322 1575 2376 sacramenti
1600 2326 1791 2377 tamen

161 2409 647 2480 contemplatione
672 2411 888 2466 faciunt
914 2412 1066 2483 quod
1093 2414 1523 2485 spoponderint,
1556 2415 1699 2469 sicut
1723 2417 1793 2470 de

160 2502 391 2558 Herode
443 2504 977 2576 suprascripsimus,
1030 2504 1131 2577 qui
1174 2508 1442 2563 saltatrici
1487 2509 1789 2579 praemium

160 2596 409 2668 turpiter
448 2597 733 2668 promisit,
764 2598 1071 2655 crudeliter
1114 2601 1293 2671 solvit,
1324 2606 1491 2673 turpe
1532 2607 1616 2656 est
1642 2604 1793 2674 quod

162 2707 408 2761 regnum
459 2691 911 2761 pro-saltatione
953 2693 1329 2764 promittitur,
1371 2696 1597 2751 crudele
1640 2697 1794 2768 quod

164 2799 319 2838 mors
385 2799 492 2854 pro
562 2786 810 2855 professa
843 2786 1215 2857 jurisjurandi
1268 2788 1543 2859 religione
1606 2790 1790 2845 datur.
1796 2790 1830 2889 Ι

160 2878 389 2940 Quanto
435 2876 782 2933 tolerabilius
828 2881 936 2933 tale
996 2880 1195 2935 fuisset
1243 2882 1559 2952 perjurium
1606 2900 1791 2938 sacra-

160 2972 399 3026 mento?
426 2973 494 3027 Et
518 2987 698 3042 pauca
741 2972 811 3026 de
861 2974 1063 3044 Iephte
1101 2974 1393 3045 disputans
1424 2992 1437 3029 :
1468 2976 1794 3031 Miserabilis

160 3063 469 3119 necessitas
496 3080 624 3136 quae
647 3065 881 3120 solvitur
908 3067 1226 3137 parricidio.
1258 3069 1451 3123 Melius
1479 3074 1562 3124 est
1590 3073 1787 3125 votum

162 3174 279 3213 non
308 3158 531 3213 solvere
559 3175 730 3230 quam
782 3159 860 3225 id,
894 3160 1046 3232 quod
1076 3160 1183 3215 sibi
1227 3161 1274 3215 is
1306 3162 1396 3216 cui
1442 3164 1795 3233 promittitur

160 3251 305 3307 nolit
319 3251 519 3307 exolvi.
537 3253 605 3307 Et
615 3258 742 3324 post
762 3253 1087 3324 paululum:
1106 3255 1227 3309 Non
1239 3271 1466 3327 semper
1480 3256 1654 3327 igitur
1670 3274 1793 3329 pro-

163 3347 337 3400 missa
365 3346 631 3400 solvenda
653 3347 844 3401 omnia
868 3352 1020 3402 sunt.
1050 3348 1303 3419 Denique
1330 3349 1448 3420 ipse
1474 3351 1795 3419 Deus,sicut

161 3439 452 3510 Scriptura
468 3438 1037 3511 indicat,frequenter
1053 3446 1235 3496 mutat
1254 3458 1414 3495 suam
1428 3444 1790 3498 sententiam.

232 3533 330 3587 Vir
353 3549 586 3605 quoque
616 3534 1001 3589 sanctissimus
1022 3535 1389 3605 Augustinus,
1406 3537 1794 3608 vestigationis

164 3627 433 3682 acumine
479 3631 695 3696 cautus,
741 3626 1065 3683 inveniendi
1104 3633 1224 3683 arte
1260 3630 1596 3701 praecipuus,
1640 3648 1792 3685 asse-

162 3719 329 3775 rendi
375 3718 539 3791 copia
582 3719 867 3791 profluus,
917 3721 1259 3794 eloquentiae
1312 3723 1453 3778 ﬂore
1502 3728 1791 3791 venustus,

162 3812 460 3886 sapientia
490 3814 677 3868 fructu
707 3815 1007 3883 fecundus,
1040 3816 1163 3870 haec
1192 3816 1251 3870 in
1293 3818 1406 3871 suis
1438 3822 1629 3872 narrat
1659 3819 1791 3873 affa-

160 3908 312 3962 tibus
371 3923 384 3959 :
432 3907 552 3962 Duo
604 3913 735 3962 sunt
789 3908 1026 3963 omnino
1085 3926 1295 3980 genera
1341 3911 1792 3981 mendaciorum,

162 4001 221 4056 in
262 4000 474 4073 quibus
516 4018 631 4055 non
678 4018 893 4073 magna
935 4002 1097 4073 culpa
1152 4008 1255 4071 est,
1304 4004 1401 4059 sed
1442 4009 1639 4060 tamen
1681 4022 1796 4061 non

164 4093 401 4149 estsine
442 4094 610 4166 culpa
651 4111 781 4149 cum
821 4099 919 4150 aut
956 4096 1251 4167 jocamurj,
1300 4100 1398 4152 aut
1425 4097 1813 4170 promisimus.

164 4186 507 4255 mentimur;
549 4187 684 4243 illud
718 4188 973 4260 primum
1014 4189 1074 4244 in
1109 4190 1358 4261 jocando
1401 4208 1516 4246 non
1547 4197 1631 4247 est
1667 4210 1795 4265 per-

168 4281 628 4351 niciosissimum,
658 4282 794 4363 quia
830 4299 947 4337 non
998 4283 1160 4353 fallit,
1192 4284 1350 4339 novit
1377 4284 1532 4339 enim
1574 4286 1668 4340 ille
1708 4286 1798 4340 cui

168 4375 378 4432 dicitur
412 4374 530 4446 joci
577 4392 744 4430 causa
793 4393 912 4431 esse
967 4376 1201 4445 dictum,
1249 4379 1561 4433 secundum
1606 4382 1798 4434 autem

165 4469 357 4523 minus
388 4474 493 4536 est,
533 4467 661 4524 ideo
690 4468 821 4541 quia
852 4470 1063 4524 retinet
1086 4471 1417 4525 nonnullam
1458 4472 1796 4528 benevolen-

1814 3207 1869 3281 C

1891 2226 1980 2280 nis
2001 2227 2438 2299 auctoribusque
2456 2229 2759 2300 praecipuis
2772 2231 3104 2287 brevissime
3128 2234 3363 2289 sufﬁciat
3380 2254 3523 2307 prie-

1893 2319 2116 2374 libasse.
2135 2322 2275 2374 Nam
2306 2322 2550 2392 plurima
2573 2322 2837 2393 colligere
2856 2326 3063 2395 poterit
3080 2327 3177 2397 qui
3199 2328 3319 2383 haec
3343 2335 3523 2384 atten-

1892 2413 2003 2466 tius
2032 2414 2270 2483 legendo
2298 2415 2607 2485 quaesierit.
2625 2416 2906 2471 Caeterum
2938 2418 3142 2489 quibus
3164 2420 3288 2474 haec
3314 2438 3522 2493 nequa-

1894 2522 2067 2576 quam
2081 2506 2478 2570 sufﬁciunt,vel
2493 2508 2615 2562 haec
2628 2513 2857 2563 sumant
2870 2526 2999 2564 cum
3012 2512 3220 2567 rubore
3232 2514 3521 2570 silentium

1892 2599 1989 2670 qui
2012 2604 2170 2669 optat
2189 2600 2291 2653 Vas
2312 2599 2605 2654 electionis
2638 2602 2948 2656 anathema
2978 2620 3097 2658 esse
3118 2622 3151 2659 a
3176 2606 3397 2661 Christo
3418 2626 3520 2679 pro

1893 2692 2166 2747 fratribus
2186 2692 2299 2746 suis
2327 2709 2498 2763 quam
2525 2694 2837 2765 perdurare
2858 2696 3182 2751 crudelibus
3202 2699 3257 2752 in
3282 2700 3518 2757 delictis.

1967 2786 2056 2840 III.
2071 2786 2255 2840 Tertio
2276 2786 2730 2841 ratiocinationis
2752 2788 3001 2860 alloquio
3020 2790 3306 2847 doluimus
3324 2798 3522 2850 contra

1893 2878 2087 2950 priora
2115 2879 2334 2934 monita
2357 2882 2588 2936 Patrum
2611 2884 2761 2949 vota,
2776 2882 3251 2952 perniciosissima
3266 2894 3518 2957 postero-

1893 2988 2044 3041 rum,
2076 2988 2207 3026 nam
2235 2976 2450 3043 quanto
2481 2973 2840 3045 frequentius
2871 2975 2950 3029 illi
2980 2977 3154 3031 noxia
3196 2982 3519 3049 vetuerunt,

1892 3069 2050 3120 tanto
2073 3066 2374 3120 studiosius
2400 3065 2491 3120 isti
2517 3071 2844 3138 perpetrare
2873 3069 3040 3123 vetita
3063 3086 3175 3125 non
3203 3072 3519 3142 quiescunt.

1894 3158 2097 3229 Sicque
2124 3176 2227 3230 per
2255 3158 2604 3213 contrarium
2631 3162 2781 3231 quod
2808 3162 3033 3231 penitus
3061 3165 3392 3221 occumbere
3424 3168 3522 3223 de-

1892 3252 2035 3320 buit,
2065 3252 2334 3307 insultare
2366 3270 2479 3306 non
2511 3253 2739 3321 desinit,
2762 3260 2818 3309 et
2847 3272 2938 3309 res
2964 3273 3093 3327 quae
3118 3259 3203 3312 tot
3229 3257 3407 3315 excisa
3432 3261 3526 3316 de-

1894 3345 2061 3399 cretis
2098 3363 2349 3400 arescere
2398 3345 2601 3417 potuit,
2627 3347 2698 3401 ad
2725 3347 2903 3402 vicem
2934 3350 3150 3404 Lernaei
3204 3353 3400 3423 capitis
3446 3356 3526 3423 (ut

1893 3438 2086 3492 ferunt
2110 3439 2333 3509 fabulae)
2364 3443 2620 3494 truncata
2648 3440 2891 3496 virescit.
2921 3442 3179 3513 Denique
3210 3446 3362 3515 quod
3408 3464 3522 3501 non

1894 3532 2014 3585 sine
2040 3548 2252 3603 magno
2280 3533 2470 3586 dolore
2494 3533 2797 3588 dicendum
2821 3520 3306 3606 est,rreperiuntur
3330 3556 3523 3611 quam-

1893 3625 2127 3696 plurimi
2160 3626 2389 3697 negotio
2423 3626 2675 3681 muneris
2699 3628 2941 3698 perituri
2968 3630 3210 3685 mercari
3234 3633 3373 3687 velle
3402 3650 3525 3705 gra-

1894 3718 2031 3773 tiam
2056 3718 2294 3790 Spiritus
2312 3720 2510 3787 sancti,
2527 3720 2663 3775 dum
2677 3721 2770 3775 ille
2789 3722 3091 3792 praemium
3110 3724 3374 3796 donat,ut
3388 3745 3525 3799 pon-

1893 3812 2117 3866 tificalis
2143 3812 2354 3867 ordinis
2382 3813 2470 3867 sui
2515 3814 2758 3869 sublime
2787 3815 3012 3871 culmen
3043 3818 3281 3889 accipiat
3315 3820 3523 3876 oblitus

1894 3905 2193 3960 verborum
2216 3906 2367 3961 Petri
2390 3906 2489 3978 qui
2505 3905 2644 3961 dixit
2663 3907 2733 3962 ad
2762 3907 3050 3964 Simonem
3072 3926 3085 3964 :
3112 3929 3140 3962 «
3161 3912 3407 3969 Pecunia
3426 3920 3525 3971 tua

1896 4002 2085 4054 tecum
2107 4000 2179 4055 sit
2193 4000 2262 4055 ad
2277 3999 2685 4071 perditionem,
2701 4002 2973 4073 quoniam
2990 4004 3206 4059 donum
3220 4006 3316 4060 Dei
3339 4007 3529 4063 existi-

1898 4093 2065 4147 masti
2082 4109 2187 4164 per
2210 4093 2505 4165 pecuniam
2520 4094 2801 4165 possidere
2820 4097 2962 4167 (Act.
2986 4114 3103 4165 vni,
3122 4101 3270 4170 20).‹‹
3287 4101 3525 4158 Proinde

1897 4188 2032 4258 quia
2053 4193 2110 4240 et
2129 4187 2398 4241 usitatum
2422 4193 2506 4241 est
2532 4192 2721 4242 tamen
2746 4190 2981 4259 malum,
3007 4198 3064 4246 et
3092 4193 3381 4263 majorum
3408 4196 3523 4251 fres

1898 4286 2137 4352 quenter
2156 4284 2372 4334 constat
2393 4297 2665 4335 mucrone
2691 4282 2993 4351 succisum,
3017 4301 3122 4345 nos
3143 4301 3368 4359 quoque
3393 4286 3527 4345 huic

1896 4372 2119 4427 vulneri
2149 4390 2450 4427 canceroso
2478 4373 2725 4445 ignitum
2744 4375 2901 4446 quod
2916 4382 3175 4447 superest
3192 4380 3377 4436 adhuc
3402 4380 3531 4454 inji-

1897 4466 2078 4520 cimus
2121 4466 2358 4534 ferrum,
2388 4466 2757 4522 decernentes
2804 4470 3057 4536 omnino,
3098 4479 3163 4527 ut
3202 4472 3526 4547 quicunque

165 4562 327 4617 tiam.
358 4561 518 4616 Idem
548 4562 702 4635 ipse:
734 4564 854 4617 Non
882 4565 1103 4619 auferat
1128 4564 1346 4636 (inquit)
1370 4565 1569 4620 veritas
1589 4566 1803 4621 miseri-
1821 4573 1879 4645 D
1903 4557 2167 4630 deinceps
2182 4562 2417 4630 propter
2434 4559 2822 4631 accipiendam
2846 4564 3143 4619 sacerdotii
3163 4566 3523 4639 dignitatem,

167 4656 555 4725 cordiam,nec
568 4655 947 4712 misericordia
967 4657 1241 4729 impediat
1258 4658 1630 4726 veritatem,si
1645 4661 1797 4714 enim

167 4766 269 4821 pro
279 4748 643 4817 veritate,aut
658 4750 820 4821 quasi
834 4751 1018 4823 rigida
1030 4752 1265 4806 veritate
1284 4750 1489 4806 oblitus
1508 4751 1681 4807 fueris
1697 4753 1803 4807 mi-

168 4842 557 4913 sericordiam,
575 4860 690 4898 non
711 4843 1031 4900 ambulabis
1054 4844 1111 4899 in
1132 4845 1222 4899 via
1236 4842 1551 4916 Domini,in
1568 4862 1680 4918 qua
1698 4846 1803 4901 mi-

170 4936 481 4992 sericordia
497 4939 555 4991 et
573 4937 777 4991 veritas
791 4938 1157 4994 obviaverunt
1178 4938 1286 4994 sibi
1308 4940 1474 5010 (Psal.
1496 4956 1674 5009 xxx1x,
1695 4941 1799 5011 12).

173 5026 367 5103 124
399 5031 601 5086 Beatus
629 5031 801 5086 etiam
833 5048 981 5104 papa
1006 5033 1328 5104 Gregorius,
1354 5038 1410 5088 et
1434 5033 1563 5087 vitae
1586 5034 1803 5088 meritis

170 5122 562 5194 honorandus,
609 5128 777 5195 atque
826 5124 883 5178 in
933 5126 1134 5180 ethicis
1200 5127 1609 5181 assertionibus
1658 5144 1804 5198 pene

173 5216 389 5271 cnuctis
420 5215 622 5272 merito
641 5218 1054 5289 praeferendus,
1078 5220 1156 5273 sic
1175 5219 1234 5274 in
1256 5219 1413 5274 libris
1434 5220 1604 5275 infert
1622 5237 1805 5274 mora-

172 5311 319 5365 libus
357 5327 369 5365 :
398 5310 539 5374 Quia
568 5327 703 5377 ergo
730 5312 1004 5366 Beemoth
1039 5309 1139 5368 iste
1166 5320 1285 5369 tam
1316 5314 1804 5385 inexplicabilibus

172 5403 358 5459 modis
387 5405 617 5475 ligatur,
634 5408 696 5459 ut
716 5405 1053 5477 plerumque
1077 5424 1237 5461 mens
1261 5407 1320 5461 in
1349 5407 1519 5462 dubio
1543 5407 1801 5473 adducta,

170 5499 323 5553 unde
357 5514 417 5551 se
445 5514 476 5550 a
506 5497 671 5569 culpa
712 5499 923 5553 solvere
971 5499 1188 5571 nititur,
1226 5499 1356 5555 inde
1385 5501 1549 5571 culpa
1598 5500 1807 5554 arctius

170 5517 323 5553 unde
357 5517 417 5551 se
445 5517 476 5550 a
506 5517 671 5569 οιιιρδ.
712 5517 923 5553 sowere
971 5517 1005 5552 n
1033 5517 1188 5569 mur,
1226 5517 1356 5555 inde
1385 5517 1549 5571 culpa
1598 5517 1806 5554 arcuus

170 5587 541 5657 astringantur,
575 5590 727 5641 recte
767 5588 973 5643 dicitur
1002 5517 1221 5659 :lNervi
1250 5589 1637 5643 testiculorum
1684 5589 1806 5660 ejus

172 5680 428 5752 perplexi
471 5683 623 5747 sunt,
647 5687 981 5752 argumenta
1026 5664 1270 5753 bamque
1315 5683 1807 5736 machinationum

172 5774 347 5841 illius,
371 5790 487 5845 quo
512 5775 694 5844 magis
724 5776 1049 5830 relaxantur
1077 5780 1137 5830 ut
1159 5776 1499 5848 relinquant,
1528 5793 1596 5831 eo
1620 5778 1806 5849 magis

171 5867 546 5945 implicantur
571 5873 634 5923 ut
652 5872 904 5926 teneant.
921 5871 1014 5925 Est
1039 5876 1226 5926 tamen
1250 5870 1399 5943 quod
1428 5872 1495 5927 ad
1520 5872 1808 5926 destruen-

1901 4652 2197 4726 quodlibet
2222 4652 2525 4724 praemium
2556 4653 2727 4707 fuerit
2754 4654 3006 4710 detectus
3035 4657 3323 4728 obtulisse,
3344 4678 3412 4716 ex
3439 4681 3532 4719 eo.

1902 4748 2029 4802 dem
2052 4752 2309 4817 tempore
2333 4763 2391 4799 se
2418 4746 2663 4816 noverit,
2681 4748 3056 4803 anathematis
3075 4752 3380 4823 opprobrio
3402 4773 3531 4813 con-

1902 4824 2232 4895 demnatum
2262 4843 2434 4911 atque
2478 4840 2914 4912 participatione
2957 4843 3162 4899 Christi
3197 4850 3448 4919 corporis
3474 4858 3531 4907 et

1904 4933 2197 5005 sanguinis
2223 4935 2498 5005 alienum,
2528 4951 2596 4989 ex
2624 4951 2736 5005 quo
2767 4934 2929 4989 illum
2947 4941 3162 4992 constat
3191 4943 3531 5003 exsecrabile

1903 5028 2111 5083 Christi
2130 5033 2487 5099 perpetrasse
2516 5028 2812 5098 ﬂagitium.
2831 5030 2993 5096 Quod
3020 5031 3064 5085 si
3085 5032 3285 5105 aliquis
3299 5040 3528 5095 exstite-

1904 5123 1996 5192 rit,
2017 5121 2115 5194 qui
2134 5126 2381 5189 accuset,
2403 5122 2497 5175 ille
2516 5122 2615 5193 qui
2632 5122 2783 5176 hunc
2808 5123 3064 5178 ordinem
3090 5142 3396 5185 munerum
3415 5133 3530 5188 fue-

1906 5221 1992 5270 rat
2006 5216 2331 5286 acceptione
2350 5216 2614 5281 lucratus,
2630 5218 2686 5269 et
2702 5222 2959 5287 suscepto
2978 5217 3208 5275 honoris
3222 5225 3404 5295 gradu
3420 5231 3532 5299 pri-

1905 5308 2228 5375 vetur,‘etin
2242 5308 2587 5362 monasterio
2611 5306 2714 5361 sub
2730 5308 2969 5378 perenni
2985 5313 3317 5381 poenitentia
3332 5321 3535 5393 relige-

1904 5408 2018 5469 tur,
2036 5401 2115 5455 illi
2137 5416 2265 5456 vcro
2285 5401 2381 5472 qui
2402 5401 2506 5455 hac
2527 5418 2691 5455 causa
2714 5416 3016 5459 munerum
3039 5413 3423 5480 acceptatores
3444 5435 3533 5473 ex-

1906 5495 2171 5560 stiterint,
2189 5490 2232 5547 si
2258 5492 2440 5548 clerici
2458 5492 2669 5549 fuerint
2692 5495 2924 5551 honoris
2941 5499 3241 5557 amissione
3253 5507 3528 5565 mulcten-

1908 5588 2078 5643 tur.Si
2093 5604 2222 5641 vero
2235 5587 2751 5655 laici,anatliemate
2763 5594 3042 5661 perpetuo
3056 5597 3526 5661 condemnentur.

1983 5682 2064 5734 IV.
2086 5682 2311 5744 Quartae.
2333 5682 2796 5753 congregationis
2822 5689 3026 5740 eventu
3055 5688 3250 5741 obvius
3280 5708 3399 5746 sese
3422 5712 3523 5750 no-

1907 5773 1993 5849 bis
2020 5774 2210 5829 intulit
2236 5774 2571 5846 pontiﬁcalis
2601 5775 2864 5830 culminis
2884 5779 3087 5849 lapsus,
3109 5781 3379 5849 quoniam
3397 5792 3531 5848 ante

1910 5845 2045 5925 flere
2083 5884 2251 5942 quam
2293 5867 2592 5943 disponere
2621 5870 2895 5944 compulsi
2936 5887 3001 5926 ex
3050 5870 3248 5927 ordine
3293 5894 3525 5963 sumus;
