4032 6312
483 326 576 389 3H
1370 320 1656 385 APPEND.
1698 328 1785 383 AD
1822 328 1981 384 SA'ZC.
2023 327 2112 383 IX.
2142 356 2209 367 --
2249 318 2493 385 ISIDORJ
2531 326 2953 385 MERCATORIS

3741 322 3844 382 SI‘Z

485 458 618 495 nam
666 441 803 495 dum
846 440 1155 494 secundum
1206 437 1390 491 carnis
1438 439 1739 508 assumptm
1780 436 2111 508 mysterium
2133 447 2193 521 Α
2283 438 2391 492 VII.
2422 436 2689 508 Septima
2725 433 3051 490 assertionis
3073 450 3300 488 accessu
3327 433 3469 488 adiit
3496 438 3708 488 ccetum
3740 451 3845 488 no-

484 534 748 588 Ecclesiae
775 550 890 588 suae
909 532 1083 587 fuerit
1104 531 1370 602 dignatus
1390 534 1555 600 caput
1574 530 1817 584 existere
1838 529 2108 597 Christus,

486 629 691 683 merito
717 627 776 681 in
797 625 1070 680 membris
1094 625 1212 695 ejus
1235 623 1478 677 intentio
1501 623 1899 694 episcoporum
1925 622 2113 677 ofﬁcia

486 737 763 793 peragere
787 718 1037 774 cernitur
1063 716 1379 777 oculorum.
1398 715 1511 786 Ipsi
1542 715 1693 770 enim
1726 715 1795 769 de
1827 714 2113 769 sublimio-

485 815 646 869 ribus
670 811 1001 868 celsitudine
1030 809 1245 865 ordinis
1285 814 1512 880 regunt,
1543 812 1601 862 et
1640 809 1952 880 disponunt
1980 808 2111 863 sub-

478 907 659 980 jectas
688 903 1076 960 multitudines
1102 903 1382 974 plebium;
1411 902 1565 957 unde
1593 907 1808 973 quanto
1835 902 1943 973 ipsi
1968 901 2115 955 ﬁunt

487 1002 767 1067 ductores,
801 1000 960 1052 tanto
992 996 1324 1051 meritorum
1368 996 1587 1050 lumine
1630 996 1842 1049 debent
1878 995 2111 1066 praeful-

489 1112 644 1166 gere,
674 1095 1024 1164 quapropter
1053 1107 1250 1145 omnes
1279 1090 1524 1160 episcopi
1550 1091 1699 1143 inter
1717 1093 1918 1143 cwtera
1937 1088 2111 1142 virtu-

487 1193 609 1242 tum
632 1190 964 1241 ornamenta
989 1185 1174 1238 nitore
1202 1182 1385 1237 carnis
1405 1182 1614 1236 debent
1638 1182 1975 1253 propensius
2000 1182 2115 1235 eni-

485 1287 630 1348 tere,
646 1283 711 1334 ut
725 1297 789 1333 ex
810 1280 916 1332 hoc
936 1278 1232 1332 audientes
1249 1275 1590 1330 munditiam
1605 1278 1895 1347 appetant,
1915 1292 1980 1329 ex
1999 1291 2112 1346 quo

488 1377 747 1431 doctores
771 1371 1138 1426 immunditia
1167 1387 1283 1423 non
1312 1369 1597 1440 deturpat,
1628 1369 1769 1423 adeo
1799 1373 1863 1422 ut
1889 1369 1931 1422 si
1955 1367 2111 1422 dein-

489 1486 621 1540 ceps
653 1465 901 1538 episcopi
934 1464 1139 1518 detecti
1168 1463 1383 1517 fuerint
1417 1462 1857 1521 exsecrabililnis
1887 1460 2115 1531 ﬂagitiis

492 1578 622 1617 cum
654 1559 999 1631 quibuslibet
1020 1556 1243 1610 feminis
1270 1555 1471 1627 pollui,
1489 1573 1552 1609 ac
1578 1555 1842 1609 familiari
1873 1553 2117 1625 peculia-

492 1656 657 1709 ritate
684 1652 913 1719 versari,
945 1649 1210 1704 noverint
1234 1666 1291 1702 se
1318 1648 1678 1703 irrevocabili
1703 1648 1986 1703 sententia
2010 1650 2113 1701 Pa-

492 1752 647 1802 trum
664 1744 877 1811 ulcisci,
894 1744 950 1797 id
973 1749 1073 1810 est,
1091 1749 1146 1797 et
1161 1743 1270 1797 loci
1290 1748 1347 1797 et
1365 1742 1577 1796 ordinis
1590 1742 1864 1813 dignitate
1881 1740 2112 1811 privari.

2212 533 2393 584 strum
2408 534 2527 584 tam
2543 529 2923 584 inverecunda
2939 528 3287 600 progressio,
3304 544 3476 598 quam
3492 527 3768 598 ignobilis
3784 544 3849 582 ac

2212 623 2548 678 detestanda
2576 623 2970 695 praesumptio,
2995 621 3275 693 quosdam
3312 620 3465 675 enim
3497 625 3596 675 aut
3637 624 3848 675 eventu

2213 717 2634 786 necessitatum,
2663 721 2761 771 aut
2801 720 2962 770 metu
3004 715 3405 786 periculorum,
3439 715 3511 768 ab
3556 714 3845 787 episcopis

2213 810 2514 881 sumpsisse
2540 810 2800 865 novimus
2829 808 3329 865 ecclesiasticarum
3380 808 3564 863 ofﬁcia
3594 809 3846 880 dignita-

2211 897 2355 959 tum.
2385 905 2453 957 Et
2492 904 2766 975 quoniam
2806 920 2935 958 cum
2984 902 3092 957 illis
3134 903 3257 956 haec
3300 902 3765 975 imponerentur,
3793 902 3851 956 id

2212 997 2317 1051 sibi
2355 998 2479 1051 fieri
2514 997 2763 1052 noluisse
2802 996 2991 1052 testati
3036 1000 3189 1066 sunt,
3217 996 3425 1051 idcirco
3475 995 3532 1049 id
3571 1000 3871 1068 sperncrc‘

2212 1096 2380 1161 atque
2408 1091 2480 1145 ad
2507 1090 2743 1163 pristina
2775 1093 3108 1162 pertentant
3136 1089 3403 1161 conjugia
3428 1084 3740 1161 moresque
3767 1107 3852 1144 re-

2214 1183 2354 1252 dire,
2402 1186 2519 1237 tam
2566 1183 2830 1254 nequiter
2870 1183 3115 1237 cmlestia
3148 1184 3283 1254 jura
3321 1182 3628 1251 solventes,
3675 1199 3851 1254 quam

2213 1280 2479 1348 prompte
2511 1276 2701 1331 saeculi
2726 1279 2946 1331 exstant
2986 1276 3265 1331 illecebris
3290 1275 3591 1331 inhiantes.
3630 1278 3753 1340 Qua
3783 1277 3850 1330 de

2215 1387 2277 1424 re
2328 1387 2489 1423 nosse
2541 1388 2640 1424 nos
2685 1370 2964 1439 convenit,
3009 1371 3157 1440 quod
3201 1369 3534 1441 episcopalis
3577 1370 3849 1424 eminen-

2215 1463 2311 1516 tiae
2365 1464 2590 1517 culmen
2647 1479 2760 1515 non
2818 1462 3104 1517 immerito
3172 1462 3340 1516 sacris
3404 1462 3671 1516 omnibus
3728 1479 3850 1516 esse

2216 1573 2439 1611 summa
2467 1556 2807 1627 percensuit,
2840 1572 2969 1627 quae
3009 1555 3228 1609 caeteris
3257 1555 3654 1611 sacerdotibus
3687 1573 3848 1611 exer-

2216 1650 2391 1704 cenda
2431 1649 2740 1720 perhibuit,
2772 1648 2984 1703 scilicet
3034 1649 3384 1719 templorum
3430 1649 3533 1703 Dei
3572 1650 3848 1704 sacratio-

2218 1758 2367 1809 nem,
2403 1742 2720 1796 chrismatis
2768 1741 3243 1809 benedictionem,
3291 1758 3696 1814 sacrorumque
3758 1760 3848 1797 or-

565 1841 628 1893 V.
686 1838 906 1906 Quintae
955 1836 1190 1891 actionis
1235 1836 1481 1906 impulsu
1530 1835 1790 1905 pervenit
1834 1834 1903 1888 ad
1948 1816 2416 1890 totiusBdinum
2467 1835 2909 1904 restitutionem,
2956 1852 3081 1906 qua:
3124 1835 3323 1889 tandiu
3369 1836 3533 1890 aliter
3584 1836 3851 1891 ordinata

492 1932 716 1988 concilii
744 1947 961 1986 sacrum
993 1931 1251 1984 auditum
1284 1929 1555 2000 quosdam
1583 1928 1902 1982 sacerdotes
1933 1932 1988 1981 et
2007 1928 2113 1981 mi-

496 2028 717 2092 nistros,
749 2024 1141 2079 obliviscentes
1181 2023 1462 2093 majorum
1505 2025 1563 2076 et
1605 2027 1860 2075 veterum
1904 2020 2114 2074 consti—

492 2124 766 2185 tutorum,
794 2120 891 2172 aut
918 2134 1179 2185 uxorum,
1221 2121 1322 2169 aut
1369 2130 1837 2186 quarumcunque
1876 2114 2114 2167 femina-

493 2232 623 2268 rum
664 2212 962 2267 immunda
1002 2210 1268 2265 societate
1309 2211 1365 2263 et
1411 2208 1733 2263 exsecrabili
1781 2207 2116 2278 contagione

492 2306 730 2378 turpari,
762 2308 819 2358 et
866 2304 1105 2375 pessima
1136 2302 1318 2357 cordis
1364 2301 1760 2367 obstinatione,
1790 2306 1906 2355 tam
1947 2301 2119 2355 sacris

430 2383 450 2475 ί
491 2400 695 2455 litteris
713 2416 883 2470 quam
903 2400 1135 2452 Patrum
1158 2395 1371 2466 regulis
1396 2395 1706 2461 obviantes,
1729 2411 1833 2448 nec
1862 2393 1970 2449 levi
1990 2394 2116 2465 qui-

494 2494 625 2548 dem
660 2491 1031 2562 rcspiraminc
1052 2491 1495 2560 contemplantes
1515 2489 1667 2559 quod
1690 2488 1960 2559 scriptum
1989 2491 2074 2541 est
2101 2504 2114 2541 :

496 2586 734 2641 «Sancti
755 2588 948 2653 estote,
968 2582 1239 2654 quoniam
1259 2587 1313 2637 et
1334 2599 1442 2653 ego
1462 2587 1685 2636 sanctus
1705 2598 1828 2635 sum
1852 2581 2039 2651 (Leuit.
2057 2597 2115 2648 ιι,

492 2682 600 2749 44),
633 2679 767 2734 dicit
792 2678 1099 2742 Dominus;
1129 2699 1155 2726 ››
1188 2681 1242 2729 et
1272 2676 1408 2729 illud
1458 2675 1838 2745 Apostolicum
1872 2691 1884 2727 :
1920 2693 1946 2725 «
1976 2675 2118 2728 Mor-

495 2774 705 2827 tiﬁcate
760 2771 1019 2824 membra
1062 2772 1247 2822 vestra
1274 2811 1286 2833 ,
1333 2785 1458 2839 quae
1513 2772 1645 2822 sunt
1691 2784 1861 2838 super
1904 2770 2119 2820 terram

494 2866 627 2938 (Col.
651 2882 729 2929 ιιι,
763 2866 836 2932 εί),
866 2882 890 2913 ››
921 2863 974 2915 id
998 2865 1099 2929 est,
1130 2861 1560 2915 fornicationem
1591 2865 1648 2914 et
1670 2860 2116 2928 immunditiam,

497 2956 1009 3027 concupiscentiam
1032 2956 1260 3021 malam,
1276 2959 1329 3008 et
1354 2954 1673 3021 avaritiam,
1690 2953 1893 3024 quibus
1910 2958 2120 3024 quanto

496 3058 581 3107 est
607 3048 948 3121 pertinacior
968 3047 1048 3100 vis
1080 3048 1137 3100 in
1159 3047 1343 3113 malis,
1380 3050 1532 3101 tanto
1559 3046 1962 3101 austerioribus
1987 3063 2117 3099 con-

493 3145 645 3199 venit
665 3142 891 3197 obviare
916 3140 1169 3195 decretis.
1194 3143 1427 3211 Propter
1448 3141 1601 3211 quod
1630 3140 1862 3210 ﬂagitiis
1887 3140 2120 3194 detectis

492 3237 814 3310 specialiter
842 3236 949 3289 hoc
980 3252 1012 3287 a
1035 3238 1225 3288 sancto
1256 3234 1491 3288 concilio
1524 3233 1808 3301 deﬁnitur,
1827 3239 1892 3288 ut
1922 3250 2120 3288 omnes

497 3330 744 3403 episcopi
776 3330 831 3382 id
885 3329 1069 3399 ipsum
1100 3328 1157 3381 in
1206 3327 1321 3381 suis
1347 3344 1602 3398 quaerere
1630 3327 1864 3383 sollicite
1898 3330 2116 3382 curent.

495 3427 562 3481 Et
615 3442 745 3479 cum
792 3423 897 3476 hoc
953 3421 1238 3476 verissime
1282 3420 1529 3491 reperire
1573 3421 1879 3491 potuerint,
1926 3438 2121 3475 omnes

494 3519 699 3591 placita
730 3517 987 3571 cautione
1020 3516 1206 3569 taliter
1230 3514 1593 3585 distringam,
1623 3520 1687 3569 ut
1710 3531 2004 3586 nunquam
2032 3514 2118 3567 ul-

495 3613 669 3668 terius
713 3615 829 3665 tam
875 3609 1253 3663 abominanda
1283 3608 1662 3663 committant.
1692 3608 1950 3663 Mulieres
1988 3624 2121 3662 vero

495 3725 597 3761 seu
648 3706 842 3760 liberm
894 3703 1024 3769 sint,
1061 3720 1158 3757 seu
1197 3703 1411 3756 ancillae.
1444 3707 1558 3756 tam
1605 3701 1848 3773 turpiter
1873 3701 2118 3767 sociatae,

491 3802 569 3856 ita
618 3796 946 3853 omnimode
975 3800 1327 3865 separentur,
1361 3800 1459 3848 aut
1488 3798 1636 3848 certe
1681 3794 2025 3863 vendantur,
2058 3800 2122 3850 ut

497 3892 729 3947 ulterius
755 3891 823 3944 ad
844 3889 1136 3943 consocios
1164 3887 1249 3941 sui
1267 3887 1519 3941 criminis
1544 3888 1860 3942 revertendi
1889 3905 2120 3943 omnem

497 3986 742 4040 habeant
782 3982 998 4048 aditum
1043 3982 1413 4052 denegatum.
1464 3979 1552 4035 llli
1596 3997 1758 4050 vero,
1800 3980 1845 4034 si
1889 3983 2122 4036 omnino

496 4074 741 4130 coerceri
769 4071 1150 4143 nequiverint,
1172 4087 1350 4141 usque
1377 4070 1450 4125 ad
1478 4070 1692 4124 exitum
1713 4070 1841 4125 vita:
1868 4089 1983 4126 sum
2004 4089 2122 4128 mo-

499 4167 762 4224 nasteriis
815 4164 1070 4237 deputati
1122 4164 1430 4235 disciplinis
1484 4164 1807 4219 monasticis
1853 4171 2125 4222 maneant

501 4262 737 4318 omnino
766 4259 1022 4330 subjecti.

569 4358 840 4412 VLSexta:
858 4352 1190 4407 discutionis
1203 4352 1833 4424 objectu,quorumdam
1856 4355 2002 4408 male
2018 4354 2123 4408 sibi

497 4449 854 4507 consciorum
877 4446 1057 4518 patuit
1078 4446 1409 4500 denotatum
1429 4446 1699 4516 elogium.
1716 4448 1851 4502 Nam
1875 4450 2121 4502 relatum

2216 1929 2544 2001 persistunt,
2621 1945 2789 1999 quam
2885 1928 3357 1983 excellentissime
3447 1930 3848 1997 conferuntur,

2219 2022 2350 2092 quia
2398 2028 2454 2076 et
2499 2025 2654 2076 tanto
2715 2022 2785 2075 ab
2844 2022 2922 2077 eis
2981 2022 3349 2093 singulariter
3410 2022 3849 2093 impenduntur,

2217 2118 2432 2185 quanto
2454 2116 2635 2169 cidem
2656 2132 2878 2169 summo
2905 2115 3139 2169 culmini
3165 2116 3496 2185 peragenda
3519 2119 3847 2183 servantur,

2220 2208 2517 2271 Quomodo
2545 2225 2681 2279 ergo
2708 2207 2804 2279 qui
2853 2222 2920 2262 ea
2966 2208 3025 2261 in
3078 2225 3136 2261 se
3190 2208 3393 2278 recipit
3436 2226 3468 2261 a
3512 2226 3570 2263 se
3611 2209 3853 2279 rejicere

2218 2301 2447 2372 poterit,
2486 2318 2615 2355 cum
2659 2302 2780 2355 haec
2819 2318 2852 2353 a
2886 2302 3042 2355 nullo
3084 2302 3262 2355 altero
3311 2302 3549 2356 conferri
3591 2319 3766 2373 quam
3823 2320 3855 2356 a

2220 2394 2350 2449 solis
2384 2395 2740 2465 pontificibus
2765 2394 2937 2462 novit,
2971 2394 3173 2465 quibus
3202 2411 3307 2449 nec
3335 2394 3514 2466 ligata
3551 2396 3710 2463 solvi,
3745 2412 3855 2450 nec

2220 2490 2397 2542 soluta
2447 2493 2759 2558 potuerunt
2810 2489 2877 2542 ab
2920 2487 3108 2559 aliquo
3154 2488 3422 2559 religari?
3467 2489 3556 2543 Sic
3588 2489 3747 2544 enim
3782 2490 3856 2543 ad

2217 2583 2449 2636 Petrum
2484 2582 2698 2635 Veritas
2743 2582 2864 2635 ait:
2911 2582 3317 2653 Quodcumque
3370 2581 3634 2651 ligaveris
3683 2600 3857 2653 super

2218 2680 2429 2729 terram
2461 2675 2568 2729 erit
2595 2675 2836 2745 ligatum
2867 2680 2923 2730 et
2946 2675 3005 2729 in
3041 2676 3199 2742 coelo,
3232 2679 3287 2729 et
3332 2675 3713 2747 quodcunque
3742 2673 3854 2730 Sol-

2218 2768 2363 2822 veris
2389 2785 2557 2838 super
2587 2773 2793 2822 terram
2842 2769 2947 2822 erit
2991 2770 3238 2823 solutum
3284 2774 3339 2824 et
3379 2769 3439 2823 in
3468 2770 3604 2823 coelo
3632 2770 3854 2839 (Matth.

2220 2878 2326 2930 xv1,
2383 2864 2487 2929 19),
2535 2878 2898 2932 nequaquam
2950 2862 3259 2933 aliquando
3308 2863 3516 2934 poterit
3562 2864 3859 2933 profanari

2220 2954 2374 3026 quod
2392 2955 2596 3009 divinae
2603 2955 2873 3024 jussionis
2886 2956 3171 3026 simulque
3190 2956 3510 3026 apostolicae
3522 2956 3858 3011 traditionis

2219 3047 2549 3103 auctoritate
2587 3065 2808 3104 sacrum
2851 3050 3103 3104 noscitur
3140 3050 3434 3103 exstitisse.
3468 3051 3679 3104 Verum
3711 3050 3859 3104 sicut

2223 3146 2478 3196 sanctum
2515 3142 2760 3196 chrisma
2806 3144 3072 3197 collatum
3101 3147 3159 3197 et
3208 3142 3403 3197 altaris
3444 3142 3634 3197 honor
3687 3144 3857 3197 evelli

2220 3253 2334 3290 non
2350 3241 2582 3307 queunt,
2604 3236 2675 3290 ita
2696 3253 2924 3307 quoque
2946 3252 3169 3291 sacrum
3189 3236 3361 3291 decus
3377 3236 3686 3307 honorum,
3701 3236 3857 3309 quod

2219 3330 2307 3383 his
2335 3346 2566 3400 compar
2593 3330 2836 3384 habetur
2865 3334 2922 3384 et
2947 3329 3183 3395 socium,
3212 3330 3463 3402 qualibet
3486 3330 3664 3384 fuerit
3693 3347 3854 3385 occa-

2220 3423 2375 3477 sione
2406 3427 2766 3494 perceptum,
2799 3423 3051 3477 manebit
3079 3424 3407 3478 omnimode
3430 3422 3855 3480 inconvulsum.

2218 3517 2303 3571 Ad
2322 3516 2751 3587 exstirpandum
2769 3533 2903 3571 vero
2926 3516 3193 3571 radicitus
3211 3516 3382 3587 hujus
3399 3517 3619 3571 callida:
3643 3519 3859 3572 machi-

2220 3609 2467 3664 nationis
2508 3610 2707 3664 inutile
2755 3614 3184 3680 argumentum,
3214 3609 3274 3664 id
3301 3610 3407 3664 sibi
3445 3610 3860 3667 rationabiliter

2221 3703 2343 3756 dari
2369 3690 2694 3771 noluerunt,
2726 3703 2784 3757 in
2810 3704 3035 3774 objectu
3066 3703 3221 3775 quod
3262 3704 3607 3758 sacrosancti
3637 3704 3853 3777 baptis-

2221 3796 2386 3850 matis
2405 3797 2848 3868 inappreciabile
2879 3797 3091 3852 donum
3114 3802 3199 3852 est
3232 3814 3473 3869 semper,
3491 3802 3546 3852 et
3566 3814 3719 3870 saepe
3739 3815 3857 3854 non

2223 3890 2406 3944 solum
2455 3889 2792 3957 nolentibus,
2840 3907 3035 3945 verum
3086 3890 3255 3945 etiam
3299 3890 3469 3962 (quod
3515 3891 3706 3961 majus
3755 3896 3854 3963 est)

2224 3982 2606 4037 nescientibus
2653 3983 3000 4054 impartitur,
3041 3984 3143 4038 sed
3186 3985 3297 4040 hoc
3340 4001 3376 4038 a
3420 3984 3576 4039 nullo
3626 3986 3857 4056 penitus

2221 4076 2511 4148 profanari
2540 4076 2911 4148 permittitur.
2938 4078 3097 4142 Quod
3124 4077 3170 4131 si
3191 4080 3249 4132 et
3264 4076 3356 4133 hic
3377 4078 3709 4149 opponitur,
3729 4096 3858 4134 nec-

2223 4170 2359 4224 dum
2388 4169 2625 4225 rationis
2652 4187 2917 4242 capacem
2946 4170 3183 4226 existere
3214 4170 3313 4243 qui
3342 4171 3449 4226 hoc
3473 4172 3754 4243 probatur
3772 4189 3859 4227 ac-

2223 4264 2433 4334 cipere,
2463 4264 2594 4318 hinc
2626 4264 2959 4319 omnimodo
2985 4269 3347 4336 cognoscant,
3376 4264 3511 4336 quia
3536 4265 3580 4319 si
3608 4266 3857 4337 majores

2222 4358 2459 4429 impune
2508 4374 2624 4412 non
2676 4358 2946 4414 deserunt
2975 4360 3124 4431 quod
3165 4358 3381 4430 parvuli
3424 4360 3511 4412 vel
3554 4360 3856 4416 nesciendo

2222 4452 2309 4504 vel
2338 4451 2589 4506 nolendo
2621 4452 2964 4523 percipiunt,
2990 4456 3202 4523 quanto
3233 4452 3415 4523 magis
3444 4469 3559 4507 non
3592 4454 3860 4509 convenit

498 4548 582 4601 est
611 4543 775 4598 nobis
813 4541 1090 4612 quosdam
1133 4539 1507 4593 subdiaconos
1538 4543 1840 4610 postquam
1879 4543 1948 4596 ad
1983 4543 2127 4596 sacri
2145 4553 2205 4625 D
2227 4544 2441 4611 violari,
2462 4544 2613 4615 quod
2639 4561 2743 4616 pro
2762 4546 2958 4601 mortis
2980 4552 3075 4601 aut
3096 4562 3393 4617 poenarum
3420 4547 3715 4601 evadenda
3734 4564 3860 4618 per-

497 4638 712 4693 ordinis
741 4635 1107 4708 pervenerint
1135 4633 1397 4705 gradum,
1430 4650 1541 4687 non
1578 4634 1762 4687 solum
1792 4635 1976 4689 carnis
2013 4635 2121 4689 im-

496 4729 781 4785 munditia
807 4727 1104 4791 sordidari,
1128 4744 1255 4780 cum
1285 4726 1557 4797 scriptum
1594 4727 1664 4780 sit
1688 4744 1699 4780 :
1728 4747 1752 4777 ‹‹
1776 4728 2126 4782 Mundamini

498 4822 594 4896 qui
622 4822 780 4876 fertis
818 4838 943 4875 vasa
986 4820 1203 4873 Domini
1238 4820 1363 4885 (13a.
1408 4820 1520 4886 ιιι),
1552 4839 1578 4871 ››
1631 4821 1730 4873 sed
1772 4821 1943 4875 etiam
1976 4822 2127 4892 quod

500 4915 652 4970 dictu
681 4915 842 4969 nefas
872 4915 973 4984 est)
988 4928 1212 4983 quoque
1236 4913 1504 4966 uxoribus
1520 4914 1791 4983 copulari,
1817 4921 2125 4969 asserentes

498 5007 606 5062 hoc
626 5008 747 5062 ideo
768 5006 870 5060 sibi
884 5004 1214 5074 licere,quia
1226 5004 1683 5060 benedictionem
1700 5023 1734 5060 a
1752 5009 2013 5076 pontiﬁce
2030 5025 2126 5061 ne-

501 5101 685 5154 sciunt
706 5097 1468 5171 percepissc.Proinde,omni
1486 5100 1919 5154 excusationum
1932 5101 2122 5154 discis-

500 5210 562 5247 so
581 5191 880 5259 velamine,
902 5191 957 5245 id
978 5192 1341 5264 praecipimus
1374 5192 1676 5260 observari,
1708 5196 1769 5247 ut
1797 5210 1924 5247 cum
1946 5193 2123 5249 iidem

500 5285 872 5342 subdiacones
890 5284 1225 5341 ordinantur
1242 5304 1370 5341 cum
1388 5287 1532 5340 vasis
1552 5286 1853 5340 ministerii
1868 5286 2128 5343 benedic-

498 5382 580 5437 tio
603 5380 682 5435 eis
702 5380 773 5434 ab
797 5379 1056 5451 episcopo
1081 5380 1417 5448 detur,sicut
1438 5379 1494 5432 in
1517 5379 1856 5448 quibusdam
1871 5381 2127 5436 Ecelesiis

498 5478 750 5530 vetustas
762 5473 931 5528 tradit
950 5475 1270 5545 antiqua,et
1285 5488 1442 5526 sacra
1457 5470 1811 5543 dignoscitur
1822 5480 2125 5530 consuetu-

499 5570 571 5625 do
592 5569 844 5623 substare
866 5564 1266 5637 prolata,omni
1288 5565 1514 5635 penitus
1532 5567 1730 5621 abillis
1742 5568 1905 5622 sorde
1927 5569 2127 5623 mulie—

498 5679 626 5717 rum
644 5678 708 5716 ac
718 5660 1098 5715 familiaritate
1116 5658 1523 5722 remotaQuod
1541 5659 1587 5714 si
1600 5660 1707 5715 hoc
1722 5662 1954 5716 vulnere
1975 5663 2125 5717 dein-

501 5772 630 5825 ceps
650 5753 864 5808 fuerint
878 5750 1129 5820 sauciati,
1153 5767 1285 5804 mox
1306 5755 1475 5807 erunt
1496 5751 1599 5807 sub
1618 5753 1966 5824 paenitentiae
1989 5773 2125 5811 one-

500 5846 658 5917 ribus
679 5861 854 5920 usque
871 5844 946 5900 ad
973 5846 1289 5899 extremum
1310 5845 1438 5900 vitae
1464 5847 1805 5903 monasteris
1826 5849 2123 5922 religandi.

2224 4637 2366 4692 nicie
2384 4638 2599 4692 occulta
2613 4638 2709 4693 Dei
2731 4638 3153 4710 dispensatione
3175 4639 3526 4711 dignoscitur
3537 4640 3860 4696 obvenisse?

2225 4731 2514 4786 Becedant
2533 4748 2669 4802 ergo
2690 4732 2890 4787 talium
2915 4733 3328 4788 desideriorum
3361 4732 3482 4787 sine
3516 4735 3862 4789 verecundia

2224 4824 2569 4896 impuderati
2597 4826 2835 4894 favores,
2869 4832 2924 4881 et
2950 4826 3080 4881 licet
3107 4826 3265 4881 inviti
3314 4827 3675 4899 perceperint
3703 4826 3861 4900 quod

2225 4935 2339 4973 non
2370 4919 2738 4973 merebantur
2766 4920 2996 4988 habere,
3028 4920 3271 4974 libenter
3313 4923 3505 4975 tamen
3538 4937 3603 4975 ac
3632 4922 3859 4976 caeleste

2225 5012 2509 5066 retineant
2555 5012 2846 5083 meritum,
2875 5014 3024 5084 quod
3056 5014 3305 5068 nolendo
3346 5019 3582 5086 propter
3615 5019 3858 5069 terrenae

2224 5106 2513 5161 consecuti
2561 5111 2695 5161 sunt
2746 5106 3100 5162 necessitatis
3154 5110 3378 5175 eventu,
3421 5113 3482 5162 ut
3529 5111 3643 5162 tam
3694 5104 3860 5163 inviti

2225 5203 2497 5270 appetant
2522 5200 2673 5255 bona
2698 5200 2956 5272 diligere,
2987 5217 3162 5272 quam
3191 5204 3395 5272 sponte
3423 5200 3689 5256 videntur
3721 5202 3863 5257 desi-

2226 5292 2423 5347 dentes
2449 5274 3016 5442 impugnarekiQuod
3044 5293 3088 5348 si
3116 5293 3243 5366 quis
3268 5298 3400 5366 post
3444 5295 3547 5349 hoc
3590 5296 3861 5366 perennis

2226 5384 2605 5442 disnositionis
2631 5388 2814 5442 edictu
2910 5404 3027 5442 non
3054 5388 3350 5442 sinceriter
3368 5387 3539 5442 sacris
3566 5388 3861 5442 inhaeserit

2225 5384 2605 5456 dispositionis
2631 5384 2877 5442 edictum
2910 5404 3027 5443 non
3054 5388 3350 5443 sinceriter
3368 5387 3539 5443 sacris
3566 5388 3863 5446 inhaeserit

2225 5478 2487 5548 cultibus,
2512 5485 2568 5534 et
2595 5480 2869 5551 abjiciens
2900 5499 2933 5535 a
2960 5498 3019 5535 se
3044 5481 3287 5552 gratiam
3316 5498 3491 5553 quam
3518 5484 3757 5554 accepit,
3778 5500 3864 5539 re-

2224 5571 2429 5626 labitur
2481 5572 2553 5627 ad
2612 5574 2962 5646 conjugium,
3014 5591 3316 5646 moresque
3374 5576 3568 5630 saeculi
3605 5580 3858 5632 attenta-

2224 5664 2384 5732 verit,
2411 5668 2496 5720 vel
2528 5684 2660 5722 eum
2694 5668 2878 5723 redire
2904 5668 2974 5722 ad
3017 5668 3123 5723 hoc
3169 5669 3500 5739 constiterit,
3529 5686 3656 5724 mox
3699 5671 3861 5727 omni

2226 5759 2583 5815 ecclesiastici
2607 5761 2822 5815 ordinis
2841 5760 3117 5831 dignitate
3140 5762 3414 5833 privetur,
3431 5765 3490 5817 et
3515 5767 3580 5817 ut
3597 5769 3861 5835 apostata

2225 5869 2257 5905 a
2292 5856 2499 5907 sanctis
2543 5854 2806 5910 Ecclesiae
2847 5854 3162 5929 liminibus,
3194 5860 3250 5911 et
3290 5855 3558 5913 societate
3603 5857 3860 5919 ﬁdelium
