4032 6330
161 383 260 434 513

1382 374 1858 431 ΒΕΟΒΕΤΑῌΠΜ
1896 377 2280 431 CULLECTIO.

3419 375 3522 429 514

161 485 444 538 habeatur
508 498 741 553 prorsus
811 482 1091 549 exclusus,
1156 481 1488 535 monasterii
1543 482 1798 536 claustris
1819 496 1878 567 Α
1897 500 2012 537 non
2041 489 2153 537 tam
2181 483 2327 536 bene
2347 483 2585 553 regendi
2611 482 2854 550 licentia,
2876 498 3047 554 quam
3069 498 3126 537 se
3144 482 3522 536 mansuetudo

165 579 346 632 donec
375 576 576 630 vixerit
602 575 705 629 sub
735 575 1064 646 poenitentia
1092 574 1486 629 retrudendus.

231 672 369 724 Vlll.
399 669 737 740 Reperimus
765 668 1044 738 quosdam
1072 667 1275 721 divinis
1297 667 1493 721 ofﬁciis
1514 668 1797 737 mancipa-

157 769 263 829 tos,
293 766 454 817 tanta
483 762 810 815 nescientize
837 761 1096 815 socordia
1126 761 1348 831 plenos,
1377 761 1458 815 ita
1481 760 1797 814 litterarum

159 865 214 912 et
239 856 549 926 disciplina
580 854 826 924 ignaros,
861 858 926 908 ut
967 871 1072 908 nec
1118 853 1177 906 in
1218 854 1326 906 illis
1365 853 1680 923 probentur
1710 853 1794 905 in-

158 949 360 1003 structi
393 951 785 1018 competenter
815 947 1130 1012 ordinibus,
1159 946 1257 1016 qui
1287 946 1644 1017 quotidianos
1673 961 1794 998 ver-

159 1046 364 1097 santur
394 1043 453 1094 in
482 1058 632 1095 usus.
677 1041 919 1094 Proinde
948 1039 1181 1094 sollicite
1232 1039 1598 1092 constituitur
1627 1043 1798 1108 atque

159 1135 491 1190 decernitur
528 1140 593 1188 ut
631 1135 820 1187 nullus
867 1133 1254 1203 cujuscunque
1299 1132 1593 1202 dignitatis
1621 1132 1795 1187 e‘ccle-

158 1229 400 1283 siastica
432 1227 696 1297 deinceps
724 1226 1009 1297 percipiat
1042 1226 1305 1296 gradum,
1338 1225 1434 1296 qui
1466 1241 1582 1279 non
1614 1228 1800 1278 totum

157 1320 520 1394 psalterium,
543 1320 628 1372 vel
660 1321 1013 1373 canticorum
1036 1318 1316 1372 usualium
1345 1322 1402 1372 et
1427 1318 1796 1388 hymnorum,

159 1416 276 1470 sive
305 1413 627 1484 baptizandi
656 1413 898 1482 perfecte
941 1412 1157 1465 noverit
1202 1412 1685 1481 supplementum.
1717 1410 1800 1465 llli

159 1526 298 1563 sane
340 1507 438 1578 qui
460 1507 582 1576 jam
610 1507 829 1560 honore
861 1503 1151 1575 dignitatis
1182 1505 1521 1575 funguntur,
1564 1504 1801 1574 hujusce

160 1607 356 1655 tamen
391 1599 726 1670 ignorantia
755 1599 1003 1652 caecitate
1030 1603 1324 1665 vexantur,
1360 1600 1461 1650 aut
1489 1599 1689 1667 sponte
1717 1613 1802 1649 su-

162 1699 328 1748 mant
380 1693 759 1746 intentionem
815 1691 1130 1746 necessaria
1183 1688 1564 1760 perdiscendi,
1622 1695 1717 1744 aut
1769 1707 1802 1742 a

163 1769 478 1857 majoribus
510 1787 578 1839 ad
606 1785 828 1839 lectoris
854 1784 1121 1838 exercitia
1167 1787 1446 1854 cogantur
1474 1783 1654 1836 inviti.
1690 1782 1798 1836 Ab-

1898 577 2264 645 impugnasse
2311 576 2604 645 probatur,
2656 576 2790 629 satis
2845 579 2926 644 (ut
2978 575 3299 646 opinamur)
3345 574 3428 628 illi
3468 579 3524 628 et

1897 668 2128 737 gloriosi
2157 667 2432 738 principis
2477 673 2533 722 et
2579 667 2805 722 decreto
2850 673 3057 722 sancta
3107 667 3306 738 synodi
3356 666 3524 737 hujus

1898 760 2307 814 contradictum
2351 777 2468 814 esse
2511 761 2924 832 conspeximus.
2981 763 3060 815 lta
3108 761 3260 816 enim
3298 765 3525 814 sanctus

1899 853 2143 924 Spiritus
2169 870 2274 922 per
2302 859 2569 924 utrasque
2596 854 2959 908 deﬁnitiones
2991 854 3312 908 mortalium
3351 854 3526 907 corda

1899 946 2174 1016 perﬂavit,
2190 949 2253 998 ut
2267 945 2420 999 vitali
2437 947 2574 1001 ﬂatu
2585 947 2886 1000 verborum
2899 947 3276 1017 imposterum
3294 961 3522 1000 omnem

1900 1045 2160 1094 exureret
2188 1039 2336 1093 male
2366 1039 2891 1110 concupiscentium
2930 1040 3150 1093 rabiem
3176 1039 3520 1094 animorum.

1899 1135 2099 1187 Actum
2132 1137 2494 1203 namqueﬁst
2513 1131 2936 1186 deﬁnitionibus
2965 1131 3099 1203 ipsis
3125 1138 3208 1201 ut,
3239 1133 3371 1203 quia
3401 1131 3524 1202 pie-

1898 1225 2028 1279 tatis
2055 1225 2257 1279 divina
2286 1226 2344 1278 in
2375 1225 2906 1295 comprehensibilis
2920 1229 3120 1279 natura
3137 1241 3196 1278 se
3214 1223 3526 1279 conditioni

1899 1318 2225 1372 mortalium
2266 1318 2326 1371 in
2370 1318 2582 1372 unione
2626 1334 2879 1389 persona
2924 1318 3215 1388 conjunxit
3256 1319 3527 1389 mysterio

1905 1411 2309 1482 redemptionis
2335 1413 2623 1480 humana,
2657 1428 2762 1466 nos
2793 1428 3016 1482 quoque
3045 1411 3308 1465 membra
3328 1411 3525 1483 capitis

1900 1505 2070 1574 hujus
2097 1510 2152 1559 et
2180 1505 2431 1576 perﬁdia
2478 1505 2693 1558 malum
2735 1508 2792 1559 et
2837 1503 3368 1575 concupiscentiam,
3401 1520 3530 1576 qua

1906 1599 2113 1653 «radix
2153 1599 2442 1653 malorum
2495 1603 2579 1652 est
2628 1599 2889 1652 omnium
2915 1598 2962 1668 (Ι
2990 1600 3127 1652 Tim.
3155 1613 3231 1664 v1,
3268 1597 3374 1668 lO),
3417 1619 3444 1645 ››
3477 1602 3532 1652 et

1906 1714 1933 1742 ‹‹
2006 1691 2304 1746 avaritiam
2394 1709 2523 1763 qua
2593 1691 2880 1746 invenitur
2952 1691 3187 1746 servitus
3247 1690 3532 1744 idolorum

1904 1785 2062 1856 (Eph.
2091 1802 2145 1854 v,
2177 1787 2227 1856 5)
2257 1807 2285 1835 ››
2315 1785 2440 1856 pari
2488 1785 2657 1840 simul
2687 1785 2823 1856 igne
2867 1802 2931 1840 ac
2979 1801 3258 1839 mucrone
3289 1787 3533 1858 _totoque

165 1880 404 1934 surdum
434 1878 716 1949 siquidem
745 1881 828 1930 cst
855 1895 970 1946 eos,
1016 1877 1113 1947 qui
1155 1882 1387 1930 caeteros
1439 1874 1803 1947 simpliciores
1823 1874 1880 1945 B
1904 1879 2140 1934 artiﬁcio
2184 1879 2454 1933 radicitus
2483 1879 2796 1933 evellamus
2822 1895 2887 1933 ac
2913 1861 3377 1949 desecemus,-"Ab
3402 1877 3536 1932 hinc

165 1979 220 2029 et
246 1973 420 2026 laicos
445 1972 663 2026 habent
692 1971 916 2038 docere,
945 1970 1151 2041 quibus
1175 1973 1230 2023 et
1253 1969 1564 2039 disciplina
1595 1973 1651 2022 et
1678 1969 1805 2023 vita

168 2066 380 2120 debent
409 2082 527 2118 esse
559 2065 732 2118 veluti
760 2064 1048 2134 quoddam
1097 2064 1410 2134 speculum,
1456 2063 1527 2117 ad
1570 2061 1806 2132 alicujus

168 2159 408 2227 ordinis,
437 2160 524 2212 vel
553 2158 843 2228 dignitatis
874 2157 1200 2226 promoveri
1232 2160 1464 2226 statum,
1493 2155 1591 2226 qui
1616 2156 1804 2226 legem

165 2252 264 2308 Dei
305 2252 599 2322 ignorant,
652 2268 756 2305 nec
805 2239 1129 2304 litterarum
1178 2251 1377 2304 saltem
1420 2249 1807 2304 mediocritate

167 2349 297 2400 sunt
337 2344 618 2414 insigniti.
668 2345 863 2398 Nullus
919 2343 1093 2414 igitur
1121 2343 1190 2397 ad
1224 2360 1384 2397 sacra
1412 2343 1508 2397 Dei
1538 2341 1810 2413 mysteria

167 2437 468 2493 tractanda
493 2437 686 2492 veniat
711 2437 903 2491 illotus
932 2437 1157 2508 aliquis,
1192 2436 1531 2507 ignorantia
1565 2434 1810 2489 tenebris

168 2532 496 2598 cacutiens,
515 2531 614 2586 sed
631 2532 780 2584 solus
803 2531 845 2583 is
862 2531 1089 2584 accedat
1109 2547 1280 2601 quem
1303 2547 1531 2584 morum
1548 2528 1810 2582 innocen-

171 2627 246 2680 tia
274 2630 331 2679 et
357 2625 678 2679 litterarum
718 2625 988 2695 splendor
1018 2624 1267 2679 reddunt
1315 2624 1614 2692 illustrem,
1650 2623 1811 2675 aliter

173 2718 519 2772 ordinaturis
564 2724 619 2771 et
660 2717 990 2771 ordinandis
1029 2717 1368 2772 imminente
1409 2717 1470 2770 in
1519 2722 1810 2787 posterum

175 2813 271 2867 Dei
297 2815 355 2865 et
386 2812 506 2881 ejus
533 2811 785 2865 Ecclesia
813 2810 1080 2864 vindicta.

251 2906 333 2958 lX.
364 2905 540 2958 Nona
566 2903 900 2958 intentionis
932 2903 1232 2958 admonitu
1258 2903 1477 2958 detecta
1506 2905 1590 2957 est
1619 2903 1810 2974 inglu-

179 2999 292 3052 vies
313 2998 600 3052 horrenda
624 2998 909 3051 voracium
943 3014 1071 3067 qua
1093 2997 1229 3050 dum
1254 2997 1416 3052 freno
1444 2996 1813 3067 parcimonia

179 3110 293 3148 non
325 3091 680 3161 astringitur,
711 3090 977 3160 religioni
1006 3091 1282 3144 contraire
1324 3094 1692 3159 monstratur,
1726 3088 1809 3143 di-

182 3193 340 3241 cente
375 3185 532 3238 enim
561 3185 883 3254 Scriptura:
922 3205 947 3234 «
975 3185 1079 3247 Qui
1101 3184 1319 3253 spernit
1350 3184 1588 3237 minima
1619 3184 1810 3253 paula-

182 3279 283 3334 tim
312 3278 528 3332 decidit
560 3279 738 3344 (Eccli.
772 3294 883 3345 xxx,
918 3277 984 3347 l),
1012 3298 1038 3325 ››
1064 3276 1145 3329 illi
1174 3280 1347 3331 tanta
1390 3277 1677 3330 edacitatis
1703 3277 1810 3330 im-

181 3373 359 3445 probe
415 3377 784 3442 grassantur,
857 3374 916 3423 ut
981 3369 1226 3424 coelestia
1289 3375 1343 3423 et
1394 3387 1540 3440 pene
1594 3386 1816 3423 summa

185 3471 551 3520 contemnere
609 3465 926 3518 videantur.
981 3465 1046 3517 Et
1097 3463 1270 3517 etiam
1315 3464 1658 3533 quicumque
1684 3480 1816 3534 qua-

187 3558 520 3629 dragesima
565 3558 682 3611 dies
725 3575 850 3628 qua
893 3557 1024 3610 anni
1065 3557 1234 3611 totius
1263 3555 1497 3610 decima
1522 3561 1813 3627 putantur,

184 3669 310 3723 qua
363 3657 420 3706 et
458 3652 518 3705 in
563 3651 847 3704 oblatione
871 3650 1078 3721 jejunii
1110 3651 1346 3704 Domino
1391 3655 1813 3717 consecrantur,

185 3746 394 3818 quibus
454 3745 626 3798 etiam
692 3744 1061 3798 saluberrima
1124 3744 1372 3798 conditio
1425 3743 1658 3798 humani
1717 3760 1813 3813 ge-

185 3839 340 3894 neris
410 3837 688 3908 expiatur,
761 3839 899 3891 dum
967 3855 1000 3891 a
1066 3842 1310 3908 quatuor
1376 3838 1575 3892 mundi
1640 3837 1815 3908 parti-

184 3933 292 3986 bus
602 3930 673 3984 ad
720 3932 864 3984 hanc
915 3932 1086 3985 homo
1128 3931 1464 4002 religionem
1501 3930 1819 3985 crediturus

185 4025 506 4091 adducitur,
538 4030 590 4078 et
621 4030 863 4095 quatuor
901 4025 1197 4080 elementis
1245 4025 1542 4090 formatur,
1586 4027 1643 4078 et
1684 4041 1816 4096 pro-

184 4126 313 4191 pter
342 4118 852 4190 transgressionem
886 4107 1170 4190 Decalogi
1215 4125 1416 4189 quater
1459 4118 1644 4172 decies
1692 4135 1820 4172 con-

186 4211 483 4267 venienter
534 4211 826 4282 affligitur,
873 4211 954 4265 illi
1010 4211 1110 4282 qui
1156 4213 1459 4267 temerarie
1518 4213 1638 4266 hac
1693 4229 1817 4266 om-

185 4307 284 4361 nia
339 4309 749 4371 contemnunt,
825 4322 929 4360 nec
980 4305 1296 4360 voracitatis
1347 4305 1659 4377 ingluviem
1714 4307 1819 4359 fre-

189 4404 353 4467 nant,
383 4399 616 4471 etquod
647 4399 808 4470 pejus
854 4404 938 4454 est
981 4400 1266 4454 Paschalia
1313 4400 1456 4453 festa
1495 4399 1821 4454 illicitorum

192 4510 392 4549 esuum
430 4493 795 4563 perceptione
847 4494 1168 4563 profanant,
1205 4494 1412 4564 quibus
1444 4510 1514 4546 ex
1540 4493 1647 4546 hoc
1677 4493 1820 4547 adeo

193 4588 470 4642 acerrime
514 4586 889 4654 interdicitur,
939 4591 999 4641 ut
1045 4587 1302 4660 quisquis
1352 4587 1470 4640 sine
1506 4585 1734 4640 inevital

194 4681 549 4748 necessitate,
580 4685 750 4751 atque
788 4680 1110 4751 fragilitate,
1137 4685 1194 4735 et
1221 4681 1478 4734 evidente
1521 4681 1657 4739 lange
1726 4697 1822 4750 ,re,

194 4791 295 4829 seu
332 4773 505 4828 etiam
547 4773 1001 4843 impossibilitate
1055 4774 1256 4842 atatis,
1312 4773 1512 4828 diebus
1572 4783 1610 4836 ψ
1637 4774 1824 4829 iadra-

199 4868 432 4940 gesima
457 4884 618 4922 esum
642 4867 900 4922 carnium
925 4868 1347 4939 prasumpserit
1371 4871 1527 4922 atten
1545 4884 1676 4935 .are,
1711 4885 1829 4922 non

198 4963 380 5016 solum
433 4977 562 5016 reus
606 4961 716 5014 erit
764 4961 1190 5017 resurrectionis
1243 4961 1576 5029 Dominica,
1632 4978 1829 5016 verum

203 5055 374 5109 etiam
405 5055 624 5110 alienus
653 5055 723 5108 ab
753 5055 1009 5125 ejusdem
1039 5055 1155 5111 diei
1184 5059 1373 5110 sancta
1406 5055 1828 5124 communione,

204 5152 260 5203 et
315 5149 420 5203 hoc
477 5148 556 5202 illi
600 5149 920 5204 cumuletur
969 5149 1040 5203 ad
1088 5166 1341 5220 panam,
1389 5153 1451 5203 ut
1479 5149 1654 5220 ipsius
1699 5148 1833 5204 anni

204 5247 460 5313 tempore
508 5241 578 5296 ab
629 5242 789 5296 omni
837 5258 936 5296 esu
992 5242 1251 5297 carnium
1297 5242 1580 5297 abstineat
1622 5243 1832 5314 gulam,

207 5335 340 5406 quia
393 5335 565 5390 sacris
617 5335 815 5390 diebus
859 5335 1214 5390 abstinentia
1279 5336 1485 5392 oblitus
1534 5341 1619 5391 est
1671 5337 1834 5392 disci-

1905 1990 2041 2044 ergo
2073 1972 2338 2043 deinceps
2358 1973 2438 2028 ita
2463 1977 2632 2027 erunt
2650 1973 2709 2026 in
2737 1971 2902 2043 regni
2925 1972 3165 2043 gloriam
3186 1945 3536 2042 pr‘aficiendi

1905 2070 2170 2133 rectores,
2198 2069 2263 2119 ut
2289 2069 2388 2120 aut
2413 2066 2473 2119 in
2497 2066 2633 2119 urbe
2658 2065 2840 2136 regia,
2869 2068 2967 2118 aut
2997 2063 3056 2118 in
3082 2064 3204 2118 loco
3228 2065 3328 2118 ubi
3376 2064 3532 2134 prin-

1905 2177 2037 2231 ceps
2064 2159 2370 2214 decesserit
2395 2176 2524 2213 cum
2545 2158 2884 2230 pontiﬁcum
2904 2159 3302 2228 majorumque
3333 2156 3535 2228 palatii

1907 2253 2238 2308 omnimodo
2265 2252 2554 2322 eligantur
2579 2268 2834 2319 assensu,
2880 2267 2994 2305 non
3026 2251 3338 2305 forinsecus
3365 2253 3534 2321 catu,

1910 2350 2008 2401 aut
2024 2346 2443 2416 conspiratione
2459 2361 2793 2416 paucorum,
2814 2350 2914 2399 aut
2925 2343 3268 2398 rusticarum
3286 2343 3540 2414 plebium

1909 2439 2184 2494 seditione
2235 2439 2619 2506 tumultuosa,
2683 2438 2781 2492 sed
2844 2443 3014 2492 erunt
3063 2437 3355 2491 catholica
3409 2436 3540 2491 ﬁdei

1909 2536 2230 2602 assertores,
2263 2548 2502 2602 eamque
2532 2536 2590 2585 et
2617 2531 2765 2585 hanc
2780 2547 2907 2602 qua
2930 2530 3191 2585 imminet
3214 2529 3540 2585 Judaorum

1909 2625 2209 2698 perﬁdiam
2256 2629 2313 2678 et
2357 2627 2692 2679 cunctarum
2717 2625 2999 2678 haresum
3036 2623 3306 2695 injuriam
3342 2622 3536 2678 defen-

1911 2720 2130 2788 dentes,
2165 2723 2335 2772 erunt
2365 2718 2580 2772 actibus
2602 2717 2825 2788 judices
2853 2721 2911 2772 et
2935 2718 3050 2771 vita
3075 2716 3340 2785 modesti,
3369 2722 3540 2772 erunt

1910 2813 1971 2867 in
2002 2812 2414 2882 provisionibus
2456 2828 2650 2866 rerum
2700 2811 2859 2882 parci
2907 2812 3036 2882 plus
3083 2827 3257 2881 quam
3303 2812 3540 2877 extenti,

1910 2910 1977 2961 ut
2007 2907 2247 2960 factione
2276 2905 2697 2976 Scripturarum
2724 2906 2814 2958 vel
2839 2904 3237 2959 deﬁnitionum
3267 2902 3544 2976 qualium-

1914 3016 2139 3070 cunque
2169 3003 2487 3053 contractus
2515 3015 2546 3051 a
2573 2997 2833 3066 subditis,
2867 2998 2957 3052 vel
3010 2997 3247 3068 exigant
3294 2997 3383 3052 vel
3424 2995 3542 3052 exi-

1915 3092 2128 3163 gendos
2156 3091 2476 3159 intendant,
2519 3094 2688 3145 erunt
2720 3091 2781 3144 in
2820 3091 3153 3162 conquisitis
3183 3090 3544 3162 obligationis

1917 3185 2232 3257 gratissime
2283 3185 2452 3238 rebus
2508 3201 2626 3238 non
2679 3188 3106 3255 prospectantes
3153 3184 3372 3256 proprii
3416 3183 3548 3255 jura

1915 3279 2218 3344 commodi,
2270 3278 2371 3331 sed
2412 3278 2775 3332 consulentes
2817 3279 3016 3348 patria
3057 3282 3226 3349 atque
3254 3278 3435 3349 genti.
3466 3278 3548 3331 De

1915 3373 2082 3427 rebus
2114 3370 2478 3441 congregatis
2504 3371 2573 3424 ab
2595 3371 2693 3439 eis,
2722 3370 2845 3424 illas
2870 3374 3096 3425 tantum
3112 3371 3217 3425 sibi
3237 3371 3543 3426 vendicent

1915 3470 2103 3537 partes
2129 3481 2266 3535 quas
2294 3464 2593 3517 dictaverit
2620 3463 2920 3518 auctoritas
2948 3463 3275 3535 principalis
3309 3481 3504 3519 verum
3527 3482 3544 3533 ;

1916 3575 2274 3630 quacunque
2331 3556 2656 3611 inordinata
2705 3556 3068 3628 reliquerint,
3130 3557 3550 3612 hareditabunt

1917 3668 2261 3706 successores
2287 3650 2504 3721 proprii
2529 3667 2745 3718 eorum,
2797 3655 2852 3705 et
2898 3654 3028 3704 ante
3075 3666 3322 3722 regnum
3343 3649 3544 3720 justis-

1917 3745 2058 3800 sime
2082 3744 2419 3816 conquisita,
2447 3749 2547 3799 aut
2570 3743 2693 3811 ﬁlii,
2723 3746 2822 3799 aut
2847 3742 3107 3799 haredes
3151 3743 3382 3815 capiant
3417 3743 3548 3814 jure

1916 3838 2313 3910 proximitatis.
2360 3839 2439 3892 De
2490 3837 2751 3893 afﬁnium
2785 3837 3139 3892 successione
3170 3838 3256 3892 vel
3284 3853 3545 3906 munere,

1919 3932 2172 4003 quamvis
2197 3931 2518 3987 inordinata
2557 3931 2752 3987 relicta
2791 3931 2923 4000 sint,
2973 3936 3071 3986 aut
3107 3931 3290 4002 primo
3327 3935 3550 3988 tantum

1916 4026 2066 4095 ﬁliis,
2099 4029 2196 4080 aut
2221 4025 2546 4081 haredibus
2597 4026 2932 4097 frequenter
2972 4024 3271 4096 proﬁciant
3298 4026 3387 4080 vel
3412 4043 3547 4098 pro-

1919 4120 2161 4192 pinquis.
2190 4122 2271 4174 Ita
2293 4120 2354 4174 in
2376 4136 2574 4174 eorum
2602 4118 2820 4174 cunctis
2839 4118 3078 4188 actibus,
3099 4120 3356 4176 moribus
3376 4125 3548 4192 atque

1918 4213 2087 4268 rebus
2131 4214 2363 4284 privata
2417 4213 2560 4284 legis
2603 4212 2914 4268 auctoritas
2960 4214 3067 4268 erit
3109 4213 3368 4282 valitura,
3399 4218 3463 4268 ut
3495 4217 3554 4269 et

1918 4308 2248 4377 perenniter
2281 4310 2516 4360 maneat
2541 4306 2892 4374 inconvulsa,
2927 4310 2984 4360 et
3007 4324 3124 4362 non
3153 4306 3310 4378 prius
3331 4308 3554 4379 apicem

1919 4401 2083 4471 regni
2112 4400 2351 4470 quisque
2381 4399 2680 4471 percipiat,
2711 4417 2882 4471 quam
2934 4417 2994 4454 se
3040 4400 3197 4454 illam
3226 4417 3328 4472 per
3357 4401 3553 4456 omnia

1921 4494 2316 4564 suppleturum
2361 4493 2744 4563 jurisjurandi
2796 4493 3088 4548 taxatione
3141 4494 3394 4548 deﬁniat.
3452 4494 3555 4549 Cui

1846 4608 1903 4680 D
1925 4586 2095 4642 etiam
2120 4586 2236 4656 legi
2261 4586 2349 4640 vel
2376 4585 2598 4640 decreto
2630 4587 2958 4657 episcopali,
3010 4604 3123 4641 non
3165 4589 3349 4642 solum
3375 4587 3434 4642 in
3461 4588 3549 4643 fu-

1925 4682 2054 4735 turo
2079 4680 2174 4734 sed
2203 4679 2376 4734 etiam
2400 4680 2459 4733 in
2491 4680 2758 4750 praesenti
2776 4681 3151 4734 reverentiam
3173 4683 3551 4752 apponentes,

1926 4773 2305 4841 decernimus,
2335 4777 2401 4827 ut
2425 4774 2752 4844 quicunque
2789 4774 3079 4828 detractor
3124 4777 3182 4830 et
3221 4791 3337 4830 non
3367 4775 3557 4847 potius

1926 4871 2230 4923 venerator
2253 4868 2465 4922 decreti
2485 4868 2739 4938 ejusdem
2763 4871 2931 4940 atque
2949 4868 3094 4940 legis
3119 4885 3242 4924 esse
3269 4869 3555 4938 maluerit,

1931 4961 2046 5016 sive
2072 4961 2370 5033 religiosus
2397 4961 2489 5016 ille
2516 4961 2605 5030 sit,
2636 4961 2752 5018 sive
2781 4961 2975 5031 laicus,
3002 4978 3118 5016 non
3161 4963 3347 5017 solum
3376 4962 3556 5019 eccle-

1931 5055 2152 5111 siastica
2178 5055 2762 5110 excommunicatione
2792 5056 3092 5126 plectatur,
3126 5072 3325 5114 verum
3373 5063 3431 5113 et
3472 5058 3560 5114 sui

1932 5149 2143 5204 ordinis
2173 5149 2451 5220 dignitate
2484 5149 2752 5220 privetur.

2004 5242 2090 5298 XI.
2155 5242 2485 5297 Undecima
2545 5242 2850 5297 occasionis
2913 5244 3151 5300 articulo
3205 5245 3564 5304 decretorum

1934 5335 2342 5392 universalium
2367 5353 2620 5406 perenne
2643 5335 2901 5390 dedimus
2917 5337 3364 5412 ﬁrmamentum,
3391 5341 3568 5397 sciens

205 5430 444 5501 plinam.
512 5428 591 5482 Illi
657 5445 786 5484 vero
840 5445 984 5500 quos
1043 5435 1142 5484 aut
1196 5434 1331 5485 atas
1389 5431 1682 5499 incurvat,
1742 5433 1841 5484 aut

207 5524 451 5594 languor
481 5526 764 5591 extenuat,
810 5529 909 5578 aut
951 5524 1252 5579 necessitas
1293 5527 1492 5595 arctat,
1541 5541 1656 5578 non
1712 5528 1841 5578 ante

209 5617 504 5688 prohibita
564 5616 770 5672 violare
821 5621 1189 5690 prasumant,
1244 5634 1417 5690 quam
1471 5635 1505 5673 a
1554 5616 1844 5673 sacerdote

209 5711 560 5784 permissum
585 5711 922 5783 percipiant.

1938 5434 2022 5485 tes
2037 5429 2187 5501 quod
2205 5428 2542 5483 multimoda
2557 5445 2782 5500 semper
2800 5431 2948 5486 Deus
2965 5432 3316 5504 oppositione
3327 5435 3571 5507 judicio-

1939 5540 2070 5578 rum
2101 5538 2386 5577 aerumnas
2412 5523 2624 5577 relevat
2653 5539 3084 5597 oppressorum;
3113 5530 3171 5583 et
3216 5528 3359 5583 sicut
3405 5527 3570 5583 malis

1943 5615 2300 5688 exigentibus
2339 5616 2644 5671 hominum
2691 5619 2972 5689 permittit
3008 5622 3262 5677 exerceri
3300 5620 3569 5692 penurias

1943 5710 2251 5776 ultionum,
2275 5709 2352 5764 ita
2377 5726 2508 5765 cum
2535 5711 2774 5767 voluerit
2810 5715 3142 5785 gravedines
3167 5714 3384 5768 relevat
3408 5729 3572 5784 pres-

285 5803 347 5859 Χ.
378 5803 618 5858 Decima
644 5805 1026 5860 collocutionis
1067 5822 1295 5861 assensu
1336 5805 1586 5861 molestis
1633 5805 1848 5860 actibus
1947 5820 2237 5873 surarum;
2268 5803 2402 5859 hinc
2431 5807 2489 5860 et
2515 5804 2742 5861 decreta
2768 5807 3214 5878 pracedentium
3243 5808 3476 5862 Patrum
3505 5807 3576 5864 ad

217 5896 425 5973 quibus
450 5913 619 5971 sagax
659 5897 948 5970 indagatio
986 5898 1203 5971 pictatis
1249 5900 1522 5972 obviaret,
1575 5899 1846 5971 decrevit,
1947 5898 2602 5973 contentionisjurgium
2623 5899 2891 5958 radicitus
2910 5899 3270 5961 ovellendum
3288 5898 3396 5958 rite
3413 5917 3579 5976 syno-

628 5997 900 6063 PATROL.
951 5998 1175 6064 CXXX.
3153 6004 3222 6065 l7
