4032 6344
516 418 617 476 315

1414 417 1695 479 APPEND.
1740 420 1825 478 AD
1863 424 2022 480 SEC.
2065 418 2152 480 lX.
2185 452 2253 464 -—-
2290 417 2535 481 lSlDORl
2571 414 2995 481 MERCATORIS

3775 420 3876 478 316

510 529 695 584 dalem
723 528 846 584 ﬁeri
877 544 1145 585 censuere
1187 531 1549 598 conventum,
1587 535 1653 584 ut
1697 529 1811 584 illic
1843 530 1913 584 de
1945 531 2128 586 diver-
2153 541 2211 615 Α
2232 531 2353 602 cipe
2384 533 2644 602 glorioso,
2679 532 2993 601 gratiarum
3041 531 3211 600 actio,
3267 536 3323 585 et
3369 530 3707 585 reverentiae
3752 529 3872 600 ple-

514 621 676 677 sitate
698 622 1044 693 judiciorum
1073 627 1354 694 protensae
1383 622 1509 677 lites
1535 622 1781 678 habeant
1822 624 2135 680 terminum

513 714 612 769 ubi
637 719 859 769 sanctus
889 714 1129 786 Spiritus
1157 715 1535 770 universalem
1584 716 1992 772 coadunaverit
2027 736 2134 773 cm-

512 813 654 863 tum.
680 808 760 863 Ab
787 808 895 862 hoc
922 824 1057 879 ergo
1085 808 1296 879 Spiritu
1330 813 1520 862 sancto
1542 810 1919 865 successiones
1939 811 2134 881 quaeli-

510 900 607 956 bet
635 900 692 955 in
719 906 1004 972 posterum
1036 904 1136 954 aut
1169 901 1409 972 impune
1432 901 1653 956 valeant
1678 903 2046 970 commoveri,
2070 908 2138 958 ut

2240 624 2443 679 nitudo
2476 642 2509 679 a
2535 624 2696 679 nobis
2724 625 2988 679 omnibus
3028 625 3088 679 in
3137 640 3438 679 commune
3468 623 3576 694 ipsi
3619 624 3875 677 clemen-

2240 718 2455 772 tissimo
2499 717 2763 789 principi,
2810 719 3099 773 bonorum
3144 717 3400 789 gratiﬁco
3449 715 3732 787 largitori,
3786 715 3876 769 cui

2239 812 2500 865 votorum
2525 806 2791 865 instantia
2816 811 3069 882 benigna
3098 812 3245 866 Deus
3271 810 3461 865 attulit
3508 808 3872 880 complenda,

2239 905 2397 975 cujus
2465 903 2755 975 dispositio
2831 903 3087 975 piissima
3154 919 3554 976 pressurarum
3631 901 3876 957 removit

511 994 845 1067 generalitas
870 999 990 1049 tuta
1015 995 1194 1048 valeat
1222 993 1552 1062 consistere,
1581 994 1751 1064 plena
1777 995 2136 1051 decernimus
2193 1006 2209 1085 ί
2240 996 2405 1051 exitia
2428 1039 2442 1065 ,
2514 997 2672 1067 cujus
2742 996 3093 1067 temporibus
3166 997 3388 1051 confert
3448 995 3670 1066 justitia
3724 995 3875 1065 vigo-

509 1087 884 1142 unanimitate
910 1086 1168 1157 connexi,
1196 1092 1254 1141 ut
1276 1103 1658 1158 qumcumque
1682 1104 1787 1158 pro
1807 1088 1937 1143 ﬁdei
1959 1089 2136 1144 causis

509 1180 1005 1251 ecclesiasticisque
1056 1180 1296 1250 negotiis
1340 1184 1438 1233 aut
1478 1180 1539 1234 in
1590 1181 1896 1252 praeteritis
1946 1182 2132 1253 gestis,

507 1273 682 1328 autin
707 1272 1078 1345 praesentibus
1108 1272 1447 1342 constitutis,
1482 1276 1581 1328 aut
1628 1274 1688 1327 in
1730 1274 1935 1328 futuris
1963 1275 2135 1330 etiam

508 1366 768 1433 decretis,
798 1365 887 1420 vel
914 1368 1047 1419 sunt
1084 1365 1169 1420 vel
1204 1365 1420 1420 fuerint
1449 1366 1777 1421 deﬁnitione
1804 1368 2135 1438 conscriptae

508 1459 840 1515 universalis
893 1458 1265 1526 auctoritatis,
1310 1459 1501 1513 nullus
1547 1459 1814 1531 deinceps
1858 1461 2137 1515 contradi—

506 1570 632 1609 cere
658 1553 883 1619 audeat,
931 1553 1119 1606 nullus
1163 1556 1381 1606 vertere
1429 1558 1760 1623 praesumat,
1803 1554 1990 1608 nullus
2019 1570 2134 1608 non

504 1648 742 1719 implere
767 1646 1087 1700 contendat.
1114 1647 1258 1700 Nam
1288 1646 1335 1699 si
1363 1645 1488 1717 quis
1515 1662 1584 1701 ex
1612 1645 1888 1717 religione
1938 1651 2134 1702 contra

505 1740 630 1796 haec
653 1738 1006 1805 inobediens,
1044 1742 1139 1792 aut
1184 1755 1502 1809 susurrans,
1530 1742 1629 1794 aut
1653 1744 1803 1794 certe
1833 1741 2129 1809 lacerator,

505 1838 604 1889 aut
632 1832 874 1902 invidus,
901 1849 965 1886 ac
996 1848 1112 1886 non
1141 1832 1331 1902 potius
1357 1832 1694 1887 eorumdem
1739 1833 1920 1887 factor
1963 1833 2128 1888 exsti-

2237 1106 2398 1157 rem,
2438 1092 2495 1143 et
2541 1089 2812 1144 exuberat
2864 1090 3058 1144 omnia
3107 1090 3394 1160 opulenta,
3437 1088 3526 1143 cui
3574 1087 3870 1155 Dominus,

2236 1185 2362 1254 post
2387 1181 2683 1253 praesentis
2714 1182 2818 1236 aevi
2845 1184 3112 1253 tempora
3139 1182 3467 1236 diuturnam
3497 1197 3627 1236 cum
3662 1181 3874 1258 sanctis

2236 1275 2500 1330 omnibus
2546 1274 2757 1330 tribuat
2794 1274 2852 1329 in
2895 1275 3357 1329 remuneratione
3412 1291 3699 1329 coronam.
3769 1273 3873 1327 Nos

2235 1372 2424 1425 autem
2474 1385 2672 1422 omnes
2716 1368 2867 1422 hanc
2916 1368 3278 1423 decretorum
3324 1367 3531 1422 seriem
3576 1368 3870 1437 justorum

2236 1467 2293 1517 et
2342 1466 2511 1516 rectae
2562 1462 2732 1529 ﬁdei,
2784 1462 2870 1515 vel
2922 1460 3190 1532 pietatis,
3255 1477 3319 1514 ac
3362 1460 3600 1531 justitize
3650 1459 3871 1513 fontem

2232 1558 2589 1624 manantem,
2622 1571 2816 1609 coram
2866 1555 2980 1609 Deo
3013 1558 3069 1608 et
3097 1553 3313 1624 angelis
3358 1554 3481 1624 ejus
3534 1552 3870 1608 orthodoxis

2235 1648 2499 1703 omnibus
2545 1651 2605 1702 et
2649 1665 2803 1702 nunc
2849 1653 2906 1702 et
2965 1647 3022 1701 in
3091 1647 3284 1701 futuro
3333 1646 3653 1718 impensius
3707 1661 3867 1700 com-

2231 1741 2614 1811 mendamus,
2680 1741 3039 1796 obsecrantes
3089 1745 3153 1795 ut
3204 1740 3352 1794 hanc
3422 1744 3479 1794 et
3544 1743 3871 1794 reverenter

2233 1833 2623 1906 adimpleant,
2695 1839 2752 1888 et
2806 1833 2877 1889 ab
2933 1833 3151 1887 aemulis
3207 1832 3455 1904 benigne
3528 1831 3866 1886 defendant.

504 1925 655 1993 terit,
686 1925 867 1996 gratia
913 1927 970 1979 et
1014 1924 1246 1979 honoris
1286 1924 1371 1978 sui
1417 1930 1475 1980 et
1514 1925 1931 1980 communionis
1960 1942 2131 1981 sacrae
2151 1906 2208 1977 B
2230 1926 2735 1982 Contemnentibus
2757 1930 2951 1980 autem
2985 1942 3110 1981 eam
3137 1925 3343 1980 divina:
3375 1924 3698 1979 severitatis
3723 1925 3867 1979 ultio

502 2020 703 2091 lugeat
729 2018 1030 2073 amissione
1057 2019 1346 2072 multatus.
1377 2019 1516 2073 Cum
1564 2035 1698 2072 vero
1739 2024 1836 2073 aut
1864 2019 2132 2090 quaslibet

504 2118 693 2168 sancta
720 2111 968 2183 synodus
997 2111 1208 2181 agitur,
1238 2117 1335 2165 aut
1380 2111 1610 2183 paciﬁce
1650 2111 1804 2166 inter
1838 2112 2130 2182 pontiﬁces

502 2205 800 2279 quidpiam
829 2204 1117 2273 deﬁnitur,
1148 2204 1193 2258 si
1212 2205 1505 2275 pauciores
1525 2222 1627 2275 per
1642 2205 2011 2260 nescientiam
2040 2206 2129 2260 vel

500 2299 924 2355 contentionem
974 2296 1120 2353 forte
1169 2297 1523 2366 dissentiant,
1569 2301 1668 2352 aut
1719 2299 2059 2353 commoniti
2096 2315 2129 2353 a

499 2393 881 2465 plurimorum
914 2396 1060 2445 coetu
1089 2408 1218 2445 cum
1245 2390 1520 2446 dedecore
1548 2391 1892 2446 confusionis
1929 2392 2125 2446 absce-

497 2487 655 2553 dant,
716 2490 813 2538 aut
875 2484 1478 2539 excommunicationis
1530 2501 1736 2539 annuas
1793 2485 2128 2540 sententiam

494 2572 698 2651 luant!

564 2674 668 2727 Xll.
703 2671 1061 2726 Duodecimae
1089 2670 1414 2742 quaestionis
1433 2671 1906 2743 propositionem,
1936 2689 2121 2727 sacra-

491 2765 692 2822 tissimi
724 2765 992 2836 principis
1020 2764 1490 2830 obsecrationem,
1515 2764 1763 2834 piissima
1784 2782 1887 2835 pro
1905 2765 2126 2820 Iudaeo-

492 2875 625 2914 rum
657 2856 1020 2911 abominabili
1067 2873 1130 2910 ac
1174 2856 1424 2910 nefanda
1466 2856 1706 2927 perﬁdia
1757 2858 2121 2926 exsecranda,

495 2955 689 3008 nostro
718 2950 882 3005 coetui
912 2948 1196 3020 perpatuit
1220 2966 1407 3017 causa,
1436 2936 1611 3020 quam
1648 2950 1857 3005 idcirco
1905 2951 1965 3004 in
2010 2951 2123 3004 ﬁne

493 3043 912 3099 sententiarum
944 3040 1268 3096 censuimus
1312 3059 1431 3096 esse
1458 3043 1817 3112 ponendam;
1850 3043 2123 3114 quoniam

494 3137 756 3193 eamdem
785 3140 1015 3208 gentem
1047 3135 1236 3189 delicti
1262 3134 1347 3189 sui
1375 3135 1578 3189 merito
1606 3136 1991 3191 retroductam
2021 3152 2124 3207 per

493 3231 701 3286 divinae
729 3228 1031 3284 sanctionis
1063 3228 1288 3283 oracula
1314 3227 1496 3299 capite
1528 3229 1795 3299 positam,
1845 3229 2122 3283 deflemus
2140 3273 2196 3348 Ο

493 3326 642 3348 _--_'-
706 3340 818 3348 Α---
875 3322 929 3348 3...
987 3322 1152 3348 ,ληριλ
1248 3321 1343 3348 ..ΑΔ
1414 3321 1537 3348 ,νηεη
1594 3322 1842 3348 DL_:-L..-
1897 3327 1959 3348 .-ι
2015 3340 2114 3348 ...υι

491 3326 646 3380 nunc
703 3340 820 3378 esse
875 3322 934 3377 in
984 3322 1189 3391 cauda,
1247 3321 1349 3375 sed
1411 3321 1542 3392 quia
1594 3322 1845 3377 Christus
1897 3327 1962 3377 ut
2015 3340 2117 3394 pro

491 3417 690 3484 nobis,
758 3416 837 3470 ita
893 3432 1120 3487 quoque
1188 3432 1291 3486 pro
1338 3415 1450 3469 illis
1496 3418 1752 3470 mortuus
1805 3421 1908 3483 est,
1960 3416 2120 3487 juxta

489 3512 642 3585 quod
668 3511 786 3583 ipse
813 3510 893 3565 ait
922 3527 935 3564 :
969 3530 996 3562 «
1023 3510 1144 3564 Non
1171 3526 1299 3563 sum
1326 3509 1526 3563 missus
1571 3509 1680 3563 nisi
1727 3510 1798 3564 ad
1834 3527 1964 3564 oves
1991 3526 2118 3581 quae

488 3606 775 3679 perierant
801 3605 1003 3659 domus
1031 3603 1201 3658 Israel
1233 3602 1446 3673 (Matth.
1496 3619 1589 3671 xv,
1644 3604 1752 3674 24),
1796 3624 1823 3652 ››
1868 3619 2120 3657 necessa-

486 3700 636 3756 rium
666 3698 937 3753 duximus
962 3713 1244 3752 summam
1274 3713 1377 3766 pro
1403 3696 1483 3750 eis
1519 3695 1855 3766 impendere
1901 3713 2115 3763 curam,

487 3811 591 3866 pro
616 3793 822 3864 quibus
850 3812 878 3840 «
909 3806 1067 3844 suam
1098 3805 1314 3860 ponere
1340 3806 1459 3843 non
1490 3789 1832 3860 dedignatus
1880 3794 1965 3844 est
1992 3790 2115 3844 ani-

486 3884 848 3949 mam'tJoan.
879 3900 934 3951 x,
972 3883 1054 3951 15)
1083 3904 1110 3932 υ
1142 3881 1201 3935 id
1230 3898 1459 3953 quoque
1486 3881 1788 3952 principali
1820 3883 2119 3937 clementia

488 3977 853 4035 devotissime
909 3974 1287 4046 approbante,
1347 3991 1476 4045 quae
1530 3974 1602 4029 ob
1653 3975 1759 4028 hoc
1814 3975 1899 4029 sui
1952 3976 2115 4047 regni

491 4071 715 4143 apicem
753 4086 786 4122 a
826 4070 939 4122 Deo
981 4067 1213 4121 solidari
1251 4070 1552 4139 pranptat,
1582 4068 1627 4121 si
1659 4068 1955 4123 catholicae
1986 4069 2118 4124 ﬁdei

488 4162 853 4237 pereuntium
897 4166 1112 4216 turmas
1161 4160 1434 4231 acquirat,
1491 4160 1796 4232 indignum
1846 4165 2116 4233 reputans

488 4257 819 4313 orthodoxa:
868 4253 1000 4309 ﬁdei
1049 4253 1367 4325 principem
1406 4254 1697 4326 sacrilegis
1726 4255 2031 4327 imperare,
2060 4259 2118 4312 et

485 4350 807 4407 inﬁdelium
861 4348 1126 4403 societate
1189 4347 1384 4419 pollui.
1438 4348 1588 4402 Nihil
1648 4348 1801 4404 aliud
1865 4366 1969 4420 pro
2026 4350 2116 4405 his

486 4463 557 4501 ex
604 4447 795 4499 nostra
856 4440 1141 4496 sententia
1193 4441 1495 4508 deﬁnitur,
1549 4458 1720 4513 quam
1774 4447 1835 4497 ut
1886 4442 2113 4499 decreta

483 4537 706 4596 concilii
752 4534 1031 4603 Toletani,
1077 4534 1231 4606 quod
1278 4534 1420 4589 divae
1475 4536 1766 4590 memorias
1820 4536 2113 4592 Sisenandi

2230 2021 2489 2092 pavenda
2536 2021 2873 2091 proveniat;
2936 2019 3362 2074 observantibus
3426 2023 3616 2073 autem
3674 2017 3869 2071 omnia

2228 2114 2517 2185 proﬂuens
2557 2130 2665 2185 pax
2710 2117 2990 2185 perpetua
3015 2119 3071 2167 et
3101 2113 3281 2183 gloria
3327 2112 3680 2183 sempiterna
3726 2128 3865 2166 con-

2228 2207 2430 2277 tingat.
2496 2207 2673 2277 Hujus
2728 2223 2957 2278 quoque
3022 2206 3317 2260 sententiae
3371 2205 3709 2260 fortitudine
3779 2204 3862 2258 vel

2227 2301 2421 2371 vigore
2466 2300 2680 2354 decreti
2730 2299 2907 2354 nostri
2952 2299 3157 2353 seriem
3204 2316 3375 2370 quam
3413 2298 3471 2352 in
3512 2296 3868 2352 serenissimi

2227 2394 2452 2449 Domini
2480 2394 2657 2448 nostri
2686 2392 3082 2448 Reccesiunthi
3107 2393 3259 2463 regis
3289 2392 3572 2447 edidimus
3599 2391 3864 2460 nomine,

2226 2504 2330 2559 pro
2383 2486 2553 2541 rebus
2606 2504 2639 2540 a
2693 2487 2837 2541 divae
2893 2485 3187 2540 memoriae
3241 2490 3403 2557 patre
3449 2501 3549 2539 suo
3607 2484 3869 2555 quolibet

2226 2581 2389 2637 titulo
2463 2579 2754 2651 exquisitis
2825 2580 3186 2635 decernimus
3257 2578 3492 2633 omnino
3557 2580 3864 2647 constare;

2224 2674 2411 2746 legem
2451 2673 2693 2744 denique
2747 2689 2923 2743 quam
2978 2689 3082 2744 pro
3142 2671 3486 2726 exsecranda
3535 2670 3864 2742 principum

2223 2767 2512 2823 horrenda
2572 2766 2877 2838 cupiditate
2935 2766 3087 2820 idem
3141 2764 3617 2819 clementissimus
3683 2763 3866 2818 edidit

2223 2862 2484 2933 princeps
2564 2859 2733 2914 simili
2814 2858 3017 2913 robore
3099 2858 3450 2927 ﬁrmamus,
3535 2859 3708 2928 atque
3801 2860 3865 2911 ut

2223 2954 2428 3009 futuris
2489 2957 2639 3008 retro
2703 2952 3055 3024 temporibus
3110 2951 3296 3006 modis
3347 2949 3610 3005 omnibus
3665 2950 3862 3005 obser-

2222 3051 2405 3117 vetur,
2448 3046 2577 3118 pari
2632 3045 2911 3101 sententia
2959 3045 3343 3111 decrevimus;
3391 3060 3519 3115 quae
3567 3042 3744 3098 etiam
3790 3061 3863 3097 ne

2220 3140 2501 3195 taciturna
2544 3143 2869 3210 temporum
2915 3138 3000 3192 vel
3049 3137 3321 3192 obliviosa
3361 3140 3640 3191 vetustate
3696 3137 3862 3192 dese-

2223 3237 2467 3303 rantur,
2550 3233 2683 3287 huic
2765 3237 2974 3287 nostrte
3050 3230 3439 3286 constitutioni
3503 3230 3865 3286 decrevimus

2221 3329 2461 3397 utraque
2489 3326 2851 3393 innectenda,
2882 3325 2959 3380 ita
2987 3330 3322 3380 cunctorum
3369 3323 3670 3378 memoriae
3701 3340 3860 3378 com-

2216 3415 2581 3483 mendamus,
2614 3421 2741 3469 uta
2785 3414 3001 3469 cunctis
3044 3415 3257 3485 regulis
3305 3411 3565 3485 superius
3616 3412 3857 3467 ordina-

2216 3508 2287 3563 tis
2316 3524 2682 3580 nequaquam
2711 3513 2977 3563 maneant
3010 3511 3331 3579 segregata.
3372 3506 3589 3561 Caetera
3619 3522 3856 3578 quoque

2215 3603 2573 3658 decretorum
2606 3607 2929 3656 nostrorum
2968 3601 3200 3672 judicia,
3230 3617 3357 3672 quae
3396 3600 3469 3655 ab
3516 3600 3620 3654 hac
3661 3604 3856 3654 sancta

2214 3697 2427 3768 synodo
2478 3701 2791 3751 noscuntur
2842 3712 2960 3750 esse
3017 3696 3295 3764 confecta,
3350 3694 3395 3748 si
3439 3692 3567 3765 quis
3621 3693 3852 3748 convel-

2213 3790 2333 3845 lere
2385 3790 2621 3844 forsitan
2665 3789 2996 3858 decreverit,
3042 3792 3141 3843 aut
3185 3795 3398 3843 temere
3446 3787 3691 3858 implere
3748 3804 3853 3841 ne-

2216 3882 2471 3955 glexerit,
2528 3884 2616 3937 vel
2672 3882 2984 3954 infringere
3035 3882 3375 3954 quandoque
3427 3880 3689 3949 voluerit,
3748 3897 3856 3953 per

2206 3976 2487 4048 judicium
2559 3976 2964 4047 omnipotentis
3031 3976 3129 4031 Dei
3207 3975 3515 4030 anathema
3572 3974 3665 4028 sit.
3738 3974 3854 4029 Soli

2215 4076 2412 4125 autem
2464 4071 2577 4125 Deo
2632 4073 2830 4124 nostro
2893 4067 3070 4142 gloria
3120 4070 3180 4123 in
3227 4069 3430 4124 saecula
3485 4068 3848 4123 szeculorum.

2212 4166 2416 4219 Amen.

2212 4307 2548 4377 Subscriptio
2625 4308 2995 4377 episcoporum
3071 4321 3291 4361 numero
3381 4320 3492 4360 ιιι.
3569 4306 3851 4361 Decretum

2317 4401 2638 4456 universalis
2656 4401 2874 4456 concilii
2891 4400 3096 4456 editum
3122 4402 3182 4454 in
3211 4401 3427 4455 nomine
3445 4399 3741 4469 principis.

2282 4534 2634 4590 Soliditatem
2703 4533 3013 4589 reddidisse
3075 4535 3340 4589 fracturae
3408 4535 3578 4604 atque
3646 4530 3847 4587 fecisse

481 4633 632 4705 regis
675 4633 1057 4703 aggregatum
1110 4632 1196 4683 est
1244 4634 1520 4700 tempore,
1548 4647 1580 4683 a
1610 4630 1775 4685 nobis
1813 4647 1876 4685 ac
1916 4634 2104 4701 poste-
2126 4645 2551 4717 Dconsurgere
2602 4628 2755 4699 quod
2809 4629 3097 4683 exstiterat
3158 4626 3414 4682 collisum
3445 4668 3458 4694 ,
3530 4629 3590 4679 et
3652 4625 3846 4680 incre-

480 4729 560 4782 ris
604 4724 937 4781 omnimoda
979 4724 1352 4794 suppleantur
1393 4723 1728 4778 intentione.
1776 4723 1881 4787 Qui
1914 4727 2106 4779 autem

481 4821 552 4875 ab
581 4819 839 4890 ejusdem
865 4816 1066 4888 synodi
1090 4816 1333 4870 voluerit
1362 4817 1640 4871 sententia
1689 4816 2010 4887 dissentire,
2048 4822 2110 4872 ut

480 4929 610 4969 vere
657 4911 1022 4981 sacrilegum,
1066 4908 1290 4964 noverit
1341 4925 1399 4963 se
1447 4909 1835 4965 condemnari.
1892 4911 2107 4965 Divinae

478 5005 768 5061 Trinitatis
827 5002 1202 5074 inseparabile
1262 5018 1475 5056 nomen
1531 5002 1673 5057 sicut
1729 5002 2105 5074 inspiratione

479 5097 729 5153 mirabili
775 5099 1033 5150 nostrum
1074 5101 1377 5150 tractatum
1403 5095 1716 5166 primordio
1742 5096 2101 5162 illuminavit,

478 5191 561 5246 ita
576 5189 1071 5246 consummatione
1090 5189 1315 5243 sublimi
1336 5190 1602 5244 eumdem
1613 5189 1735 5260 jam
1755 5189 2103 5261 perﬁciendo

478 5274 793 5354 concludat,
863 5287 925 5337 ut
981 5282 1041 5336 in
1086 5283 1190 5338 illo
1242 5283 1316 5337 sit
1363 5287 1624 5336 nostrum
1688 5283 2020 5354 explicuisse
2072 5300 2106 5338 a

476 5394 591 5452 quo
640 5377 803 5432 nobis
855 5375 963 5431 fuit
1019 5375 1336 5430 inchoasse.
1395 5376 1602 5429 Damus
1666 5392 1805 5447 ergo
1861 5376 2103 5446 gloriam

475 5478 533 5529 et
558 5471 835 5527 honorem
864 5469 1051 5525 eidem
1092 5471 1305 5523 sanctae
1354 5472 1411 5522 et
1458 5468 1782 5523 indivisibili
1824 5469 2097 5537 Trinitati,

472 5582 599 5641 quae
629 5563 793 5620 nobis
840 5568 897 5618 et
937 5563 1059 5617 haec
1100 5561 1286 5615 dicere
1332 5563 1588 5629 contulit,
1641 5569 1697 5617 et
1740 5562 1801 5616 in
1845 5579 1902 5616 se
1953 5562 2101 5617 dicta

471 5659 795 5731 complevit,
837 5673 963 5728 quae
1007 5654 1331 5709 reformavit
1371 5655 1428 5708 in
1467 5651 1828 5710 extremitate
1866 5656 2097 5710 saeculo-

471 5770 603 5809 rum
646 5750 904 5807 remedia
943 5750 1198 5815 aetatum,
1244 5754 1301 5804 et
1346 5749 1570 5804 resolvit
1598 5749 1875 5821 ligamina
1901 5748 2097 5806 vincu-

471 5845 682 5900 lorum.
735 5844 819 5900 Sit
861 5841 1171 5914 gratiarum
1218 5842 1361 5898 salus
1414 5847 1471 5897 et
1517 5842 1839 5898 benedictio
1890 5844 2099 5900 exerci-

471 5942 632 5997 tuum
652 5932 895 5992 Uomino
922 5935 1452 6008 superserenissimo
1482 5934 1919 6006 Reccesiuntho,
1945 5939 2102 6010 prin-
2120 5986 2138 6001 ,

2208 4727 2468 4777 mentum
2498 4726 2582 4776 est
2622 4722 2790 4792 hujus
2825 4722 3104 4777 mercedis
3148 4724 3207 4775 et
3245 4718 3538 4791 plenitudo
3581 4735 3849 4774 consum-

2208 4821 2375 4870 matae
2399 4815 2784 4887 perfectionis.
2802 4815 3048 4870 Ponderi
3074 4815 3288 4870 etenim
3312 4813 3635 4869 collidentis
3661 4813 3845 4868 ruina:

2207 4910 2253 4964 si
2292 4909 2600 4981 aequalium
2645 4909 3041 4980 proximorum
3085 4925 3222 4963 cura
3272 4906 3535 4962 convenit
3588 4906 3840 4975 obviare,

2206 5009 2416 5075 quanto
2478 5003 2799 5075 grandioris
2851 5003 2957 5057 erit
3008 5002 3188 5073 culpae
3242 4999 3552 5073 praelibatm
3601 4999 3845 5055 incuriae

2206 5097 2509 5153 discrimen
2549 5096 2862 5163 incurrere,
2910 5096 2955 5151 si
3001 5112 3117 5151 non
3166 5112 3280 5167 quo
3324 5094 3533 5162 valent,
3573 5109 3644 5148 ex
3685 5110 3840 5148 com-

2204 5192 2363 5246 muni
2392 5208 2562 5246 onere
2587 5191 2691 5246 sibi
2717 5190 3046 5245 commissos
3068 5193 3373 5260 procurent
3399 5186 3642 5259 populos
3663 5186 3840 5242 subli-

2202 5284 2391 5339 mare!
2440 5283 2871 5355 Properandum
2921 5299 3058 5353 ergo
3111 5287 3195 5336 est
3240 5281 3387 5336 inter
3428 5279 3624 5334 ruinas
3680 5279 3834 5334 colli-

2201 5376 2426 5432 sionum
2481 5380 2727 5432 catervas
2778 5376 2998 5448 eripere
3042 5373 3371 5430 collisorum
3407 5416 3422 5441 ,
3497 5376 3560 5426 ut
3609 5390 3675 5427 ex
3729 5372 3841 5427 hoc

2193 5471 2410 5543 jugiter
2434 5475 2492 5525 et
2520 5470 2663 5525 ultra
2704 5486 2809 5524 nec
2846 5470 3096 5541 vigorem
3143 5466 3387 5522 nocendi
3428 5465 3637 5521 habeat
3684 5483 3843 5520 exse-

2201 5566 2406 5621 cranda
2469 5580 2765 5636 pressura,
2831 5568 2887 5618 et
2947 5562 3130 5618 omnis
3195 5577 3550 5633 compressus
3613 5560 3842 5615 noverit

2201 5664 2409 5713 sanctae
2437 5656 2741 5712 sanctionis
2759 5673 2878 5711 esse
2907 5655 3013 5710 sibi
3041 5655 3245 5709 collata
3274 5653 3543 5709 remedia.

2267 5754 2406 5808 Cum
2458 5750 2711 5806 decursis
2778 5767 2914 5821 ergo
2959 5748 3308 5820 temporibus
3368 5747 3525 5803 durae
3593 5746 3832 5801 damna-

2197 5845 2368 5900 tionis
2411 5861 2533 5900 sese
2582 5847 2834 5916 potestas
2883 5843 3071 5915 gravis
3113 5842 3415 5908 attolleret,
3468 5845 3525 5895 et
3577 5839 3637 5894 in
3695 5840 3833 5896 sub-

2192 5937 2359 6010 jectis
2395 5937 2620 6012 populis
2661 5938 2972 6010 impiorum
3024 5936 3346 5992 dominatus
3390 5951 3504 5991 non
3554 5933 3835 5993 reforma-
