4032 6306
225 389 325 449 517

1453 380 1924 449 DECRETALIUM
1961 390 2348 448 COLLECTIO.

3481 396 3584 452 518

221 504 311 556 ret
330 501 468 572 jura
493 500 789 572 regiminis
833 501 935 556 sed
982 501 1199 557 excidia
1246 501 1497 572 ultionis,
1534 502 1855 574 aspeximus
1876 512 1935 588 Α
1953 504 2168 588 mus'et
2193 501 2491 571 deflemus,
2522 505 2588 556 ut
2614 517 2815 557 eorum
2841 500 3049 573 agnitis
3074 500 3256 557 ruinis
3278 519 3398 559 non
3428 504 3587 562 aliud

223 592 585 648 subditorum
649 587 858 649 statum
907 611 1024 650 non
1073 612 1144 649 ex
1191 594 1387 651 ordine
1434 597 1686 667 vegetari
1733 613 1852 651 rec-

222 687 385 754 toris,
438 687 540 741 sed
602 685 771 758 dejici
837 704 903 741 ex
973 688 1279 758 gravedine
1341 689 1650 760 potestatis.
1706 690 1853 744 Con-

220 784 527 835 traxerunt
552 780 709 834 enim
740 796 903 851 reges
940 781 1087 836 elata
1123 781 1351 852 fastigia
1390 782 1450 836 in
1477 782 1712 836 bifronti
1739 782 1853 835 dis-

219 872 368 927 sidio
419 873 668 941 motoris,
719 876 777 927 et
823 879 923 928 aut
967 873 1026 927 in
1073 874 1253 945 culpis
1294 875 1385 929 lex
1431 875 1611 929 ardua
1660 875 1854 929 saevie-

218 966 339 1034 bat,
372 969 473 1021 aut
498 966 558 1020 in
596 966 790 1037 spoliis
827 966 1083 1021 favorem
1116 967 1213 1046 lex
1247 968 1560 1022 voluntaria
1601 984 1853 1023 commo—

221 1057 417 1125 dabat,
479 1058 614 1113 inde
676 1062 902 1114 maestos
962 1059 1183 1115 animos
1260 1076 1373 1114 non
1439 1077 1566 1131 spes
1629 1061 1857 1115 fovebat

219 1168 294 1205 ex
357 1168 621 1221 munere,
684 1153 783 1207 sed
850 1153 1152 1207 tolerantia
1216 1153 1457 1208 vexabat
1510 1155 1569 1207 in
1633 1154 1851 1209 funere.

220 1245 387 1300 Unde
407 1245 528 1316 jam
566 1245 629 1299 in
668 1246 1045 1316 reparationis
1079 1263 1332 1317 occursu,
1364 1264 1478 1301 non
1518 1250 1711 1301 tamen
1750 1264 1855 1302 nos

219 1337 382 1393 abire
442 1340 561 1394 sola
611 1339 758 1393 ratio
813 1340 982 1410 cogit,
1027 1356 1223 1394 verum
1278 1344 1333 1395 et
1378 1340 1496 1412 ipsa
1544 1341 1854 1396 commotio

220 1448 418 1487 rerum
460 1432 719 1504 impellit,
754 1438 820 1488 ut
869 1450 935 1487 ex
974 1433 1231 1488 omnium
1281 1433 1685 1489 deliberatione
1728 1435 1852 1490 ani-

220 1542 457 1580 morum
511 1526 771 1581 concordi
814 1526 910 1580 illa
946 1532 1177 1581 maneat
1221 1527 1501 1581 sententia
1544 1527 1697 1595 dicti,
1726 1544 1854 1599 quas

222 1622 280 1674 et
336 1620 516 1674 ﬁnem
566 1620 795 1674 ausibus
847 1619 955 1674 rite
1005 1626 1183 1690 ponat
1236 1620 1461 1690 illicitis,
1523 1624 1580 1675 et
1627 1622 1851 1676 consul-

222 1716 348 1766 tum
380 1714 663 1767 salvandis
700 1713 831 1784 jure
877 1713 1026 1767 ferat
1071 1714 1318 1785 populis.
1347 1700 1655 1785 lQuosdam
1689 1731 1851 1769 nam-

222 1821 337 1876 que
392 1806 795 1877 conspeximus
848 1822 1030 1877 reges,
1077 1811 1373 1878 postquam
1420 1807 1633 1862 fuerint
1689 1807 1854 1879 regni

222 1898 473 1969 gloriam
532 1898 788 1966 assecuti,
851 1901 1168 1955 extenuatis
1230 1900 1442 1955 viribus
1512 1877 1929 1972 populorumB

219 1992 401 2063 regiae
443 1992 691 2063 propria:
737 2010 1047 2064 congerere
1102 1995 1347 2063 lucrum,
1381 1997 1458 2062 et,
1498 1994 1656 2049 obliti
1700 1995 1853 2066 quod

220 2100 387 2157 reges
419 2085 532 2140 sint
555 2086 756 2154 vocati,
788 2086 1183 2142 defensionem
1229 2086 1287 2141 in
1313 2087 1689 2143 vastationem
1716 2104 1851 2144 con-

220 2181 473 2248 vertunt,
522 2184 579 2233 et
626 2179 991 2235 vastationem
1044 2180 1372 2237 defensione
1428 2182 1640 2253 pellere
1686 2181 1849 2237 defu-

222 2271 410 2343 giunt,
476 2272 613 2328 illud
678 2272 901 2344 gravius
964 2273 1318 2331 innectentes
1382 2276 1533 2346 quod
1597 2292 1664 2330 ea
1723 2291 1853 2348 quas

219 2366 489 2421 videntur
515 2366 807 2438 acquirere
859 2383 976 2421 non
1016 2368 1182 2438 regni
1227 2369 1505 2440 deputant
1532 2368 1740 2424 honori
1763 2369 1853 2425 vel

218 2457 444 2529 glorise,
491 2459 585 2515 sed
634 2460 713 2514 ita
757 2460 977 2515 malunt
1027 2460 1086 2514 in
1132 2477 1234 2515 suo
1276 2462 1407 2532 jure
1451 2462 1744 2529 confundi,
1790 2467 1854 2518 ut

215 2552 397 2606 veluti
426 2570 493 2607 ex
532 2552 722 2607 debito
749 2553 1060 2608 decernant
1086 2554 1206 2608 haec
1234 2554 1292 2608 in
1319 2555 1629 2610 liberorum
1660 2560 1849 2627 poste-

215 2645 449 2700 ritatem
524 2647 851 2701 transmitti.
915 2648 1295 2712 Quamobrem
1359 2649 1420 2703 in
1487 2650 1851 2722 proprietatis

214 2737 314 2794 illa
337 2743 618 2795 conantur
655 2739 917 2811 redigere
947 2740 1097 2809 sinu,
1130 2758 1257 2813 quae
1304 2759 1407 2814 pro
1459 2743 1578 2798 solo
1630 2748 1854 2800 constat

214 2831 343 2888 illos
383 2832 613 2905 imperii
652 2834 975 2905 percepisse
1018 2835 1333 2906 fastigium,
1364 2841 1420 2891 et
1457 2837 1593 2891 illud
1621 2837 1679 2892 in
1704 2838 1852 2908 juris

215 2926 436 2998 proprii
487 2927 761 2981 collocant
800 2930 988 2997 antro,
1021 2929 1172 2999 quod
1217 2929 1413 3001 pppuli
1463 2930 1718 2985 utilitatis
1757 2948 1849 2987 ac-

215 3018 493 3092 quisitum
539 3036 659 3074 esse
709 3023 930 3075 constat
979 3018 1271 3095 obtentu]
1286 3023 1427 3077 Nam
1471 3024 1750 3095 numquid
1781 3025 1850 3079 ad

213 3111 361 3181 illos,
397 3118 498 3168 aut
538 3113 882 3186 populorum
927 3094 1354 3185 adventus,‘aut
1397 3132 1590 3171 rerum
1630 3094 1853 3189 poterat

214 3222 557 3262 concurrere
607 3223 834 3276 census,
881 3206 989 3261 nisi
1032 3207 1375 3263 exstitissent
1429 3210 1625 3280 gloriae
1674 3211 1844 3265 subli-

214 3298 354 3354 mati
414 3298 775 3367 culminibus,
823 3304 922 3355 aut
965 3300 1037 3355 ab
1085 3301 1394 3373 aequalibus
1441 3302 1521 3356 illi
1558 3304 1851 3374 potuerint

213 3413 411 3453 rerum
446 3397 864 3453 coacervatione
894 3398 1084 3467 ditari,
1113 3398 1221 3454 nisi
1265 3418 1372 3472 per
1401 3400 1685 3472 subjectos
1728 3402 1848 3472 glo-

214 3492 370 3547 rioso
401 3491 560 3563 apice
604 3492 921 3563 potuissent
966 3492 1190 3548 attolli?
1233 3493 1436 3548 Omnia
1480 3500 1650 3550 rectm
1676 3496 1851 3551 totius

216 3584 397 3657 plebis
425 3585 709 3639 memoria
737 3586 988 3656 subjecta
1005 3586 1073 3640 ad
1098 3586 1409 3658 principale
1430 3594 1600 3658 caput
1618 3589 1848 3660 revelat,

213 3683 498 3733 attentum
547 3678 750 3733 debitm
794 3679 1067 3750 jussionis
1122 3680 1322 3735 obtutu
1365 3681 1725 3752 negotiorum
1777 3683 1848 3738 ab

212 3771 309 3827 illo
373 3775 741 3845 prospectant
800 3773 1143 3841 remedium,
1210 3775 1300 3828 cui
1362 3775 1535 3830 modo
1601 3780 1845 3847 gratum,

214 3866 394 3921 modo
446 3865 700 3921 debitum
754 3865 1016 3937 irrogant
1069 3884 1321 3922 censum.
1378 3866 1568 3942 126
1626 3871 1849 3942 Regalis

212 3959 454 4030 proinde
484 3959 802 4013 orthodoxa
831 3960 1149 4014 sublimitas
1197 3961 1318 4015 hmo
1364 3967 1568 4016 cuncta
1612 3962 1718 4016 sibi
1748 3964 1845 4019 de-

212 4050 347 4107 bere
390 4052 688 4119 convincit,
734 4070 805 4107 ex
854 4070 965 4124 quo
1019 4071 1077 4107 se
1122 4071 1323 4125 regem
1373 4056 1747 4127 recognoscit,
1793 4060 1850 4111 et

214 4143 350 4200 inde
390 4144 703 4217 conquisita
746 4162 862 4201 non
905 4147 1066 4201 alteri
1097 4164 1270 4218 quam
1311 4148 1416 4202 sibi
1452 4149 1604 4219 juste
1650 4150 1844 4205 defen-

216 4237 319 4293 dit.
372 4238 530 4293 Unde
580 4256 695 4294 non
743 4256 1019 4317 personm,
1059 4240 1155 4295 sed
1203 4241 1467 4311 potentia:
1514 4243 1679 4297 subdi
1727 4244 1847 4298 haec

216 4330 429 4386 debere
462 4349 580 4387 non
622 4332 882 4404 ambigit.
934 4333 1147 4404 Regem
1192 4339 1405 4389 aeterna
1442 4335 1571 4405 jura
1611 4336 1843 4405 faciunt,

212 4440 333 4480 non
360 4441 619 4496 persona,
651 4427 782 4497 quia
812 4443 925 4481 non
953 4429 1174 4481 constat
1198 4427 1284 4481 sui
1314 4428 1727 4496 mediocritate,
1748 4431 1846 4485 sed

214 4518 579 4573 sublimitatis
608 4520 846 4574 honore.
890 4521 1025 4585 Quae
1055 4537 1192 4591 ergo
1224 4521 1426 4575 honori
1460 4522 1703 4577 debeant
1743 4524 1842 4577 ho-

1956 566 2240 666 possimus
2266 611 2442 665 quam
2471 594 2678 650 divinas
2701 595 2921 666 judicia
2959 595 3315 651 considerare
3340 597 3584 668 promis-

1955 688 2150 758 sionis,
2190 704 2438 760 quorum
2499 688 2806 743 domorum
2861 689 3042 761 spolia
3090 694 3147 745 et
3193 690 3587 762 potentiarum

1957 781 2182 836 divitias
2219 781 2389 836 simul
2438 798 2502 836 ac
2545 782 2759 853 praedia
2803 782 2881 837 ita
2927 783 3308 855 conspicimus
3350 801 3587 856 prorsus

1958 874 2267 944 exinanita,
2299 877 2362 928 ut
2386 891 2492 929 nec
2516 875 2635 929 ﬁsci
2664 875 2855 930 usibus
2882 877 3200 943 commoda,
3232 894 3337 933 nec
3380 878 3584 950 palati-

1957 967 2045 1021 nis
2070 968 2268 1022 ofﬁciis
2292 968 2647 1039 reperiantur
2664 968 2723 1023 in
2743 970 3061 1025 remedium
3093 972 3340 1026 salutare
3359 972 3581 1027 collata.

1956 1060 2129 1131 Cujus
2152 1060 2236 1114 rei
2265 1060 2412 1115 serie
2446 1077 2512 1114 ex
2540 1064 2786 1132 utroque
2812 1066 3208 1134 concurrente,
3245 1063 3382 1119 dum
3409 1067 3469 1119 et
3487 1064 3582 1135 ju-

1957 1152 2169 1208 dicatos
2194 1153 2475 1208 sententia
2485 1152 2837 1224 judiciorum
2865 1154 3029 1223 elisit,
3044 1156 3101 1210 in
3115 1173 3313 1212 eorum
3329 1157 3497 1212 bonis
3513 1157 3588 1213 ad

1956 1246 2212 1318 ipsorum
2237 1246 2417 1302 vicem
2445 1246 2808 1302 muniﬁcatus
2830 1264 3000 1303 nemo
3023 1250 3284 1318 surrexit,
3302 1266 3450 1322 pene
3469 1267 3587 1306 non

1956 1340 2204 1395 tenuisse
2223 1340 2585 1412 disciplinam
2602 1340 2661 1394 in
2678 1341 2898 1409 ordine,
2916 1342 3010 1397 sed
3029 1343 3312 1398 defectum
3332 1344 3587 1415 posuisse

1954 1438 2269 1505 pensantur
2294 1433 2354 1487 in
2384 1437 2576 1504 gente,
2600 1434 2695 1488 illo
2723 1435 2932 1505 majori
2954 1435 3149 1491 salutis
3177 1436 3474 1508 dispendio
3495 1453 3589 1493 cu-

1956 1528 2190 1594 mulato,
2213 1527 2345 1597 quia
2368 1529 2482 1581 tam
2500 1528 2621 1582 btec
2641 1544 2767 1600 quae
2782 1528 3051 1598 ajudiciis
3066 1529 3226 1600 vigor
3233 1530 3586 1600 judiciorum

1953 1620 2304 1675 abstraxerat
2327 1637 2499 1692 quam
2534 1620 2629 1675 illa
2667 1638 2793 1692 qua:
2835 1623 3244 1695 qualiscunque
3280 1630 3590 1694 proventus

1953 1713 2153 1768 ordine
2203 1713 2621 1784 proﬂigationis
2664 1715 3030 1786 contriverat,
3066 1719 3182 1771 tota
3224 1716 3589 1789 proprietatis

1955 1805 2279 1877 principum
2312 1806 2633 1877 amplitudo
2665 1807 2723 1861 in
2755 1807 2943 1862 sinum
2976 1826 3091 1863 suae
3128 1808 3467 1880 receptionis
3496 1810 3586 1866 in-

1954 1899 2218 1954 cluserat.
2271 1900 2475 1971 Sicque
2532 1902 2647 1955 solo
2702 1901 3005 1972 principali
3044 1906 3241 1957 ventre
3300 1904 3585 1976 suppleto,

1953 1997 2157 2047 cuncta
2181 1994 2355 2048 totius
2380 1994 2640 2049 membra
2670 1995 2859 2064 gentis
2882 2000 3114 2050 vacuata
3154 1996 3590 2067 languescerent

1954 2103 2019 2141 ex
2048 2086 2332 2142 defuncto.
2360 2087 2521 2142 Unde
2551 2087 2709 2141 venit
2752 2090 2818 2142 ut
2852 2104 2958 2143 nec
2997 2088 3311 2144 subsidium
3359 2090 3583 2147 medio-

1953 2196 2093 2247 cres,
2113 2197 2216 2235 nec
2243 2180 2584 2251 dignitatem
2600 2181 2855 2236 valerent
2874 2181 3131 2237 obtinere
3159 2182 3430 2253 majores,
3451 2182 3588 2255 quia

1953 2273 2088 2327 dum
2114 2272 2283 2327 solius
2305 2274 2597 2344 potestatis
2616 2274 2778 2345 vigor
2802 2274 3056 2329 maxima
3076 2275 3389 2346 occupavit,
3414 2276 3588 2331 totius

1951 2366 2131 2438 plebis
2159 2368 2336 2421 status
2365 2383 2473 2421 nec
2496 2366 2738 2421 minima
2772 2368 2908 2438 jura
2949 2367 3223 2435 defendit,
3252 2372 3423 2440 atque
3454 2385 3585 2425 cum

1954 2460 2108 2515 omni
2133 2459 2384 2530 palatino
2408 2460 2594 2515 ofﬁcio
2621 2461 2907 2532 simulque
2934 2478 3063 2515 cum
3086 2462 3376 2532 majorum
3401 2462 3587 2518 mino-

1951 2569 2195 2624 rumque
2223 2558 2524 2621 conventu,
2553 2570 2660 2608 nos
2702 2570 2919 2622 omnes,
2940 2559 3055 2608 tam
3091 2554 3384 2625 pontifices
3411 2571 3584 2627 quam

1952 2646 2125 2702 etiam
2155 2646 2472 2701 sacerdotes
2501 2650 2558 2702 et
2588 2647 2835 2702 universi
2863 2648 3037 2702 sacris
3060 2648 3356 2703 ordinibus
3394 2648 3580 2704 famu-

1951 2740 2146 2807 lantes,
2166 2740 2433 2795 concordi
2465 2740 2794 2796 deﬁnitione
2824 2741 3188 2796 decernimus
3216 2747 3273 2797 et
3299 2745 3582 2814 optamus,

1950 2839 2014 2889 ut
2040 2834 2225 2888 omnis
2246 2833 2675 2905 conquisitionis
2693 2834 3015 2907 proﬂigatio
3034 2834 3091 2890 in
3113 2835 3372 2890 omnium
3390 2852 3584 2892 rerum

1948 2927 2257 2981 viventium
2283 2927 2796 2999 immobiliumque,
2821 2933 2878 2984 et
2901 2928 3115 2983 moveri
3136 2929 3447 2985 valentiiun
3466 2946 3586 3009 cor-

1949 3038 2089 3092 pore
2118 3022 2200 3076 vel
2233 3021 2440 3091 specie,
2468 3021 2654 3076 forma
2679 3022 2766 3076 vel
2810 3037 3044 3093 genere,
3075 3037 3202 3094 quae
3242 3039 3275 3078 a
3320 3024 3584 3096 gloriosae

1950 3114 2249 3169 memoriae
2292 3115 2698 3169 Cindasiuntho
2728 3131 2864 3186 rege
2908 3132 2941 3169 a
2982 3116 3072 3172 die
3113 3133 3227 3189 quo
3252 3116 3310 3171 in
3336 3120 3581 3190 regnum

1951 3208 2302 3279 dignoscitur
2316 3209 2712 3264 conscendisse
2726 3212 3006 3281 repertus,
3023 3211 3278 3281 quolibet
3297 3212 3472 3268 modo
3494 3228 3587 3269 ex-

1952 3301 2175 3370 stiterit,
2216 3301 2408 3356 omnia
2448 3301 2507 3355 in
2549 3301 2893 3356 serenissimi
2940 3307 3111 3373 atque
3156 3303 3583 3361 clementissimi

1953 3395 2168 3449 domini
2214 3396 2394 3450 nostri
2424 3394 2819 3449 Reccesiunthi
2849 3395 3123 3468 principis
3149 3398 3392 3469 perenni
3425 3378 3611 3489 tran-I

1951 3493 2112 3543 seant
2136 3491 2416 3559 potestate
2438 3493 2496 3543 et
2518 3492 2801 3561 perpetuo
2832 3487 3184 3560 deputentur
3209 3491 3264 3545 in
3280 3492 3433 3562 jure,
3464 3508 3583 3548 non

1952 3577 2213 3631 habenda
2250 3577 2527 3648 parentali
2564 3594 2825 3633 successu
2863 3579 2962 3633 sed
3014 3579 3358 3649 possidenda
3404 3581 3585 3652 regali

1951 3671 2354 3742 congressione
2377 3687 2390 3726 :
2413 3670 2495 3725 ita
2524 3675 2587 3725 ut
2606 3671 2759 3741 juste
2785 3671 2889 3726 sibi
2918 3671 3115 3727 debita
3141 3672 3382 3745 quisque
3407 3674 3586 3746 perci-

1949 3765 2086 3836 piat,
2119 3767 2176 3818 et
2205 3764 2276 3818 de
2308 3765 2476 3819 rebus
2501 3765 2572 3819 ad
2598 3765 2853 3821 remedia
2891 3765 3278 3837 subjectorum
3308 3784 3580 3839 quascun-

1950 3875 2061 3930 que
2091 3858 2326 3930 elegerit
2338 3858 2611 3930 principis
2627 3860 2888 3913 voluntas
2909 3863 3184 3929 exerceat,
3208 3860 3318 3916 illis
3334 3865 3583 3919 tantum-

1948 3954 2118 4008 modo
2146 3952 2397 4024 exceptis
2425 3968 2554 4024 qua':
2587 3958 2936 4008 memoratus
2965 3953 3111 4009 divae
3140 3955 3440 4011 memoriae
3460 3956 3588 4013 Cin-

1949 4047 2287 4102 dasiunthus
2304 4047 2569 4118 princeps
2585 4052 2716 4102 ante
2738 4063 2982 4119 regnum
3001 4054 3099 4104 aut
3118 4065 3182 4103 ex
3204 4049 3469 4121 propriis,
3486 4054 3587 4106 aut

1949 4157 2019 4195 ex
2044 4140 2353 4211 justissime
2377 4140 2706 4211 conquisitis
2719 4140 2869 4195 visus
2889 4146 2975 4196 est
2994 4142 3277 4197 habuisse.
3298 4145 3356 4197 In
3375 4144 3583 4215 quibus

1948 4235 2163 4289 cunctis
2190 4233 2319 4287 filiis
2346 4250 2463 4288 una
2492 4250 2620 4287 cum
2665 4234 2909 4304 glorioso
2949 4235 3181 4291 domino
3214 4242 3405 4291 nostro
3436 4238 3579 4294 Rec-

1947 4328 2243 4383 cesiuntho
2274 4342 2410 4397 rege
2451 4329 2685 4380 maneat
2724 4326 2922 4381 divisio
2966 4328 3164 4397 libera,
3198 4333 3255 4384 et
3301 4331 3580 4400 possessio

1946 4437 2081 4493 pace
2104 4419 2453 4491 plenissima.
2470 4420 2583 4475 Sed
2598 4420 2709 4474 illae
2725 4437 2819 4474 res
2838 4437 2978 4492 quas
2998 4423 3302 4494 praedictus
3316 4423 3580 4495 princeps

1947 4515 2015 4569 de
2036 4514 2206 4585 justis
2224 4513 2593 4585 proventibus
2613 4513 2743 4567 filiis
2762 4514 2898 4582 suis,
2921 4516 3006 4569 vel
3034 4516 3379 4586 quibuslibet
3390 4517 3581 4587 justis-

214 4610 338 4665 nori
373 4610 712 4679 deserviant,
737 4616 793 4667 et
822 4630 948 4684 quae
980 4630 1143 4685 reges
1174 4615 1534 4669 accumulant
1560 4633 1741 4687 regno
1763 4620 1922 4693 re-D
1945 4610 2086 4664 sime
2127 4607 2277 4661 visus
2320 4613 2403 4661 est
2450 4606 2756 4662 contulisse
2802 4608 2888 4662 vel
2932 4609 3224 4680 reliquisse
3269 4626 3471 4665 omnes
3516 4611 3577 4665 in

208 4703 494 4775 linquant,
528 4710 591 4759 ut
618 4706 749 4776 quia
770 4723 866 4761 eos
897 4706 1056 4779 regni
1087 4707 1269 4779 gloria
1294 4708 1541 4776 decorat,
1564 4709 1671 4779 ipsi
1700 4726 1843 4781 quo-

212 4813 323 4868 que
362 4799 528 4869 regni
574 4799 813 4871 gloriam
862 4818 976 4855 non
1032 4789 1364 4868 exte'nuent,
1398 4802 1496 4857 sed
1543 4808 1840 4858 exornent.

212 4890 470 4946 Habeant
494 4892 758 4965 deinceps
780 4895 909 4966 jure
935 4896 1148 4949 conditi
1188 4912 1352 4967 reges
1383 4895 1442 4950 in
1472 4896 1726 4968 regendo
1745 4897 1841 4968 ju-

212 4984 355 5040 dicia
374 4985 553 5056 justa,
586 4986 645 5041 in
676 4989 961 5058 parcendo
986 4993 1216 5060 pectora
1236 4993 1515 5061 prompta,
1539 4990 1598 5044 in
1619 4991 1845 5062 conqui-

210 5078 392 5133 rendo
417 5080 601 5134 studia
624 5096 816 5151 parca,
851 5082 909 5136 in
939 5083 1329 5138 conservando
1355 5089 1486 5139 vota
1515 5084 1752 5153 sincera,
1778 5087 1845 5139 ut

211 5178 370 5228 tanto
393 5173 634 5244 gloriam
658 5176 823 5249 regni
850 5193 981 5231 cum
1008 5177 1277 5233 felicitate
1308 5181 1610 5248 retentent,
1629 5185 1843 5250 quanto

205 5266 340 5337 jura
380 5268 678 5338 regimiuis
714 5272 771 5324 et
813 5271 1262 5326 mansuetudinis
1305 5273 1757 5335 conservaverint
1787 5276 1845 5328 et

212 5362 487 5432 aequitate
507 5362 821 5417 direxerint
849 5364 1141 5435 promissae
1163 5366 1464 5437 praemium
1492 5366 1743 5422 ditionis.
1765 5368 1843 5422 Ne

209 5470 327 5509 non
374 5454 630 5527 prodisse
677 5460 905 5528 putetur
949 5475 1020 5513 ex
1062 5459 1256 5515 fomite
1300 5459 1558 5530 rationis,
1598 5462 1843 5516 revelare

209 5549 474 5604 convenit
519 5550 935 5607 evidentissima
974 5553 1157 5623 specie
1201 5554 1403 5625 operis,
1434 5558 1497 5609 ut
1525 5572 1591 5609 ex
1618 5555 1711 5609 illo
1739 5572 1844 5610 nos

208 5642 448 5699 idoneos
477 5649 784 5700 assertores
814 5646 1021 5702 habent
1050 5647 1297 5718 probitas
1327 5649 1596 5717 veritatis,
1633 5667 1702 5704 ex
1728 5666 1842 5722 quo

209 5754 439 5810 semper
483 5739 839 5811 semetipsam
882 5743 1253 5797 reservaverit
1302 5744 1547 5814 qualitas
1589 5744 1840 5799 actionis.

212 5831 351 5887 Ecce
379 5832 538 5887 enim
563 5832 643 5887 ita
667 5849 731 5888 ex
760 5834 942 5907 gentis
972 5840 1179 5893 nostra;
1207 5837 1590 5893 mediocribus
1610 5838 1843 5910 majori-

213 5924 437 6002 busque
474 5927 733 6003 personis
771 5929 976 5986 multos
1006 5930 1282 5988 hactenus
1326 5931 1598 5987 corruisse
1628 5932 1841 6005 reperi-

1945 4719 2143 4758 eorum
2167 4702 2296 4772 jure
2327 4705 2600 4755 maneant
2624 4700 2988 4771 inconvulsaa,
3026 4702 3124 4756 illa
3156 4702 3328 4773 hujus
3363 4704 3578 4775 negotii

1943 4801 2161 4852 servata
2182 4794 2438 4864 veritate,
2456 4797 2523 4849 ut
2541 4795 2675 4866 quia
2697 4800 2859 4866 grata
2878 4795 3142 4850 voluntas
3159 4796 3379 4851 domini
3398 4797 3577 4852 nostri

1943 4888 2340 4946 Reccesiunthi
2363 4889 2516 4960 regis
2536 4888 2777 4944 reddere
2798 4889 3051 4945 decernit
3066 4889 3370 4963 unicuique
3385 4891 3578 4963 justis-

1942 4984 2086 5040 sime
2121 4983 2332 5053 debita,
2363 4999 2533 5038 nemo
2584 4982 2895 5037 invasionis
2940 4983 3287 5039 calumniam
3329 4990 3574 5057 moveat,

1943 5083 2040 5133 aut
2068 5079 2280 5134 damna
2314 5077 2570 5149 requirat
2598 5081 2806 5147 praeter
2836 5093 2964 5148 quas
2995 5077 3252 5149 gloriosae
3281 5080 3577 5136 memorias

1944 5173 2266 5245 genitorem
2299 5172 2421 5243 ejus
2467 5171 2724 5242 quaedam
2774 5170 3027 5226 indebite
3065 5171 3332 5228 habuisse
3365 5174 3574 5231 consti-

1943 5269 2112 5322 terat.

1942 5386 2054 5440 Lem
2078 5384 2225 5439 edita
2265 5385 2324 5437 in
2368 5382 2547 5438 eodem
2579 5383 2823 5467 concilio,
2857 5382 3156 5454 imperante
3193 5388 3443 5459 principe
3466 5388 3576 5458 glo-

2672 5470 2835 5509 ηοεο.

2017 5551 2076 5603 In
2124 5546 2357 5605 nomine
2409 5546 2652 5615 Domini,
2694 5548 2913 5604 Flavius
2956 5550 3403 5607 Reccesiunthus
3450 5566 3571 5622 rex,

1943 5644 2270 5700 eminentiae
2298 5642 2573 5698 celsitudo
2590 5644 2836 5698 terrenas
2854 5645 2990 5698 tunc
3017 5644 3292 5699 salubrius
3311 5644 3577 5700 sublimia

1942 5739 2220 5812 probatur
2246 5740 2538 5810 appetere,
2566 5753 2694 5791 cum
2724 5737 2890 5792 saluti
2918 5738 3309 5809 proximorum
3335 5736 3430 5809 pia
3459 5754 3579 5794 cer-

1943 5832 2101 5890 nitur
2130 5831 2528 5905 compassione
2552 5832 2836 5904 prodesse,
2866 5831 3017 5886 unde
3063 5830 3207 5885 solet
3241 5831 3578 5904 contingere

1943 5931 2010 5985 ut
2037 5929 2165 6005 plus
2189 5926 2481 5986 commodi
2523 5925 2594 5982 de
2640 5925 2824 5982 aliena
2852 5924 3029 5981 salute
3059 5922 3381 5998 conquirat,
3406 5941 3579 6002 quam
