4032 6296
480 378 580 430 519

1376 373 1656 431 APPEND.
1697 373 1785 429 AD
1819 372 1980 429 SJEC.
2018 372 2105 429 ῐΧ.
2137 402 2206 416 —-
2241 373 2480 432 ISIDORI
2513 373 2936 431 MERCATOBJS

3733 375 3835 430 520

480 482 553 537 de
578 481 811 554 propria
835 481 1158 537 humilitate
1202 480 1440 554 quisque
1490 481 1769 552 proﬁciat.
1800 481 1861 535 In
1904 482 2104 537 multis
2125 494 2184 567 Α
2204 482 2410 538 Similis
2452 499 2679 555 quoque
2723 482 3008 538 sententia
3037 483 3106 537 de
3136 482 3320 551 terris,
3351 480 3531 536 vineis
3553 484 3725 553 atque
3751 481 3833 536 fa-

478 575 634 631 enim
659 576 792 647 quia
815 577 1126 631 multorum
1153 576 1302 630 salus
1328 574 1665 641 attenditur,
1695 574 1926 645 majoris
1963 576 2105 630 lucri

476 685 702 724 summa
726 670 1037 740 perﬁcitur.
1058 669 1169 740 Ipsi
1189 672 1401 735 autem,
1418 668 1549 739 quia
1580 668 1782 738 privati
1812 669 2103 723 commodi

474 761 691 816 fructus
709 762 1013 832 appetitur,
1034 778 1149 849 non
1173 760 1304 815 satis
1325 766 1409 815 est
1426 760 1473 814 si
1492 760 1659 815 unius
1682 761 1943 815 beneficii
1960 778 2104 832 pras-

473 855 657 909 mium
678 852 1219 939 conquiratur.\Hinc
1239 857 1297 908 et
1324 854 1421 907 illa
1452 853 1838 924 regendarum
1858 857 2103 909 tantum-

470 947 603 1002 dem
636 949 786 1002 salus
830 951 913 1002 est
954 942 1227 1017 plebium,
1260 964 1388 1018 quae
1417 963 1531 1000 non
1558 963 1687 1001 suos
1713 948 1856 1001 ﬁnes
1881 947 2102 1017 privata

469 1040 760 1095 voluntate
802 1040 1112 1108 concludit,
1148 1040 1248 1094 sed
1294 1056 1420 1111 quas
1464 1040 1846 1094 universitatis
1890 1040 2099 1096 limites

471 1133 760 1188 communi
815 1133 1042 1204 pietatis
1095 1134 1223 1204 lege
1279 1132 1552 1187 defendit.
1614 1133 1974 1203 Quapropter
2027 1150 2099 1188 ne

466 1226 731 1281 salutaris
775 1226 914 1281 ordo
958 1226 1348 1297 imperialibus
1387 1226 1645 1280 videatur
1681 1226 1867 1280 verbis
1909 1227 2099 1297 potius

465 1320 709 1375 obtineri
734 1336 908 1391 quam
938 1319 1134 1389 pactis,
1166 1319 1236 1373 de
1266 1319 1628 1373 sublimitatis
1661 1320 1893 1373 obtentu
1920 1319 2094 1374 decli-

462 1429 671 1468 namus
696 1413 768 1467 ad
798 1418 929 1468 vota
968 1412 1291 1483 supplicum
1318 1412 1640 1484 tranquilla:
1676 1413 1901 1466 visionis
1935 1428 2094 1483 aspe-

462 1511 639 1574 ctum,
670 1511 735 1560 ut
777 1506 909 1561 inde
951 1506 1210 1560 salutaris
1253 1506 1571 1577 compassio
1606 1506 1809 1560 habeat
1844 1522 2093 1560 commo-

464 1599 624 1667 dum,
666 1599 820 1654 unde
870 1599 1066 1669 plebes
1124 1599 1347 1669 adeptae.
1400 1599 1616 1652 fuerint
1668 1598 2095 1669 supplicationis

464 1692 750 1747 effectum.
780 1694 922 1749 Cum
951 1709 1087 1763 ergo
1114 1692 1564 1761 praecedentium
1601 1691 1744 1745 serie
1772 1697 2094 1763 temporum

463 1784 907 1839 immoderatior
942 1784 1176 1838 aviditas
1223 1784 1550 1855 principum
1608 1801 1727 1838 sese
1766 1801 1943 1855 prona
1983 1784 2089 1840 dif-

2204 577 2375 630 mulis
2408 577 2759 643 observetur,
2794 577 2840 630 si
2885 578 3004 630 sine
3052 575 3347 647 scripturas
3380 579 3531 631 textu
3577 578 3832 629 tantum-

2202 670 2377 723 modo
2401 686 2592 724 coram
2613 670 2847 723 testibus
2870 669 3126 739 quolibet
3155 671 3319 740 pacto
3349 668 3523 723 fuerit
3552 667 3832 722 deﬁnitio.

2202 764 2280 816 De
2298 763 2467 816 rebus
2493 766 2686 816 autem
2709 762 2971 817 omnibus
2992 779 3025 816 a
3053 765 3310 832 tempore
3337 761 3662 816 Simitillani
3684 760 3838 832 regis

2201 854 2312 909 huc
2338 872 2513 927 usque
2543 872 2576 909 a
2618 855 2966 925 principibus
3006 853 3315 926 acquisitis,
3347 859 3445 908 aut
3484 854 3752 924 deinceps
3790 853 3836 907 si

2199 948 2525 1019 provenerit
2546 948 2924 1018 acquirendis,
2940 964 3294 1019 quaecunque
3309 946 3548 1002 forsitan
3565 947 3836 1018 princeps

2198 1041 2525 1096 inordinata
2543 1040 2658 1095 sive
2676 1040 3052 1111 reliquit,sive
3068 1040 3381 1111 reliquerit,
3401 1056 3529 1111 quas
3546 1056 3651 1110 pro
3667 1039 3845 1110 regni

2198 1134 2355 1203 apice
2402 1134 2717 1204 probantur
2767 1133 3040 1204 acquisita
3088 1133 3282 1200 fuisse,
3323 1133 3394 1186 ad
3442 1148 3831 1187 successorem

2197 1227 2596 1281 tantummodo
2626 1227 2791 1297 regni
2818 1225 3179 1280 decernimus
3205 1225 3508 1296 pertinere,
3536 1225 3613 1280 ita
3638 1225 3835 1280 habita

2196 1323 2492 1390 potestate,
2511 1322 2575 1373 ut
2594 1319 2869 1391 quidquid
2891 1336 2960 1373 ex
2986 1319 3074 1373 his
3098 1318 3333 1388 elegerit
3355 1319 3561 1385 facere,
3580 1318 3832 1372 liberum

2195 1411 2404 1466 habeat
2434 1412 2599 1466 velle.
2636 1414 2698 1467 In
2729 1412 2837 1466 illis
2882 1417 3073 1466 autem
3105 1412 3277 1466 rebus
3302 1427 3431 1482 quae
3460 1410 3598 1483 ipsis
3629 1416 3730 1465 aut
3763 1411 3834 1465 de

2194 1504 2361 1558 bonis
2388 1511 2711 1575 parentum,
2734 1509 2832 1559 aut
2861 1504 2931 1557 de
2961 1521 3435 1575 quorumcunque
3461 1504 3836 1576 provenerint

2195 1597 2643 1652 successionibus
2673 1598 3087 1668 proximorum,
3104 1597 3183 1652 ita
3211 1597 3393 1652 eidem
3418 1597 3664 1668 principi
3685 1596 3831 1667 ejus.

2194 1706 2303 1760 que
2322 1690 2384 1759 (si
2403 1691 2501 1744 ﬁlii
2527 1690 2827 1761 defuerint)
2847 1690 3171 1745 haeredibus
3190 1690 3460 1761 legitimis
3478 1689 3831 1745 haereditatis

2188 1782 2322 1854 jura
2354 1784 2646 1853 patebunt,
2676 1783 2821 1837 sicut
2850 1783 3020 1838 etiam
3050 1783 3266 1837 caeteris
3305 1784 3431 1853 lege
3458 1784 3545 1836 vel
3591 1799 3828 1837 conces-

459 1878 730 1933 funderet
746 1878 808 1932 in
829 1878 1021 1949 spoliis
1040 1878 1381 1948 p0pulorum
1406 1884 1461 1932 et
1486 1884 1725 1947 augeret
1741 1878 1821 1931 eis
1842 1878 2092 1949 proprie—
2110 1871 2167 1942 B
2191 1875 2352 1930 sione
2374 1882 2608 1946 paterna
2629 1876 2880 1946 patuisse
2908 1881 3235 1930 noscuntur.
3262 1875 3424 1939 Quod
3451 1876 3497 1929 si
3515 1874 3733 1947 aliquid
3755 1875 3828 1929 de

461 1971 595 2026 tatis
617 1986 853 2025 censum
886 1986 1145 2024 aerumna
1170 1970 1377 2024 flebilis
1418 1970 1827 2040 subjectorum,
1860 1970 2089 2024 tandem

461 2080 723 2134 supernae
750 2063 1119 2134 respectionis
1149 2063 1353 2117 affectu
1393 2063 1552 2117 nobis
1593 2068 1673 2117 est
1700 2063 1964 2117 divinitus
2002 2063 2086 2117 in-

458 2157 757 2228 spiratum,
801 2163 862 2211 ut
908 2157 1040 2226 quia
1097 2156 1361 2227 subjectis
1422 2156 1653 2226 regibus
1709 2158 2085 2211 reverentiam

460 2249 819 2317 dederamus,
853 2250 1176 2320 principum
1206 2266 1433 2320 quoque
1463 2249 1779 2304 excessibus
1802 2250 2084 2305 retinacu-

457 2343 579 2398 lum
607 2343 998 2414 temperantiae
1022 2359 1391 2413 poneremus.
1423 2343 1663 2397 Proinde
1688 2343 1907 2397 sincera
1932 2360 2087 2398 man-

456 2436 771 2491 suetudinis
817 2436 1226 2491 deliberatione
1269 2441 1385 2490 tam
1430 2436 1613 2502 nobis,
1654 2453 1827 2507 quam
1871 2438 2085 2492 cunctis

456 2529 654 2600 gloria:
674 2533 885 2583 nostra:
900 2529 1316 2584 successoribus
1331 2529 1505 2583 aﬂ'utu
1515 2529 1609 2597 ris,
1630 2531 1747 2583 Deo
1769 2530 2082 2599 mediante,

453 2622 642 2693 legem
675 2622 958 2693 ponimus,
983 2623 1271 2677 decretum
1303 2622 1499 2677 divalis
1543 2622 1914 2677 observantiae
1944 2640 2082 2693 pro-

454 2716 797 2787 mulgamus,
816 2720 878 2771 ut
893 2717 1081 2770 nullus
1112 2732 1315 2787 regum
1340 2715 1700 2786 impulsionis
1723 2732 1837 2770 suae
1857 2717 2084 2786 quibus~

453 2824 678 2880 cunque
703 2809 953 2863 motibus
979 2812 1078 2863 aut
1100 2808 1380 2877 factionis,
1414 2809 1716 2879 scripturas
1736 2810 1819 2880 ,de
1849 2809 2079 2879 quibus-

462 2860 673 2880 ,νή-τη
984 2860 1072 2863 ___,
1858 2860 1977 2879 τῇ
1996 2860 2048 2863 __

450 2902 593 2956 libet
618 2902 787 2956 rebus
814 2902 976 2956 alteri
1012 2902 1218 2956 debitis
1261 2902 1342 2955 ita
1380 2860 1852 3024 extorqueat,\vel
1888 2907 2079 2957 extor-

453 2994 709 3024 ηηηπληα
777 2994 1032 3024 {nosH-“ml
1111 2998 1387 3024 η-ςιιιηηιυη
1443 2995 1648 3024 ζειτζ-πάι.
1697 3012 1757 3024 nn
1805 2995 2079 3024 ’,ξηιλ-κιλ-

451 2994 713 3067 quendas
776 2994 1054 3063 instituat,
1110 2998 1390 3065 quatenus
1443 2995 1649 3065 injuste
1695 2994 1771 3050 ac‘
1805 2995 2082 3051 violenter

448 3086 837 3142 indebitarum
866 3086 974 3141 sibi
997 3087 1238 3159 quisque
1274 3088 1516 3158 probare
1546 3088 1722 3159 possit
1762 3087 2081 3143 dominium

450 3196 667 3236 rerum.
695 3180 857 3244 Quod
889 3180 934 3234 si
967 3180 1202 3251 alicujus
1233 3181 1550 3251 gratissima
1588 3182 1878 3236 voluntate
1921 3182 2082 3253 quid-

2191 1969 2358 2023 rebus
2373 1986 2850 2040 quorumcunque
2870 1975 3171 2041 parentum
3186 1974 3283 2023 aut
3293 1969 3693 2040 proximorum
3709 1986 3824 2023 non

2190 2062 2378 2117 solum
2429 2062 2794 2130 successione,
2836 2063 2933 2117 sed
2975 2063 3147 2117 etiam
3189 2062 3440 2133 qualibet
3490 2062 3821 2129 collatione,

2189 2161 2289 2210 aut
2325 2173 2664 2227 quocunque
2702 2160 2993 2211 contractu
3024 2156 3098 2210 ad
3139 2156 3234 2227 jus
3281 2156 3455 2227 ipsius
3497 2156 3824 2225 pervenisse

2186 2250 2455 2320 patuerit,
2489 2249 2535 2302 si
2565 2250 2863 2319 contingat
2892 2249 3015 2303 haec
3052 2249 3377 2303 inordinata
3406 2248 3672 2320 relinqui,
3704 2265 3823 2304 non

2185 2341 2256 2395 ad
2282 2359 2662 2397 successorem
2692 2342 2878 2412 regni,
2909 2342 3011 2395 sed
3052 2345 3108 2396 et
3145 2341 3219 2396 ad
3255 2341 3402 2396 lilios
3431 2342 3518 2395 vel
3560 2341 3824 2396 haeredes

2187 2435 2309 2505 ejus
2339 2436 2438 2507 qui
2478 2435 2816 2506 conquisivit
2845 2434 3169 2505 specialiter
3214 2435 3401 2489 omnis
3444 2436 3647 2489 eadem
3692 2452 3825 2490 con-

2184 2528 2414 2599 quisitio
2462 2529 2786 2599 pertinebit.
2831 2530 2967 2582 Nam
3014 2529 3085 2582 de
3136 2528 3245 2581 illis
3284 2528 3453 2582 rebus
3502 2545 3633 2599 qua:
3662 2529 3822 2583 idem

2183 2621 2445 2693 princeps
2474 2628 2604 2677 ante
2625 2639 2893 2693 regnum,
2914 2627 3014 2677 aut
3040 2638 3107 2677 ex
3137 2622 3385 2693 proprio,
3413 2627 3512 2677 aut
3542 2638 3607 2676 ex
3625 2623 3823 2693 justis-

2183 2714 2328 2769 simo
2373 2715 2688 2786 conquisito
2736 2715 3087 2787 dignoscitur
3137 2715 3417 2783 habuisse,
3460 2714 3821 2770 irrevocabili

2184 2808 2382 2863 ordine
2409 2812 2508 2863 aut
2530 2808 2779 2863 faciendi
2809 2809 2960 2880 quod
2992 2808 3233 2863 voluerit
3254 2811 3505 2879 potestas
3538 2808 3816 2876 manebit,

2180 2903 2280 2955 aut
2307 2904 2458 2955 certe
2483 2901 2610 2956 ﬁliis
2639 2901 2760 2972 ejus
2784 2902 3062 2955 successio
3093 2902 3261 2972 plena
3293 2901 3527 2971 patebit.
3569 2900 3736 2964 Quod
3771 2901 3818 2955 si

2180 2993 2286 3048 ﬁlii
2310 2994 2615 3064 defuerint,
2646 2994 2917 3066 legitimis
2944 2995 3267 3049 haeredibus
3296 3012 3361 3049 ex
3380 2994 3468 3048 his
3499 3011 3627 3065 quae
3658 2994 3815 3049 inor-

2181 3087 2371 3142 dinata
2421 3088 2735 3159 reliquerit,
2786 3088 3151 3143 haereditario
3200 3088 3331 3158 jure
3382 3086 3542 3142 adire
3596 3088 3812 3143 licebit.

2180 3181 2357 3252 Hujus
2396 3198 2527 3235 sane
2569 3181 2710 3252 legis
2758 3182 3046 3235 sententia
3084 3181 3142 3235 in
3172 3182 3300 3236 solis
3341 3180 3448 3235 erit
3486 3179 3812 3253 principum

446 3273 603 3345 piam
633 3241 895 3328 dei—rebus
923 3290 956 3328 a
982 3241 1327 3345 quocunque
1354 3275 1691 3345 perceperit,
1716 3274 1804 3328 vel
1833 3241 2078 3330 evidenti
2100 3241 2154 3315 Ο
2180 3241 2426 3345 negotiis
2452 3241 2797 3329 observanda
2823 3278 2996 3345 atque
3033 3276 3113 3330 ita
3139 3275 3424 3346 perpetim
3457 3241 3718 3341 valitura,
3751 3280 3816 3329 ut

445 3366 811 3437 praestatione
837 3367 1088 3422 lucratus
1127 3367 1345 3439 aliquid
1396 3367 1589 3437 fuerit,
1619 3367 1678 3421 in
1708 3368 1907 3423 eadem
1939 3368 2075 3423 scri-

442 3463 611 3532 ptura
628 3463 827 3532 patens
848 3461 1149 3516 voluntatis
1174 3461 1445 3532 praestita:
1468 3461 1717 3516 conditio
1746 3465 2075 3531 annotetur,

445 3570 551 3626 per
585 3570 757 3626 quam
788 3557 888 3610 aut
923 3555 1214 3626 oppressio
1261 3554 1554 3628 principis,
1592 3560 1690 3610 aut
1732 3556 2078 3611 conferentis

441 3648 600 3703 fraus
643 3649 1069 3704 evidentissime
1120 3649 1446 3719 detegatur,
1478 3653 1534 3703 et
1562 3649 1609 3702 si
1639 3650 1886 3719 patuerit
1909 3666 1942 3703 a
1967 3666 2073 3705 no-

442 3742 594 3796 lente
622 3742 796 3797 fuisse
829 3742 1172 3813 scripturam
1208 3747 1484 3810 exactam,
1514 3748 1611 3797 aut
1647 3742 1942 3813 resipiscat
1966 3743 2072 3799 im-

442 3834 695 3905 probitas
724 3834 1018 3906 principis,
1046 3837 1103 3888 et
1129 3838 1364 3889 evacuet
1388 3835 1543 3906 quod
1568 3836 1713 3889 male
1740 3838 2072 3908 construxit,

442 3933 542 3982 aut
568 3933 721 3981 certe
750 3932 880 3998 post
911 3928 1034 3998 ejus
1069 3930 1317 3982 mortem
1358 3929 1425 3982 ad
1474 3944 1607 3982 eum
1637 3928 1725 3982 cui
1756 3934 1951 3985 exacta
1991 3937 2075 3986 est

443 4020 739 4091 scriptura,
758 4021 843 4074 vel
863 4020 1121 4075 haeredes
1139 4020 1281 4091 ejus,
1299 4036 1388 4075 res
1406 4020 1545 4092 ipsa:
1566 4021 1687 4075 sine
1714 4024 2074 4079 cunctatione

443 4114 690 4168 debeant
714 4113 986 4169 revocari.
1017 4114 1127 4169 illa:
1158 4119 1353 4169 autem
1384 4131 1497 4182 res,
1522 4132 1649 4187 quae
1675 4120 1896 4171 remota
1915 4118 2075 4172 omni

443 4208 968 4277 comprehensionis
996 4208 1512 4279 argumentatione,
1532 4209 1632 4264 sed
1653 4227 1811 4265 mera
1834 4211 2071 4266 libidine

442 4300 656 4356 directo
685 4302 853 4357 modo
879 4301 1227 4357 transierunt
1253 4303 1311 4357 in
1338 4303 1610 4374 principis
1635 4306 2072 4375 potestatem,in

442 4394 523 4449 eis
547 4396 881 4467 perenniter
897 4396 1029 4467 jure
1056 4395 1394 4467 perdurent,
1419 4400 1477 4451 et
1505 4396 1785 4470 quidquid
1811 4415 1880 4453 ex
1904 4400 2072 4454 rebus

439 4488 577 4560 ipsis
594 4489 745 4545 idem
770 4490 1036 4561 princeps
1065 4489 1331 4545 ordinare
1350 4491 1614 4561 voluerit,
1643 4508 1759 4547 suae
1779 4493 2070 4564 potestatis

2176 3383 2295 3422 non
2320 3371 2452 3423 ante
2480 3368 2757 3439 quispiam
2786 3369 2992 3422 solium
3017 3370 3211 3440 regale
3240 3367 3603 3435 conscendat,
3632 3384 3811 3439 quam

2169 3461 2485 3532 juramenti
2507 3461 2719 3516 foedere
2741 3462 2890 3516 hanc
2914 3462 3101 3533 legem
3123 3479 3182 3516 se
3200 3461 3256 3516 in
3284 3460 3549 3516 omnibus
3571 3462 3810 3532 implere

2174 3554 2492 3626 promittat,
2518 3571 2859 3626 quacunque
2879 3572 3013 3610 vero
3041 3560 3140 3609 aut
3171 3571 3272 3627 per
3293 3556 3672 3610 tumultuosas
3696 3556 3816 3626 ple~

2174 3647 2293 3715 bes,
2317 3651 2416 3702 aut
2442 3664 2543 3719 per
2570 3648 2908 3702 absconsam
2938 3648 3279 3720 dignitatem
3320 3648 3545 3719 publice
3588 3648 3810 3703 machio

2177 3745 2393 3809 natum,
2426 3742 2698 3812 adeptum
2726 3758 2845 3796 esse
2874 3741 3191 3797 constiterit
3214 3741 3377 3812 regni
3403 3740 3652 3812 fastigia,
3678 3757 3811 3796 mox

2173 3834 2327 3887 idem
2352 3851 2479 3887 cum
2502 3834 2765 3889 omnibus
2784 3840 2903 3892 tam
2921 3835 3154 3889 nefariae
3176 3834 3283 3888 sibi
3303 3834 3806 3901 consentientibus,

2176 3930 2234 3982 et
2259 3927 2564 3981 anathema
2589 3927 2708 3998 ﬁat,
2742 3933 2799 3982 et
2837 3926 3287 3983 Christianorum
3330 3926 3807 3983 communionem

2175 4020 2417 4090 amittat,
2444 4024 2558 4075 tam
2599 4021 2736 4076 diras
2777 4022 3155 4092 percussionis
3198 4020 3416 4076 ultione
3463 4021 3714 4091 collisus,
3750 4025 3811 4077 ut

2173 4114 2358 4168 omnis
2379 4114 2555 4168 divini
2571 4115 2787 4169 ordinis
2809 4116 2992 4170 cultor
3008 4115 3107 4187 qui
3122 4115 3204 4169 illi
3222 4115 3647 4169 communicare
3668 4131 3809 4186 prte-

2172 4207 2495 4279 sumpserit,
2520 4208 2694 4263 simili
2718 4226 2849 4263 cum
2870 4209 2993 4280 ipso
3028 4208 3390 4264 damnatione
3420 4206 3729 4279 dispereat,
3752 4211 3809 4263 et

2171 4319 2341 4374 poena
2390 4303 2657 4357 tabescat.
2704 4303 2846 4357 Nam
2885 4304 2931 4356 si
2961 4302 3088 4375 quis
3125 4303 3265 4374 legis
3292 4302 3463 4373 hujus
3490 4302 3701 4358 seriem
3744 4320 3809 4358 ex

2172 4395 2356 4450 officio
2387 4396 2641 4466 palatino
2670 4396 3083 4467 malevolendo,
3112 4400 3211 4450 aut
3254 4395 3607 4451 detrahendo
3653 4396 3805 4452 lace-

2170 4505 2299 4543 rare
2328 4490 2589 4559 voluerit,
2620 4492 2719 4543 aut
2749 4489 3071 4544 evacuando
3100 4489 3440 4560 quandoque
3480 4494 3541 4543 ut
3576 4488 3809 4545 silenter

437 4581 669 4638 arbitrio
696 4583 1029 4655 subjacebit.
1052 4584 1259 4639 Verum
1291 4588 1355 4639 ut
1377 4602 1546 4641 omne
1576 4586 1746 4657 hujus
1772 4589 2069 4658 negotium
2088 4615 2148 4688 D
2171 4583 2448 4637 insultans
2499 4583 2586 4637 vel
2637 4589 2836 4654 aperte
2892 4584 3189 4653 resultans,
3231 4582 3491 4653 proloqui
3551 4583 3808 4638 detectus

440 4675 681 4732 actionis
724 4677 957 4732 roboret
1000 4676 1295 4733 sinceritas
1334 4679 1606 4747 veritatis,
1640 4697 1767 4734 cum
1798 4698 2070 4752 quarum-

438 4786 665 4841 cunque
686 4787 880 4825 rerum
906 4771 1202 4841 scripturae
1219 4772 1277 4825 in
1300 4773 1570 4844 principis
1595 4774 1826 4829 nomine
1847 4776 2068 4831 exstite-

436 4862 573 4930 rint,
592 4864 661 4917 ab
682 4864 769 4918 liis
791 4881 934 4936 quos
951 4864 1190 4936 elegerit
1208 4866 1473 4937 princeps
1492 4867 1923 4938 diligentissime
1935 4887 2064 4942 per-

437 4955 808 5027 quirantur,si
824 4974 937 5012 non
956 4958 1188 5029 aliquod
1202 4958 1476 5014 indicium
1495 4964 1593 5015 aut
1607 4961 1676 5016 de
1691 4962 2068 5033 impressione

438 5048 729 5121 principis,
756 5056 855 5107 aut
881 5052 949 5106 de
988 5052 1191 5107 fraude
1231 5053 1566 5125 scripturam
1600 5055 1857 5111 facientis
1894 5059 2066 5113 modo

436 5158 777 5217 quocunque
804 5146 1192 5217 cognoverint.
1225 5150 1302 5202 Ac
1328 5148 1408 5203 sic
1433 5152 1530 5203 aut
1556 5149 1664 5203 rite
1710 5150 1856 5205 facta
1895 5153 2066 5207 series

434 5235 732 5307 scripturas
769 5244 1118 5310 permaneat,
1149 5246 1247 5297 aut
1287 5228 1445 5299 irrite
1484 5244 1742 5299 confecta
1782 5252 2062 5303 vanescat.

2170 4676 2466 4746 exstiterit,
2497 4676 2712 4731 cunctis
2751 4675 3021 4747 palatina:
3068 4676 3365 4748 dignitatis
3407 4677 3709 4731 consortiis
3750 4681 3808 4732 et

2170 4771 2370 4826 ofﬁciis
2395 4788 2529 4825 mox
2557 4771 2819 4840 nudatus,
2849 4771 3111 4824 omnium
3143 4786 3334 4825 rerum
3363 4785 3595 4824 suarum
3632 4769 3803 4825 dimi-

2167 4865 2321 4920 diam
2334 4870 2556 4937 partem
2575 4864 2816 4932 amittat,
2838 4870 2893 4919 et
2913 4864 2971 4919 in
2985 4864 3251 4936 deputato
3269 4862 3375 4918 sibi
3394 4865 3519 4919 loco
3541 4863 3805 4919 redactus

2168 4958 2339 5014 totius
2368 4958 2559 5031 palatii
2588 4962 2822 5013 maneat
2861 4957 3126 5013 societate
3168 4958 3436 5013 seclusus.
3480 4955 3804 5028 Religiosus

2167 5058 2340 5112 etiam
2369 5058 2468 5129 qui
2510 5074 2570 5112 se
2604 5058 2662 5112 in
2706 5058 2811 5112 hac
2840 5058 3009 5129 culpa
3038 5056 3364 5127 devolverit,
3393 5055 3565 5111 simili
3602 5072 3801 5116 rerum

2164 5152 2524 5224 proprietatis
2549 5169 2661 5207 suae
2692 5151 2992 5223 dispendio
3034 5150 3365 5222 subjacebit.

1170 5490 1567 5557 INCIPIUNT
1610 5494 2002 5559 CAPITULA
2044 5494 2376 5562 CONCILII
2418 5495 2813 5563 TOLETANI
2855 5494 3067 5563 NONI.

505 5628 553 5680 l.
588 5622 661 5680 Ut
688 5624 759 5679 de
792 5621 960 5679 rebus
989 5624 1237 5679 ecclesiae
1265 5625 1409 5681 nihil
1430 5628 1676 5699 episcopi
1700 5630 1982 5699 auferant,
2005 5635 2064 5689 et
2161 5633 2280 5689 rint
2319 5649 2519 5689 earum
2557 5633 2808 5689 habeant
2838 5647 3053 5701 curam,
3085 5629 3311 5702 ipsique
3354 5629 3465 5685 illic
3500 5629 3796 5689 ministros

430 5718 675 5789 qualiter
702 5716 951 5789 proximi
984 5716 1305 5773 fimdatoris
1344 5721 1592 5777 ecclesiae
1621 5723 2058 5782 sollicitudinem
2160 5726 2381 5800 eligant
2407 5728 2735 5784 servituros.

471 5814 651 5865 erant.

471 5824 651 5865 erant.

431 5824 470 5878 Β
498 5904 551 5954 2.
588 5901 660 5954 Ut
705 5901 1040 5956 fundatores
1074 5904 1439 5961 ecclesiarum
1476 5908 1851 5980 quoadusque
1893 5912 2048 5966 vixe-

2228 5824 2281 5876 3.
2311 5820 2373 5876 Si
2399 5821 2470 5876 de
2512 5820 2681 5878 rebus
2718 5820 2971 5877 ecclesite
3015 5835 3120 5891 pro
3162 5818 3525 5891 praestatione
3572 5819 3791 5891 aliquid

2157 5914 2282 5969 dari
2305 5914 2544 5983 dicatur,
2572 5932 2741 5971 causa
2772 5914 3009 5988 prastiti
3035 5915 3439 5985 cognoscatur.
