4032 6304
300 335 396 388 5'21

1531 333 2005 389 DECRETALIUM
2044 333 2427 390 COLLECTIO.

3551 339 3651 391 52?

371 442 425 496 4.
470 441 634 506 Quod
667 442 736 496 de
762 442 1094 512 conquisitis
1136 443 1306 496 rebus
1350 442 1497 496 inter
1540 441 1834 497 ecclesiam
1872 444 1927 497 et
1947 454 2006 526 Α
2100 445 2185 498 11.
2212 442 2369 506 Quod
2400 440 2696 496 servilibus
2721 441 2936 497 clericis
2966 442 3100 498 dare
3127 441 3373 498 debeant
3401 444 3648 516 episcopi

299 535 611 590 sacerdotis
642 535 899 590 haeredes
929 536 1166 606 aequalis
1194 535 1390 590 divisio
1424 536 1539 590 fiat.

370 631 424 684 5.
455 628 506 682 Si
539 629 835 700 episcopus
873 629 1291 683 monasterium
1334 629 1468 683 facit
1505 629 1586 683 vel
1626 627 1923 698 parochia-

296 737 438 775 nam
466 721 757 776 ecclesiam
794 722 954 788 ditat,
983 727 1245 794 quartam
1275 728 1491 795 partem
1520 723 1588 776 de
1633 721 1800 776 rebus
1829 737 1922 775 ec-

295 815 483 870 clesiae
508 815 777 870 conferat.

369 910 420 963 6.
464 909 533 962 Ut
562 908 857 980 episcopus
900 909 1123 963 tertiam
1164 912 1386 980 partem
1417 908 1921 1049 ecclesiasrcarum

369 1018 489 1049 rum
517 1002 618 1049 sibi
648 1002 920 1049 debitam-
954 1002 1039 1049 nni
1070 1003 1325 1049 elegerit-
1362 1002 1637 1049 conferat-

295 1018 491 1056 rerum
517 1002 620 1056 sibi
648 1002 921 1068 debitam,
954 1002 1041 1056 cui
1070 1003 1326 1073 elegerit,
1362 1002 1637 1056 conferat.
1667 1034 1672 1066 ε

368 1100 420 1149 7.
451 1097 530 1149 Ne
561 1099 715 1150 extra
741 1095 1106 1150 constitutum
1135 1095 1395 1150 ordinem
1421 1095 1712 1150 morientis
1737 1111 1920 1149 sacer-

295 1188 444 1243 dotis
470 1188 725 1243 hteredcs
759 1205 878 1242 rem
911 1188 1031 1259 ejus
1057 1188 1214 1242 adire
1242 1192 1609 1258 praesumant.

365 1283 418 1334 8.
453 1283 522 1336 Ut
561 1281 620 1334 in
673 1280 963 1352 scripturis
1003 1298 1145 1352 quas
1181 1275 1501 1335 sacerdotes
1540 1282 1624 1334 vel
1672 1281 1920 1335 ministri

289 1375 502 1444 injuste
554 1375 812 1439 fecerint,
866 1379 992 1445 post
1052 1376 1298 1428 mortem
1340 1375 1591 1429 habeant
1639 1363 1920 1429 annorum

291 1483 600 1521 numerum
628 1471 1042 1537 compntatum.

365 1563 417 1614 9.
454 1561 742 1624 Quantum
768 1561 1130 1615 commodum
1157 1561 1203 1614 si
1233 1561 1530 1631 episcopus
1559 1559 1718 1614 tollat
1742 1561 1810 1615 de
1838 1576 1920 1614 ec~

293 1654 462 1708 clesia
487 1653 648 1724 cujus
677 1654 1043 1708 tumulaverit
1070 1655 1437 1708 sacerdotem.

367 1750 452 1801 10.
483 1749 561 1801 De
607 1747 969 1801 damnatione
1006 1746 1254 1801 filiorum
1296 1747 1393 1820 qui
1425 1763 1493 1802 ex
1534 1745 1921 1802 sacerdotibus

293 1845 352 1895 et
381 1841 655 1897 ministris
686 1841 860 1912 geniti
890 1840 1219 1911 probantur.

2023 534 2362 590 libertatem.

2099 659 2182 710 12.
2219 655 2381 718 Quod
2407 657 2534 725 post
2560 659 2811 710 mortem
2839 655 3142 709 sacerdotis
3170 656 3228 709 in
3254 657 3515 712 libertate
3536 674 3650 711 ser-

2025 749 2105 804 vis
2138 748 2339 802 collata
2363 764 2640 802 annorum
2667 752 2896 820 tempus
2921 749 3126 803 debeat
3157 750 3497 822 computari.

2099 871 2182 922 13.
2227 870 2295 922 Ut
2335 885 2402 922 ex
2451 868 2662 923 libertis
2703 869 2952 923 ecclesiae
2998 875 3054 924 et
3086 870 3343 940 personis
3382 870 3649 941 ingenuis

2025 961 2206 1033 geniti
2239 961 2310 1015 ab
2337 961 2616 1032 obsequiis
2642 962 2889 1016 ecclesia:
2918 979 3036 1017 non
3065 963 3351 1018 recedant.

2099 1083 2181 1137 14.
2213 1081 2376 1145 Quod
2406 1082 2452 1134 si
2499 1081 2690 1135 liberti
2730 1082 2978 1136 ecclesiae
3021 1083 3094 1136 ad
3130 1099 3258 1137 eam
3298 1082 3508 1138 reverti
3536 1099 3644 1139 no-

2021 1175 2249 1242 luerint,
2266 1174 2452 1227 omnis
2471 1190 2672 1228 eorum
2693 1176 2889 1245 regula
2899 1175 3015 1245 juri
3041 1177 3356 1246 applicetur
3372 1175 3641 1231 ecclesiae.

2098 1298 2180 1348 15.
2206 1295 2283 1348 De
2310 1294 2579 1364 obsequio
2611 1298 2668 1348 et
2690 1295 2981 1365 disciplina
3008 1295 3337 1350 libertorum
3372 1297 3640 1352 ecclesia.

2096 1418 2179 1469 16.
2218 1413 2380 1478 Quod
2408 1413 2610 1468 liberto
2653 1414 2903 1469 ecclesiae
2944 1414 3086 1470 nihil
3129 1415 3198 1470 de
3239 1415 3405 1470 rebus
3433 1415 3547 1470 suis
3579 1416 3638 1469 in

2021 1507 2272 1562 alienum
2297 1507 2460 1562 liceat
2487 1507 2810 1562 transferre.

2097 1631 2178 1681 17.
2225 1629 2293 1681 Ut
2336 1627 2601 1699 baptizati
2647 1628 2822 1683 Judaei
2862 1644 2992 1683 cum
3040 1628 3313 1702 episcopis
3355 1629 3641 1688 celebrent

2021 1720 2140 1774 dies
2170 1719 2360 1776 festos.

624 2105 810 2181 127
888 2100 1298 2192 INCIPIT
1383 2099 2000 2194 CONCILIUM
2079 2101 2486 2196 NONUM
2573 2103 3297 2200 TOLETANUM.

289 2293 611 2357 Habitum
635 2313 770 2360 aera
799 2314 1046 2369 DCLXIII,
1073 2313 1244 2358 anno
1275 2296 1460 2358 tertio
1490 2296 1937 2362 Reccesz’unthi
1975 2298 2167 2379 regis.
2199 2297 2347 2361 Kal.
2379 2299 2689 2365 Novemb.
2715 2299 2796 2361 ab
2824 2301 3135 2382 episcopis
3162 2302 3633 2378 septemdecim.

360 2488 504 2543 Cum
516 2489 805 2543 canonicse
822 2489 1177 2545 diffinitionis
1194 2491 1397 2558 edicto,
1413 2492 1467 2545 in
1486 2493 1758 2546 Toletana
1773 2491 1912 2547 urbe

285 2597 393 2652 pro
425 2582 753 2652 peragendo
784 2582 1040 2649 concilio,
1073 2587 1198 2654 post
1242 2584 1360 2637 dies
1406 2585 1639 2638 Kalend.
1673 2586 1909 2638 Novem-

2012 2493 2058 2546 si
2089 2493 2224 2546 talia
2265 2493 2545 2564 episcopis
2585 2510 2754 2564 agere
2795 2498 2994 2563 tentet,
3034 2494 3474 2564 metropolitano
3513 2496 3637 2565 ejus

2011 2585 2134 2639 haec
2167 2585 2449 2640 insinuare
2488 2591 2812 2656 procurent.
2847 2587 2903 2641 Si
2942 2590 3131 2641 autem
3172 2587 3636 2657 metropolitanus

285 2674 498 2741 brium,
515 2692 664 2729 anno
687 2676 924 2746 septimo
946 2677 1342 2731 Reccesiunthi
1365 2677 1634 2748 principis
1660 2677 1906 2747 gloriosi,
1931 2699 1986 2770 Β
2010 2678 2144 2731 talia
2167 2683 2346 2748 gerat,
2367 2679 2515 2748 regis
2538 2680 2657 2732 haec
2679 2679 2909 2732 auribus
2928 2679 3192 2732 intimare
3213 2696 3330 2733 non
3351 2679 3632 2734 differant.

285 2767 346 2822 in
375 2768 607 2822 basilica
637 2775 840 2822 sancta:
866 2769 1050 2824 Mariae
1087 2786 1311 2840 semper
1339 2770 1586 2839 Virginis
1630 2771 1687 2823 in
1725 2787 1909 2824 unum

283 2859 580 2914 fuissemus
612 2861 850 2915 Domino
879 2861 1105 2916 favente
1137 2863 1373 2929 collecti,
1407 2863 1466 2916 id
1493 2863 1783 2916 communi
1815 2863 1909 2918 de-

285 2953 541 3007 finitione
575 2954 928 3008 decrevimus
961 2958 1040 3023 ut,
1072 2956 1314 3026 capitula
1347 2973 1474 3026 qua!
1503 2956 1558 3008 in
1588 2956 1784 3026 priscis
1813 2973 1908 3010 ca-

285 3046 532 3100 nonibus
559 3047 795 3101 minime
817 3048 1176 3102 habebantur
1198 3049 1424 3114 inserta,
1439 3049 1565 3119 pari
1594 3050 1911 3119 promulga-

283 3146 485 3194 rentur
511 3141 811 3209 sententia,
838 3146 893 3195 et
920 3141 1166 3212 antiquis
1181 3142 1563 3212 jungerentnr
1591 3143 1797 3212 regulis
1819 3159 1911 3212 pe-

283 3233 448 3286 renni
476 3233 720 3303 jugitate
745 3250 1032 3302 mansura,
1062 3239 1116 3288 et
1149 3235 1305 3288 omni
1342 3235 1658 3288 reverentia
1686 3252 1904 3289 conser-

280 3325 489 3380 vanda.
523 3326 630 3381 Sed
664 3327 798 3397 quia
835 3344 1198 3398 nequaquam
1241 3333 1390 3382 recte
1420 3328 1671 3381 subditos
1695 3329 1909 3399 judicat

284 3418 381 3489 qui
422 3435 540 3473 non
591 3419 838 3490 seipsum
885 3420 1042 3491 prius
1079 3421 1315 3490 justitiae
1356 3437 1591 3474 censura
1636 3422 1902 3490 castigat,

280 3515 481 3582 aptum
520 3512 682 3566 nobis
726 3518 781 3567 et
819 3513 1137 3583 expedibile
1178 3515 1359 3567 visum
1406 3518 1489 3566 est
1521 3519 1649 3567 ante
1700 3515 1906 3568 nostris

283 3605 595 3659 excessibus
621 3605 917 3676 imponere
944 3607 1201 3672 modum,
1219 3611 1274 3661 et
1302 3607 1378 3659 sic
1411 3611 1598 3660 errata
1625 3607 1905 3676 corrigere

279 3698 654 3753 subditorum.
687 3701 840 3752 Tunc
866 3716 1115 3770 namque
1146 3700 1344 3754 melius
1367 3699 1714 3769 judiciorum
1749 3717 1904 3753 exor-

279 3791 374 3846 dia
404 3791 830 3859 dicuntur,cum
851 3792 1132 3862 judicium
1156 3798 1285 3846 ante
1303 3793 1643 3864 disponitur,
1662 3809 1728 3846 eo
1754 3793 1902 3863 quod

275 3885 672 3955 potiusjudicii
689 3886 873 3940 forma
893 3888 1208 3956 completur
1227 3903 1352 3940 cum
1375 3887 1736 3955 negotiorum
1759 3887 1905 3955 prin-

276 3978 435 4048 cipiis
475 3978 709 4049 aequitas
743 3979 1124 4048 judicantium
1184 3980 1515 4034 antefertur.
1563 3980 1691 4033 Ideo
1740 3996 1902 4033 exor-

2009 2770 2147 2841 Ipsis
2173 2775 2363 2824 tamen
2403 2771 2721 2825 haeredibus
2762 2771 2822 2824 in
2862 2771 3074 2824 eisdem
3122 2772 3292 2824 rebus
3328 2788 3445 2826 non
3476 2772 3638 2827 liceat

2010 2863 2166 2935 quasi
2177 2864 2322 2934 juris
2342 2863 2558 2934 proprii
2574 2866 2914 2934 potestatem
2933 2863 3202 2934 proferre,
3217 2880 3331 2917 non
3347 2865 3632 2935 rapinam,

2009 2972 2122 3011 non
2153 2956 2412 3010 fraudem
2438 2957 2718 3026 ingerere,
2750 2973 2854 3010 nec
2878 2956 3212 3010 violentiam
3235 2973 3634 3028 quamcunque

2008 3066 2390 3120 praesumere;
2425 3050 2520 3104 sed
2557 3051 2662 3103 hoc
2709 3051 2895 3104 solum
2935 3050 2994 3104 in
3029 3051 3331 3104 salutarem
3361 3049 3633 3104 sollicitu-

2011 3142 2205 3196 dinem
2236 3142 2528 3209 adhibere,
2555 3143 2708 3213 quod
2733 3147 2830 3196 aut
2857 3145 2919 3195 ut
2947 3142 3005 3196 in
3029 3143 3243 3196 nullam
3275 3159 3480 3197 noxam
3506 3159 3638 3212 ope-

2008 3235 2154 3289 ratio
2178 3251 2382 3288 nocens
2407 3234 2672 3304 attingat,
2701 3240 2798 3288 aut
2824 3239 2884 3288 ut
2910 3235 2969 3288 in
3009 3236 3248 3288 multam
3287 3239 3383 3288 aut
3409 3238 3633 3306 partem

2007 3327 2256 3398 aliquam
2290 3327 2554 3381 salutaris
2575 3344 2790 3381 merces
2820 3331 3090 3381 assumat.
3109 3328 3163 3382 Si
3182 3328 3308 3397 quis
3327 3344 3460 3381 vero
3479 3328 3633 3381 dein~

2007 3436 2136 3490 ceps
2166 3421 2286 3473 hzec
2324 3421 2541 3474 monita
2582 3425 2866 3474 temerare
2906 3421 3160 3486 voluerit,
3189 3425 3244 3474 et
3281 3421 3427 3474 male
3468 3427 3634 3490 rapta

2008 3528 2136 3566 cum
2163 3512 2490 3565 confusione
2527 3512 2781 3566 restituet
2809 3519 2864 3567 et
2893 3512 3492 3566 excommunicationis
3525 3529 3630 3567 an-

2005 3622 2135 3678 nuae
2164 3605 2502 3659 sententiam
2529 3605 2844 3659 sustinebit.

2077 3700 2136 3752 ll.
2169 3699 2306 3752 Cum
2333 3715 2482 3768 saepe
2521 3699 2594 3752 sit
2620 3698 2868 3764 solitum,
2903 3698 3074 3752 etiam
3103 3699 3197 3752 illa
3220 3715 3346 3769 quae
3378 3715 3494 3753 non
3528 3699 3629 3753 de-

2003 3793 2211 3846 bentur
2231 3807 2394 3862 prece
2412 3791 2845 3862 supplicationis
2866 3795 2920 3845 et
2937 3791 2988 3844 vi
3009 3791 3435 3861 quodammodo
3451 3796 3632 3846 extor-

2005 3884 2166 3957 queri
2209 3885 2435 3952 doloris,
2468 3888 2681 3955 quanto
2708 3885 2889 3954 magis
2916 3889 2972 3938 et
3008 3885 3128 3938 sine
3166 3885 3452 3938 obstaculo
3490 3901 3628 3938 con-

2006 3977 2129 4032 cedi
2147 3977 2353 4031 debent
2381 3977 2654 4047 exquisita
2680 3977 2852 4030 simul
2878 3981 2934 4030 et
2962 3977 3161 4030 ordine
3186 3977 3331 4047 juris
3362 3982 3418 4031 et
3437 3977 3631 4032 dolore

275 4071 436 4126 dium
483 4072 760 4142 aequitatis
788 4071 1038 4125 inchoari
1089 4089 1120 4125 a
1144 4073 1430 4142 judicibus
1461 4073 1646 4138 debet,
1681 4078 1743 4142 ut
1772 4089 1900 4142 per-
1924 4060 1977 4134 C
2005 4069 2446 4141 compassionis?
2472 4069 2610 4133 Quia
2639 4086 2774 4139 ergo
2814 4063 2938 4123 ﬁeri
2970 4071 3309 4140 plerumque
3339 4071 3629 4140 cognosci-

277 4165 422 4220 fecta
441 4165 586 4236 juris
615 4165 860 4219 causatio
890 4165 1133 4219 limitem
1163 4166 1414 4235 apertius
1443 4167 1668 4220 formet.
1709 4136 1731 4269 ι

347 4259 473 4313 CAP.
508 4259 545 4311 Ι.
580 4258 774 4311 Omnis
821 4259 1012 4329 itaque
1058 4259 1139 4312 rei
1185 4259 1576 4312 ecclesiasticae
1620 4258 1903 4328 quantitas

279 4351 423 4405 sicut
439 4350 754 4405 remedium
770 4351 946 4405 venia
969 4351 1166 4404 tribuit
1182 4352 1518 4418 conferenti,
1537 4352 1613 4405 ita
1627 4353 1902 4406 damnum

280 4445 385 4498 rite
417 4448 698 4514 praeparat
727 4444 1055 4498 fraudatori.
1081 4447 1145 4498 Et
1175 4445 1299 4498 ideo
1330 4445 1517 4497 nullus
1545 4446 1902 4498 sacerdotum

271 4538 358 4591 vel
388 4537 779 4590 ministrorum
808 4555 871 4591 ex
910 4538 1076 4590 rebus
1109 4537 1357 4590 ecclesim
1401 4553 1527 4606 qua)
1575 4537 1630 4589 in
1663 4537 1898 4606 quibus-

272 4647 497 4700 cunque
525 4630 657 4684 locis
698 4647 729 4682 a
767 4631 1025 4683 fidelibus
1060 4629 1380 4700 largiuntur
1406 4629 1619 4698 aliquid
1663 4631 1898 4694 auferat,

273 4727 328 4778 et
351 4723 470 4793 juri
498 4739 600 4777 suo
635 4727 732 4777 aut
762 4724 1044 4777 cathedrae
1077 4722 1282 4776 civitati
1325 4726 1644 4775 connectat.
1670 4724 1898 4777 Devotio

272 4817 424 4870 enim
455 4817 890 4886 uniuscujusque
925 4817 1068 4869 sicut
1108 4819 1398 4884 gratanter
1426 4818 1618 4867 votum
1665 4817 1902 4870 contulit

271 4911 400 4978 Deo,
417 4910 494 4964 ita
509 4909 762 4963 definivit.
778 4911 927 4980 quod
947 4909 1242 4979 plenitudo
1260 4914 1517 4961 votorum
1539 4924 1896 4962 conservare-

273 5007 367 5057 tur
393 5003 450 5057 in
482 5004 604 5056 loco
648 5003 706 5056 in
747 5019 860 5073 quo
907 5003 1058 5055 velut
1088 5003 1131 5056 si
1169 5002 1354 5054 locata
1392 5006 1678 5069 tenentur,
1712 5009 1902 5057 manet

272 5097 456 5167 gratia
480 5096 786 5164 offerentis,
818 5096 896 5149 ita
935 5095 981 5148 si
1010 5096 1373 5163 frustrantur,
1403 5093 1665 5148 imminet
1708 5096 1898 5165 perni-

272 5189 385 5244 cies
411 5189 819 5244 defraudantis.
850 5191 1056 5242 Verum
1088 5194 1148 5242 ut
1175 5188 1344 5258 hujus
1379 5188 1461 5241 rei
1489 5189 1676 5258 potior
1705 5187 1898 5242 solidi-

272 5287 360 5336 tas
393 5283 692 5350 habeatur,
723 5281 1022 5352 condignis
1050 5281 1198 5349 filiis,
1230 5283 1314 5334 vel
1342 5281 1662 5351 nepotibus,
1693 5282 1899 5336 hones-

274 5375 627 5446 tioribusque
659 5375 993 5445 propinquis
1024 5375 1144 5444 ejus
1168 5375 1264 5445 qui
1302 5375 1614 5429 construxit
1640 5375 1725 5429 vel
1755 5374 1898 5429 dita-

271 5468 349 5522 vit
381 5469 671 5522 ecclesiam
703 5467 919 5522 licitum
951 5467 1024 5521 sit
1061 5468 1209 5521 hanc
1239 5468 1406 5521 bonae.
1445 5467 1775 5522 intentionis
1801 5468 1899 5522 ha-

270 5563 406 5616 bere
439 5561 748 5626 solertiam,
781 5566 844 5615 ut
869 5560 916 5614 si
946 5561 1294 5614 sacerdotem
1323 5577 1419 5613 seu
1449 5561 1772 5614 ministrum
1798 5560 1899 5614 ali-

271 5654 411 5724 quid
451 5670 521 5706 ex
550 5653 767 5708 collatis
811 5653 979 5708 rebus
1012 5653 1376 5724 praeviderint
1416 5653 1774 5722 defraudare,
1807 5657 1904 5708 aut

271 5746 733 5800 (-ommonitionis
775 5748 1024 5802 honestae
1072 5747 1450 5805 conventione
1504 5751 1900 5818 compescant,

270 5845 369 5896 aut
392 5839 660 5914 episcOpo
685 5840 774 5896 vel
794 5840 975 5912 judici
1003 5840 1343 5914 corrigenda
1361 5839 1904 5921 denuntientiQuod

1920 5420 1980 5490 D

2005 4167 2118 4232 tur,
2149 4169 2210 4217 ut
2250 4163 2500 4216 ecclesiae
2542 4163 2919 4234 parochiales,
2949 4164 3036 4216 vel
3077 4179 3232 4216 sacra
3265 4163 3628 4230 monasteria,

2005 4257 2080 4311 ita
2109 4257 2484 4328 quorumdam
2529 4255 2927 4325 episcoporum
2970 4256 3055 4308 vel
3093 4255 3389 4310 insolentia
3423 4257 3509 4311 vel
3538 4257 3629 4310 in~

2005 4351 2163 4403 curia
2184 4349 2527 4402 horrendam
2549 4347 2814 4401 decidant
2839 4348 2893 4400 in
2921 4348 3149 4401 ruinam
3177 4353 3237 4401 ut
3259 4349 3482 4418 gravior
3507 4366 3633 4404 exo-

2003 4443 2180 4495 riatur
2208 4440 2614 4494 aediﬁcantibus
2642 4456 2872 4506 maeror,
2897 4457 3064 4510 quam
3089 4440 3419 4494 instruendo
3437 4442 3632 4510 gaudii

2005 4534 2289 4588 exstiterat
2332 4533 2509 4598 labor,
2547 4533 2697 4586 unde
2727 4533 2822 4602 pia
2857 4533 3242 4603 compassione
3267 4533 3631 4588 decernimus

2004 4633 2065 4682 ut
2118 4626 2367 4698 quandiu
2412 4625 2741 4679 earumdem
2785 4625 3112 4678 fundatores
3157 4625 3523 4679 ecclesiarum
3573 4626 3629 4680 in
3683 4640 3711 4726 ἱ]

2001 4720 2105 4773 hac
2133 4719 2245 4772 vita
2272 4718 2600 4788 superstites
2643 4716 2978 4782 exstiterint,
3009 4733 3112 4786 pro
3135 4717 3347 4771 eisdem
3378 4717 3514 4771 locis
3541 4736 3633 4772 cu-

2002 4828 2123 4866 ram
2147 4812 2546 4882 permittantur
2567 4810 2774 4863 habere
2801 4808 3097 4862 sollicitam
3116 4813 3172 4863 et
3190 4808 3630 4865 sollicitudinem

2001 4910 2150 4964 ferre
2178 4909 2546 4981 praecipuam,
2579 4912 2748 4979 atque
2783 4913 3029 4962 rectores
3056 4907 3290 4962 idoneos
3319 4909 3377 4962 in
3417 4909 3629 4963 eisdem

2000 5003 2241 5057 basilicis
2285 5003 2457 5057 iidem
2521 5002 2626 5073 ipsi
2680 5001 2920 5056 offerant
2963 5001 3208 5072 episcopi
3266 5002 3629 5058 ordinandos.

2005 5097 2166 5162 Quod
2202 5097 2247 5150 si
2293 5097 2427 5150 tales
2453 5095 2686 5149 forsitan
2711 5112 2825 5148 non
2862 5094 3221 5148 inveniantur
3256 5095 3324 5149 ab
3364 5096 3464 5164 eis,
3501 5101 3634 5151 tunc

2004 5207 2145 5260 quos
2188 5189 2485 5260 episcopus
2526 5187 2635 5242 loci
2676 5187 2997 5257 probaverit
3036 5189 3148 5242 Deo
3198 5188 3433 5258 placitos
3465 5191 3634 5244 sacris

2002 5283 2246 5337 cultibus
2266 5281 2524 5335 instituat
2545 5297 2673 5334 cum
2703 5297 2902 5334 eorum
2923 5281 3283 5335 conniventia
3303 5283 3630 5337 servituros.

2001 5375 2162 5439 Quod
2195 5374 2241 5428 si
2282 5373 2678 5445 superstitibus
2709 5373 2923 5429 eisdem
2963 5374 3359 5431 fundatoribus
3387 5381 3632 5431 rectores

2004 5468 2214 5523 ibidem
2241 5467 2674 5539 praesumpserit
2702 5467 2996 5539 episcopus
3021 5469 3307 5538 ordinare,
3332 5472 3386 5523 et
3412 5468 3636 5524 ordina-

2002 5561 2219 5616 tionem
2245 5576 2404 5614 suam
2423 5559 2641 5615 irritam
2660 5562 2879 5617 noverit
2902 5578 3045 5628 esse,
3071 5566 3127 5615 et
3146 5563 3216 5616 ad
3237 5560 3634 5615 verecundiam

2003 5670 2163 5708 suam
2191 5654 2332 5709 alios
2359 5653 2418 5709 in
2441 5670 2640 5709 eorum
2666 5655 2790 5710 loco
2812 5671 2954 5726 quos
2979 5655 3153 5710 iidem
3175 5653 3281 5724 ipsi
3303 5651 3634 5706 fundatores

2004 5747 2320 5818 condignos
2351 5747 2630 5819 elegerint
2660 5748 2930 5804 ordinari.

2072 5841 2154 5898 ΙΙΙ.
2184 5841 2242 5898 Si
2288 5841 2598 5899 sacerdotes
2643 5841 2731 5898 vel
2781 5841 3030 5898 ministri
3073 5840 3142 5896 de
3181 5837 3353 5896 rebus
3384 5839 3633 5897 ecclesiae
