  <div class='ocr_page' id='page_1' title='image "/cluster/home/n/w/nwhite01/storage/ocr_20150623/130/umn.319510024774230/335.png"; bbox 0 0 4032 6306; ppageno 0'>
   <div class='ocr_carea' id='block_1_1' title="bbox 440 308 541 362">
    <p class='ocr_par' dir='ltr' id='par_1_1' title="bbox 440 308 541 362">
     <span class='ocr_line' id='line_1_1' title="bbox 440 308 541 362; baseline -0.01 0"><span class='ocrx_word' id='word_1_1' title='bbox 440 308 541 362; x_wconf 79' lang='lat'><strong>523</strong></span> 
     </span>
    </p>
   </div>
   <div class='ocr_carea' id='block_1_2' title="bbox 1338 296 3804 358">
    <p class='ocr_par' dir='ltr' id='par_1_2' title="bbox 1338 296 3804 358">
     <span class='ocr_line' id='line_1_2' title="bbox 1338 296 3804 358; baseline -0.003 0"><span class='ocrx_word' id='word_1_2' title='bbox 1338 304 1619 358; x_wconf 79' lang='lat' dir='ltr'><strong>APPEND.</strong></span> <span class='ocrx_word' id='word_1_3' title='bbox 1659 305 1745 357; x_wconf 80' lang='lat' dir='ltr'><strong>AD</strong></span> <span class='ocrx_word' id='word_1_4' title='bbox 1782 301 1941 356; x_wconf 65' lang='lat' dir='ltr'><strong>SEC.</strong></span> <span class='ocrx_word' id='word_1_5' title='bbox 1987 300 2073 353; x_wconf 81' lang='lat' dir='ltr'><strong>IX.</strong></span> <span class='ocrx_word' id='word_1_6' title='bbox 2100 326 2169 338; x_wconf 88' lang='lat'>—</span> <span class='ocrx_word' id='word_1_7' title='bbox 2209 299 2450 355; x_wconf 83' lang='lat' dir='ltr'><strong>ISIDORI</strong></span> <span class='ocrx_word' id='word_1_8' title='bbox 2487 298 2911 354; x_wconf 78' lang='lat' dir='ltr'><strong>MERCATORIS</strong></span> <span class='ocrx_word' id='word_1_9' title='bbox 3696 296 3804 352; x_wconf 75' lang='lat' dir='ltr'><strong>52-i-</strong></span> 
     </span>
    </p>
   </div>
   <div class='ocr_carea' id='block_1_3' title="bbox 442 405 3801 488">
    <p class='ocr_par' dir='ltr' id='par_1_3' title="bbox 442 405 3801 488">
     <span class='ocr_line' id='line_1_3' title="bbox 442 405 3801 488; baseline -0.003 -19"><span class='ocrx_word' id='word_1_10' title='bbox 442 411 736 488; x_wconf 84' lang='lat' dir='ltr'><strong>quidpiam</strong></span> <span class='ocrx_word' id='word_1_11' title='bbox 761 410 928 469; x_wconf 86' lang='lat' dir='ltr'><strong>alicui</strong></span> <span class='ocrx_word' id='word_1_12' title='bbox 946 411 1051 467; x_wconf 85' lang='lat' dir='ltr'><strong>sub</strong></span> <span class='ocrx_word' id='word_1_13' title='bbox 1077 410 1453 483; x_wconf 85' lang='lat' dir='ltr'><strong>prastationis</strong></span> <span class='ocrx_word' id='word_1_14' title='bbox 1470 411 1703 465; x_wconf 89' lang='lat' dir='ltr'><strong>obtentu</strong></span> <span class='ocrx_word' id='word_1_15' title='bbox 1729 408 2061 474; x_wconf 84' lang='lat' dir='ltr'><strong>concedant,</strong></span> <span class='ocrx_word' id='word_1_16' title='bbox 2085 416 2144 488; x_wconf 82' lang='grc' dir='ltr'><strong>Α</strong></span> <span class='ocrx_word' id='word_1_17' title='bbox 2165 406 2348 460; x_wconf 88' lang='lat' dir='ltr'><strong>centia</strong></span> <span class='ocrx_word' id='word_1_18' title='bbox 2368 406 2436 462; x_wconf 92' lang='lat' dir='ltr'><strong>de</strong></span> <span class='ocrx_word' id='word_1_19' title='bbox 2456 406 2624 461; x_wconf 86' lang='lat' dir='ltr'><strong>rebus</strong></span> <span class='ocrx_word' id='word_1_20' title='bbox 2646 405 2913 475; x_wconf 76' lang='lat' dir='ltr'><strong>ecclesiae,</strong></span> <span class='ocrx_word' id='word_1_21' title='bbox 2936 408 3035 459; x_wconf 89' lang='lat' dir='ltr'><strong>aut</strong></span> <span class='ocrx_word' id='word_1_22' title='bbox 3052 422 3163 459; x_wconf 87' lang='lat' dir='ltr'><strong>non</strong></span> <span class='ocrx_word' id='word_1_23' title='bbox 3184 405 3426 459; x_wconf 88' lang='lat' dir='ltr'><strong>retineat</strong></span> <span class='ocrx_word' id='word_1_24' title='bbox 3443 405 3585 460; x_wconf 81' lang='lat' dir='ltr'><strong>ratio</strong></span> <span class='ocrx_word' id='word_1_25' title='bbox 3604 406 3801 476; x_wconf 89' lang='lat' dir='ltr'><strong>plena,</strong></span> 
     </span>
    </p>
   </div>
   <div class='ocr_carea' id='block_1_4' title="bbox 443 503 2069 573">
    <p class='ocr_par' dir='ltr' id='par_1_4' title="bbox 443 503 2069 573">
     <span class='ocr_line' id='line_1_4' title="bbox 443 503 2069 573; baseline -0.002 -12"><span class='ocrx_word' id='word_1_26' title='bbox 443 505 814 561; x_wconf 87' lang='lat' dir='ltr'><strong>instrumenti</strong></span> <span class='ocrx_word' id='word_1_27' title='bbox 839 520 1063 560; x_wconf 81' lang='lat' dir='ltr'><strong>causam</strong></span> <span class='ocrx_word' id='word_1_28' title='bbox 1090 503 1379 559; x_wconf 87' lang='lat' dir='ltr'><strong>evidenter</strong></span> <span class='ocrx_word' id='word_1_29' title='bbox 1406 506 1714 573; x_wconf 84' lang='lat' dir='ltr'><strong>exponant,</strong></span> <span class='ocrx_word' id='word_1_30' title='bbox 1747 508 1808 557; x_wconf 88' lang='lat' dir='ltr'><strong>ut</strong></span> <span class='ocrx_word' id='word_1_31' title='bbox 1832 503 1941 558; x_wconf 93' lang='lat' dir='ltr'><strong>hoc</strong></span> <span class='ocrx_word' id='word_1_32' title='bbox 1970 507 2069 557; x_wconf 90' lang='lat' dir='ltr'><strong>aut</strong></span> 
     </span>
    </p>
   </div>
   <div class='ocr_carea' id='block_1_5' title="bbox 437 596 2067 671">
    <p class='ocr_par' dir='ltr' id='par_1_5' title="bbox 437 596 2067 671">
     <span class='ocr_line' id='line_1_5' title="bbox 437 596 2067 671; baseline -0.002 -16"><span class='ocrx_word' id='word_1_33' title='bbox 437 599 590 671; x_wconf 88' lang='lat' dir='ltr'><strong>juste</strong></span> <span class='ocrx_word' id='word_1_34' title='bbox 609 599 866 655; x_wconf 89' lang='lat' dir='ltr'><strong>confecta</strong></span> <span class='ocrx_word' id='word_1_35' title='bbox 890 598 1192 652; x_wconf 88' lang='lat' dir='ltr'><strong>transactio</strong></span> <span class='ocrx_word' id='word_1_36' title='bbox 1218 597 1662 663; x_wconf 89' lang='lat' dir='ltr'><strong>innotescat,aut</strong></span> <span class='ocrx_word' id='word_1_37' title='bbox 1682 596 1834 650; x_wconf 87' lang='lat' dir='ltr'><strong>fraus</strong></span> <span class='ocrx_word' id='word_1_38' title='bbox 1856 596 2067 651; x_wconf 86' lang='lat' dir='ltr'><strong>incom-</strong></span> 
     </span>
    </p>
   </div>
   <div class='ocr_carea' id='block_1_6' title="bbox 383 690 2062 766">
    <p class='ocr_par' dir='ltr' id='par_1_6' title="bbox 383 690 2062 766">
     <span class='ocr_line' id='line_1_6' title="bbox 383 690 2062 766; baseline -0.002 -17"><span class='ocrx_word' id='word_1_39' title='bbox 383 707 386 711; x_wconf 83' lang='lat'><strong><em>&#39;</em></strong></span> <span class='ocrx_word' id='word_1_40' title='bbox 442 696 642 766; x_wconf 81' lang='lat' dir='ltr'><strong>petens</strong></span> <span class='ocrx_word' id='word_1_41' title='bbox 663 708 788 764; x_wconf 84' lang='lat' dir='ltr'><strong>qua</strong></span> <span class='ocrx_word' id='word_1_42' title='bbox 808 693 945 746; x_wconf 88' lang='lat' dir='ltr'><strong>latet</strong></span> <span class='ocrx_word' id='word_1_43' title='bbox 968 695 1257 762; x_wconf 81' lang='lat' dir='ltr'><strong>appareat,</strong></span> <span class='ocrx_word' id='word_1_44' title='bbox 1288 690 1451 744; x_wconf 86' lang='lat' dir='ltr'><strong>aliter</strong></span> <span class='ocrx_word' id='word_1_45' title='bbox 1475 706 1606 744; x_wconf 92' lang='lat' dir='ltr'><strong>vero</strong></span> <span class='ocrx_word' id='word_1_46' title='bbox 1637 706 1741 760; x_wconf 91' lang='lat' dir='ltr'><strong>pro</strong></span> <span class='ocrx_word' id='word_1_47' title='bbox 1769 690 1939 761; x_wconf 89' lang='lat' dir='ltr'><strong>hujus</strong></span> <span class='ocrx_word' id='word_1_48' title='bbox 1964 705 2062 745; x_wconf 89' lang='lat' dir='ltr'><strong>ne-</strong></span> 
     </span>
    </p>
   </div>
   <div class='ocr_carea' id='block_1_7' title="bbox 446 783 2063 858">
    <p class='ocr_par' dir='ltr' id='par_1_7' title="bbox 446 783 2063 858">
     <span class='ocr_line' id='line_1_7' title="bbox 446 783 2063 858; baseline -0.002 -18"><span class='ocrx_word' id='word_1_49' title='bbox 446 785 588 858; x_wconf 84' lang='lat' dir='ltr'><strong>gotii</strong></span> <span class='ocrx_word' id='word_1_50' title='bbox 616 800 781 839; x_wconf 89' lang='lat' dir='ltr'><strong>causa</strong></span> <span class='ocrx_word' id='word_1_51' title='bbox 821 783 1090 854; x_wconf 88' lang='lat' dir='ltr'><strong>deinceps</strong></span> <span class='ocrx_word' id='word_1_52' title='bbox 1131 783 1407 855; x_wconf 89' lang='lat' dir='ltr'><strong>scriptura</strong></span> <span class='ocrx_word' id='word_1_53' title='bbox 1433 783 1680 838; x_wconf 80' lang='lat' dir='ltr'><strong>confecta</strong></span> <span class='ocrx_word' id='word_1_54' title='bbox 1726 799 1840 836; x_wconf 90' lang='lat' dir='ltr'><strong>non</strong></span> <span class='ocrx_word' id='word_1_55' title='bbox 1866 783 2063 837; x_wconf 80' lang='lat' dir='ltr'><strong>valeat.</strong></span> 
     </span>
    </p>
   </div>
   <div class='ocr_carea' id='block_1_8' title="bbox 514 876 2062 948">
    <p class='ocr_par' dir='ltr' id='par_1_8' title="bbox 514 876 2062 948">
     <span class='ocr_line' id='line_1_8' title="bbox 514 876 2062 948; baseline -0.002 -15"><span class='ocrx_word' id='word_1_56' title='bbox 514 879 601 933; x_wconf 88' lang='lat' dir='ltr'><strong>IV.</strong></span> <span class='ocrx_word' id='word_1_57' title='bbox 636 876 968 932; x_wconf 88' lang='lat' dir='ltr'><strong>Sacerdotes</strong></span> <span class='ocrx_word' id='word_1_58' title='bbox 1001 877 1088 931; x_wconf 88' lang='lat' dir='ltr'><strong>vel</strong></span> <span class='ocrx_word' id='word_1_59' title='bbox 1116 876 1441 948; x_wconf 87' lang='lat' dir='ltr'><strong>quicunque</strong></span> <span class='ocrx_word' id='word_1_60' title='bbox 1467 876 1549 930; x_wconf 88' lang='lat' dir='ltr'><strong>illi</strong></span> <span class='ocrx_word' id='word_1_61' title='bbox 1577 879 1711 931; x_wconf 91' lang='lat' dir='ltr'><strong>sunt</strong></span> <span class='ocrx_word' id='word_1_62' title='bbox 1743 876 1950 947; x_wconf 87' lang='lat' dir='ltr'><strong>quibus</strong></span> <span class='ocrx_word' id='word_1_63' title='bbox 1973 891 2062 930; x_wconf 91' lang='lat' dir='ltr'><strong>ec-</strong></span> 
     </span>
    </p>
   </div>
   <div class='ocr_carea' id='block_1_9' title="bbox 443 969 2067 1041">
    <p class='ocr_par' dir='ltr' id='par_1_9' title="bbox 443 969 2067 1041">
     <span class='ocr_line' id='line_1_9' title="bbox 443 969 2067 1041; baseline 0 -15"><span class='ocrx_word' id='word_1_64' title='bbox 443 969 882 1026; x_wconf 88' lang='lat' dir='ltr'><strong>clesiasticarum</strong></span> <span class='ocrx_word' id='word_1_65' title='bbox 903 985 1096 1026; x_wconf 91' lang='lat' dir='ltr'><strong>rerum</strong></span> <span class='ocrx_word' id='word_1_66' title='bbox 1116 985 1251 1025; x_wconf 91' lang='lat' dir='ltr'><strong>cura</strong></span> <span class='ocrx_word' id='word_1_67' title='bbox 1271 971 1567 1024; x_wconf 91' lang='lat' dir='ltr'><strong>commissa</strong></span> <span class='ocrx_word' id='word_1_68' title='bbox 1587 975 1689 1037; x_wconf 91' lang='lat' dir='ltr'><strong>est,</strong></span> <span class='ocrx_word' id='word_1_69' title='bbox 1712 986 2067 1041; x_wconf 85' lang='lat' dir='ltr'><strong>quacunque</strong></span> 
     </span>
    </p>
   </div>
   <div class='ocr_carea' id='block_1_10' title="bbox 443 1062 2065 1133">
    <p class='ocr_par' dir='ltr' id='par_1_10' title="bbox 443 1062 2065 1133">
     <span class='ocr_line' id='line_1_10' title="bbox 443 1062 2065 1133; baseline -0.001 -15"><span class='ocrx_word' id='word_1_70' title='bbox 443 1062 948 1119; x_wconf 85' lang='lat' dir='ltr'><strong>administrationis</strong></span> <span class='ocrx_word' id='word_1_71' title='bbox 975 1080 1090 1118; x_wconf 87' lang='lat' dir='ltr'><strong>sua</strong></span> <span class='ocrx_word' id='word_1_72' title='bbox 1120 1069 1381 1133; x_wconf 89' lang='lat' dir='ltr'><strong>tempore</strong></span> <span class='ocrx_word' id='word_1_73' title='bbox 1411 1063 1674 1132; x_wconf 90' lang='lat' dir='ltr'><strong>emerint,</strong></span> <span class='ocrx_word' id='word_1_74' title='bbox 1707 1063 1755 1117; x_wconf 92' lang='lat' dir='ltr'><strong>si</strong></span> <span class='ocrx_word' id='word_1_75' title='bbox 1792 1064 1864 1117; x_wconf 92' lang='lat' dir='ltr'><strong>de</strong></span> <span class='ocrx_word' id='word_1_76' title='bbox 1892 1062 2065 1117; x_wconf 87' lang='lat' dir='ltr'><strong>rebus</strong></span> 
     </span>
    </p>
   </div>
   <div class='ocr_carea' id='block_1_11' title="bbox 439 1155 2065 1228">
    <p class='ocr_par' dir='ltr' id='par_1_11' title="bbox 439 1155 2065 1228">
     <span class='ocr_line' id='line_1_11' title="bbox 439 1155 2065 1228; baseline 0.001 -17"><span class='ocrx_word' id='word_1_77' title='bbox 439 1155 709 1228; x_wconf 89' lang='lat' dir='ltr'><strong>propriis,</strong></span> <span class='ocrx_word' id='word_1_78' title='bbox 731 1156 819 1211; x_wconf 90' lang='lat' dir='ltr'><strong>vel</strong></span> <span class='ocrx_word' id='word_1_79' title='bbox 841 1157 970 1224; x_wconf 82' lang='lat' dir='ltr'><strong>vile,</strong></span> <span class='ocrx_word' id='word_1_80' title='bbox 1001 1158 1087 1211; x_wconf 87' lang='lat' dir='ltr'><strong>vel</strong></span> <span class='ocrx_word' id='word_1_81' title='bbox 1127 1172 1332 1227; x_wconf 90' lang='lat' dir='ltr'><strong>parum</strong></span> <span class='ocrx_word' id='word_1_82' title='bbox 1369 1156 1689 1225; x_wconf 88' lang='lat' dir='ltr'><strong>habuerint,</strong></span> <span class='ocrx_word' id='word_1_83' title='bbox 1719 1157 1791 1211; x_wconf 91' lang='lat' dir='ltr'><strong>ad</strong></span> <span class='ocrx_word' id='word_1_84' title='bbox 1820 1156 2065 1212; x_wconf 82' lang='lat' dir='ltr'><strong>ecclesiae</strong></span> 
     </span>
    </p>
   </div>
   <div class='ocr_carea' id='block_1_12' title="bbox 441 1249 2061 1320">
    <p class='ocr_par' dir='ltr' id='par_1_12' title="bbox 441 1249 2061 1320">
     <span class='ocr_line' id='line_1_12' title="bbox 441 1249 2061 1320; baseline 0 -16"><span class='ocrx_word' id='word_1_85' title='bbox 441 1266 670 1317; x_wconf 90' lang='lat' dir='ltr'><strong>nomen,</strong></span> <span class='ocrx_word' id='word_1_86' title='bbox 700 1249 790 1305; x_wconf 91' lang='lat' dir='ltr'><strong>cui</strong></span> <span class='ocrx_word' id='word_1_87' title='bbox 829 1250 1149 1305; x_wconf 89' lang='lat' dir='ltr'><strong>chartarum</strong></span> <span class='ocrx_word' id='word_1_88' title='bbox 1181 1254 1434 1320; x_wconf 84' lang='lat' dir='ltr'><strong>praesunt</strong></span> <span class='ocrx_word' id='word_1_89' title='bbox 1468 1250 1847 1304; x_wconf 88' lang='lat' dir='ltr'><strong>instrumenta</strong></span> <span class='ocrx_word' id='word_1_90' title='bbox 1888 1251 2061 1305; x_wconf 85' lang='lat' dir='ltr'><strong>confi-</strong></span> 
     </span>
    </p>
   </div>
   <div class='ocr_carea' id='block_1_13' title="bbox 443 1342 2059 1416">
    <p class='ocr_par' dir='ltr' id='par_1_13' title="bbox 443 1342 2059 1416">
     <span class='ocr_line' id='line_1_13' title="bbox 443 1342 2059 1416; baseline -0.001 -17"><span class='ocrx_word' id='word_1_91' title='bbox 443 1359 570 1400; x_wconf 88' lang='lat' dir='ltr'><strong>cere</strong></span> <span class='ocrx_word' id='word_1_92' title='bbox 598 1385 612 1414; x_wconf 93' lang='lat'><strong>,</strong></span> <span class='ocrx_word' id='word_1_93' title='bbox 658 1349 988 1416; x_wconf 88' lang='lat' dir='ltr'><strong>procurent.</strong></span> <span class='ocrx_word' id='word_1_94' title='bbox 1021 1344 1146 1397; x_wconf 90' lang='lat' dir='ltr'><strong>Non</strong></span> <span class='ocrx_word' id='word_1_95' title='bbox 1211 1342 1364 1397; x_wconf 91' lang='lat' dir='ltr'><strong>enim</strong></span> <span class='ocrx_word' id='word_1_96' title='bbox 1401 1344 1665 1397; x_wconf 88' lang='lat' dir='ltr'><strong>convenit</strong></span> <span class='ocrx_word' id='word_1_97' title='bbox 1709 1348 1773 1398; x_wconf 88' lang='lat' dir='ltr'><strong>ut</strong></span> <span class='ocrx_word' id='word_1_98' title='bbox 1810 1343 2059 1411; x_wconf 90' lang='lat' dir='ltr'><strong>ecclesia,</strong></span> 
     </span>
    </p>
   </div>
   <div class='ocr_carea' id='block_1_14' title="bbox 438 1420 2061 1508">
    <p class='ocr_par' dir='ltr' id='par_1_14' title="bbox 438 1420 2061 1508">
     <span class='ocr_line' id='line_1_14' title="bbox 438 1420 2061 1508; baseline -0.001 -16"><span class='ocrx_word' id='word_1_99' title='bbox 438 1453 568 1508; x_wconf 88' lang='lat' dir='ltr'><strong>qua</strong></span> <span class='ocrx_word' id='word_1_100' title='bbox 617 1420 849 1507; x_wconf 77' lang='lat' dir='ltr'><strong>suspicit</strong></span> <span class='ocrx_word' id='word_1_101' title='bbox 886 1440 1188 1490; x_wconf 86' lang='lat' dir='ltr'><strong>externum</strong></span> <span class='ocrx_word' id='word_1_102' title='bbox 1231 1435 1440 1490; x_wconf 77' lang='lat' dir='ltr'><strong>efficiat</strong></span> <span class='ocrx_word' id='word_1_103' title='bbox 1479 1436 1536 1490; x_wconf 88' lang='lat' dir='ltr'><strong>in</strong></span> <span class='ocrx_word' id='word_1_104' title='bbox 1577 1436 1762 1490; x_wconf 88' lang='lat' dir='ltr'><strong>alieno</strong></span> <span class='ocrx_word' id='word_1_105' title='bbox 1807 1435 2061 1504; x_wconf 83' lang='lat' dir='ltr'><strong>divitem,</strong></span> 
     </span>
    </p>
   </div>
   <div class='ocr_carea' id='block_1_15' title="bbox 439 1528 2064 1600">
    <p class='ocr_par' dir='ltr' id='par_1_15' title="bbox 439 1528 2064 1600">
     <span class='ocr_line' id='line_1_15' title="bbox 439 1528 2064 1600; baseline 0 -16"><span class='ocrx_word' id='word_1_106' title='bbox 439 1532 498 1584; x_wconf 91' lang='lat' dir='ltr'><strong>et</strong></span> <span class='ocrx_word' id='word_1_107' title='bbox 524 1529 586 1584; x_wconf 91' lang='lat' dir='ltr'><strong>in</strong></span> <span class='ocrx_word' id='word_1_108' title='bbox 615 1544 716 1584; x_wconf 90' lang='lat' dir='ltr'><strong>suo</strong></span> <span class='ocrx_word' id='word_1_109' title='bbox 742 1528 983 1583; x_wconf 89' lang='lat' dir='ltr'><strong>retineat</strong></span> <span class='ocrx_word' id='word_1_110' title='bbox 1013 1529 1415 1583; x_wconf 88' lang='lat' dir='ltr'><strong>fraudatorem.</strong></span> <span class='ocrx_word' id='word_1_111' title='bbox 1445 1528 1509 1583; x_wconf 88' lang='lat' dir='ltr'><strong>Hi</strong></span> <span class='ocrx_word' id='word_1_112' title='bbox 1541 1545 1673 1583; x_wconf 89' lang='lat' dir='ltr'><strong>vero</strong></span> <span class='ocrx_word' id='word_1_113' title='bbox 1702 1529 1797 1600; x_wconf 89' lang='lat' dir='ltr'><strong>qui</strong></span> <span class='ocrx_word' id='word_1_114' title='bbox 1829 1545 2064 1585; x_wconf 91' lang='lat' dir='ltr'><strong>suarum</strong></span> 
     </span>
    </p>
   </div>
   <div class='ocr_carea' id='block_1_16' title="bbox 436 1621 2063 1692">
    <p class='ocr_par' dir='ltr' id='par_1_16' title="bbox 436 1621 2063 1692">
     <span class='ocr_line' id='line_1_16' title="bbox 436 1621 2063 1692; baseline 0 -16"><span class='ocrx_word' id='word_1_115' title='bbox 436 1638 633 1677; x_wconf 90' lang='lat' dir='ltr'><strong>rerum</strong></span> <span class='ocrx_word' id='word_1_116' title='bbox 656 1624 971 1676; x_wconf 88' lang='lat' dir='ltr'><strong>noscuntur</strong></span> <span class='ocrx_word' id='word_1_117' title='bbox 1011 1621 1221 1677; x_wconf 87' lang='lat' dir='ltr'><strong>habere</strong></span> <span class='ocrx_word' id='word_1_118' title='bbox 1252 1621 1676 1692; x_wconf 88' lang='lat' dir='ltr'><strong>compendium,</strong></span> <span class='ocrx_word' id='word_1_119' title='bbox 1715 1638 1786 1676; x_wconf 88' lang='lat' dir='ltr'><strong>ex</strong></span> <span class='ocrx_word' id='word_1_120' title='bbox 1816 1622 1973 1676; x_wconf 89' lang='lat' dir='ltr'><strong>omni</strong></span> <span class='ocrx_word' id='word_1_121' title='bbox 2002 1638 2063 1677; x_wconf 88' lang='lat' dir='ltr'><strong>re</strong></span> 
     </span>
    </p>
   </div>
   <div class='ocr_carea' id='block_1_17' title="bbox 437 1714 2058 1786">
    <p class='ocr_par' dir='ltr' id='par_1_17' title="bbox 437 1714 2058 1786">
     <span class='ocr_line' id='line_1_17' title="bbox 437 1714 2058 1786; baseline 0.001 -17"><span class='ocrx_word' id='word_1_122' title='bbox 437 1731 615 1786; x_wconf 88' lang='lat' dir='ltr'><strong>quam</strong></span> <span class='ocrx_word' id='word_1_123' title='bbox 632 1717 758 1785; x_wconf 90' lang='lat' dir='ltr'><strong>post</strong></span> <span class='ocrx_word' id='word_1_124' title='bbox 777 1714 1147 1769; x_wconf 88' lang='lat' dir='ltr'><strong>ordinationis</strong></span> <span class='ocrx_word' id='word_1_125' title='bbox 1168 1730 1284 1769; x_wconf 85' lang='lat' dir='ltr'><strong>sua</strong></span> <span class='ocrx_word' id='word_1_126' title='bbox 1298 1714 1448 1769; x_wconf 91' lang='lat' dir='ltr'><strong>diem</strong></span> <span class='ocrx_word' id='word_1_127' title='bbox 1466 1714 1569 1768; x_wconf 88' lang='lat' dir='ltr'><strong>visi</strong></span> <span class='ocrx_word' id='word_1_128' title='bbox 1587 1719 1719 1769; x_wconf 90' lang='lat' dir='ltr'><strong>sunt</strong></span> <span class='ocrx_word' id='word_1_129' title='bbox 1734 1715 2058 1786; x_wconf 89' lang='lat' dir='ltr'><strong>acquisisse,</strong></span> 
     </span>
    </p>
   </div>
   <div class='ocr_carea' id='block_1_18' title="bbox 2166 498 3807 569">
    <p class='ocr_par' dir='ltr' id='par_1_18' title="bbox 2166 498 3807 569">
     <span class='ocr_line' id='line_1_18' title="bbox 2166 498 3807 569; baseline 0.001 -16"><span class='ocrx_word' id='word_1_130' title='bbox 2166 503 2266 553; x_wconf 93' lang='lat' dir='ltr'><strong>aut</strong></span> <span class='ocrx_word' id='word_1_131' title='bbox 2288 499 2440 553; x_wconf 89' lang='lat' dir='ltr'><strong>fraus</strong></span> <span class='ocrx_word' id='word_1_132' title='bbox 2461 516 2575 554; x_wconf 89' lang='lat' dir='ltr'><strong>non</strong></span> <span class='ocrx_word' id='word_1_133' title='bbox 2598 499 2918 554; x_wconf 86' lang='lat' dir='ltr'><strong>inveniatur</strong></span> <span class='ocrx_word' id='word_1_134' title='bbox 2937 499 3111 553; x_wconf 88' lang='lat' dir='ltr'><strong>illata.</strong></span> <span class='ocrx_word' id='word_1_135' title='bbox 3129 498 3288 563; x_wconf 86' lang='lat' dir='ltr'><strong>Quod</strong></span> <span class='ocrx_word' id='word_1_136' title='bbox 3305 498 3349 552; x_wconf 93' lang='lat' dir='ltr'><strong>si</strong></span> <span class='ocrx_word' id='word_1_137' title='bbox 3371 498 3686 569; x_wconf 84' lang='lat' dir='ltr'><strong>presbyteri</strong></span> <span class='ocrx_word' id='word_1_138' title='bbox 3705 505 3807 554; x_wconf 88' lang='lat' dir='ltr'><strong>aut</strong></span> 
     </span>
    </p>
   </div>
   <div class='ocr_carea' id='block_1_19' title="bbox 2166 592 3807 663">
    <p class='ocr_par' dir='ltr' id='par_1_19' title="bbox 2166 592 3807 663">
     <span class='ocr_line' id='line_1_19' title="bbox 2166 592 3807 663; baseline -0.001 -17"><span class='ocrx_word' id='word_1_139' title='bbox 2166 592 2387 646; x_wconf 88' lang='lat' dir='ltr'><strong>diaconi</strong></span> <span class='ocrx_word' id='word_1_140' title='bbox 2429 592 2661 661; x_wconf 87' lang='lat' dir='ltr'><strong>fuerint,</strong></span> <span class='ocrx_word' id='word_1_141' title='bbox 2711 609 2850 663; x_wconf 90' lang='lat' dir='ltr'><strong>quos</strong></span> <span class='ocrx_word' id='word_1_142' title='bbox 2895 592 3101 645; x_wconf 87' lang='lat' dir='ltr'><strong>obiisse</strong></span> <span class='ocrx_word' id='word_1_143' title='bbox 3153 592 3484 660; x_wconf 84' lang='lat' dir='ltr'><strong>constiterit,</strong></span> <span class='ocrx_word' id='word_1_144' title='bbox 3513 608 3634 645; x_wconf 89' lang='lat' dir='ltr'><strong>non</strong></span> <span class='ocrx_word' id='word_1_145' title='bbox 3683 592 3807 646; x_wconf 87' lang='lat' dir='ltr'><strong>sine</strong></span> 
     </span>
    </p>
   </div>
   <div class='ocr_carea' id='block_1_20' title="bbox 2166 684 3803 756">
    <p class='ocr_par' dir='ltr' id='par_1_20' title="bbox 2166 684 3803 756">
     <span class='ocr_line' id='line_1_20' title="bbox 2166 684 3803 756; baseline 0 -18"><span class='ocrx_word' id='word_1_146' title='bbox 2166 685 2459 754; x_wconf 84' lang='lat' dir='ltr'><strong>agnitione</strong></span> <span class='ocrx_word' id='word_1_147' title='bbox 2487 685 2572 739; x_wconf 90' lang='lat' dir='ltr'><strong>sui</strong></span> <span class='ocrx_word' id='word_1_148' title='bbox 2620 685 2870 756; x_wconf 89' lang='lat' dir='ltr'><strong>episcopi</strong></span> <span class='ocrx_word' id='word_1_149' title='bbox 2897 701 3017 738; x_wconf 88' lang='lat' dir='ltr'><strong>rem</strong></span> <span class='ocrx_word' id='word_1_150' title='bbox 3047 685 3167 754; x_wconf 83' lang='lat' dir='ltr'><strong>ejus</strong></span> <span class='ocrx_word' id='word_1_151' title='bbox 3194 684 3519 739; x_wconf 78' lang='lat' dir='ltr'><strong>haeredibus</strong></span> <span class='ocrx_word' id='word_1_152' title='bbox 3547 685 3706 738; x_wconf 90' lang='lat' dir='ltr'><strong>adire</strong></span> <span class='ocrx_word' id='word_1_153' title='bbox 3732 685 3803 739; x_wconf 91' lang='lat' dir='ltr'><strong>li-</strong></span> 
     </span>
    </p>
   </div>
   <div class='ocr_carea' id='block_1_21' title="bbox 2166 777 3803 849">
    <p class='ocr_par' dir='ltr' id='par_1_21' title="bbox 2166 777 3803 849">
     <span class='ocr_line' id='line_1_21' title="bbox 2166 777 3803 849; baseline -0.001 -18"><span class='ocrx_word' id='word_1_154' title='bbox 2166 778 2331 833; x_wconf 88' lang='lat' dir='ltr'><strong>cebit.</strong></span> <span class='ocrx_word' id='word_1_155' title='bbox 2358 778 2620 849; x_wconf 89' lang='lat' dir='ltr'><strong>Quisquis</strong></span> <span class='ocrx_word' id='word_1_156' title='bbox 2649 795 2783 832; x_wconf 89' lang='lat' dir='ltr'><strong>sane</strong></span> <span class='ocrx_word' id='word_1_157' title='bbox 2813 783 2940 849; x_wconf 91' lang='lat' dir='ltr'><strong>post</strong></span> <span class='ocrx_word' id='word_1_158' title='bbox 2975 779 3094 831; x_wconf 85' lang='lat' dir='ltr'><strong>hac</strong></span> <span class='ocrx_word' id='word_1_159' title='bbox 3122 781 3506 847; x_wconf 85' lang='lat' dir='ltr'><strong>transgressor</strong></span> <span class='ocrx_word' id='word_1_160' title='bbox 3536 777 3803 832; x_wconf 85' lang='lat' dir='ltr'><strong>inventus</strong></span> 
     </span>
    </p>
   </div>
   <div class='ocr_carea' id='block_1_22' title="bbox 2167 870 3802 942">
    <p class='ocr_par' dir='ltr' id='par_1_22' title="bbox 2167 870 3802 942">
     <span class='ocr_line' id='line_1_22' title="bbox 2167 870 3802 942; baseline -0.001 -17"><span class='ocrx_word' id='word_1_161' title='bbox 2167 870 2486 938; x_wconf 81' lang='lat' dir='ltr'><strong>exstiterit,</strong></span> <span class='ocrx_word' id='word_1_162' title='bbox 2538 888 2641 942; x_wconf 88' lang='lat' dir='ltr'><strong>pro</strong></span> <span class='ocrx_word' id='word_1_163' title='bbox 2689 871 2776 925; x_wconf 92' lang='lat' dir='ltr'><strong>his</strong></span> <span class='ocrx_word' id='word_1_164' title='bbox 2835 886 2959 942; x_wconf 87' lang='lat' dir='ltr'><strong>qua</strong></span> <span class='ocrx_word' id='word_1_165' title='bbox 3034 887 3149 925; x_wconf 89' lang='lat' dir='ltr'><strong>non</strong></span> <span class='ocrx_word' id='word_1_166' title='bbox 3225 875 3545 941; x_wconf 80' lang='lat' dir='ltr'><strong>exspectato</strong></span> <span class='ocrx_word' id='word_1_167' title='bbox 3599 870 3802 925; x_wconf 87' lang='lat' dir='ltr'><strong>ordine</strong></span> 
     </span>
    </p>
   </div>
   <div class='ocr_carea' id='block_1_23' title="bbox 2165 963 3798 1034">
    <p class='ocr_par' dir='ltr' id='par_1_23' title="bbox 2165 963 3798 1034">
     <span class='ocr_line' id='line_1_23' title="bbox 2165 963 3798 1034; baseline 0 -18"><span class='ocrx_word' id='word_1_168' title='bbox 2165 963 2366 1019; x_wconf 89' lang='lat' dir='ltr'><strong>adierit</strong></span> <span class='ocrx_word' id='word_1_169' title='bbox 2413 963 2716 1018; x_wconf 91' lang='lat' dir='ltr'><strong>invasionis</strong></span> <span class='ocrx_word' id='word_1_170' title='bbox 2774 964 2983 1018; x_wconf 87' lang='lat' dir='ltr'><strong>damno</strong></span> <span class='ocrx_word' id='word_1_171' title='bbox 3047 964 3185 1034; x_wconf 85' lang='lat' dir='ltr'><strong>legis</strong></span> <span class='ocrx_word' id='word_1_172' title='bbox 3248 963 3543 1017; x_wconf 86' lang='lat' dir='ltr'><strong>sententia</strong></span> <span class='ocrx_word' id='word_1_173' title='bbox 3606 964 3798 1034; x_wconf 76' lang='lat' dir='ltr'><strong>subju-</strong></span> 
     </span>
    </p>
   </div>
   <div class='ocr_carea' id='block_1_24' title="bbox 2165 1056 2332 1111">
    <p class='ocr_par' dir='ltr' id='par_1_24' title="bbox 2165 1056 2332 1111">
     <span class='ocr_line' id='line_1_24' title="bbox 2165 1056 2332 1111; baseline 0.006 -1"><span class='ocrx_word' id='word_1_174' title='bbox 2165 1056 2332 1111; x_wconf 90' lang='lat' dir='ltr'><strong>cebit.</strong></span> 
     </span>
    </p>
   </div>
   <div class='ocr_carea' id='block_1_25' title="bbox 2235 1150 3801 1222">
    <p class='ocr_par' dir='ltr' id='par_1_25' title="bbox 2235 1150 3801 1222">
     <span class='ocr_line' id='line_1_25' title="bbox 2235 1150 3801 1222; baseline 0.002 -20"><span class='ocrx_word' id='word_1_175' title='bbox 2235 1150 2368 1204; x_wconf 89' lang='lat' dir='ltr'><strong>VIII.</strong></span> <span class='ocrx_word' id='word_1_176' title='bbox 2414 1150 2468 1205; x_wconf 91' lang='lat' dir='ltr'><strong>Si</strong></span> <span class='ocrx_word' id='word_1_177' title='bbox 2507 1151 2765 1205; x_wconf 90' lang='lat' dir='ltr'><strong>sacerdos</strong></span> <span class='ocrx_word' id='word_1_178' title='bbox 2797 1152 2882 1204; x_wconf 87' lang='lat' dir='ltr'><strong>vel</strong></span> <span class='ocrx_word' id='word_1_179' title='bbox 2929 1150 3205 1217; x_wconf 84' lang='lat' dir='ltr'><strong>minister,</strong></span> <span class='ocrx_word' id='word_1_180' title='bbox 3248 1151 3384 1205; x_wconf 92' lang='lat' dir='ltr'><strong>dum</strong></span> <span class='ocrx_word' id='word_1_181' title='bbox 3416 1151 3801 1222; x_wconf 86' lang='lat' dir='ltr'><strong>gubernacula</strong></span> 
     </span>
    </p>
   </div>
   <div class='ocr_carea' id='block_1_26' title="bbox 2164 1242 3795 1312">
    <p class='ocr_par' dir='ltr' id='par_1_26' title="bbox 2164 1242 3795 1312">
     <span class='ocr_line' id='line_1_26' title="bbox 2164 1242 3795 1312; baseline 0.002 -16"><span class='ocrx_word' id='word_1_182' title='bbox 2164 1242 2526 1297; x_wconf 90' lang='lat' dir='ltr'><strong>ecclesiarum</strong></span> <span class='ocrx_word' id='word_1_183' title='bbox 2575 1242 2972 1299; x_wconf 86' lang='lat' dir='ltr'><strong>administrare</strong></span> <span class='ocrx_word' id='word_1_184' title='bbox 3016 1243 3276 1312; x_wconf 90' lang='lat' dir='ltr'><strong>videtur,</strong></span> <span class='ocrx_word' id='word_1_185' title='bbox 3318 1249 3516 1298; x_wconf 89' lang='lat' dir='ltr'><strong>contra</strong></span> <span class='ocrx_word' id='word_1_186' title='bbox 3560 1246 3795 1299; x_wconf 85' lang='lat' dir='ltr'><strong>Patrum</strong></span> 
     </span>
    </p>
   </div>
   <div class='ocr_carea' id='block_1_27' title="bbox 2165 1335 3797 1409">
    <p class='ocr_par' dir='ltr' id='par_1_27' title="bbox 2165 1335 3797 1409">
     <span class='ocr_line' id='line_1_27' title="bbox 2165 1335 3797 1409; baseline 0.002 -22"><span class='ocrx_word' id='word_1_187' title='bbox 2165 1335 2478 1390; x_wconf 82' lang='lat' dir='ltr'><strong>sanctiones</strong></span> <span class='ocrx_word' id='word_1_188' title='bbox 2507 1336 2576 1390; x_wconf 91' lang='lat' dir='ltr'><strong>de</strong></span> <span class='ocrx_word' id='word_1_189' title='bbox 2606 1336 2775 1390; x_wconf 87' lang='lat' dir='ltr'><strong>rebus</strong></span> <span class='ocrx_word' id='word_1_190' title='bbox 2802 1336 3054 1391; x_wconf 90' lang='lat' dir='ltr'><strong>ecclesia</strong></span> <span class='ocrx_word' id='word_1_191' title='bbox 3076 1336 3317 1390; x_wconf 78' lang='lat' dir='ltr'><strong>defuisse</strong></span> <span class='ocrx_word' id='word_1_192' title='bbox 3342 1336 3558 1407; x_wconf 88' lang='lat' dir='ltr'><strong>aliquid</strong></span> <span class='ocrx_word' id='word_1_193' title='bbox 3585 1338 3797 1409; x_wconf 83' lang='lat' dir='ltr'><strong>digno-</strong></span> 
     </span>
    </p>
   </div>
   <div class='ocr_carea' id='block_1_28' title="bbox 2165 1428 3799 1500">
    <p class='ocr_par' dir='ltr' id='par_1_28' title="bbox 2165 1428 3799 1500">
     <span class='ocr_line' id='line_1_28' title="bbox 2165 1428 3799 1500; baseline 0.002 -19"><span class='ocrx_word' id='word_1_194' title='bbox 2165 1428 2357 1495; x_wconf 81' lang='lat' dir='ltr'><strong>scitur,</strong></span> <span class='ocrx_word' id='word_1_195' title='bbox 2393 1446 2505 1483; x_wconf 90' lang='lat' dir='ltr'><strong>non</strong></span> <span class='ocrx_word' id='word_1_196' title='bbox 2534 1445 2604 1483; x_wconf 87' lang='lat' dir='ltr'><strong>ex</strong></span> <span class='ocrx_word' id='word_1_197' title='bbox 2638 1429 2727 1483; x_wconf 91' lang='lat' dir='ltr'><strong>die</strong></span> <span class='ocrx_word' id='word_1_198' title='bbox 2767 1446 2880 1500; x_wconf 90' lang='lat' dir='ltr'><strong>quo</strong></span> <span class='ocrx_word' id='word_1_199' title='bbox 2910 1428 3041 1485; x_wconf 89' lang='lat' dir='ltr'><strong>talia</strong></span> <span class='ocrx_word' id='word_1_200' title='bbox 3072 1428 3369 1483; x_wconf 90' lang='lat' dir='ltr'><strong>scribendo</strong></span> <span class='ocrx_word' id='word_1_201' title='bbox 3403 1429 3673 1496; x_wconf 85' lang='lat' dir='ltr'><strong>decrevit,</strong></span> <span class='ocrx_word' id='word_1_202' title='bbox 3703 1431 3799 1484; x_wconf 90' lang='lat' dir='ltr'><strong>sed</strong></span> 
     </span>
    </p>
   </div>
   <div class='ocr_carea' id='block_1_29' title="bbox 2166 1521 3801 1593">
    <p class='ocr_par' dir='ltr' id='par_1_29' title="bbox 2166 1521 3801 1593">
     <span class='ocr_line' id='line_1_29' title="bbox 2166 1521 3801 1593; baseline 0.001 -18"><span class='ocrx_word' id='word_1_203' title='bbox 2166 1538 2233 1575; x_wconf 86' lang='lat' dir='ltr'><strong>ex</strong></span> <span class='ocrx_word' id='word_1_204' title='bbox 2258 1538 2371 1592; x_wconf 91' lang='lat' dir='ltr'><strong>quo</strong></span> <span class='ocrx_word' id='word_1_205' title='bbox 2400 1522 2532 1576; x_wconf 88' lang='lat' dir='ltr'><strong>talia</strong></span> <span class='ocrx_word' id='word_1_206' title='bbox 2551 1522 2849 1577; x_wconf 90' lang='lat' dir='ltr'><strong>moriendo</strong></span> <span class='ocrx_word' id='word_1_207' title='bbox 2869 1522 3101 1576; x_wconf 81' lang='lat' dir='ltr'><strong>definita</strong></span> <span class='ocrx_word' id='word_1_208' title='bbox 3122 1521 3355 1593; x_wconf 85' lang='lat' dir='ltr'><strong>reliquit</strong></span> <span class='ocrx_word' id='word_1_209' title='bbox 3380 1523 3801 1593; x_wconf 90' lang='lat' dir='ltr'><strong>supputationis</strong></span> 
     </span>
    </p>
   </div>
   <div class='ocr_carea' id='block_1_30' title="bbox 2163 1619 3801 1691">
    <p class='ocr_par' dir='ltr' id='par_1_30' title="bbox 2163 1619 3801 1691">
     <span class='ocr_line' id='line_1_30' title="bbox 2163 1619 3801 1691; baseline 0.001 -18"><span class='ocrx_word' id='word_1_210' title='bbox 2163 1619 2301 1675; x_wconf 91' lang='lat' dir='ltr'><strong>ordo</strong></span> <span class='ocrx_word' id='word_1_211' title='bbox 2332 1619 2625 1689; x_wconf 90' lang='lat' dir='ltr'><strong>substabit,</strong></span> <span class='ocrx_word' id='word_1_212' title='bbox 2651 1636 2928 1690; x_wconf 89' lang='lat' dir='ltr'><strong>nusquam</strong></span> <span class='ocrx_word' id='word_1_213' title='bbox 2958 1619 3114 1673; x_wconf 90' lang='lat' dir='ltr'><strong>enim</strong></span> <span class='ocrx_word' id='word_1_214' title='bbox 3141 1620 3210 1674; x_wconf 92' lang='lat' dir='ltr'><strong>ad</strong></span> <span class='ocrx_word' id='word_1_215' title='bbox 3239 1619 3552 1674; x_wconf 88' lang='lat' dir='ltr'><strong>triennium</strong></span> <span class='ocrx_word' id='word_1_216' title='bbox 3581 1624 3801 1691; x_wconf 87' lang='lat' dir='ltr'><strong>tempo-</strong></span> 
     </span>
    </p>
   </div>
   <div class='ocr_carea' id='block_1_31' title="bbox 2162 1711 3798 1784">
    <p class='ocr_par' dir='ltr' id='par_1_31' title="bbox 2162 1711 3798 1784">
     <span class='ocr_line' id='line_1_31' title="bbox 2162 1711 3798 1784; baseline 0.001 -18"><span class='ocrx_word' id='word_1_217' title='bbox 2162 1711 2240 1766; x_wconf 91' lang='lat' dir='ltr'><strong>ris</strong></span> <span class='ocrx_word' id='word_1_218' title='bbox 2302 1712 2609 1784; x_wconf 89' lang='lat' dir='ltr'><strong>pertinebit</strong></span> <span class='ocrx_word' id='word_1_219' title='bbox 2657 1712 2770 1766; x_wconf 85' lang='lat' dir='ltr'><strong>vita</strong></span> <span class='ocrx_word' id='word_1_220' title='bbox 2826 1712 2987 1766; x_wconf 90' lang='lat' dir='ltr'><strong>irrite</strong></span> <span class='ocrx_word' id='word_1_221' title='bbox 3051 1712 3383 1782; x_wconf 89' lang='lat' dir='ltr'><strong>judicantis,</strong></span> <span class='ocrx_word' id='word_1_222' title='bbox 3433 1712 3571 1784; x_wconf 90' lang='lat' dir='ltr'><strong>quia</strong></span> <span class='ocrx_word' id='word_1_223' title='bbox 3619 1716 3798 1769; x_wconf 84' lang='lat' dir='ltr'><strong>status</strong></span> 
     </span>
    </p>
   </div>
   <div class='ocr_carea' id='block_1_32' title="bbox 438 1778 3795 1879">
    <p class='ocr_par' dir='ltr' id='par_1_32' title="bbox 438 1778 3795 1879">
     <span class='ocr_line' id='line_1_32' title="bbox 438 1778 3795 1879; baseline -0.001 -17"><span class='ocrx_word' id='word_1_224' title='bbox 438 1807 556 1862; x_wconf 84' lang='lat' dir='ltr'><strong>sive</strong></span> <span class='ocrx_word' id='word_1_225' title='bbox 597 1807 789 1878; x_wconf 89' lang='lat' dir='ltr'><strong>aliqua</strong></span> <span class='ocrx_word' id='word_1_226' title='bbox 835 1806 947 1862; x_wconf 91' lang='lat' dir='ltr'><strong>sint</strong></span> <span class='ocrx_word' id='word_1_227' title='bbox 980 1806 1362 1861; x_wconf 88' lang='lat' dir='ltr'><strong>instrumenta</strong></span> <span class='ocrx_word' id='word_1_228' title='bbox 1393 1808 1663 1875; x_wconf 88' lang='lat' dir='ltr'><strong>confecta,</strong></span> <span class='ocrx_word' id='word_1_229' title='bbox 1702 1778 2138 1879; x_wconf 76' lang='lat' dir='ltr'><strong>compensateB</strong></span> <span class='ocrx_word' id='word_1_230' title='bbox 2162 1809 2552 1861; x_wconf 89' lang='lat' dir='ltr'><strong>contractuum</strong></span> <span class='ocrx_word' id='word_1_231' title='bbox 2597 1805 2757 1859; x_wconf 89' lang='lat' dir='ltr'><strong>initia</strong></span> <span class='ocrx_word' id='word_1_232' title='bbox 2800 1822 2912 1859; x_wconf 89' lang='lat' dir='ltr'><strong>non</strong></span> <span class='ocrx_word' id='word_1_233' title='bbox 2965 1806 3209 1877; x_wconf 88' lang='lat' dir='ltr'><strong>sumpsit</strong></span> <span class='ocrx_word' id='word_1_234' title='bbox 3246 1805 3315 1859; x_wconf 89' lang='lat' dir='ltr'><strong>ab</strong></span> <span class='ocrx_word' id='word_1_235' title='bbox 3361 1805 3580 1875; x_wconf 82' lang='lat' dir='ltr'><strong>origine</strong></span> <span class='ocrx_word' id='word_1_236' title='bbox 3611 1807 3795 1877; x_wconf 85' lang='lat' dir='ltr'><strong>aqui-</strong></span> 
     </span>
    </p>
   </div>
   <div class='ocr_carea' id='block_1_33' title="bbox 434 1898 2058 1971">
    <p class='ocr_par' dir='ltr' id='par_1_33' title="bbox 434 1898 2058 1971">
     <span class='ocr_line' id='line_1_33' title="bbox 434 1898 2058 1971; baseline 0.001 -16"><span class='ocrx_word' id='word_1_237' title='bbox 434 1904 561 1955; x_wconf 90' lang='lat' dir='ltr'><strong>tum</strong></span> <span class='ocrx_word' id='word_1_238' title='bbox 581 1898 730 1970; x_wconf 89' lang='lat' dir='ltr'><strong>juris</strong></span> <span class='ocrx_word' id='word_1_239' title='bbox 753 1900 841 1954; x_wconf 89' lang='lat' dir='ltr'><strong>sui</strong></span> <span class='ocrx_word' id='word_1_240' title='bbox 874 1915 1046 1971; x_wconf 87' lang='lat' dir='ltr'><strong>quam</strong></span> <span class='ocrx_word' id='word_1_241' title='bbox 1072 1898 1578 1955; x_wconf 89' lang='lat' dir='ltr'><strong>ecclesiasticarum</strong></span> <span class='ocrx_word' id='word_1_242' title='bbox 1610 1917 1803 1956; x_wconf 90' lang='lat' dir='ltr'><strong>rerum</strong></span> <span class='ocrx_word' id='word_1_243' title='bbox 1830 1901 2058 1957; x_wconf 88' lang='lat' dir='ltr'><strong>habitu-</strong></span> 
     </span>
    </p>
   </div>
   <div class='ocr_carea' id='block_1_34' title="bbox 436 1992 2061 2065">
    <p class='ocr_par' dir='ltr' id='par_1_34' title="bbox 436 1992 2061 2065">
     <span class='ocr_line' id='line_1_34' title="bbox 436 1992 2061 2065; baseline 0.001 -17"><span class='ocrx_word' id='word_1_244' title='bbox 436 1993 587 2063; x_wconf 89' lang='lat' dir='ltr'><strong>dine,</strong></span> <span class='ocrx_word' id='word_1_245' title='bbox 610 1992 657 2047; x_wconf 91' lang='lat' dir='ltr'><strong>si</strong></span> <span class='ocrx_word' id='word_1_246' title='bbox 676 2009 735 2048; x_wconf 91' lang='lat' dir='ltr'><strong>se</strong></span> <span class='ocrx_word' id='word_1_247' title='bbox 751 1993 1048 2063; x_wconf 90' lang='lat' dir='ltr'><strong>utriusque</strong></span> <span class='ocrx_word' id='word_1_248' title='bbox 1078 1993 1159 2047; x_wconf 90' lang='lat' dir='ltr'><strong>rei</strong></span> <span class='ocrx_word' id='word_1_249' title='bbox 1188 1993 1469 2064; x_wconf 87' lang='lat' dir='ltr'><strong>quantitas</strong></span> <span class='ocrx_word' id='word_1_250' title='bbox 1491 1994 1888 2065; x_wconf 84' lang='lat' dir='ltr'><strong>exaquaverit,</strong></span> <span class='ocrx_word' id='word_1_251' title='bbox 1911 1995 2061 2050; x_wconf 91' lang='lat' dir='ltr'><strong>inter</strong></span> 
     </span>
    </p>
   </div>
   <div class='ocr_carea' id='block_1_35' title="bbox 435 2085 2057 2160">
    <p class='ocr_par' dir='ltr' id='par_1_35' title="bbox 435 2085 2057 2160">
     <span class='ocr_line' id='line_1_35' title="bbox 435 2085 2057 2160; baseline 0.002 -20"><span class='ocrx_word' id='word_1_252' title='bbox 435 2085 728 2140; x_wconf 88' lang='lat' dir='ltr'><strong>ecclesiam</strong></span> <span class='ocrx_word' id='word_1_253' title='bbox 757 2088 815 2140; x_wconf 90' lang='lat' dir='ltr'><strong>et</strong></span> <span class='ocrx_word' id='word_1_254' title='bbox 837 2085 1165 2141; x_wconf 88' lang='lat' dir='ltr'><strong>decedentis</strong></span> <span class='ocrx_word' id='word_1_255' title='bbox 1190 2085 1448 2141; x_wconf 87' lang='lat' dir='ltr'><strong>haredes</strong></span> <span class='ocrx_word' id='word_1_256' title='bbox 1478 2103 1642 2159; x_wconf 87' lang='lat' dir='ltr'><strong>aquo</strong></span> <span class='ocrx_word' id='word_1_257' title='bbox 1662 2087 1794 2158; x_wconf 88' lang='lat' dir='ltr'><strong>jure</strong></span> <span class='ocrx_word' id='word_1_258' title='bbox 1821 2089 2057 2160; x_wconf 87' lang='lat' dir='ltr'><strong>conqui-</strong></span> 
     </span>
    </p>
   </div>
   <div class='ocr_carea' id='block_1_36' title="bbox 433 2177 2056 2255">
    <p class='ocr_par' dir='ltr' id='par_1_36' title="bbox 433 2177 2056 2255">
     <span class='ocr_line' id='line_1_36' title="bbox 433 2177 2056 2255; baseline 0.002 -22"><span class='ocrx_word' id='word_1_259' title='bbox 433 2177 562 2233; x_wconf 87' lang='lat' dir='ltr'><strong>sitio</strong></span> <span class='ocrx_word' id='word_1_260' title='bbox 589 2178 917 2249; x_wconf 90' lang='lat' dir='ltr'><strong>pertinebit.</strong></span> <span class='ocrx_word' id='word_1_261' title='bbox 950 2178 1005 2255; x_wconf 80' lang='lat' dir='ltr'><strong>Si</strong></span> <span class='ocrx_word' id='word_1_262' title='bbox 1030 2181 1222 2233; x_wconf 88' lang='lat' dir='ltr'><strong>autem</strong></span> <span class='ocrx_word' id='word_1_263' title='bbox 1249 2179 1513 2250; x_wconf 86' lang='lat' dir='ltr'><strong>quaelibet</strong></span> <span class='ocrx_word' id='word_1_264' title='bbox 1549 2196 1683 2252; x_wconf 90' lang='lat' dir='ltr'><strong>pars</strong></span> <span class='ocrx_word' id='word_1_265' title='bbox 1728 2182 1934 2253; x_wconf 88' lang='lat' dir='ltr'><strong>majori</strong></span> <span class='ocrx_word' id='word_1_266' title='bbox 1959 2199 2056 2238; x_wconf 89' lang='lat' dir='ltr'><strong>cu-</strong></span> 
     </span>
    </p>
   </div>
   <div class='ocr_carea' id='block_1_37' title="bbox 430 2269 2056 2343">
    <p class='ocr_par' dir='ltr' id='par_1_37' title="bbox 430 2269 2056 2343">
     <span class='ocr_line' id='line_1_37' title="bbox 430 2269 2056 2343; baseline 0.004 -19"><span class='ocrx_word' id='word_1_267' title='bbox 430 2269 592 2325; x_wconf 88' lang='lat' dir='ltr'><strong>mulo</strong></span> <span class='ocrx_word' id='word_1_268' title='bbox 619 2269 705 2325; x_wconf 92' lang='lat' dir='ltr'><strong>sui</strong></span> <span class='ocrx_word' id='word_1_269' title='bbox 717 2271 862 2342; x_wconf 91' lang='lat' dir='ltr'><strong>juris</strong></span> <span class='ocrx_word' id='word_1_270' title='bbox 882 2271 1212 2339; x_wconf 90' lang='lat' dir='ltr'><strong>excreverit,</strong></span> <span class='ocrx_word' id='word_1_271' title='bbox 1235 2272 1517 2343; x_wconf 86' lang='lat' dir='ltr'><strong>majorem</strong></span> <span class='ocrx_word' id='word_1_272' title='bbox 1541 2273 1860 2343; x_wconf 89' lang='lat' dir='ltr'><strong>portionem</strong></span> <span class='ocrx_word' id='word_1_273' title='bbox 1883 2275 2056 2332; x_wconf 88' lang='lat' dir='ltr'><strong>etiam</strong></span> 
     </span>
    </p>
   </div>
   <div class='ocr_carea' id='block_1_38' title="bbox 430 2362 2058 2438">
    <p class='ocr_par' dir='ltr' id='par_1_38' title="bbox 430 2362 2058 2438">
     <span class='ocr_line' id='line_1_38' title="bbox 430 2362 2058 2438; baseline 0.004 -22"><span class='ocrx_word' id='word_1_274' title='bbox 430 2363 493 2417; x_wconf 91' lang='lat' dir='ltr'><strong>in</strong></span> <span class='ocrx_word' id='word_1_275' title='bbox 524 2362 793 2418; x_wconf 90' lang='lat' dir='ltr'><strong>divisione</strong></span> <span class='ocrx_word' id='word_1_276' title='bbox 825 2362 1119 2435; x_wconf 89' lang='lat' dir='ltr'><strong>percipiet.</strong></span> <span class='ocrx_word' id='word_1_277' title='bbox 1149 2364 1486 2435; x_wconf 84' lang='lat' dir='ltr'><strong>Quicunque</strong></span> <span class='ocrx_word' id='word_1_278' title='bbox 1516 2382 1646 2421; x_wconf 90' lang='lat' dir='ltr'><strong>vero</strong></span> <span class='ocrx_word' id='word_1_279' title='bbox 1673 2367 1742 2421; x_wconf 90' lang='lat' dir='ltr'><strong>de</strong></span> <span class='ocrx_word' id='word_1_280' title='bbox 1771 2368 2058 2438; x_wconf 88' lang='lat' dir='ltr'><strong>pradictis</strong></span> 
     </span>
    </p>
   </div>
   <div class='ocr_carea' id='block_1_39' title="bbox 430 2456 2056 2533">
    <p class='ocr_par' dir='ltr' id='par_1_39' title="bbox 430 2456 2056 2533">
     <span class='ocr_line' id='line_1_39' title="bbox 430 2456 2056 2533; baseline 0.004 -23"><span class='ocrx_word' id='word_1_281' title='bbox 430 2456 813 2511; x_wconf 87' lang='lat' dir='ltr'><strong>sacerdotibus</strong></span> <span class='ocrx_word' id='word_1_282' title='bbox 861 2456 945 2511; x_wconf 89' lang='lat' dir='ltr'><strong>vel</strong></span> <span class='ocrx_word' id='word_1_283' title='bbox 990 2457 1265 2511; x_wconf 90' lang='lat' dir='ltr'><strong>ministris</strong></span> <span class='ocrx_word' id='word_1_284' title='bbox 1306 2473 1410 2527; x_wconf 90' lang='lat' dir='ltr'><strong>pro</strong></span> <span class='ocrx_word' id='word_1_285' title='bbox 1449 2458 1536 2513; x_wconf 90' lang='lat' dir='ltr'><strong>sui</strong></span> <span class='ocrx_word' id='word_1_286' title='bbox 1591 2459 1834 2515; x_wconf 89' lang='lat' dir='ltr'><strong>utilitate</strong></span> <span class='ocrx_word' id='word_1_287' title='bbox 1885 2464 2056 2533; x_wconf 89' lang='lat' dir='ltr'><strong>atque</strong></span> 
     </span>
    </p>
   </div>
   <div class='ocr_carea' id='block_1_40' title="bbox 429 2547 2060 2622">
    <p class='ocr_par' dir='ltr' id='par_1_40' title="bbox 429 2547 2060 2622">
     <span class='ocr_line' id='line_1_40' title="bbox 429 2547 2060 2622; baseline 0.004 -20"><span class='ocrx_word' id='word_1_288' title='bbox 429 2547 675 2604; x_wconf 88' lang='lat' dir='ltr'><strong>amicitia</strong></span> <span class='ocrx_word' id='word_1_289' title='bbox 699 2549 783 2603; x_wconf 88' lang='lat' dir='ltr'><strong>vel</strong></span> <span class='ocrx_word' id='word_1_290' title='bbox 808 2550 1198 2620; x_wconf 83' lang='lat' dir='ltr'><strong>prastatione,</strong></span> <span class='ocrx_word' id='word_1_291' title='bbox 1228 2556 1326 2605; x_wconf 88' lang='lat' dir='ltr'><strong>aut</strong></span> <span class='ocrx_word' id='word_1_292' title='bbox 1364 2566 1704 2622; x_wconf 90' lang='lat' dir='ltr'><strong>quocunque</strong></span> <span class='ocrx_word' id='word_1_293' title='bbox 1732 2552 1929 2619; x_wconf 88' lang='lat' dir='ltr'><strong>modo,</strong></span> <span class='ocrx_word' id='word_1_294' title='bbox 1960 2559 2060 2609; x_wconf 90' lang='lat' dir='ltr'><strong>aut</strong></span> 
     </span>
    </p>
   </div>
   <div class='ocr_carea' id='block_1_41' title="bbox 428 2642 2058 2717">
    <p class='ocr_par' dir='ltr' id='par_1_41' title="bbox 428 2642 2058 2717">
     <span class='ocr_line' id='line_1_41' title="bbox 428 2642 2058 2717; baseline 0.004 -22"><span class='ocrx_word' id='word_1_295' title='bbox 428 2657 532 2712; x_wconf 86' lang='lat' dir='ltr'><strong>per</strong></span> <span class='ocrx_word' id='word_1_296' title='bbox 561 2642 854 2712; x_wconf 82' lang='lat' dir='ltr'><strong>scriptura</strong></span> <span class='ocrx_word' id='word_1_297' title='bbox 905 2642 1106 2698; x_wconf 86' lang='lat' dir='ltr'><strong>seriem</strong></span> <span class='ocrx_word' id='word_1_298' title='bbox 1148 2643 1362 2714; x_wconf 85' lang='lat' dir='ltr'><strong>aliquid</strong></span> <span class='ocrx_word' id='word_1_299' title='bbox 1391 2645 1705 2700; x_wconf 87' lang='lat' dir='ltr'><strong>meruerint</strong></span> <span class='ocrx_word' id='word_1_300' title='bbox 1738 2662 1772 2699; x_wconf 91' lang='lat' dir='ltr'><strong>a</strong></span> <span class='ocrx_word' id='word_1_301' title='bbox 1801 2647 2058 2717; x_wconf 90' lang='lat' dir='ltr'><strong>quolibet</strong></span> 
     </span>
    </p>
   </div>
   <div class='ocr_carea' id='block_1_42' title="bbox 429 2733 2051 2808">
    <p class='ocr_par' dir='ltr' id='par_1_42' title="bbox 429 2733 2051 2808">
     <span class='ocr_line' id='line_1_42' title="bbox 429 2733 2051 2808; baseline 0.004 -20"><span class='ocrx_word' id='word_1_302' title='bbox 429 2733 757 2805; x_wconf 87' lang='lat' dir='ltr'><strong>pracipere,</strong></span> <span class='ocrx_word' id='word_1_303' title='bbox 788 2735 847 2788; x_wconf 89' lang='lat' dir='ltr'><strong>in</strong></span> <span class='ocrx_word' id='word_1_304' title='bbox 897 2736 1065 2789; x_wconf 88' lang='lat' dir='ltr'><strong>rebus</strong></span> <span class='ocrx_word' id='word_1_305' title='bbox 1092 2736 1477 2791; x_wconf 90' lang='lat' dir='ltr'><strong>ecclesiasticis</strong></span> <span class='ocrx_word' id='word_1_306' title='bbox 1505 2753 1623 2792; x_wconf 92' lang='lat' dir='ltr'><strong>non</strong></span> <span class='ocrx_word' id='word_1_307' title='bbox 1651 2742 1921 2808; x_wconf 88' lang='lat' dir='ltr'><strong>poterunt</strong></span> <span class='ocrx_word' id='word_1_308' title='bbox 1947 2756 2051 2795; x_wconf 90' lang='lat' dir='ltr'><strong>nu-</strong></span> 
     </span>
    </p>
   </div>
   <div class='ocr_carea' id='block_1_43' title="bbox 428 2826 2054 2902">
    <p class='ocr_par' dir='ltr' id='par_1_43' title="bbox 428 2826 2054 2902">
     <span class='ocr_line' id='line_1_43' title="bbox 428 2826 2054 2902; baseline 0.004 -22"><span class='ocrx_word' id='word_1_309' title='bbox 428 2827 655 2893; x_wconf 89' lang='lat' dir='ltr'><strong>merari,</strong></span> <span class='ocrx_word' id='word_1_310' title='bbox 674 2826 773 2881; x_wconf 88' lang='lat' dir='ltr'><strong>sed</strong></span> <span class='ocrx_word' id='word_1_311' title='bbox 797 2827 949 2897; x_wconf 92' lang='lat' dir='ltr'><strong>quod</strong></span> <span class='ocrx_word' id='word_1_312' title='bbox 976 2827 1180 2882; x_wconf 84' lang='lat' dir='ltr'><strong>exinde</strong></span> <span class='ocrx_word' id='word_1_313' title='bbox 1206 2829 1486 2884; x_wconf 89' lang='lat' dir='ltr'><strong>voluerint</strong></span> <span class='ocrx_word' id='word_1_314' title='bbox 1506 2830 1692 2885; x_wconf 88' lang='lat' dir='ltr'><strong>facere</strong></span> <span class='ocrx_word' id='word_1_315' title='bbox 1714 2830 1774 2884; x_wconf 92' lang='lat' dir='ltr'><strong>in</strong></span> <span class='ocrx_word' id='word_1_316' title='bbox 1798 2831 2054 2902; x_wconf 89' lang='lat' dir='ltr'><strong>ipsorum</strong></span> 
     </span>
    </p>
   </div>
   <div class='ocr_carea' id='block_1_44' title="bbox 425 2918 2054 2994">
    <p class='ocr_par' dir='ltr' id='par_1_44' title="bbox 425 2918 2054 2994">
     <span class='ocr_line' id='line_1_44' title="bbox 425 2918 2054 2994; baseline 0.005 -23"><span class='ocrx_word' id='word_1_317' title='bbox 425 2918 735 2974; x_wconf 89' lang='lat' dir='ltr'><strong>voluntatis</strong></span> <span class='ocrx_word' id='word_1_318' title='bbox 762 2919 995 2974; x_wconf 89' lang='lat' dir='ltr'><strong>arbitrio</strong></span> <span class='ocrx_word' id='word_1_319' title='bbox 1011 2920 1343 2991; x_wconf 89' lang='lat' dir='ltr'><strong>subjacebit,</strong></span> <span class='ocrx_word' id='word_1_320' title='bbox 1358 2923 1493 2993; x_wconf 88' lang='lat' dir='ltr'><strong>quia</strong></span> <span class='ocrx_word' id='word_1_321' title='bbox 1519 2922 1565 2976; x_wconf 92' lang='lat' dir='ltr'><strong>si</strong></span> <span class='ocrx_word' id='word_1_322' title='bbox 1590 2923 1698 2977; x_wconf 90' lang='lat' dir='ltr'><strong>hoc</strong></span> <span class='ocrx_word' id='word_1_323' title='bbox 1710 2927 1836 2994; x_wconf 91' lang='lat' dir='ltr'><strong>post</strong></span> <span class='ocrx_word' id='word_1_324' title='bbox 1859 2941 2054 2981; x_wconf 86' lang='lat' dir='ltr'><strong>eorum</strong></span> 
     </span>
    </p>
   </div>
   <div class='ocr_carea' id='block_1_45' title="bbox 427 3011 2055 3083">
    <p class='ocr_par' dir='ltr' id='par_1_45' title="bbox 427 3011 2055 3083">
     <span class='ocr_line' id='line_1_45' title="bbox 427 3011 2055 3083; baseline 0.004 -19"><span class='ocrx_word' id='word_1_325' title='bbox 427 3013 674 3066; x_wconf 90' lang='lat' dir='ltr'><strong>mortem</strong></span> <span class='ocrx_word' id='word_1_326' title='bbox 711 3011 1097 3067; x_wconf 81' lang='lat' dir='ltr'><strong>inordinatum</strong></span> <span class='ocrx_word' id='word_1_327' title='bbox 1143 3013 1378 3068; x_wconf 90' lang='lat' dir='ltr'><strong>fortasse</strong></span> <span class='ocrx_word' id='word_1_328' title='bbox 1420 3016 1777 3083; x_wconf 88' lang='lat' dir='ltr'><strong>remanserit,</strong></span> <span class='ocrx_word' id='word_1_329' title='bbox 1821 3018 2055 3073; x_wconf 88' lang='lat' dir='ltr'><strong>ecclesia</strong></span> 
     </span>
    </p>
   </div>
   <div class='ocr_carea' id='block_1_46' title="bbox 2160 1898 2311 1954">
    <p class='ocr_par' dir='ltr' id='par_1_46' title="bbox 2160 1898 2311 1954">
     <span class='ocr_line' id='line_1_46' title="bbox 2160 1898 2311 1954; baseline 0.013 -3"><span class='ocrx_word' id='word_1_330' title='bbox 2160 1898 2311 1954; x_wconf 84' lang='lat' dir='ltr'><strong>tatis.</strong></span> 
     </span>
    </p>
   </div>
   <div class='ocr_carea' id='block_1_47' title="bbox 2235 1990 3796 2063">
    <p class='ocr_par' dir='ltr' id='par_1_47' title="bbox 2235 1990 3796 2063">
     <span class='ocr_line' id='line_1_47' title="bbox 2235 1990 3796 2063; baseline 0.001 -19"><span class='ocrx_word' id='word_1_331' title='bbox 2235 1992 2314 2045; x_wconf 86' lang='lat' dir='ltr'><strong>IX.</strong></span> <span class='ocrx_word' id='word_1_332' title='bbox 2341 1991 2621 2063; x_wconf 90' lang='lat' dir='ltr'><strong>Plerique,</strong></span> <span class='ocrx_word' id='word_1_333' title='bbox 2653 1992 2791 2062; x_wconf 87' lang='lat' dir='ltr'><strong>dum</strong></span> <span class='ocrx_word' id='word_1_334' title='bbox 2818 1992 3032 2062; x_wconf 87' lang='lat' dir='ltr'><strong>rapinis</strong></span> <span class='ocrx_word' id='word_1_335' title='bbox 3060 1990 3287 2045; x_wconf 89' lang='lat' dir='ltr'><strong>inhiant</strong></span> <span class='ocrx_word' id='word_1_336' title='bbox 3316 1994 3379 2045; x_wconf 93' lang='lat' dir='ltr'><strong>ut</strong></span> <span class='ocrx_word' id='word_1_337' title='bbox 3421 2008 3537 2045; x_wconf 91' lang='lat' dir='ltr'><strong>non</strong></span> <span class='ocrx_word' id='word_1_338' title='bbox 3565 1990 3796 2058; x_wconf 82' lang='lat' dir='ltr'><strong>debent,</strong></span> 
     </span>
    </p>
   </div>
   <div class='ocr_carea' id='block_1_48' title="bbox 2161 2083 3797 2156">
    <p class='ocr_par' dir='ltr' id='par_1_48' title="bbox 2161 2083 3797 2156">
     <span class='ocr_line' id='line_1_48' title="bbox 2161 2083 3797 2156; baseline 0 -19"><span class='ocrx_word' id='word_1_339' title='bbox 2161 2087 2259 2138; x_wconf 90' lang='lat' dir='ltr'><strong>aut</strong></span> <span class='ocrx_word' id='word_1_340' title='bbox 2304 2084 2682 2138; x_wconf 88' lang='lat' dir='ltr'><strong>miserationis</strong></span> <span class='ocrx_word' id='word_1_341' title='bbox 2733 2101 2875 2156; x_wconf 89' lang='lat' dir='ltr'><strong>opus</strong></span> <span class='ocrx_word' id='word_1_342' title='bbox 2913 2083 3197 2154; x_wconf 84' lang='lat' dir='ltr'><strong>condigne</strong></span> <span class='ocrx_word' id='word_1_343' title='bbox 3242 2100 3357 2138; x_wconf 88' lang='lat' dir='ltr'><strong>non</strong></span> <span class='ocrx_word' id='word_1_344' title='bbox 3389 2083 3663 2154; x_wconf 87' lang='lat' dir='ltr'><strong>implent,</strong></span> <span class='ocrx_word' id='word_1_345' title='bbox 3693 2086 3797 2138; x_wconf 89' lang='lat' dir='ltr'><strong>aut</strong></span> 
     </span>
    </p>
   </div>
   <div class='ocr_carea' id='block_1_49' title="bbox 2158 2176 3794 2247">
    <p class='ocr_par' dir='ltr' id='par_1_49' title="bbox 2158 2176 3794 2247">
     <span class='ocr_line' id='line_1_49' title="bbox 2158 2176 3794 2247; baseline 0.001 -18"><span class='ocrx_word' id='word_1_346' title='bbox 2158 2176 2407 2230; x_wconf 85' lang='lat' dir='ltr'><strong>indebita</strong></span> <span class='ocrx_word' id='word_1_347' title='bbox 2436 2176 2543 2247; x_wconf 89' lang='lat' dir='ltr'><strong>ipsi</strong></span> <span class='ocrx_word' id='word_1_348' title='bbox 2582 2176 2932 2231; x_wconf 82' lang='lat' dir='ltr'><strong>miserationi</strong></span> <span class='ocrx_word' id='word_1_349' title='bbox 2987 2177 3196 2230; x_wconf 89' lang='lat' dir='ltr'><strong>damna</strong></span> <span class='ocrx_word' id='word_1_350' title='bbox 3240 2176 3603 2247; x_wconf 86' lang='lat' dir='ltr'><strong>permiscent.</strong></span> <span class='ocrx_word' id='word_1_351' title='bbox 3634 2176 3794 2231; x_wconf 88' lang='lat' dir='ltr'><strong>Ideo-</strong></span> 
     </span>
    </p>
   </div>
   <div class='ocr_carea' id='block_1_50' title="bbox 2160 2268 3796 2340">
    <p class='ocr_par' dir='ltr' id='par_1_50' title="bbox 2160 2268 3796 2340">
     <span class='ocr_line' id='line_1_50' title="bbox 2160 2268 3796 2340; baseline -0.001 -17"><span class='ocrx_word' id='word_1_352' title='bbox 2160 2285 2269 2340; x_wconf 89' lang='lat' dir='ltr'><strong>que</strong></span> <span class='ocrx_word' id='word_1_353' title='bbox 2320 2286 2393 2323; x_wconf 91' lang='lat' dir='ltr'><strong>ne</strong></span> <span class='ocrx_word' id='word_1_354' title='bbox 2448 2269 2689 2340; x_wconf 88' lang='lat' dir='ltr'><strong>amplius</strong></span> <span class='ocrx_word' id='word_1_355' title='bbox 2731 2269 3121 2323; x_wconf 88' lang='lat' dir='ltr'><strong>misericordia</strong></span> <span class='ocrx_word' id='word_1_356' title='bbox 3178 2285 3318 2339; x_wconf 89' lang='lat' dir='ltr'><strong>opus</strong></span> <span class='ocrx_word' id='word_1_357' title='bbox 3373 2268 3796 2323; x_wconf 84' lang='lat' dir='ltr'><strong>exsecrabiliter</strong></span> 
     </span>
    </p>
   </div>
   <div class='ocr_carea' id='block_1_51' title="bbox 2156 2360 3795 2431">
    <p class='ocr_par' dir='ltr' id='par_1_51' title="bbox 2156 2360 3795 2431">
     <span class='ocr_line' id='line_1_51' title="bbox 2156 2360 3795 2431; baseline 0.001 -18"><span class='ocrx_word' id='word_1_358' title='bbox 2156 2360 2396 2429; x_wconf 86' lang='lat' dir='ltr'><strong>labatur,</strong></span> <span class='ocrx_word' id='word_1_359' title='bbox 2418 2361 2476 2415; x_wconf 92' lang='lat' dir='ltr'><strong>id</strong></span> <span class='ocrx_word' id='word_1_360' title='bbox 2507 2360 2799 2415; x_wconf 90' lang='lat' dir='ltr'><strong>communi</strong></span> <span class='ocrx_word' id='word_1_361' title='bbox 2832 2362 3060 2415; x_wconf 87' lang='lat' dir='ltr'><strong>decreto</strong></span> <span class='ocrx_word' id='word_1_362' title='bbox 3079 2360 3368 2415; x_wconf 90' lang='lat' dir='ltr'><strong>sancimus</strong></span> <span class='ocrx_word' id='word_1_363' title='bbox 3399 2365 3480 2427; x_wconf 89' lang='lat' dir='ltr'><strong>ut,</strong></span> <span class='ocrx_word' id='word_1_364' title='bbox 3498 2378 3632 2415; x_wconf 90' lang='lat' dir='ltr'><strong>cum</strong></span> <span class='ocrx_word' id='word_1_365' title='bbox 3655 2378 3795 2431; x_wconf 89' lang='lat' dir='ltr'><strong>pon-</strong></span> 
     </span>
    </p>
   </div>
   <div class='ocr_carea' id='block_1_52' title="bbox 2156 2453 3792 2525">
    <p class='ocr_par' dir='ltr' id='par_1_52' title="bbox 2156 2453 3792 2525">
     <span class='ocr_line' id='line_1_52' title="bbox 2156 2453 3792 2525; baseline 0.001 -19"><span class='ocrx_word' id='word_1_366' title='bbox 2156 2453 2366 2507; x_wconf 85' lang='lat' dir='ltr'><strong>tiﬁcem</strong></span> <span class='ocrx_word' id='word_1_367' title='bbox 2396 2454 2543 2507; x_wconf 90' lang='lat' dir='ltr'><strong>mori</strong></span> <span class='ocrx_word' id='word_1_368' title='bbox 2562 2453 2886 2524; x_wconf 84' lang='lat' dir='ltr'><strong>contigerit,</strong></span> <span class='ocrx_word' id='word_1_369' title='bbox 2908 2454 3206 2525; x_wconf 89' lang='lat' dir='ltr'><strong>episcopus</strong></span> <span class='ocrx_word' id='word_1_370' title='bbox 3225 2454 3324 2525; x_wconf 90' lang='lat' dir='ltr'><strong>qui</strong></span> <span class='ocrx_word' id='word_1_371' title='bbox 3343 2454 3412 2507; x_wconf 89' lang='lat' dir='ltr'><strong>ad</strong></span> <span class='ocrx_word' id='word_1_372' title='bbox 3434 2454 3792 2508; x_wconf 87' lang='lat' dir='ltr'><strong>humandum</strong></span> 
     </span>
    </p>
   </div>
   <div class='ocr_carea' id='block_1_53' title="bbox 2158 2549 3796 2621">
    <p class='ocr_par' dir='ltr' id='par_1_53' title="bbox 2158 2549 3796 2621">
     <span class='ocr_line' id='line_1_53' title="bbox 2158 2549 3796 2621; baseline 0.001 -18"><span class='ocrx_word' id='word_1_373' title='bbox 2158 2567 2359 2621; x_wconf 90' lang='lat' dir='ltr'><strong>corpus</strong></span> <span class='ocrx_word' id='word_1_374' title='bbox 2408 2551 2717 2620; x_wconf 90' lang='lat' dir='ltr'><strong>advenerit,</strong></span> <span class='ocrx_word' id='word_1_375' title='bbox 2748 2550 3042 2621; x_wconf 88' lang='lat' dir='ltr'><strong>descriptis</strong></span> <span class='ocrx_word' id='word_1_376' title='bbox 3084 2549 3365 2605; x_wconf 90' lang='lat' dir='ltr'><strong>thesauris</strong></span> <span class='ocrx_word' id='word_1_377' title='bbox 3411 2555 3583 2621; x_wconf 89' lang='lat' dir='ltr'><strong>atque</strong></span> <span class='ocrx_word' id='word_1_378' title='bbox 3628 2567 3796 2605; x_wconf 86' lang='lat' dir='ltr'><strong>orna-</strong></span> 
     </span>
    </p>
   </div>
   <div class='ocr_carea' id='block_1_54' title="bbox 2156 2642 3789 2714">
    <p class='ocr_par' dir='ltr' id='par_1_54' title="bbox 2156 2642 3789 2714">
     <span class='ocr_line' id='line_1_54' title="bbox 2156 2642 3789 2714; baseline 0.001 -18"><span class='ocrx_word' id='word_1_379' title='bbox 2156 2643 2364 2697; x_wconf 88' lang='lat' dir='ltr'><strong>mentis</strong></span> <span class='ocrx_word' id='word_1_380' title='bbox 2381 2643 2716 2713; x_wconf 89' lang='lat' dir='ltr'><strong>omnibus,si</strong></span> <span class='ocrx_word' id='word_1_381' title='bbox 2730 2644 2984 2714; x_wconf 90' lang='lat' dir='ltr'><strong>locuples</strong></span> <span class='ocrx_word' id='word_1_382' title='bbox 3001 2643 3327 2698; x_wconf 90' lang='lat' dir='ltr'><strong>decedentis</strong></span> <span class='ocrx_word' id='word_1_383' title='bbox 3345 2642 3580 2697; x_wconf 89' lang='lat' dir='ltr'><strong>ecclesia</strong></span> <span class='ocrx_word' id='word_1_384' title='bbox 3596 2643 3789 2710; x_wconf 88' lang='lat' dir='ltr'><strong>fuerit,</strong></span> 
     </span>
    </p>
   </div>
   <div class='ocr_carea' id='block_1_55' title="bbox 2157 2735 3790 2807">
    <p class='ocr_par' dir='ltr' id='par_1_55' title="bbox 2157 2735 3790 2807">
     <span class='ocr_line' id='line_1_55' title="bbox 2157 2735 3790 2807; baseline 0.001 -19"><span class='ocrx_word' id='word_1_385' title='bbox 2157 2750 2274 2788; x_wconf 88' lang='lat' dir='ltr'><strong>non</strong></span> <span class='ocrx_word' id='word_1_386' title='bbox 2298 2735 2543 2805; x_wconf 92' lang='lat' dir='ltr'><strong>amplius</strong></span> <span class='ocrx_word' id='word_1_387' title='bbox 2574 2752 2744 2807; x_wconf 88' lang='lat' dir='ltr'><strong>quam</strong></span> <span class='ocrx_word' id='word_1_388' title='bbox 2775 2736 2976 2790; x_wconf 85' lang='lat' dir='ltr'><strong>libram</strong></span> <span class='ocrx_word' id='word_1_389' title='bbox 3002 2736 3128 2791; x_wconf 90' lang='lat' dir='ltr'><strong>auri</strong></span> <span class='ocrx_word' id='word_1_390' title='bbox 3157 2736 3408 2806; x_wconf 82' lang='lat' dir='ltr'><strong>exceptis</strong></span> <span class='ocrx_word' id='word_1_391' title='bbox 3433 2736 3790 2790; x_wconf 88' lang='lat' dir='ltr'><strong>ornamentis</strong></span> 
     </span>
    </p>
   </div>
   <div class='ocr_carea' id='block_1_56' title="bbox 2156 2827 3787 2900">
    <p class='ocr_par' dir='ltr' id='par_1_56' title="bbox 2156 2827 3787 2900">
     <span class='ocr_line' id='line_1_56' title="bbox 2156 2827 3787 2900; baseline 0.002 -19"><span class='ocrx_word' id='word_1_392' title='bbox 2156 2827 2404 2882; x_wconf 87' lang='lat' dir='ltr'><strong>ecclesia</strong></span> <span class='ocrx_word' id='word_1_393' title='bbox 2444 2845 2575 2883; x_wconf 91' lang='lat' dir='ltr'><strong>cum</strong></span> <span class='ocrx_word' id='word_1_394' title='bbox 2607 2829 2789 2900; x_wconf 89' lang='lat' dir='ltr'><strong>gratia</strong></span> <span class='ocrx_word' id='word_1_395' title='bbox 2816 2829 3182 2884; x_wconf 78' lang='lat' dir='ltr'><strong>offerentium</strong></span> <span class='ocrx_word' id='word_1_396' title='bbox 3209 2828 3432 2883; x_wconf 88' lang='lat' dir='ltr'><strong>auferre</strong></span> <span class='ocrx_word' id='word_1_397' title='bbox 3475 2832 3787 2900; x_wconf 78' lang='lat' dir='ltr'><strong>pertentet.</strong></span> 
     </span>
    </p>
   </div>
   <div class='ocr_carea' id='block_1_57' title="bbox 2156 2919 3787 2990">
    <p class='ocr_par' dir='ltr' id='par_1_57' title="bbox 2156 2919 3787 2990">
     <span class='ocr_line' id='line_1_57' title="bbox 2156 2919 3787 2990; baseline 0.001 -16"><span class='ocrx_word' id='word_1_398' title='bbox 2156 2919 2214 2974; x_wconf 91' lang='lat' dir='ltr'><strong>Si</strong></span> <span class='ocrx_word' id='word_1_399' title='bbox 2238 2936 2369 2975; x_wconf 90' lang='lat' dir='ltr'><strong>vero</strong></span> <span class='ocrx_word' id='word_1_400' title='bbox 2396 2921 2584 2975; x_wconf 89' lang='lat' dir='ltr'><strong>minor</strong></span> <span class='ocrx_word' id='word_1_401' title='bbox 2608 2921 2776 2975; x_wconf 90' lang='lat' dir='ltr'><strong>rebus</strong></span> <span class='ocrx_word' id='word_1_402' title='bbox 2809 2921 3077 2990; x_wconf 83' lang='lat' dir='ltr'><strong>extiterit,</strong></span> <span class='ocrx_word' id='word_1_403' title='bbox 3111 2921 3407 2975; x_wconf 89' lang='lat' dir='ltr'><strong>dimidiam</strong></span> <span class='ocrx_word' id='word_1_404' title='bbox 3438 2921 3645 2975; x_wconf 90' lang='lat' dir='ltr'><strong>libram</strong></span> <span class='ocrx_word' id='word_1_405' title='bbox 3678 2922 3787 2976; x_wconf 91' lang='lat' dir='ltr'><strong>sibi</strong></span> 
     </span>
    </p>
   </div>
   <div class='ocr_carea' id='block_1_58' title="bbox 2153 3012 3789 3085">
    <p class='ocr_par' dir='ltr' id='par_1_58' title="bbox 2153 3012 3789 3085">
     <span class='ocr_line' id='line_1_58' title="bbox 2153 3012 3789 3085; baseline 0.001 -18"><span class='ocrx_word' id='word_1_406' title='bbox 2153 3012 2387 3069; x_wconf 88' lang='lat' dir='ltr'><strong>licenter</strong></span> <span class='ocrx_word' id='word_1_407' title='bbox 2400 3020 2654 3085; x_wconf 90' lang='lat' dir='ltr'><strong>usurpet,</strong></span> <span class='ocrx_word' id='word_1_408' title='bbox 2673 3030 2812 3068; x_wconf 89' lang='lat' dir='ltr'><strong>nam</strong></span> <span class='ocrx_word' id='word_1_409' title='bbox 2833 3017 2889 3068; x_wconf 89' lang='lat' dir='ltr'><strong>et</strong></span> <span class='ocrx_word' id='word_1_410' title='bbox 2902 3015 3023 3068; x_wconf 85' lang='lat' dir='ltr'><strong>hac</strong></span> <span class='ocrx_word' id='word_1_411' title='bbox 3043 3030 3317 3085; x_wconf 88' lang='lat' dir='ltr'><strong>usurpare</strong></span> <span class='ocrx_word' id='word_1_412' title='bbox 3335 3013 3455 3084; x_wconf 86' lang='lat' dir='ltr'><strong>ipsa</strong></span> <span class='ocrx_word' id='word_1_413' title='bbox 3470 3014 3614 3067; x_wconf 87' lang='lat' dir='ltr'><strong>ratio</strong></span> <span class='ocrx_word' id='word_1_414' title='bbox 3628 3014 3789 3068; x_wconf 90' lang='lat' dir='ltr'><strong>nulla</strong></span> 
     </span>
    </p>
   </div>
   <div class='ocr_carea' id='block_1_59' title="bbox 424 3102 3788 3209">
    <p class='ocr_par' dir='ltr' id='par_1_59' title="bbox 424 3102 3788 3209">
     <span class='ocr_line' id='line_1_59' title="bbox 424 3102 3788 3209; baseline 0.001 -52"><span class='ocrx_word' id='word_1_415' title='bbox 424 3102 553 3157; x_wconf 85' lang='lat' dir='ltr'><strong>hac</strong></span> <span class='ocrx_word' id='word_1_416' title='bbox 572 3102 675 3157; x_wconf 90' lang='lat' dir='ltr'><strong>sibi</strong></span> <span class='ocrx_word' id='word_1_417' title='bbox 704 3104 795 3158; x_wconf 90' lang='lat' dir='ltr'><strong>cui</strong></span> <span class='ocrx_word' id='word_1_418' title='bbox 823 3105 1075 3175; x_wconf 85' lang='lat' dir='ltr'><strong>pratuit,</strong></span> <span class='ocrx_word' id='word_1_419' title='bbox 1105 3106 1191 3160; x_wconf 91' lang='lat' dir='ltr'><strong>vel</strong></span> <span class='ocrx_word' id='word_1_420' title='bbox 1223 3106 1486 3162; x_wconf 90' lang='lat' dir='ltr'><strong>minister</strong></span> <span class='ocrx_word' id='word_1_421' title='bbox 1512 3108 1806 3179; x_wconf 89' lang='lat' dir='ltr'><strong>exstiterit,</strong></span> <span class='ocrx_word' id='word_1_422' title='bbox 1833 3110 1891 3165; x_wconf 90' lang='lat' dir='ltr'><strong>in</strong></span> <span class='ocrx_word' id='word_1_423' title='bbox 1917 3128 2050 3182; x_wconf 85' lang='lat' dir='ltr'><strong>per-</strong></span> <span class='ocrx_word' id='word_1_424' title='bbox 2074 3134 2129 3209; x_wconf 80' lang='lat' dir='ltr'><strong>C</strong></span> <span class='ocrx_word' id='word_1_425' title='bbox 2154 3105 2522 3177; x_wconf 86' lang='lat' dir='ltr'><strong>permitteret,</strong></span> <span class='ocrx_word' id='word_1_426' title='bbox 2551 3106 2659 3161; x_wconf 88' lang='lat' dir='ltr'><strong>nisi</strong></span> <span class='ocrx_word' id='word_1_427' title='bbox 2689 3107 2809 3177; x_wconf 91' lang='lat' dir='ltr'><strong>ejus</strong></span> <span class='ocrx_word' id='word_1_428' title='bbox 2848 3107 2945 3179; x_wconf 90' lang='lat' dir='ltr'><strong>qui</strong></span> <span class='ocrx_word' id='word_1_429' title='bbox 2989 3108 3250 3161; x_wconf 88' lang='lat' dir='ltr'><strong>convenit</strong></span> <span class='ocrx_word' id='word_1_430' title='bbox 3293 3107 3603 3161; x_wconf 90' lang='lat' dir='ltr'><strong>sacerdotis</strong></span> <span class='ocrx_word' id='word_1_431' title='bbox 3642 3105 3788 3177; x_wconf 86' lang='lat' dir='ltr'><strong>inju-</strong></span> 
     </span>
    </p>
   </div>
   <div class='ocr_carea' id='block_1_60' title="bbox 427 3195 1021 3266">
    <p class='ocr_par' dir='ltr' id='par_1_60' title="bbox 427 3195 1021 3266">
     <span class='ocr_line' id='line_1_60' title="bbox 427 3195 1021 3266; baseline 0.005 -17"><span class='ocrx_word' id='word_1_432' title='bbox 427 3197 665 3266; x_wconf 88' lang='lat' dir='ltr'><strong>petuum</strong></span> <span class='ocrx_word' id='word_1_433' title='bbox 693 3195 1021 3252; x_wconf 88' lang='lat' dir='ltr'><strong>vindicabit.</strong></span> 
     </span>
    </p>
   </div>
   <div class='ocr_carea' id='block_1_61' title="bbox 498 3288 2050 3365">
    <p class='ocr_par' dir='ltr' id='par_1_61' title="bbox 498 3288 2050 3365">
     <span class='ocr_line' id='line_1_61' title="bbox 498 3288 2050 3365; baseline 0.006 -23"><span class='ocrx_word' id='word_1_434' title='bbox 498 3289 560 3343; x_wconf 83' lang='lat' dir='ltr'><strong>V.</strong></span> <span class='ocrx_word' id='word_1_435' title='bbox 596 3288 764 3344; x_wconf 87' lang='lat' dir='ltr'><strong>Bona</strong></span> <span class='ocrx_word' id='word_1_436' title='bbox 793 3289 877 3344; x_wconf 89' lang='lat' dir='ltr'><strong>rei</strong></span> <span class='ocrx_word' id='word_1_437' title='bbox 903 3290 1037 3345; x_wconf 87' lang='lat' dir='ltr'><strong>dare</strong></span> <span class='ocrx_word' id='word_1_438' title='bbox 1064 3292 1408 3360; x_wconf 90' lang='lat' dir='ltr'><strong>consultum,</strong></span> <span class='ocrx_word' id='word_1_439' title='bbox 1443 3297 1499 3348; x_wconf 91' lang='lat' dir='ltr'><strong>et</strong></span> <span class='ocrx_word' id='word_1_440' title='bbox 1536 3296 1829 3365; x_wconf 84' lang='lat' dir='ltr'><strong>prasentis</strong></span> <span class='ocrx_word' id='word_1_441' title='bbox 1871 3297 2050 3352; x_wconf 88' lang='lat' dir='ltr'><strong>habe-</strong></span> 
     </span>
    </p>
   </div>
   <div class='ocr_carea' id='block_1_62' title="bbox 425 3381 2054 3461">
    <p class='ocr_par' dir='ltr' id='par_1_62' title="bbox 425 3381 2054 3461">
     <span class='ocr_line' id='line_1_62' title="bbox 425 3381 2054 3461; baseline 0.006 -25"><span class='ocrx_word' id='word_1_442' title='bbox 425 3386 521 3436; x_wconf 89' lang='lat' dir='ltr'><strong>tur</strong></span> <span class='ocrx_word' id='word_1_443' title='bbox 543 3381 673 3438; x_wconf 85' lang='lat' dir='ltr'><strong>vita</strong></span> <span class='ocrx_word' id='word_1_444' title='bbox 692 3382 1004 3438; x_wconf 90' lang='lat' dir='ltr'><strong>subsidium</strong></span> <span class='ocrx_word' id='word_1_445' title='bbox 1025 3389 1081 3439; x_wconf 93' lang='lat' dir='ltr'><strong>et</strong></span> <span class='ocrx_word' id='word_1_446' title='bbox 1107 3388 1336 3441; x_wconf 88' lang='lat' dir='ltr'><strong>aterna</strong></span> <span class='ocrx_word' id='word_1_447' title='bbox 1359 3388 1834 3443; x_wconf 90' lang='lat' dir='ltr'><strong>remunerationis</strong></span> <span class='ocrx_word' id='word_1_448' title='bbox 1858 3405 2054 3461; x_wconf 86' lang='lat' dir='ltr'><strong>exspe-</strong></span> 
     </span>
    </p>
   </div>
   <div class='ocr_carea' id='block_1_63' title="bbox 424 3473 2054 3555">
    <p class='ocr_par' dir='ltr' id='par_1_63' title="bbox 424 3473 2054 3555">
     <span class='ocr_line' id='line_1_63' title="bbox 424 3473 2054 3555; baseline 0.006 -26"><span class='ocrx_word' id='word_1_449' title='bbox 424 3473 561 3530; x_wconf 88' lang='lat' dir='ltr'><strong>ctari</strong></span> <span class='ocrx_word' id='word_1_450' title='bbox 611 3475 864 3531; x_wconf 87' lang='lat' dir='ltr'><strong>cernitur</strong></span> <span class='ocrx_word' id='word_1_451' title='bbox 910 3477 1235 3548; x_wconf 88' lang='lat' dir='ltr'><strong>pramium.</strong></span> <span class='ocrx_word' id='word_1_452' title='bbox 1292 3478 1556 3550; x_wconf 88' lang='lat' dir='ltr'><strong>Quisquis</strong></span> <span class='ocrx_word' id='word_1_453' title='bbox 1607 3480 1798 3552; x_wconf 91' lang='lat' dir='ltr'><strong>itaque</strong></span> <span class='ocrx_word' id='word_1_454' title='bbox 1843 3483 2054 3555; x_wconf 90' lang='lat' dir='ltr'><strong>episco-</strong></span> 
     </span>
    </p>
   </div>
   <div class='ocr_carea' id='block_1_64' title="bbox 423 3568 2052 3639">
    <p class='ocr_par' dir='ltr' id='par_1_64' title="bbox 423 3568 2052 3639">
     <span class='ocr_line' id='line_1_64' title="bbox 423 3568 2052 3639; baseline 0.006 -18"><span class='ocrx_word' id='word_1_455' title='bbox 423 3583 635 3639; x_wconf 91' lang='lat' dir='ltr'><strong>porum</strong></span> <span class='ocrx_word' id='word_1_456' title='bbox 679 3568 741 3622; x_wconf 91' lang='lat' dir='ltr'><strong>in</strong></span> <span class='ocrx_word' id='word_1_457' title='bbox 807 3570 1076 3639; x_wconf 90' lang='lat' dir='ltr'><strong>parochia</strong></span> <span class='ocrx_word' id='word_1_458' title='bbox 1135 3588 1235 3626; x_wconf 91' lang='lat' dir='ltr'><strong>sua</strong></span> <span class='ocrx_word' id='word_1_459' title='bbox 1275 3572 1681 3628; x_wconf 88' lang='lat' dir='ltr'><strong>monasterium</strong></span> <span class='ocrx_word' id='word_1_460' title='bbox 1724 3580 2052 3632; x_wconf 88' lang='lat' dir='ltr'><strong>construere</strong></span> 
     </span>
    </p>
   </div>
   <div class='ocr_carea' id='block_1_65' title="bbox 420 3659 2054 3739">
    <p class='ocr_par' dir='ltr' id='par_1_65' title="bbox 420 3659 2054 3739">
     <span class='ocr_line' id='line_1_65' title="bbox 420 3659 2054 3739; baseline 0.006 -25"><span class='ocrx_word' id='word_1_461' title='bbox 420 3659 569 3715; x_wconf 82' lang='lat' dir='ltr'><strong>forte</strong></span> <span class='ocrx_word' id='word_1_462' title='bbox 606 3660 872 3727; x_wconf 80' lang='lat' dir='ltr'><strong>voluerit,</strong></span> <span class='ocrx_word' id='word_1_463' title='bbox 904 3665 961 3716; x_wconf 90' lang='lat' dir='ltr'><strong>et</strong></span> <span class='ocrx_word' id='word_1_464' title='bbox 1000 3663 1107 3718; x_wconf 89' lang='lat' dir='ltr'><strong>hoc</strong></span> <span class='ocrx_word' id='word_1_465' title='bbox 1151 3664 1321 3719; x_wconf 88' lang='lat' dir='ltr'><strong>rebus</strong></span> <span class='ocrx_word' id='word_1_466' title='bbox 1362 3665 1611 3720; x_wconf 90' lang='lat' dir='ltr'><strong>ecclesia</strong></span> <span class='ocrx_word' id='word_1_467' title='bbox 1652 3668 1743 3721; x_wconf 92' lang='lat' dir='ltr'><strong>cui</strong></span> <span class='ocrx_word' id='word_1_468' title='bbox 1786 3669 2054 3739; x_wconf 88' lang='lat' dir='ltr'><strong>prasidet</strong></span> 
     </span>
    </p>
   </div>
   <div class='ocr_carea' id='block_1_66' title="bbox 424 3752 2046 3833">
    <p class='ocr_par' dir='ltr' id='par_1_66' title="bbox 424 3752 2046 3833">
     <span class='ocr_line' id='line_1_66' title="bbox 424 3752 2046 3833; baseline 0.006 -27"><span class='ocrx_word' id='word_1_469' title='bbox 424 3752 709 3822; x_wconf 89' lang='lat' dir='ltr'><strong>ditaverit,</strong></span> <span class='ocrx_word' id='word_1_470' title='bbox 738 3769 855 3808; x_wconf 90' lang='lat' dir='ltr'><strong>non</strong></span> <span class='ocrx_word' id='word_1_471' title='bbox 885 3755 1129 3825; x_wconf 89' lang='lat' dir='ltr'><strong>amplius</strong></span> <span class='ocrx_word' id='word_1_472' title='bbox 1174 3756 1387 3810; x_wconf 90' lang='lat' dir='ltr'><strong>ibidem</strong></span> <span class='ocrx_word' id='word_1_473' title='bbox 1429 3774 1604 3828; x_wconf 90' lang='lat' dir='ltr'><strong>quam</strong></span> <span class='ocrx_word' id='word_1_474' title='bbox 1642 3759 2046 3833; x_wconf 86' lang='lat' dir='ltr'><strong>quinquagesi-</strong></span> 
     </span>
    </p>
   </div>
   <div class='ocr_carea' id='block_1_67' title="bbox 421 3844 2052 3922">
    <p class='ocr_par' dir='ltr' id='par_1_67' title="bbox 421 3844 2052 3922">
     <span class='ocr_line' id='line_1_67' title="bbox 421 3844 2052 3922; baseline 0.005 -22"><span class='ocrx_word' id='word_1_475' title='bbox 421 3860 580 3900; x_wconf 88' lang='lat' dir='ltr'><strong>mam</strong></span> <span class='ocrx_word' id='word_1_476' title='bbox 617 3850 838 3915; x_wconf 88' lang='lat' dir='ltr'><strong>partem</strong></span> <span class='ocrx_word' id='word_1_477' title='bbox 885 3844 1020 3900; x_wconf 91' lang='lat' dir='ltr'><strong>dare</strong></span> <span class='ocrx_word' id='word_1_478' title='bbox 1067 3846 1316 3915; x_wconf 91' lang='lat' dir='ltr'><strong>debebit,</strong></span> <span class='ocrx_word' id='word_1_479' title='bbox 1366 3853 1431 3902; x_wconf 89' lang='lat' dir='ltr'><strong>ut</strong></span> <span class='ocrx_word' id='word_1_480' title='bbox 1468 3850 1577 3904; x_wconf 89' lang='lat' dir='ltr'><strong>hac</strong></span> <span class='ocrx_word' id='word_1_481' title='bbox 1619 3853 2052 3922; x_wconf 85' lang='lat' dir='ltr'><strong>temperamenti</strong></span> 
     </span>
    </p>
   </div>
   <div class='ocr_carea' id='block_1_68' title="bbox 423 3936 2050 4012">
    <p class='ocr_par' dir='ltr' id='par_1_68' title="bbox 423 3936 2050 4012">
     <span class='ocr_line' id='line_1_68' title="bbox 423 3936 2050 4012; baseline 0.005 -19"><span class='ocrx_word' id='word_1_482' title='bbox 423 3936 694 4009; x_wconf 76' lang='lat' dir='ltr'><strong>aequitate</strong></span> <span class='ocrx_word' id='word_1_483' title='bbox 722 3941 940 3991; x_wconf 89' lang='lat' dir='ltr'><strong>servata</strong></span> <span class='ocrx_word' id='word_1_484' title='bbox 967 3942 1023 3992; x_wconf 92' lang='lat' dir='ltr'><strong>et</strong></span> <span class='ocrx_word' id='word_1_485' title='bbox 1047 3939 1139 3992; x_wconf 91' lang='lat' dir='ltr'><strong>cui</strong></span> <span class='ocrx_word' id='word_1_486' title='bbox 1165 3939 1365 3994; x_wconf 89' lang='lat' dir='ltr'><strong>tribuit</strong></span> <span class='ocrx_word' id='word_1_487' title='bbox 1387 3947 1712 4012; x_wconf 90' lang='lat' dir='ltr'><strong>competens</strong></span> <span class='ocrx_word' id='word_1_488' title='bbox 1737 3944 2050 4001; x_wconf 91' lang='lat' dir='ltr'><strong>subsidium</strong></span> 
     </span>
    </p>
   </div>
   <div class='ocr_carea' id='block_1_69' title="bbox 423 4029 2048 4111">
    <p class='ocr_par' dir='ltr' id='par_1_69' title="bbox 423 4029 2048 4111">
     <span class='ocr_line' id='line_1_69' title="bbox 423 4029 2048 4111; baseline 0.006 -25"><span class='ocrx_word' id='word_1_489' title='bbox 423 4029 713 4096; x_wconf 89' lang='lat' dir='ltr'><strong>conferat,</strong></span> <span class='ocrx_word' id='word_1_490' title='bbox 765 4034 823 4084; x_wconf 91' lang='lat' dir='ltr'><strong>et</strong></span> <span class='ocrx_word' id='word_1_491' title='bbox 860 4030 950 4084; x_wconf 93' lang='lat' dir='ltr'><strong>cui</strong></span> <span class='ocrx_word' id='word_1_492' title='bbox 987 4031 1136 4085; x_wconf 91' lang='lat' dir='ltr'><strong>tollit</strong></span> <span class='ocrx_word' id='word_1_493' title='bbox 1179 4032 1390 4087; x_wconf 89' lang='lat' dir='ltr'><strong>damna</strong></span> <span class='ocrx_word' id='word_1_494' title='bbox 1428 4034 1617 4105; x_wconf 83' lang='lat' dir='ltr'><strong>gravia</strong></span> <span class='ocrx_word' id='word_1_495' title='bbox 1658 4053 1774 4091; x_wconf 90' lang='lat' dir='ltr'><strong>non</strong></span> <span class='ocrx_word' id='word_1_496' title='bbox 1808 4037 2048 4111; x_wconf 85' lang='lat' dir='ltr'><strong>inﬂigat.</strong></span> 
     </span>
    </p>
   </div>
   <div class='ocr_carea' id='block_1_70' title="bbox 421 4121 2052 4195">
    <p class='ocr_par' dir='ltr' id='par_1_70' title="bbox 421 4121 2052 4195">
     <span class='ocr_line' id='line_1_70' title="bbox 421 4121 2052 4195; baseline 0.005 -15"><span class='ocrx_word' id='word_1_497' title='bbox 421 4121 730 4180; x_wconf 87' lang='lat' dir='ltr'><strong>Ecclesiam</strong></span> <span class='ocrx_word' id='word_1_498' title='bbox 772 4138 906 4178; x_wconf 85' lang='lat' dir='ltr'><strong>vero</strong></span> <span class='ocrx_word' id='word_1_499' title='bbox 949 4139 1078 4195; x_wconf 85' lang='lat' dir='ltr'><strong>qua</strong></span> <span class='ocrx_word' id='word_1_500' title='bbox 1110 4125 1445 4180; x_wconf 88' lang='lat' dir='ltr'><strong>monasticis</strong></span> <span class='ocrx_word' id='word_1_501' title='bbox 1495 4141 1611 4182; x_wconf 90' lang='lat' dir='ltr'><strong>non</strong></span> <span class='ocrx_word' id='word_1_502' title='bbox 1650 4129 2052 4188; x_wconf 90' lang='lat' dir='ltr'><strong>informabitur</strong></span> 
     </span>
    </p>
   </div>
   <div class='ocr_carea' id='block_1_71' title="bbox 422 4214 2052 4291">
    <p class='ocr_par' dir='ltr' id='par_1_71' title="bbox 422 4214 2052 4291">
     <span class='ocr_line' id='line_1_71' title="bbox 422 4214 2052 4291; baseline 0.007 -22"><span class='ocrx_word' id='word_1_503' title='bbox 422 4214 655 4287; x_wconf 86' lang='lat' dir='ltr'><strong>regulis,</strong></span> <span class='ocrx_word' id='word_1_504' title='bbox 676 4219 775 4271; x_wconf 88' lang='lat' dir='ltr'><strong>aut</strong></span> <span class='ocrx_word' id='word_1_505' title='bbox 800 4232 971 4288; x_wconf 91' lang='lat' dir='ltr'><strong>quam</strong></span> <span class='ocrx_word' id='word_1_506' title='bbox 1000 4234 1103 4288; x_wconf 91' lang='lat' dir='ltr'><strong>pro</strong></span> <span class='ocrx_word' id='word_1_507' title='bbox 1125 4218 1239 4272; x_wconf 89' lang='lat' dir='ltr'><strong>suis</strong></span> <span class='ocrx_word' id='word_1_508' title='bbox 1254 4218 1625 4291; x_wconf 86' lang='lat' dir='ltr'><strong>magniﬁcare</strong></span> <span class='ocrx_word' id='word_1_509' title='bbox 1650 4224 1902 4279; x_wconf 89' lang='lat' dir='ltr'><strong>noluerit</strong></span> <span class='ocrx_word' id='word_1_510' title='bbox 1920 4228 2052 4281; x_wconf 92' lang='lat' dir='ltr'><strong>scri-</strong></span> 
     </span>
    </p>
   </div>
   <div class='ocr_carea' id='block_1_72' title="bbox 421 4308 2051 4387">
    <p class='ocr_par' dir='ltr' id='par_1_72' title="bbox 421 4308 2051 4387">
     <span class='ocr_line' id='line_1_72' title="bbox 421 4308 2051 4387; baseline 0.008 -24"><span class='ocrx_word' id='word_1_511' title='bbox 421 4308 625 4381; x_wconf 89' lang='lat' dir='ltr'><strong>pturis,</strong></span> <span class='ocrx_word' id='word_1_512' title='bbox 654 4326 774 4366; x_wconf 91' lang='lat' dir='ltr'><strong>non</strong></span> <span class='ocrx_word' id='word_1_513' title='bbox 798 4310 1043 4381; x_wconf 89' lang='lat' dir='ltr'><strong>amplius</strong></span> <span class='ocrx_word' id='word_1_514' title='bbox 1070 4328 1246 4383; x_wconf 91' lang='lat' dir='ltr'><strong>quam</strong></span> <span class='ocrx_word' id='word_1_515' title='bbox 1275 4313 1642 4369; x_wconf 90' lang='lat' dir='ltr'><strong>centesimam</strong></span> <span class='ocrx_word' id='word_1_516' title='bbox 1671 4322 1893 4387; x_wconf 88' lang='lat' dir='ltr'><strong>partem</strong></span> <span class='ocrx_word' id='word_1_517' title='bbox 1923 4336 2051 4375; x_wconf 90' lang='lat' dir='ltr'><strong>cen-</strong></span> 
     </span>
    </p>
   </div>
   <div class='ocr_carea' id='block_1_73' title="bbox 422 4403 2051 4480">
    <p class='ocr_par' dir='ltr' id='par_1_73' title="bbox 422 4403 2051 4480">
     <span class='ocr_line' id='line_1_73' title="bbox 422 4403 2051 4480; baseline 0.007 -24"><span class='ocrx_word' id='word_1_518' title='bbox 422 4418 518 4457; x_wconf 90' lang='lat' dir='ltr'><strong>sus</strong></span> <span class='ocrx_word' id='word_1_519' title='bbox 548 4403 798 4458; x_wconf 87' lang='lat' dir='ltr'><strong>ecclesia</strong></span> <span class='ocrx_word' id='word_1_520' title='bbox 823 4403 914 4458; x_wconf 92' lang='lat' dir='ltr'><strong>cui</strong></span> <span class='ocrx_word' id='word_1_521' title='bbox 941 4404 1206 4474; x_wconf 86' lang='lat' dir='ltr'><strong>prasidet</strong></span> <span class='ocrx_word' id='word_1_522' title='bbox 1230 4404 1443 4461; x_wconf 92' lang='lat' dir='ltr'><strong>ibidem</strong></span> <span class='ocrx_word' id='word_1_523' title='bbox 1470 4409 1726 4463; x_wconf 90' lang='lat' dir='ltr'><strong>conferre</strong></span> <span class='ocrx_word' id='word_1_524' title='bbox 1751 4410 1960 4480; x_wconf 90' lang='lat' dir='ltr'><strong>licebit,</strong></span> <span class='ocrx_word' id='word_1_525' title='bbox 1986 4430 2051 4468; x_wconf 90' lang='lat' dir='ltr'><strong>ea</strong></span> 
     </span>
    </p>
   </div>
   <div class='ocr_carea' id='block_1_74' title="bbox 2152 3199 3782 3271">
    <p class='ocr_par' dir='ltr' id='par_1_74' title="bbox 2152 3199 3782 3271">
     <span class='ocr_line' id='line_1_74' title="bbox 2152 3199 3782 3271; baseline 0.001 -17"><span class='ocrx_word' id='word_1_526' title='bbox 2152 3199 2252 3254; x_wconf 84' lang='lat' dir='ltr'><strong>ria</strong></span> <span class='ocrx_word' id='word_1_527' title='bbox 2268 3200 2742 3270; x_wconf 87' lang='lat' dir='ltr'><strong>contemplatione</strong></span> <span class='ocrx_word' id='word_1_528' title='bbox 2755 3200 3064 3271; x_wconf 89' lang='lat' dir='ltr'><strong>antiquitas</strong></span> <span class='ocrx_word' id='word_1_529' title='bbox 3079 3200 3185 3254; x_wconf 91' lang='lat' dir='ltr'><strong>hoc</strong></span> <span class='ocrx_word' id='word_1_530' title='bbox 3202 3204 3472 3271; x_wconf 87' lang='lat' dir='ltr'><strong>usurpata</strong></span> <span class='ocrx_word' id='word_1_531' title='bbox 3483 3204 3782 3255; x_wconf 87' lang='lat' dir='ltr'><strong>servasset.</strong></span> 
     </span>
    </p>
   </div>
   <div class='ocr_carea' id='block_1_75' title="bbox 2150 3292 3779 3363">
    <p class='ocr_par' dir='ltr' id='par_1_75' title="bbox 2150 3292 3779 3363">
     <span class='ocr_line' id='line_1_75' title="bbox 2150 3292 3779 3363; baseline 0 -15"><span class='ocrx_word' id='word_1_532' title='bbox 2150 3294 2326 3348; x_wconf 89' lang='lat' dir='ltr'><strong>Porro</strong></span> <span class='ocrx_word' id='word_1_533' title='bbox 2354 3292 2524 3347; x_wconf 90' lang='lat' dir='ltr'><strong>breve</strong></span> <span class='ocrx_word' id='word_1_534' title='bbox 2554 3293 2966 3363; x_wconf 88' lang='lat' dir='ltr'><strong>descriptarum</strong></span> <span class='ocrx_word' id='word_1_535' title='bbox 2998 3309 3191 3348; x_wconf 90' lang='lat' dir='ltr'><strong>rerum</strong></span> <span class='ocrx_word' id='word_1_536' title='bbox 3236 3293 3338 3347; x_wconf 88' lang='lat' dir='ltr'><strong>sub</strong></span> <span class='ocrx_word' id='word_1_537' title='bbox 3368 3292 3520 3347; x_wconf 88' lang='lat' dir='ltr'><strong>ﬁdeli</strong></span> <span class='ocrx_word' id='word_1_538' title='bbox 3559 3294 3779 3348; x_wconf 89' lang='lat' dir='ltr'><strong>ratione</strong></span> 
     </span>
    </p>
   </div>
   <div class='ocr_carea' id='block_1_76' title="bbox 2152 3384 3780 3461">
    <p class='ocr_par' dir='ltr' id='par_1_76' title="bbox 2152 3384 3780 3461">
     <span class='ocr_line' id='line_1_76' title="bbox 2152 3384 3780 3461; baseline 0.001 -22"><span class='ocrx_word' id='word_1_539' title='bbox 2152 3384 2243 3440; x_wconf 90' lang='lat' dir='ltr'><strong>hic</strong></span> <span class='ocrx_word' id='word_1_540' title='bbox 2289 3385 2387 3456; x_wconf 91' lang='lat' dir='ltr'><strong>qui</strong></span> <span class='ocrx_word' id='word_1_541' title='bbox 2434 3385 2730 3456; x_wconf 85' lang='lat' dir='ltr'><strong>descripsit</strong></span> <span class='ocrx_word' id='word_1_542' title='bbox 2767 3385 3013 3461; x_wconf 85' lang='lat' dir='ltr'><strong>dirigere</strong></span> <span class='ocrx_word' id='word_1_543' title='bbox 3054 3385 3494 3457; x_wconf 89' lang='lat' dir='ltr'><strong>metropolitano</strong></span> <span class='ocrx_word' id='word_1_544' title='bbox 3538 3386 3780 3441; x_wconf 86' lang='lat' dir='ltr'><strong>curabit.</strong></span> 
     </span>
    </p>
   </div>
   <div class='ocr_carea' id='block_1_77' title="bbox 2149 3478 3782 3550">
    <p class='ocr_par' dir='ltr' id='par_1_77' title="bbox 2149 3478 3782 3550">
     <span class='ocr_line' id='line_1_77' title="bbox 2149 3478 3782 3550; baseline 0.001 -18"><span class='ocrx_word' id='word_1_545' title='bbox 2149 3479 2610 3550; x_wconf 89' lang='lat' dir='ltr'><strong>Metropolitanus</strong></span> <span class='ocrx_word' id='word_1_546' title='bbox 2653 3483 2845 3533; x_wconf 89' lang='lat' dir='ltr'><strong>autem</strong></span> <span class='ocrx_word' id='word_1_547' title='bbox 2875 3495 2943 3532; x_wconf 92' lang='lat' dir='ltr'><strong>ex</strong></span> <span class='ocrx_word' id='word_1_548' title='bbox 2974 3478 3174 3533; x_wconf 90' lang='lat' dir='ltr'><strong>eadem</strong></span> <span class='ocrx_word' id='word_1_549' title='bbox 3219 3479 3518 3533; x_wconf 88' lang='lat' dir='ltr'><strong>morientis</strong></span> <span class='ocrx_word' id='word_1_550' title='bbox 3553 3479 3782 3533; x_wconf 87' lang='lat' dir='ltr'><strong>ecclesia</strong></span> 
     </span>
    </p>
   </div>
   <div class='ocr_carea' id='block_1_78' title="bbox 2149 3571 3783 3643">
    <p class='ocr_par' dir='ltr' id='par_1_78' title="bbox 2149 3571 3783 3643">
     <span class='ocr_line' id='line_1_78' title="bbox 2149 3571 3783 3643; baseline 0.001 -18"><span class='ocrx_word' id='word_1_551' title='bbox 2149 3571 2294 3626; x_wconf 91' lang='lat' dir='ltr'><strong>nihil</strong></span> <span class='ocrx_word' id='word_1_552' title='bbox 2325 3588 2560 3643; x_wconf 89' lang='lat' dir='ltr'><strong>prorsus</strong></span> <span class='ocrx_word' id='word_1_553' title='bbox 2594 3571 2816 3626; x_wconf 88' lang='lat' dir='ltr'><strong>auferre</strong></span> <span class='ocrx_word' id='word_1_554' title='bbox 2850 3575 3180 3643; x_wconf 88' lang='lat' dir='ltr'><strong>prasumat,</strong></span> <span class='ocrx_word' id='word_1_555' title='bbox 3214 3571 3311 3625; x_wconf 92' lang='lat' dir='ltr'><strong>sed</strong></span> <span class='ocrx_word' id='word_1_556' title='bbox 3339 3572 3520 3626; x_wconf 90' lang='lat' dir='ltr'><strong>solam</strong></span> <span class='ocrx_word' id='word_1_557' title='bbox 3557 3588 3684 3643; x_wconf 86' lang='lat' dir='ltr'><strong>qua</strong></span> <span class='ocrx_word' id='word_1_558' title='bbox 3710 3572 3783 3626; x_wconf 90' lang='lat' dir='ltr'><strong>ad</strong></span> 
     </span>
    </p>
   </div>
   <div class='ocr_carea' id='block_1_79' title="bbox 2151 3664 3457 3736">
    <p class='ocr_par' dir='ltr' id='par_1_79' title="bbox 2151 3664 3457 3736">
     <span class='ocr_line' id='line_1_79' title="bbox 2151 3664 3457 3736; baseline -0.001 -17"><span class='ocrx_word' id='word_1_559' title='bbox 2151 3681 2285 3719; x_wconf 90' lang='lat' dir='ltr'><strong>eum</strong></span> <span class='ocrx_word' id='word_1_560' title='bbox 2313 3665 2558 3736; x_wconf 87' lang='lat' dir='ltr'><strong>pertinet</strong></span> <span class='ocrx_word' id='word_1_561' title='bbox 2587 3681 2781 3719; x_wconf 88' lang='lat' dir='ltr'><strong>curam</strong></span> <span class='ocrx_word' id='word_1_562' title='bbox 2807 3664 3114 3720; x_wconf 87' lang='lat' dir='ltr'><strong>salutarem</strong></span> <span class='ocrx_word' id='word_1_563' title='bbox 3141 3664 3457 3736; x_wconf 90' lang='lat' dir='ltr'><strong>impendat.</strong></span> 
     </span>
    </p>
   </div>
   <div class='ocr_carea' id='block_1_80' title="bbox 2221 3757 3781 3829">
    <p class='ocr_par' dir='ltr' id='par_1_80' title="bbox 2221 3757 3781 3829">
     <span class='ocr_line' id='line_1_80' title="bbox 2221 3757 3781 3829; baseline 0 -17"><span class='ocrx_word' id='word_1_564' title='bbox 2221 3758 2281 3812; x_wconf 85' lang='grc' dir='ltr'><strong>Χ.</strong></span> <span class='ocrx_word' id='word_1_565' title='bbox 2321 3759 2461 3815; x_wconf 89' lang='lat' dir='ltr'><strong>Cum</strong></span> <span class='ocrx_word' id='word_1_566' title='bbox 2491 3758 2685 3812; x_wconf 84' lang='lat' dir='ltr'><strong>multa</strong></span> <span class='ocrx_word' id='word_1_567' title='bbox 2713 3774 2882 3829; x_wconf 90' lang='lat' dir='ltr'><strong>super</strong></span> <span class='ocrx_word' id='word_1_568' title='bbox 2915 3757 3328 3812; x_wconf 89' lang='lat' dir='ltr'><strong>incontinentia</strong></span> <span class='ocrx_word' id='word_1_569' title='bbox 3369 3757 3582 3812; x_wconf 89' lang='lat' dir='ltr'><strong>ordinis</strong></span> <span class='ocrx_word' id='word_1_570' title='bbox 3620 3758 3781 3812; x_wconf 81' lang='lat' dir='ltr'><strong>cleri-</strong></span> 
     </span>
    </p>
   </div>
   <div class='ocr_carea' id='block_1_81' title="bbox 2150 3850 3783 3917">
    <p class='ocr_par' dir='ltr' id='par_1_81' title="bbox 2150 3850 3783 3917">
     <span class='ocr_line' id='line_1_81' title="bbox 2150 3850 3783 3917; baseline 0.001 -13"><span class='ocrx_word' id='word_1_571' title='bbox 2150 3866 2344 3905; x_wconf 89' lang='lat' dir='ltr'><strong>corum</strong></span> <span class='ocrx_word' id='word_1_572' title='bbox 2370 3851 2644 3905; x_wconf 90' lang='lat' dir='ltr'><strong>hactenus</strong></span> <span class='ocrx_word' id='word_1_573' title='bbox 2682 3851 3074 3906; x_wconf 85' lang='lat' dir='ltr'><strong>emanaverint</strong></span> <span class='ocrx_word' id='word_1_574' title='bbox 3114 3850 3410 3906; x_wconf 88' lang='lat' dir='ltr'><strong>sententia</strong></span> <span class='ocrx_word' id='word_1_575' title='bbox 3441 3852 3693 3917; x_wconf 89' lang='lat' dir='ltr'><strong>Patrum,</strong></span> <span class='ocrx_word' id='word_1_576' title='bbox 3725 3856 3783 3905; x_wconf 88' lang='lat' dir='ltr'><strong>et</strong></span> 
     </span>
    </p>
   </div>
   <div class='ocr_carea' id='block_1_82' title="bbox 2152 3943 3782 4016">
    <p class='ocr_par' dir='ltr' id='par_1_82' title="bbox 2152 3943 3782 4016">
     <span class='ocr_line' id='line_1_82' title="bbox 2152 3943 3782 4016; baseline 0 -19"><span class='ocrx_word' id='word_1_577' title='bbox 2152 3944 2473 3997; x_wconf 88' lang='lat' dir='ltr'><strong>nullatenus</strong></span> <span class='ocrx_word' id='word_1_578' title='bbox 2511 3943 2761 4014; x_wconf 89' lang='lat' dir='ltr'><strong>ipsorum</strong></span> <span class='ocrx_word' id='word_1_579' title='bbox 2803 3944 3038 3999; x_wconf 87' lang='lat' dir='ltr'><strong>formari</strong></span> <span class='ocrx_word' id='word_1_580' title='bbox 3067 3944 3315 4016; x_wconf 89' lang='lat' dir='ltr'><strong>quiverit</strong></span> <span class='ocrx_word' id='word_1_581' title='bbox 3359 3944 3633 3998; x_wconf 91' lang='lat' dir='ltr'><strong>correctio</strong></span> <span class='ocrx_word' id='word_1_582' title='bbox 3666 3960 3782 3997; x_wconf 90' lang='lat' dir='ltr'><strong>mo-</strong></span> 
     </span>
    </p>
   </div>
   <div class='ocr_carea' id='block_1_83' title="bbox 2151 4036 3783 4109">
    <p class='ocr_par' dir='ltr' id='par_1_83' title="bbox 2151 4036 3783 4109">
     <span class='ocr_line' id='line_1_83' title="bbox 2151 4036 3783 4109; baseline 0.001 -20"><span class='ocrx_word' id='word_1_583' title='bbox 2151 4053 2298 4103; x_wconf 90' lang='lat' dir='ltr'><strong>rum,</strong></span> <span class='ocrx_word' id='word_1_584' title='bbox 2328 4052 2506 4106; x_wconf 90' lang='lat' dir='ltr'><strong>usque</strong></span> <span class='ocrx_word' id='word_1_585' title='bbox 2549 4037 2687 4090; x_wconf 89' lang='lat' dir='ltr'><strong>adeo</strong></span> <span class='ocrx_word' id='word_1_586' title='bbox 2728 4037 3067 4091; x_wconf 88' lang='lat' dir='ltr'><strong>sententiam</strong></span> <span class='ocrx_word' id='word_1_587' title='bbox 3107 4036 3491 4109; x_wconf 89' lang='lat' dir='ltr'><strong>judicantium</strong></span> <span class='ocrx_word' id='word_1_588' title='bbox 3533 4041 3783 4106; x_wconf 89' lang='lat' dir='ltr'><strong>protrac-</strong></span> 
     </span>
    </p>
   </div>
   <div class='ocr_carea' id='block_1_84' title="bbox 2150 4129 3783 4201">
    <p class='ocr_par' dir='ltr' id='par_1_84' title="bbox 2150 4129 3783 4201">
     <span class='ocr_line' id='line_1_84' title="bbox 2150 4129 3783 4201; baseline -0.001 -18"><span class='ocrx_word' id='word_1_589' title='bbox 2150 4134 2339 4183; x_wconf 88' lang='lat' dir='ltr'><strong>tavere</strong></span> <span class='ocrx_word' id='word_1_590' title='bbox 2366 4129 2670 4184; x_wconf 89' lang='lat' dir='ltr'><strong>commissa</strong></span> <span class='ocrx_word' id='word_1_591' title='bbox 2694 4131 3013 4201; x_wconf 88' lang='lat' dir='ltr'><strong>culparum,</strong></span> <span class='ocrx_word' id='word_1_592' title='bbox 3042 4135 3106 4185; x_wconf 88' lang='lat' dir='ltr'><strong>ut</strong></span> <span class='ocrx_word' id='word_1_593' title='bbox 3130 4146 3247 4185; x_wconf 91' lang='lat' dir='ltr'><strong>non</strong></span> <span class='ocrx_word' id='word_1_594' title='bbox 3283 4135 3508 4184; x_wconf 86' lang='lat' dir='ltr'><strong>tantum</strong></span> <span class='ocrx_word' id='word_1_595' title='bbox 3534 4129 3783 4184; x_wconf 89' lang='lat' dir='ltr'><strong>ferretur</strong></span> 
     </span>
    </p>
   </div>
   <div class='ocr_carea' id='block_1_85' title="bbox 2150 4222 3782 4292">
    <p class='ocr_par' dir='ltr' id='par_1_85' title="bbox 2150 4222 3782 4292">
     <span class='ocr_line' id='line_1_85' title="bbox 2150 4222 3782 4292; baseline 0.001 -17"><span class='ocrx_word' id='word_1_596' title='bbox 2150 4222 2289 4276; x_wconf 91' lang='lat' dir='ltr'><strong>ultio</strong></span> <span class='ocrx_word' id='word_1_597' title='bbox 2333 4222 2391 4275; x_wconf 91' lang='lat' dir='ltr'><strong>in</strong></span> <span class='ocrx_word' id='word_1_598' title='bbox 2426 4222 2746 4276; x_wconf 88' lang='lat' dir='ltr'><strong>auctoribus</strong></span> <span class='ocrx_word' id='word_1_599' title='bbox 2777 4224 3079 4291; x_wconf 89' lang='lat' dir='ltr'><strong>scelerum,</strong></span> <span class='ocrx_word' id='word_1_600' title='bbox 3109 4239 3310 4276; x_wconf 91' lang='lat' dir='ltr'><strong>verum</strong></span> <span class='ocrx_word' id='word_1_601' title='bbox 3339 4228 3393 4276; x_wconf 93' lang='lat' dir='ltr'><strong>et</strong></span> <span class='ocrx_word' id='word_1_602' title='bbox 3418 4222 3477 4275; x_wconf 91' lang='lat' dir='ltr'><strong>in</strong></span> <span class='ocrx_word' id='word_1_603' title='bbox 3504 4223 3782 4292; x_wconf 86' lang='lat' dir='ltr'><strong>progenie</strong></span> 
     </span>
    </p>
   </div>
   <div class='ocr_carea' id='block_1_86' title="bbox 2152 4314 3781 4387">
    <p class='ocr_par' dir='ltr' id='par_1_86' title="bbox 2152 4314 3781 4387">
     <span class='ocr_line' id='line_1_86' title="bbox 2152 4314 3781 4387; baseline 0 -18"><span class='ocrx_word' id='word_1_604' title='bbox 2152 4314 2575 4369; x_wconf 89' lang='lat' dir='ltr'><strong>damnatorum.</strong></span> <span class='ocrx_word' id='word_1_605' title='bbox 2600 4315 2839 4387; x_wconf 90' lang='lat' dir='ltr'><strong>Ideoque</strong></span> <span class='ocrx_word' id='word_1_606' title='bbox 2855 4315 3094 4386; x_wconf 88' lang='lat' dir='ltr'><strong>quilibet</strong></span> <span class='ocrx_word' id='word_1_607' title='bbox 3117 4315 3186 4368; x_wconf 88' lang='lat' dir='ltr'><strong>ab</strong></span> <span class='ocrx_word' id='word_1_608' title='bbox 3215 4315 3480 4386; x_wconf 91' lang='lat' dir='ltr'><strong>episcopo</strong></span> <span class='ocrx_word' id='word_1_609' title='bbox 3511 4331 3691 4386; x_wconf 91' lang='lat' dir='ltr'><strong>usque</strong></span> <span class='ocrx_word' id='word_1_610' title='bbox 3711 4316 3781 4369; x_wconf 86' lang='lat' dir='ltr'><strong>ad</strong></span> 
     </span>
    </p>
   </div>
   <div class='ocr_carea' id='block_1_87' title="bbox 2150 4407 3781 4480">
    <p class='ocr_par' dir='ltr' id='par_1_87' title="bbox 2150 4407 3781 4480">
     <span class='ocr_line' id='line_1_87' title="bbox 2150 4407 3781 4480; baseline 0 -19"><span class='ocrx_word' id='word_1_611' title='bbox 2150 4408 2553 4462; x_wconf 90' lang='lat' dir='ltr'><strong>subdiaconum</strong></span> <span class='ocrx_word' id='word_1_612' title='bbox 2575 4408 2843 4480; x_wconf 85' lang='lat' dir='ltr'><strong>deinceps</strong></span> <span class='ocrx_word' id='word_1_613' title='bbox 2868 4409 2954 4462; x_wconf 89' lang='lat' dir='ltr'><strong>vel</strong></span> <span class='ocrx_word' id='word_1_614' title='bbox 2979 4424 3041 4462; x_wconf 89' lang='lat' dir='ltr'><strong>ex</strong></span> <span class='ocrx_word' id='word_1_615' title='bbox 3064 4408 3303 4475; x_wconf 89' lang='lat' dir='ltr'><strong>ancilla,</strong></span> <span class='ocrx_word' id='word_1_616' title='bbox 3323 4409 3409 4461; x_wconf 92' lang='lat' dir='ltr'><strong>vel</strong></span> <span class='ocrx_word' id='word_1_617' title='bbox 3430 4424 3493 4462; x_wconf 85' lang='lat' dir='ltr'><strong>ex</strong></span> <span class='ocrx_word' id='word_1_618' title='bbox 3512 4407 3781 4477; x_wconf 87' lang='lat' dir='ltr'><strong>ingenua</strong></span> 
     </span>
    </p>
   </div>
   <div class='ocr_carea' id='block_1_88' title="bbox 420 4495 3782 4576">
    <p class='ocr_par' dir='ltr' id='par_1_88' title="bbox 420 4495 3782 4576">
     <span class='ocr_line' id='line_1_88' title="bbox 420 4495 3782 4576; baseline 0.001 -26"><span class='ocrx_word' id='word_1_619' title='bbox 420 4499 611 4551; x_wconf 85' lang='lat' dir='ltr'><strong>tamen</strong></span> <span class='ocrx_word' id='word_1_620' title='bbox 640 4496 859 4551; x_wconf 89' lang='lat' dir='ltr'><strong>cautela</strong></span> <span class='ocrx_word' id='word_1_621' title='bbox 889 4502 1129 4566; x_wconf 89' lang='lat' dir='ltr'><strong>servata,</strong></span> <span class='ocrx_word' id='word_1_622' title='bbox 1177 4500 1240 4552; x_wconf 91' lang='lat' dir='ltr'><strong>ut</strong></span> <span class='ocrx_word' id='word_1_623' title='bbox 1270 4514 1445 4553; x_wconf 90' lang='lat' dir='ltr'><strong>unam</strong></span> <span class='ocrx_word' id='word_1_624' title='bbox 1488 4503 1885 4558; x_wconf 86' lang='lat' dir='ltr'><strong>tantummodo</strong></span> <span class='ocrx_word' id='word_1_625' title='bbox 1919 4521 2047 4576; x_wconf 82' lang='lat' dir='ltr'><strong>qua</strong></span> <span class='ocrx_word' id='word_1_626' title='bbox 2068 4495 2125 4567; x_wconf 89' lang='lat' dir='ltr'><strong>D</strong></span> <span class='ocrx_word' id='word_1_627' title='bbox 2149 4501 2478 4556; x_wconf 89' lang='lat' dir='ltr'><strong>detestando</strong></span> <span class='ocrx_word' id='word_1_628' title='bbox 2518 4501 2801 4555; x_wconf 87' lang='lat' dir='ltr'><strong>connubio</strong></span> <span class='ocrx_word' id='word_1_629' title='bbox 2829 4501 2888 4554; x_wconf 89' lang='lat' dir='ltr'><strong>in</strong></span> <span class='ocrx_word' id='word_1_630' title='bbox 2915 4502 3132 4555; x_wconf 78' lang='lat' dir='ltr'><strong>honore</strong></span> <span class='ocrx_word' id='word_1_631' title='bbox 3158 4500 3446 4555; x_wconf 89' lang='lat' dir='ltr'><strong>constituti</strong></span> <span class='ocrx_word' id='word_1_632' title='bbox 3481 4499 3623 4554; x_wconf 85' lang='lat' dir='ltr'><strong>ﬁlios</strong></span> <span class='ocrx_word' id='word_1_633' title='bbox 3649 4517 3782 4572; x_wconf 84' lang='lat' dir='ltr'><strong>pro-</strong></span> 
     </span>
    </p>
   </div>
   <div class='ocr_carea' id='block_1_89' title="bbox 420 4589 1889 4661">
    <p class='ocr_par' dir='ltr' id='par_1_89' title="bbox 420 4589 1889 4661">
     <span class='ocr_line' id='line_1_89' title="bbox 420 4589 1889 4661; baseline 0.004 -17"><span class='ocrx_word' id='word_1_634' title='bbox 420 4589 700 4661; x_wconf 90' lang='lat' dir='ltr'><strong>placuerit</strong></span> <span class='ocrx_word' id='word_1_635' title='bbox 726 4604 794 4645; x_wconf 86' lang='lat' dir='ltr'><strong>ex</strong></span> <span class='ocrx_word' id='word_1_636' title='bbox 815 4590 1035 4645; x_wconf 89' lang='lat' dir='ltr'><strong>duabus</strong></span> <span class='ocrx_word' id='word_1_637' title='bbox 1061 4592 1591 4647; x_wconf 90' lang='lat' dir='ltr'><strong>remunerationem</strong></span> <span class='ocrx_word' id='word_1_638' title='bbox 1616 4600 1889 4651; x_wconf 89' lang='lat' dir='ltr'><strong>assumat.</strong></span> 
     </span>
    </p>
   </div>
   <div class='ocr_carea' id='block_1_90' title="bbox 490 4684 2045 4754">
    <p class='ocr_par' dir='ltr' id='par_1_90' title="bbox 490 4684 2045 4754">
     <span class='ocr_line' id='line_1_90' title="bbox 490 4684 2045 4754; baseline 0.006 -18"><span class='ocrx_word' id='word_1_639' title='bbox 490 4684 578 4738; x_wconf 88' lang='lat' dir='ltr'><strong>VI.</strong></span> <span class='ocrx_word' id='word_1_640' title='bbox 603 4686 744 4739; x_wconf 88' lang='lat' dir='ltr'><strong>Cum</strong></span> <span class='ocrx_word' id='word_1_641' title='bbox 788 4684 1088 4754; x_wconf 78' lang='lat' dir='ltr'><strong>praeteritis</strong></span> <span class='ocrx_word' id='word_1_642' title='bbox 1123 4685 1511 4740; x_wconf 91' lang='lat' dir='ltr'><strong>sanctionibus</strong></span> <span class='ocrx_word' id='word_1_643' title='bbox 1559 4687 1919 4744; x_wconf 90' lang='lat' dir='ltr'><strong>notissimum</strong></span> <span class='ocrx_word' id='word_1_644' title='bbox 1946 4692 2045 4746; x_wconf 89' lang='lat' dir='ltr'><strong>ha-</strong></span> 
     </span>
    </p>
   </div>
   <div class='ocr_carea' id='block_1_91' title="bbox 418 4775 2049 4854">
    <p class='ocr_par' dir='ltr' id='par_1_91' title="bbox 418 4775 2049 4854">
     <span class='ocr_line' id='line_1_91' title="bbox 418 4775 2049 4854; baseline 0.005 -24"><span class='ocrx_word' id='word_1_645' title='bbox 418 4775 640 4844; x_wconf 90' lang='lat' dir='ltr'><strong>beatur,</strong></span> <span class='ocrx_word' id='word_1_646' title='bbox 663 4793 793 4848; x_wconf 86' lang='lat' dir='ltr'><strong>quae</strong></span> <span class='ocrx_word' id='word_1_647' title='bbox 822 4777 890 4831; x_wconf 92' lang='lat' dir='ltr'><strong>de</strong></span> <span class='ocrx_word' id='word_1_648' title='bbox 917 4777 1085 4831; x_wconf 90' lang='lat' dir='ltr'><strong>rebus</strong></span> <span class='ocrx_word' id='word_1_649' title='bbox 1108 4778 1521 4849; x_wconf 90' lang='lat' dir='ltr'><strong>parochialium</strong></span> <span class='ocrx_word' id='word_1_650' title='bbox 1537 4780 1902 4837; x_wconf 90' lang='lat' dir='ltr'><strong>ecclesiarum</strong></span> <span class='ocrx_word' id='word_1_651' title='bbox 1920 4801 2049 4854; x_wconf 90' lang='lat' dir='ltr'><strong>pars</strong></span> 
     </span>
    </p>
   </div>
   <div class='ocr_carea' id='block_1_92' title="bbox 421 4868 2045 4942">
    <p class='ocr_par' dir='ltr' id='par_1_92' title="bbox 421 4868 2045 4942">
     <span class='ocr_line' id='line_1_92' title="bbox 421 4868 2045 4942; baseline 0.006 -20"><span class='ocrx_word' id='word_1_652' title='bbox 421 4868 685 4940; x_wconf 91' lang='lat' dir='ltr'><strong>episcopo</strong></span> <span class='ocrx_word' id='word_1_653' title='bbox 705 4869 1050 4938; x_wconf 86' lang='lat' dir='ltr'><strong>conferatur,</strong></span> <span class='ocrx_word' id='word_1_654' title='bbox 1084 4875 1405 4942; x_wconf 89' lang='lat' dir='ltr'><strong>opportune</strong></span> <span class='ocrx_word' id='word_1_655' title='bbox 1434 4875 1630 4926; x_wconf 89' lang='lat' dir='ltr'><strong>tamen</strong></span> <span class='ocrx_word' id='word_1_656' title='bbox 1655 4874 1921 4930; x_wconf 88' lang='lat' dir='ltr'><strong>duximus</strong></span> <span class='ocrx_word' id='word_1_657' title='bbox 1948 4878 2045 4931; x_wconf 90' lang='lat' dir='ltr'><strong>de-</strong></span> 
     </span>
    </p>
   </div>
   <div class='ocr_carea' id='block_1_93' title="bbox 422 4961 2049 5038">
    <p class='ocr_par' dir='ltr' id='par_1_93' title="bbox 422 4961 2049 5038">
     <span class='ocr_line' id='line_1_93' title="bbox 422 4961 2049 5038; baseline 0.004 -22"><span class='ocrx_word' id='word_1_658' title='bbox 422 4961 796 5029; x_wconf 89' lang='lat' dir='ltr'><strong>cernendum,</strong></span> <span class='ocrx_word' id='word_1_659' title='bbox 825 4966 890 5016; x_wconf 92' lang='lat' dir='ltr'><strong>ut</strong></span> <span class='ocrx_word' id='word_1_660' title='bbox 916 4962 962 5017; x_wconf 88' lang='lat' dir='ltr'><strong>si</strong></span> <span class='ocrx_word' id='word_1_661' title='bbox 1003 4963 1299 5034; x_wconf 90' lang='lat' dir='ltr'><strong>episcopus</strong></span> <span class='ocrx_word' id='word_1_662' title='bbox 1325 4966 1553 5021; x_wconf 89' lang='lat' dir='ltr'><strong>tertiam</strong></span> <span class='ocrx_word' id='word_1_663' title='bbox 1580 4983 1754 5038; x_wconf 89' lang='lat' dir='ltr'><strong>quam</strong></span> <span class='ocrx_word' id='word_1_664' title='bbox 1779 4968 1849 5022; x_wconf 91' lang='lat' dir='ltr'><strong>de</strong></span> <span class='ocrx_word' id='word_1_665' title='bbox 1879 4970 2049 5023; x_wconf 90' lang='lat' dir='ltr'><strong>rebus</strong></span> 
     </span>
    </p>
   </div>
   <div class='ocr_carea' id='block_1_94' title="bbox 423 5052 2050 5129">
    <p class='ocr_par' dir='ltr' id='par_1_94' title="bbox 423 5052 2050 5129">
     <span class='ocr_line' id='line_1_94' title="bbox 423 5052 2050 5129; baseline 0.004 -19"><span class='ocrx_word' id='word_1_666' title='bbox 423 5052 642 5110; x_wconf 87' lang='lat' dir='ltr'><strong>eisdem</strong></span> <span class='ocrx_word' id='word_1_667' title='bbox 696 5054 985 5110; x_wconf 91' lang='lat' dir='ltr'><strong>sanctione</strong></span> <span class='ocrx_word' id='word_1_668' title='bbox 1024 5056 1241 5127; x_wconf 90' lang='lat' dir='ltr'><strong>pariter</strong></span> <span class='ocrx_word' id='word_1_669' title='bbox 1280 5057 1385 5112; x_wconf 91' lang='lat' dir='ltr'><strong>sibi</strong></span> <span class='ocrx_word' id='word_1_670' title='bbox 1432 5058 1686 5115; x_wconf 90' lang='lat' dir='ltr'><strong>debitam</strong></span> <span class='ocrx_word' id='word_1_671' title='bbox 1734 5062 1912 5129; x_wconf 89' lang='lat' dir='ltr'><strong>novit,</strong></span> <span class='ocrx_word' id='word_1_672' title='bbox 1950 5066 2050 5117; x_wconf 89' lang='lat' dir='ltr'><strong>aut</strong></span> 
     </span>
    </p>
   </div>
   <div class='ocr_carea' id='block_1_95' title="bbox 419 5145 2051 5220">
    <p class='ocr_par' dir='ltr' id='par_1_95' title="bbox 419 5145 2051 5220">
     <span class='ocr_line' id='line_1_95' title="bbox 419 5145 2051 5220; baseline 0.006 -21"><span class='ocrx_word' id='word_1_673' title='bbox 419 5145 528 5218; x_wconf 89' lang='lat' dir='ltr'><strong>ipsi</strong></span> <span class='ocrx_word' id='word_1_674' title='bbox 557 5146 807 5201; x_wconf 87' lang='lat' dir='ltr'><strong>ecclesia</strong></span> <span class='ocrx_word' id='word_1_675' title='bbox 833 5147 993 5218; x_wconf 74' lang='lat' dir='ltr'><strong>cuius</strong></span> <span class='ocrx_word' id='word_1_676' title='bbox 1023 5164 1114 5203; x_wconf 91' lang='lat' dir='ltr'><strong>res</strong></span> <span class='ocrx_word' id='word_1_677' title='bbox 1145 5167 1267 5205; x_wconf 91' lang='lat' dir='ltr'><strong>esse</strong></span> <span class='ocrx_word' id='word_1_678' title='bbox 1296 5151 1531 5220; x_wconf 90' lang='lat' dir='ltr'><strong>patebit,</strong></span> <span class='ocrx_word' id='word_1_679' title='bbox 1562 5157 1662 5207; x_wconf 91' lang='lat' dir='ltr'><strong>aut</strong></span> <span class='ocrx_word' id='word_1_680' title='bbox 1685 5152 1850 5208; x_wconf 88' lang='lat' dir='ltr'><strong>alteri</strong></span> <span class='ocrx_word' id='word_1_681' title='bbox 1876 5154 2051 5209; x_wconf 88' lang='lat' dir='ltr'><strong>eccle-</strong></span> 
     </span>
    </p>
   </div>
   <div class='ocr_carea' id='block_1_96' title="bbox 419 5238 2050 5312">
    <p class='ocr_par' dir='ltr' id='par_1_96' title="bbox 419 5238 2050 5312">
     <span class='ocr_line' id='line_1_96' title="bbox 419 5238 2050 5312; baseline 0.005 -19"><span class='ocrx_word' id='word_1_682' title='bbox 419 5238 519 5294; x_wconf 88' lang='lat' dir='ltr'><strong>sia</strong></span> <span class='ocrx_word' id='word_1_683' title='bbox 544 5239 635 5294; x_wconf 90' lang='lat' dir='ltr'><strong>cui</strong></span> <span class='ocrx_word' id='word_1_684' title='bbox 665 5239 842 5312; x_wconf 87' lang='lat' dir='ltr'><strong>elegit</strong></span> <span class='ocrx_word' id='word_1_685' title='bbox 869 5241 1126 5297; x_wconf 90' lang='lat' dir='ltr'><strong>conferre</strong></span> <span class='ocrx_word' id='word_1_686' title='bbox 1149 5243 1480 5310; x_wconf 89' lang='lat' dir='ltr'><strong>decreverit,</strong></span> <span class='ocrx_word' id='word_1_687' title='bbox 1501 5248 1557 5298; x_wconf 90' lang='lat' dir='ltr'><strong>et</strong></span> <span class='ocrx_word' id='word_1_688' title='bbox 1584 5245 1801 5301; x_wconf 88' lang='lat' dir='ltr'><strong>licitum</strong></span> <span class='ocrx_word' id='word_1_689' title='bbox 1822 5252 2050 5302; x_wconf 89' lang='lat' dir='ltr'><strong>maneat</strong></span> 
     </span>
    </p>
   </div>
   <div class='ocr_carea' id='block_1_97' title="bbox 420 5331 1709 5406">
    <p class='ocr_par' dir='ltr' id='par_1_97' title="bbox 420 5331 1709 5406">
     <span class='ocr_line' id='line_1_97' title="bbox 420 5331 1709 5406; baseline 0.005 -19"><span class='ocrx_word' id='word_1_690' title='bbox 420 5336 479 5388; x_wconf 88' lang='lat' dir='ltr'><strong>et</strong></span> <span class='ocrx_word' id='word_1_691' title='bbox 500 5331 864 5389; x_wconf 88' lang='lat' dir='ltr'><strong>irrevocabile</strong></span> <span class='ocrx_word' id='word_1_692' title='bbox 891 5335 1070 5390; x_wconf 93' lang='lat' dir='ltr'><strong>robur</strong></span> <span class='ocrx_word' id='word_1_693' title='bbox 1095 5336 1215 5406; x_wconf 91' lang='lat' dir='ltr'><strong>ejus</strong></span> <span class='ocrx_word' id='word_1_694' title='bbox 1240 5336 1524 5390; x_wconf 86' lang='lat' dir='ltr'><strong>sententia</strong></span> <span class='ocrx_word' id='word_1_695' title='bbox 1545 5336 1709 5394; x_wconf 87' lang='lat' dir='ltr'><strong>ferat.</strong></span> 
     </span>
    </p>
   </div>
   <div class='ocr_carea' id='block_1_98' title="bbox 491 5426 2046 5501">
    <p class='ocr_par' dir='ltr' id='par_1_98' title="bbox 491 5426 2046 5501">
     <span class='ocr_line' id='line_1_98' title="bbox 491 5426 2046 5501; baseline 0.005 -22"><span class='ocrx_word' id='word_1_696' title='bbox 491 5426 599 5482; x_wconf 85' lang='lat' dir='ltr'><strong>VII.</strong></span> <span class='ocrx_word' id='word_1_697' title='bbox 627 5426 938 5499; x_wconf 89' lang='lat' dir='ltr'><strong>Propinqui</strong></span> <span class='ocrx_word' id='word_1_698' title='bbox 964 5428 1262 5483; x_wconf 90' lang='lat' dir='ltr'><strong>morientis</strong></span> <span class='ocrx_word' id='word_1_699' title='bbox 1304 5428 1554 5501; x_wconf 87' lang='lat' dir='ltr'><strong>episcopi</strong></span> <span class='ocrx_word' id='word_1_700' title='bbox 1600 5430 1740 5487; x_wconf 91' lang='lat' dir='ltr'><strong>nihil</strong></span> <span class='ocrx_word' id='word_1_701' title='bbox 1784 5432 1853 5488; x_wconf 92' lang='lat' dir='ltr'><strong>de</strong></span> <span class='ocrx_word' id='word_1_702' title='bbox 1880 5432 2046 5488; x_wconf 88' lang='lat' dir='ltr'><strong>rebus</strong></span> 
     </span>
    </p>
   </div>
   <div class='ocr_carea' id='block_1_99' title="bbox 386 5518 2046 5598">
    <p class='ocr_par' dir='ltr' id='par_1_99' title="bbox 386 5518 2046 5598">
     <span class='ocr_line' id='line_1_99' title="bbox 386 5518 2046 5598; baseline 0.005 -25"><span class='ocrx_word' id='word_1_703' title='bbox 386 5568 393 5573; x_wconf 90' lang='lat'><strong>.</strong></span> <span class='ocrx_word' id='word_1_704' title='bbox 417 5518 465 5591; x_wconf 88' lang='lat' dir='ltr'><strong>ej</strong></span> <span class='ocrx_word' id='word_1_705' title='bbox 477 5536 539 5574; x_wconf 90' lang='lat' dir='ltr'><strong>us</strong></span> <span class='ocrx_word' id='word_1_706' title='bbox 566 5519 780 5593; x_wconf 88' lang='lat' dir='ltr'><strong>absque</strong></span> <span class='ocrx_word' id='word_1_707' title='bbox 810 5520 1230 5592; x_wconf 90' lang='lat' dir='ltr'><strong>metropolitani</strong></span> <span class='ocrx_word' id='word_1_708' title='bbox 1257 5522 1579 5591; x_wconf 85' lang='lat' dir='ltr'><strong>cognitione</strong></span> <span class='ocrx_word' id='word_1_709' title='bbox 1610 5542 1879 5597; x_wconf 85' lang='lat' dir='ltr'><strong>usurpare</strong></span> <span class='ocrx_word' id='word_1_710' title='bbox 1905 5543 2046 5598; x_wconf 88' lang='lat' dir='ltr'><strong>pra-</strong></span> 
     </span>
    </p>
   </div>
   <div class='ocr_carea' id='block_1_100' title="bbox 414 5612 2045 5689">
    <p class='ocr_par' dir='ltr' id='par_1_100' title="bbox 414 5612 2045 5689">
     <span class='ocr_line' id='line_1_100' title="bbox 414 5612 2045 5689; baseline 0.005 -23"><span class='ocrx_word' id='word_1_711' title='bbox 414 5616 675 5683; x_wconf 83' lang='lat' dir='ltr'><strong>sumant;</strong></span> <span class='ocrx_word' id='word_1_712' title='bbox 720 5614 875 5685; x_wconf 87' lang='lat' dir='ltr'><strong>quod</strong></span> <span class='ocrx_word' id='word_1_713' title='bbox 914 5612 963 5667; x_wconf 90' lang='lat' dir='ltr'><strong>si</strong></span> <span class='ocrx_word' id='word_1_714' title='bbox 1003 5612 1051 5667; x_wconf 89' lang='lat' dir='ltr'><strong>is</strong></span> <span class='ocrx_word' id='word_1_715' title='bbox 1087 5614 1187 5684; x_wconf 91' lang='lat' dir='ltr'><strong>qui</strong></span> <span class='ocrx_word' id='word_1_716' title='bbox 1230 5617 1530 5671; x_wconf 89' lang='lat' dir='ltr'><strong>recesserit</strong></span> <span class='ocrx_word' id='word_1_717' title='bbox 1577 5618 2045 5689; x_wconf 87' lang='lat' dir='ltr'><strong>metropolitanus</strong></span> 
     </span>
    </p>
   </div>
   <div class='ocr_carea' id='block_1_101' title="bbox 412 5704 2045 5779">
    <p class='ocr_par' dir='ltr' id='par_1_101' title="bbox 412 5704 2045 5779">
     <span class='ocr_line' id='line_1_101' title="bbox 412 5704 2045 5779; baseline 0.007 -22"><span class='ocrx_word' id='word_1_718' title='bbox 412 5704 605 5773; x_wconf 90' lang='lat' dir='ltr'><strong>fuerit,</strong></span> <span class='ocrx_word' id='word_1_719' title='bbox 621 5721 969 5762; x_wconf 89' lang='lat' dir='ltr'><strong>successores</strong></span> <span class='ocrx_word' id='word_1_720' title='bbox 991 5707 1337 5762; x_wconf 88' lang='lat' dir='ltr'><strong>sententiam</strong></span> <span class='ocrx_word' id='word_1_721' title='bbox 1357 5709 1406 5779; x_wconf 87' lang='lat' dir='ltr'><strong>ej</strong></span> <span class='ocrx_word' id='word_1_722' title='bbox 1417 5727 1477 5764; x_wconf 92' lang='lat' dir='ltr'><strong>us</strong></span> <span class='ocrx_word' id='word_1_723' title='bbox 1496 5710 1910 5768; x_wconf 88' lang='lat' dir='ltr'><strong>autconcilium</strong></span> <span class='ocrx_word' id='word_1_724' title='bbox 1928 5730 2045 5768; x_wconf 85' lang='lat' dir='ltr'><strong>sus-</strong></span> 
     </span>
    </p>
   </div>
   <div class='ocr_carea' id='block_1_102' title="bbox 408 5796 2043 5870">
    <p class='ocr_par' dir='ltr' id='par_1_102' title="bbox 408 5796 2043 5870">
     <span class='ocr_line' id='line_1_102' title="bbox 408 5796 2043 5870; baseline 0.008 -22"><span class='ocrx_word' id='word_1_725' title='bbox 408 5796 695 5867; x_wconf 76' lang='lat' dir='ltr'><strong>tinebunt,</strong></span> <span class='ocrx_word' id='word_1_726' title='bbox 727 5815 797 5851; x_wconf 90' lang='lat' dir='ltr'><strong>ne</strong></span> <span class='ocrx_word' id='word_1_727' title='bbox 827 5798 1037 5870; x_wconf 86' lang='lat' dir='ltr'><strong>passim</strong></span> <span class='ocrx_word' id='word_1_728' title='bbox 1086 5800 1432 5856; x_wconf 86' lang='lat' dir='ltr'><strong>hareditatis</strong></span> <span class='ocrx_word' id='word_1_729' title='bbox 1462 5804 1736 5859; x_wconf 82' lang='lat' dir='ltr'><strong>adeunda</strong></span> <span class='ocrx_word' id='word_1_730' title='bbox 1769 5804 1948 5862; x_wconf 87' lang='lat' dir='ltr'><strong>danda</strong></span> <span class='ocrx_word' id='word_1_731' title='bbox 1980 5807 2043 5861; x_wconf 91' lang='lat' dir='ltr'><strong>li-</strong></span> 
     </span>
    </p>
   </div>
   <div class='ocr_carea' id='block_1_103' title="bbox 2149 4593 3781 4665">
    <p class='ocr_par' dir='ltr' id='par_1_103' title="bbox 2149 4593 3781 4665">
     <span class='ocr_line' id='line_1_103' title="bbox 2149 4593 3781 4665; baseline -0.001 -17"><span class='ocrx_word' id='word_1_732' title='bbox 2149 4597 2427 4661; x_wconf 87' lang='lat' dir='ltr'><strong>crearent,</strong></span> <span class='ocrx_word' id='word_1_733' title='bbox 2448 4594 2529 4648; x_wconf 91' lang='lat' dir='ltr'><strong>illi</strong></span> <span class='ocrx_word' id='word_1_734' title='bbox 2560 4594 2794 4665; x_wconf 88' lang='lat' dir='ltr'><strong>quidem</strong></span> <span class='ocrx_word' id='word_1_735' title='bbox 2823 4611 2890 4648; x_wconf 86' lang='lat' dir='ltr'><strong>ex</strong></span> <span class='ocrx_word' id='word_1_736' title='bbox 2919 4593 3125 4664; x_wconf 89' lang='lat' dir='ltr'><strong>quibus</strong></span> <span class='ocrx_word' id='word_1_737' title='bbox 3157 4593 3333 4665; x_wconf 88' lang='lat' dir='ltr'><strong>geniti</strong></span> <span class='ocrx_word' id='word_1_738' title='bbox 3356 4593 3677 4664; x_wconf 85' lang='lat' dir='ltr'><strong>probantur</strong></span> <span class='ocrx_word' id='word_1_739' title='bbox 3694 4610 3781 4647; x_wconf 87' lang='lat' dir='ltr'><strong>ca-</strong></span> 
     </span>
    </p>
   </div>
   <div class='ocr_carea' id='block_1_104' title="bbox 2149 4686 3780 4757">
    <p class='ocr_par' dir='ltr' id='par_1_104' title="bbox 2149 4686 3780 4757">
     <span class='ocr_line' id='line_1_104' title="bbox 2149 4686 3780 4757; baseline -0.001 -17"><span class='ocrx_word' id='word_1_740' title='bbox 2149 4687 2352 4741; x_wconf 88' lang='lat' dir='ltr'><strong>nonica</strong></span> <span class='ocrx_word' id='word_1_741' title='bbox 2377 4703 2610 4741; x_wconf 86' lang='lat' dir='ltr'><strong>censura</strong></span> <span class='ocrx_word' id='word_1_742' title='bbox 2635 4688 2999 4742; x_wconf 88' lang='lat' dir='ltr'><strong>damnentur.</strong></span> <span class='ocrx_word' id='word_1_743' title='bbox 3018 4687 3205 4741; x_wconf 90' lang='lat' dir='ltr'><strong>Proles</strong></span> <span class='ocrx_word' id='word_1_744' title='bbox 3235 4692 3427 4741; x_wconf 89' lang='lat' dir='ltr'><strong>autem</strong></span> <span class='ocrx_word' id='word_1_745' title='bbox 3451 4686 3638 4741; x_wconf 89' lang='lat' dir='ltr'><strong>aliena</strong></span> <span class='ocrx_word' id='word_1_746' title='bbox 3659 4686 3780 4757; x_wconf 90' lang='lat' dir='ltr'><strong>pol-</strong></span> 
     </span>
    </p>
   </div>
   <div class='ocr_carea' id='block_1_105' title="bbox 2147 4780 3776 4850">
    <p class='ocr_par' dir='ltr' id='par_1_105' title="bbox 2147 4780 3776 4850">
     <span class='ocr_line' id='line_1_105' title="bbox 2147 4780 3776 4850; baseline 0 -18"><span class='ocrx_word' id='word_1_747' title='bbox 2147 4780 2365 4835; x_wconf 89' lang='lat' dir='ltr'><strong>lutione</strong></span> <span class='ocrx_word' id='word_1_748' title='bbox 2391 4797 2509 4835; x_wconf 91' lang='lat' dir='ltr'><strong>non</strong></span> <span class='ocrx_word' id='word_1_749' title='bbox 2539 4781 2723 4834; x_wconf 90' lang='lat' dir='ltr'><strong>solum</strong></span> <span class='ocrx_word' id='word_1_750' title='bbox 2749 4780 3137 4835; x_wconf 84' lang='lat' dir='ltr'><strong>hareditatem</strong></span> <span class='ocrx_word' id='word_1_751' title='bbox 3162 4784 3461 4850; x_wconf 87' lang='lat' dir='ltr'><strong>parentum</strong></span> <span class='ocrx_word' id='word_1_752' title='bbox 3490 4795 3776 4850; x_wconf 89' lang='lat' dir='ltr'><strong>nusquam</strong></span> 
     </span>
    </p>
   </div>
   <div class='ocr_carea' id='block_1_106' title="bbox 2150 4871 3778 4943">
    <p class='ocr_par' dir='ltr' id='par_1_106' title="bbox 2150 4871 3778 4943">
     <span class='ocr_line' id='line_1_106' title="bbox 2150 4871 3778 4943; baseline -0.001 -16"><span class='ocrx_word' id='word_1_753' title='bbox 2150 4873 2403 4943; x_wconf 91' lang='lat' dir='ltr'><strong>accipiet,</strong></span> <span class='ocrx_word' id='word_1_754' title='bbox 2434 4873 2535 4926; x_wconf 92' lang='lat' dir='ltr'><strong>sed</strong></span> <span class='ocrx_word' id='word_1_755' title='bbox 2574 4874 2746 4927; x_wconf 88' lang='lat' dir='ltr'><strong>etiam</strong></span> <span class='ocrx_word' id='word_1_756' title='bbox 2793 4873 2850 4927; x_wconf 91' lang='lat' dir='ltr'><strong>in</strong></span> <span class='ocrx_word' id='word_1_757' title='bbox 2890 4875 3219 4928; x_wconf 91' lang='lat' dir='ltr'><strong>servitutem</strong></span> <span class='ocrx_word' id='word_1_758' title='bbox 3256 4873 3376 4943; x_wconf 86' lang='lat' dir='ltr'><strong>ejus</strong></span> <span class='ocrx_word' id='word_1_759' title='bbox 3406 4871 3675 4939; x_wconf 84' lang='lat' dir='ltr'><strong>ecclesia,</strong></span> <span class='ocrx_word' id='word_1_760' title='bbox 3708 4873 3778 4926; x_wconf 92' lang='lat' dir='ltr'><strong>de</strong></span> 
     </span>
    </p>
   </div>
   <div class='ocr_carea' id='block_1_107' title="bbox 2150 4964 3783 5037">
    <p class='ocr_par' dir='ltr' id='par_1_107' title="bbox 2150 4964 3783 5037">
     <span class='ocr_line' id='line_1_107' title="bbox 2150 4964 3783 5037; baseline -0.001 -17"><span class='ocrx_word' id='word_1_761' title='bbox 2150 4968 2309 5037; x_wconf 90' lang='lat' dir='ltr'><strong>cujus</strong></span> <span class='ocrx_word' id='word_1_762' title='bbox 2357 4967 2664 5022; x_wconf 84' lang='lat' dir='ltr'><strong>sacerdotis</strong></span> <span class='ocrx_word' id='word_1_763' title='bbox 2708 4969 2792 5021; x_wconf 90' lang='lat' dir='ltr'><strong>vel</strong></span> <span class='ocrx_word' id='word_1_764' title='bbox 2838 4967 3084 5021; x_wconf 90' lang='lat' dir='ltr'><strong>ministri</strong></span> <span class='ocrx_word' id='word_1_765' title='bbox 3128 4966 3443 5037; x_wconf 83' lang='lat' dir='ltr'><strong>ignominia</strong></span> <span class='ocrx_word' id='word_1_766' title='bbox 3482 4964 3597 5019; x_wconf 90' lang='lat' dir='ltr'><strong>nati</strong></span> <span class='ocrx_word' id='word_1_767' title='bbox 3644 4968 3783 5019; x_wconf 82' lang='lat' dir='ltr'><strong>sunt</strong></span> 
     </span>
    </p>
   </div>
   <div class='ocr_carea' id='block_1_108' title="bbox 2143 5060 2903 5130">
    <p class='ocr_par' dir='ltr' id='par_1_108' title="bbox 2143 5060 2903 5130">
     <span class='ocr_line' id='line_1_108' title="bbox 2143 5060 2903 5130; baseline 0.001 -17"><span class='ocrx_word' id='word_1_768' title='bbox 2143 5060 2272 5130; x_wconf 90' lang='lat' dir='ltr'><strong>jure</strong></span> <span class='ocrx_word' id='word_1_769' title='bbox 2298 5060 2537 5129; x_wconf 87' lang='lat' dir='ltr'><strong>perenni</strong></span> <span class='ocrx_word' id='word_1_770' title='bbox 2568 5060 2903 5125; x_wconf 80' lang='lat' dir='ltr'><strong>manebunt.</strong></span> 
     </span>
    </p>
   </div>
   <div class='ocr_carea' id='block_1_109' title="bbox 2218 5150 3784 5216">
    <p class='ocr_par' dir='ltr' id='par_1_109' title="bbox 2218 5150 3784 5216">
     <span class='ocr_line' id='line_1_109' title="bbox 2218 5150 3784 5216; baseline -0.001 -10"><span class='ocrx_word' id='word_1_771' title='bbox 2218 5154 2303 5207; x_wconf 84' lang='lat' dir='ltr'><strong>XI.</strong></span> <span class='ocrx_word' id='word_1_772' title='bbox 2339 5153 2443 5216; x_wconf 88' lang='lat' dir='ltr'><strong>Qui</strong></span> <span class='ocrx_word' id='word_1_773' title='bbox 2482 5170 2550 5207; x_wconf 82' lang='lat' dir='ltr'><strong>ex</strong></span> <span class='ocrx_word' id='word_1_774' title='bbox 2578 5154 2808 5208; x_wconf 87' lang='lat' dir='ltr'><strong>familiis</strong></span> <span class='ocrx_word' id='word_1_775' title='bbox 2842 5154 3090 5209; x_wconf 88' lang='lat' dir='ltr'><strong>ecclesia</strong></span> <span class='ocrx_word' id='word_1_776' title='bbox 3127 5151 3383 5207; x_wconf 84' lang='lat' dir='ltr'><strong>servituri</strong></span> <span class='ocrx_word' id='word_1_777' title='bbox 3432 5150 3784 5205; x_wconf 88' lang='lat' dir='ltr'><strong>devocantur</strong></span> 
     </span>
    </p>
   </div>
   <div class='ocr_carea' id='block_1_110' title="bbox 2149 5246 3782 5318">
    <p class='ocr_par' dir='ltr' id='par_1_110' title="bbox 2149 5246 3782 5318">
     <span class='ocr_line' id='line_1_110' title="bbox 2149 5246 3782 5318; baseline -0.001 -20"><span class='ocrx_word' id='word_1_778' title='bbox 2149 5246 2206 5300; x_wconf 93' lang='lat' dir='ltr'><strong>in</strong></span> <span class='ocrx_word' id='word_1_779' title='bbox 2234 5246 2447 5299; x_wconf 88' lang='lat' dir='ltr'><strong>clerum</strong></span> <span class='ocrx_word' id='word_1_780' title='bbox 2475 5246 2544 5301; x_wconf 91' lang='lat' dir='ltr'><strong>ab</strong></span> <span class='ocrx_word' id='word_1_781' title='bbox 2579 5246 2858 5318; x_wconf 82' lang='lat' dir='ltr'><strong>epiSCOpis</strong></span> <span class='ocrx_word' id='word_1_782' title='bbox 2885 5248 3019 5315; x_wconf 91' lang='lat' dir='ltr'><strong>suis,</strong></span> <span class='ocrx_word' id='word_1_783' title='bbox 3051 5246 3326 5301; x_wconf 85' lang='lat' dir='ltr'><strong>libertatis</strong></span> <span class='ocrx_word' id='word_1_784' title='bbox 3350 5260 3580 5298; x_wconf 90' lang='lat' dir='ltr'><strong>necesse</strong></span> <span class='ocrx_word' id='word_1_785' title='bbox 3605 5248 3689 5297; x_wconf 90' lang='lat' dir='ltr'><strong>est</strong></span> <span class='ocrx_word' id='word_1_786' title='bbox 3714 5246 3782 5297; x_wconf 91' lang='lat' dir='ltr'><strong>ut</strong></span> 
     </span>
    </p>
   </div>
   <div class='ocr_carea' id='block_1_111' title="bbox 2147 5335 3782 5410">
    <p class='ocr_par' dir='ltr' id='par_1_111' title="bbox 2147 5335 3782 5410">
     <span class='ocr_line' id='line_1_111' title="bbox 2147 5335 3782 5410; baseline -0.001 -17"><span class='ocrx_word' id='word_1_787' title='bbox 2147 5339 2462 5410; x_wconf 86' lang='lat' dir='ltr'><strong>percipiant</strong></span> <span class='ocrx_word' id='word_1_788' title='bbox 2489 5340 2725 5408; x_wconf 91' lang='lat' dir='ltr'><strong>donum,</strong></span> <span class='ocrx_word' id='word_1_789' title='bbox 2745 5343 2802 5395; x_wconf 86' lang='lat' dir='ltr'><strong>et</strong></span> <span class='ocrx_word' id='word_1_790' title='bbox 2827 5341 2870 5394; x_wconf 91' lang='lat' dir='ltr'><strong>si</strong></span> <span class='ocrx_word' id='word_1_791' title='bbox 2897 5342 3150 5396; x_wconf 80' lang='lat' dir='ltr'><strong>honesta</strong></span> <span class='ocrx_word' id='word_1_792' title='bbox 3180 5339 3307 5393; x_wconf 88' lang='lat' dir='ltr'><strong>vita</strong></span> <span class='ocrx_word' id='word_1_793' title='bbox 3334 5335 3640 5393; x_wconf 88' lang='lat' dir='ltr'><strong>claruerint</strong></span> <span class='ocrx_word' id='word_1_794' title='bbox 3665 5352 3782 5391; x_wconf 87' lang='lat' dir='ltr'><strong>me-</strong></span> 
     </span>
    </p>
   </div>
   <div class='ocr_carea' id='block_1_112' title="bbox 2146 5428 3781 5504">
    <p class='ocr_par' dir='ltr' id='par_1_112' title="bbox 2146 5428 3781 5504">
     <span class='ocr_line' id='line_1_112' title="bbox 2146 5428 3781 5504; baseline -0.002 -18"><span class='ocrx_word' id='word_1_795' title='bbox 2146 5432 2288 5501; x_wconf 89' lang='lat' dir='ltr'><strong>ritis,</strong></span> <span class='ocrx_word' id='word_1_796' title='bbox 2314 5436 2437 5487; x_wconf 90' lang='lat' dir='ltr'><strong>tum</strong></span> <span class='ocrx_word' id='word_1_797' title='bbox 2466 5433 2694 5487; x_wconf 89' lang='lat' dir='ltr'><strong>demum</strong></span> <span class='ocrx_word' id='word_1_798' title='bbox 2720 5433 3032 5503; x_wconf 87' lang='lat' dir='ltr'><strong>majoribus</strong></span> <span class='ocrx_word' id='word_1_799' title='bbox 3056 5433 3371 5504; x_wconf 78' lang='lat' dir='ltr'><strong>fungantur</strong></span> <span class='ocrx_word' id='word_1_800' title='bbox 3390 5428 3607 5485; x_wconf 86' lang='lat' dir='ltr'><strong>ofﬁciis.</strong></span> <span class='ocrx_word' id='word_1_801' title='bbox 3626 5428 3781 5492; x_wconf 87' lang='lat' dir='ltr'><strong>Quos</strong></span> 
     </span>
    </p>
   </div>
   <div class='ocr_carea' id='block_1_113' title="bbox 2146 5524 3780 5598">
    <p class='ocr_par' dir='ltr' id='par_1_113' title="bbox 2146 5524 3780 5598">
     <span class='ocr_line' id='line_1_113' title="bbox 2146 5524 3780 5598; baseline -0.003 -19"><span class='ocrx_word' id='word_1_802' title='bbox 2146 5542 2275 5581; x_wconf 84' lang='lat' dir='ltr'><strong>vero</strong></span> <span class='ocrx_word' id='word_1_803' title='bbox 2301 5525 2499 5598; x_wconf 86' lang='lat' dir='ltr'><strong>ﬂagitii</strong></span> <span class='ocrx_word' id='word_1_804' title='bbox 2521 5526 2887 5581; x_wconf 91' lang='lat' dir='ltr'><strong>sordidaverit</strong></span> <span class='ocrx_word' id='word_1_805' title='bbox 2899 5527 2957 5580; x_wconf 92' lang='lat' dir='ltr'><strong>in</strong></span> <span class='ocrx_word' id='word_1_806' title='bbox 2965 5525 3303 5595; x_wconf 85' lang='lat' dir='ltr'><strong>corrigibilis</strong></span> <span class='ocrx_word' id='word_1_807' title='bbox 3318 5540 3482 5590; x_wconf 91' lang='lat' dir='ltr'><strong>noxa,</strong></span> <span class='ocrx_word' id='word_1_808' title='bbox 3501 5524 3780 5592; x_wconf 89' lang='lat' dir='ltr'><strong>perpetua</strong></span> 
     </span>
    </p>
   </div>
   <div class='ocr_carea' id='block_1_114' title="bbox 2145 5619 3315 5691">
    <p class='ocr_par' dir='ltr' id='par_1_114' title="bbox 2145 5619 3315 5691">
     <span class='ocr_line' id='line_1_114' title="bbox 2145 5619 3315 5691; baseline -0.002 -17"><span class='ocrx_word' id='word_1_809' title='bbox 2145 5620 2385 5675; x_wconf 89' lang='lat' dir='ltr'><strong>servitus</strong></span> <span class='ocrx_word' id='word_1_810' title='bbox 2415 5619 2749 5675; x_wconf 91' lang='lat' dir='ltr'><strong>conditionis</strong></span> <span class='ocrx_word' id='word_1_811' title='bbox 2778 5620 2987 5691; x_wconf 85' lang='lat' dir='ltr'><strong>religet</strong></span> <span class='ocrx_word' id='word_1_812' title='bbox 3012 5620 3070 5674; x_wconf 92' lang='lat' dir='ltr'><strong>in</strong></span> <span class='ocrx_word' id='word_1_813' title='bbox 3097 5621 3315 5673; x_wconf 90' lang='lat' dir='ltr'><strong>catena.</strong></span> 
     </span>
    </p>
   </div>
   <div class='ocr_carea' id='block_1_115' title="bbox 2215 5707 3778 5769">
    <p class='ocr_par' dir='ltr' id='par_1_115' title="bbox 2215 5707 3778 5769">
     <span class='ocr_line' id='line_1_115' title="bbox 2215 5707 3778 5769; baseline -0.004 -2"><span class='ocrx_word' id='word_1_814' title='bbox 2215 5714 2320 5767; x_wconf 83' lang='lat' dir='ltr'><strong>XII.</strong></span> <span class='ocrx_word' id='word_1_815' title='bbox 2363 5713 2419 5769; x_wconf 90' lang='lat' dir='ltr'><strong>Si</strong></span> <span class='ocrx_word' id='word_1_816' title='bbox 2466 5713 2723 5769; x_wconf 88' lang='lat' dir='ltr'><strong>sacerdos</strong></span> <span class='ocrx_word' id='word_1_817' title='bbox 2763 5713 3082 5768; x_wconf 88' lang='lat' dir='ltr'><strong>libertatem</strong></span> <span class='ocrx_word' id='word_1_818' title='bbox 3128 5711 3302 5765; x_wconf 87' lang='lat' dir='ltr'><strong>servis</strong></span> <span class='ocrx_word' id='word_1_819' title='bbox 3349 5707 3599 5764; x_wconf 78' lang='lat' dir='ltr'><strong>ecclesia</strong></span> <span class='ocrx_word' id='word_1_820' title='bbox 3644 5724 3778 5762; x_wconf 89' lang='lat' dir='ltr'><strong>con-</strong></span> 
     </span>
    </p>
   </div>
   <div class='ocr_carea' id='block_1_116' title="bbox 2143 5803 3771 5876">
    <p class='ocr_par' dir='ltr' id='par_1_116' title="bbox 2143 5803 3771 5876">
     <span class='ocr_line' id='line_1_116' title="bbox 2143 5803 3771 5876; baseline -0.004 -15"><span class='ocrx_word' id='word_1_821' title='bbox 2143 5806 2289 5861; x_wconf 82' lang='lat' dir='ltr'><strong>ferre</strong></span> <span class='ocrx_word' id='word_1_822' title='bbox 2321 5807 2581 5875; x_wconf 79' lang='lat' dir='ltr'><strong>voluerit,</strong></span> <span class='ocrx_word' id='word_1_823' title='bbox 2608 5823 2723 5863; x_wconf 90' lang='lat' dir='ltr'><strong>non</strong></span> <span class='ocrx_word' id='word_1_824' title='bbox 2753 5823 2785 5861; x_wconf 91' lang='lat' dir='ltr'><strong>a</strong></span> <span class='ocrx_word' id='word_1_825' title='bbox 2816 5806 2909 5862; x_wconf 89' lang='lat' dir='ltr'><strong>die</strong></span> <span class='ocrx_word' id='word_1_826' title='bbox 2938 5804 3299 5862; x_wconf 87' lang='lat' dir='ltr'><strong>confectionis</strong></span> <span class='ocrx_word' id='word_1_827' title='bbox 3316 5803 3592 5876; x_wconf 90' lang='lat' dir='ltr'><strong>scriptura</strong></span> <span class='ocrx_word' id='word_1_828' title='bbox 3623 5804 3771 5856; x_wconf 82' lang='lat' dir='ltr'><strong>tem-</strong></span> 
     </span>
    </p>
   </div>
  </div>
