4032 6304
213 296 310 347 525

1470 287 1942 345 DECRETALIUM
1980 291 2363 347 COLLECTIO.

3468 297 3567 349 5'26

208 418 314 472 pus
361 417 644 456 annorum
709 401 1099 468 computatum
1162 393 1398 461 tenebit,
1446 395 1542 449 sed
1599 413 1665 448 ex
1735 400 2087 484 qqunihil
2137 401 2329 455 licebit
2361 401 2417 455 in
2447 406 2783 456 extraneum
2827 401 3150 457 dominium
3192 405 3566 459 transactione

207 510 342 548 eum
388 492 486 564 qui
530 491 876 564 scripturam
919 490 1157 545 confecit
1203 487 1388 541 verius
1445 487 1645 541 obiissc
1703 505 1838 543 con-

205 585 434 640 stiterit.

276 709 409 762 XIII.
452 704 778 762 Excessibus
822 703 1154 756 libertorum
1206 700 1455 754 ecclesiae
1499 701 1841 770 plerumque

204 805 515 875 paternam
541 799 796 853 videmus
825 795 1118 849 ecclesiam
1170 793 1512 859 conversari,
1544 798 1599 846 et
1623 792 1842 864 bicipiti

203 893 387 949 coacti
432 909 626 946 sumus
670 890 838 945 taedio
870 888 1191 952 condolere,
1223 902 1358 952 uno,
1395 885 1532 938 dum
1579 885 1842 955 superbia

201 985 542 1042 reluctantis
564 991 762 1038 auctor
779 978 1475 1045 contemniturlibertatis,
1492 979 1687 1044 altero,
1705 978 1843 1032 dum

201 1081 442 1134 libertas
468 1075 846 1149 superbientis
882 1075 942 1128 in
982 1072 1375 1128 conditionem.
1406 1071 1580 1124 relabi
1620 1070 1840 1140 cogitur

203 1172 512 1228 servitutis.
542 1171 670 1224 Ideo
705 1185 835 1223 cum
871 1169 994 1238 jam
1023 1164 1324 1237 praeteritis
1362 1166 1591 1218 Patrum
1631 1164 1841 1233 regulis

201 1267 400 1321 multae
424 1280 594 1336 super
616 1264 725 1317 hoc
750 1262 982 1317 diversae
1009 1257 1421 1312 constitutionis
1449 1257 1843 1310 emanaverint

203 1359 549 1426 sanctiones,
596 1361 788 1411 tamen
835 1351 1126 1425 quoddam
1177 1351 1234 1404 in
1290 1349 1714 1421 plenitudinem
1763 1349 1842 1402 rei

201 1458 401 1523 aptum
416 1449 816 1522 conspeximus
834 1447 1017 1500 adhuc
1031 1446 1319 1498 innectere
1333 1444 1836 1512 complementum.

199 1546 382 1616 Igitur
427 1544 570 1598 sicut
613 1544 805 1613 legum
858 1537 1174 1594 reverenda
1221 1537 1435 1590 sanctio
1481 1536 1720 1602 censuit,
1762 1535 1841 1589 ita

203 1637 415 1692 servari
433 1637 603 1691 totius
631 1632 1011 1706 generationis
1037 1630 1302 1685 nobilitas
1325 1629 1496 1696 dedit,
1517 1635 1582 1682 ut
1603 1629 1662 1682 in
1685 1629 1841 1682 nullo

201 1732 385 1786 aliena
411 1725 727 1784 commi‘stio
753 1726 1018 1793 maculet,
1047 1722 1203 1801 quod
1232 1721 1582 1792 generositas
1607 1720 1840 1791 propria

203 1823 514 1878 decoravit.
565 1821 723 1875 Unde
769 1817 986 1872 cunctis
1035 1815 1396 1870 ecclesiarum
1441 1812 1676 1882 libertis,
1718 1818 1835 1867 tam

200 1917 336 1970 viris
363 1931 536 1986 quam
568 1912 800 1967 feminis
829 1925 1143 1979 eorumque
1181 1906 1504 1977 propagini,
1537 1905 1833 1959 interdici-

201 2016 296 2064 tur
319 2008 537 2080 judicio
571 2006 837 2078 generali,
863 2019 933 2056 ne
961 2002 1228 2070 deinceps
1254 2015 1423 2053 causa
1449 1998 1718 2053 connubii
1739 2003 1837 2053 aut

201 2102 470 2158 Romanis
514 2099 774 2170 ingenuis
820 2095 1155 2166 copulentur
1184 2096 1282 2146 aut
1324 2091 1540 2146 Gothis.
1586 2091 1745 2154 Quod
1789 2092 1836 2145 si

200 2197 310 2252 hoc
352 2197 569 2250 factum
613 2191 957 2264 quandoque
1006 2185 1272 2259 patuerit,
1308 2183 1686 2255 permistione
1734 2185 1834 2238 tali

203 2290 252 2363 1
270 2287 398 2361 28
425 2288 619 2358 genita
643 2284 828 2356 proles
854 2297 1147 2352 nunquam
1177 2278 1490 2332 merebitur
1507 2277 1604 2348 jus
1632 2276 1832 2331 debita)

200 2381 517 2453 dignitatis,
550 2395 654 2433 nec
681 2376 930 2432 ecclesiae
969 2389 1227 2444 unquam
1273 2371 1486 2425 carebit
1523 2370 1828 2440 obsequiis,

199 2476 362 2546 cujus
389 2472 660 2528 beneﬁcio
702 2471 920 2525 donum
963 2466 1235 2521 meruisse
1263 2464 1517 2519 noscitur
1540 2463 1826 2516 libertatis.

269 2569 403 2624 XIV.
438 2567 496 2622 Si
527 2565 818 2634 contingat
861 2575 1258 2633 quemcunque
1303 2557 1373 2610 de
1403 2555 1618 2610 libertis
1649 2557 1826 2610 eccle-

197 2663 297 2717 siae
327 2676 643 2731 eorumque
685 2656 985 2729 prosapiae,
1015 2659 1212 2708 contra
1256 2651 1556 2723 primavas
1602 2650 1826 2704 moder-

197 2772 418 2832 nasque
462 2756 690 2808 Patrum
735 2750 984 2820 regulas,
1012 2751 1111 2800 aut
1157 2745 1374 2810 Gothis,
1416 2748 1514 2798 aut
1561 2742 1830 2798 Romanis

197 2849 469 2920 ingenius
503 2844 770 2917 copulari,
798 2848 916 2898 tam
943 2841 1050 2895 illis
1078 2855 1249 2911 quam
1277 2855 1475 2891 eorum
1517 2836 1675 2907 stirpi
1713 2853 1828 2890 non

194 2943 389 2998 licebit
418 2941 488 2995 ab
516 2939 769 2994 ecclesiae
795 2934 1113 3007 patrocinio
1140 2931 1384 3003 evagari,
1411 2930 1509 2984 sed
1536 2930 1608 2983 ad
1639 2929 1829 2984 debita

196 3035 468 3106 obsequia
512 3030 716 3087 reverti
756 3028 993 3099 cogendi
1026 3031 1184 3095 sunt;
1215 3029 1311 3078 aut
1337 3023 1380 3076 si
1413 3023 1595 3077 redire
1627 3023 1824 3076 nolue-

1944 510 2277 564 quacunque
2305 494 2602 560 deducere,
2624 494 2720 547 sed
2742 495 2786 548 si
2817 511 2882 549 ex
2912 495 2999 549 his
3026 496 3296 566 qualibet
3321 497 3565 550 vendere

1946 587 2181 639 fortasse
2214 588 2512 652 voluerint,
2547 588 2823 641 sacerdoti
2859 589 3112 657 ejusdem
3145 589 3394 643 ecclesiae
3431 590 3564 644 offe-

1942 684 2072 732 rant
2087 681 2482 733 convenienter
2497 681 3074 752 emenda,earumque
3095 698 3286 736 rerum
3305 683 3488 752 pretia
3506 689 3568 738 ut

1945 771 2024 825 eis
2049 773 2320 842 placuerit
2347 776 2444 826 aut
2470 772 2814 842 dispensent,
2839 779 2938 827 aut
2962 774 3232 828 habeant.
3263 775 3405 829 Nam
3431 781 3487 829 et
3507 776 3566 832 in

1944 865 2261 919 dominium
2295 865 2468 934 partis
2490 865 2720 919 alterius
2745 866 2823 919 rei
2843 883 2955 919 suae
2975 883 3210 921 censum
3237 869 3566 923 nullomodo

1942 959 2188 1012 transire
2219 957 2613 1028 permittimus.
2646 959 2767 1013 Suis
2800 975 2937 1030 ergo
2967 950 3097 1014 filiis
3121 961 3206 1014 vel
3228 960 3567 1032 propinquis

1943 1051 2196 1121 ejusdem
2230 1051 2481 1104 ecclesia:
2511 1051 2595 1104 vel
2625 1051 2850 1105 servitio
2880 1053 2966 1106 vel
3010 1053 3323 1124 patrocinio
3369 1055 3560 1126 subju-

1944 1144 2089 1215 gatis
2113 1160 2467 1214 quaecunque
2500 1144 2744 1198 vendere
2770 1146 2858 1198 vel
2893 1145 3105 1200 donare
3130 1147 3410 1202 voluerint
3438 1148 3562 1202 adi-

1940 1241 2031 1291 tus
2058 1236 2289 1290 omnino
2313 1236 2545 1307 patebit.

2013 1332 2166 1384 XVlI.
2204 1331 2472 1400 Baptizati
2500 1329 2675 1383 Judaei
2702 1345 3039 1401 quocunque
3068 1331 3191 1387 loco
3233 1339 3383 1388 certo
3419 1339 3563 1390 tem-

1942 1439 2077 1494 pore
2108 1427 2530 1490 conversentur,
2566 1422 2720 1476 festis
2746 1425 2935 1476 tamen
2969 1425 3266 1495 praacipuis
3302 1427 3435 1481 Novi
3461 1428 3560 1483 Te-

1944 1515 2211 1570 stamenti
2237 1515 2378 1569 serie
2411 1515 2770 1581 consecratis,
2801 1532 2864 1568 ac
2897 1515 3094 1570 diebus
3127 1517 3235 1571 illis
3261 1535 3400 1590 quos
3429 1521 3562 1575 olim

1943 1609 2232 1663 sanctione
2260 1608 2460 1662 veteris
2485 1608 2628 1679 legis
2654 1608 2880 1661 sibimet
2899 1609 3208 1665 censebant
3225 1627 3345 1666 esse
3368 1613 3567 1668 solem-

1943 1720 2063 1769 nes,
2114 1703 2173 1755 in
2230 1702 2545 1756 civitatibus
2609 1700 2964 1772 publicisque
3015 1705 3381 1759 conventibus
3435 1723 3564 1762 cum

1860 1773 1914 1844 Β
1942 1794 2177 1849 summis
2207 1795 2306 1848 Dei
2343 1794 2722 1848 sacerdotibus
2767 1795 3048 1850 celebrare
3089 1795 3470 1868 praecipimus,
3503 1806 3567 1856 ut

1939 1904 2135 1943 eorum
2165 1887 2653 1941 conversationem
2675 1889 2730 1941 et
2751 1886 2923 1941 ﬁdem
2949 1891 3004 1941 et
3021 1889 3272 1960 pontifex
3291 1892 3567 1964 approbet

1936 1986 1992 2036 et
2021 1982 2228 2036 veritas
2254 1985 2453 2034 servet.
2487 1981 2660 2050 Hujus
2685 1996 2818 2034 vero
2845 1985 3154 2037 temerator
3180 1983 3367 2055 edicti,
3394 1991 3567 2058 prout

1937 2075 2232 2145 episcopus
2283 2073 2624 2145 permiserit,
2674 2079 2772 2128 aut
2820 2075 3012 2144 ﬂagris
3061 2081 3160 2130 aut
3206 2077 3562 2135 abstinentia:

1935 2167 2261 2237 subjacebit.
2296 2167 2543 2237 Expletis
2569 2167 2830 2221 omnibus
2857 2185 2985 2238 quae
3028 2168 3099 2222 ad
3129 2170 3439 2226 honestatis
3467 2191 3559 2228 re-

1936 2261 2127 2332 gulam
2185 2261 2240 2313 in
2301 2260 2665 2314 collationem
2723 2276 2928 2315 venere
2985 2262 3320 2332 fraternam,
3374 2272 3562 2336 grates

1934 2353 2275 2407 exsolvimus
2303 2353 2613 2407 immortali
2634 2354 2868 2429 Domino
2890 2354 2991 2408 soli
3012 2355 3170 2425 cujus
3193 2355 3559 2428 dispositione

1934 2446 2178 2500 mirabili
2204 2447 2273 2500 ad
2302 2447 2454 2500 hunc
2486 2451 2694 2500 sanctas
2725 2448 3189 2518 congregationis
3217 2453 3420 2505 emtum
3444 2469 3562 2506 me-

1931 2540 2148 2593 ruimus
2189 2540 2445 2606 adunari,
2476 2543 2541 2592 ut
2586 2539 2900 2593 communis
2943 2539 3080 2594 visio
3125 2545 3558 2613 prosperitatem

1931 2633 2270 2699 ostenderet,
2291 2636 2345 2686 et
2365 2632 2488 2703 pari
2508 2632 2806 2702 junctione
2828 2633 3189 2688 concordiam
3219 2636 3552 2707 assignaret.

1930 2727 2298 2781 Obsecrantes
2329 2725 2448 2795 ejus
2474 2725 2923 2779 misericordiam
2955 2727 3197 2796 largam,
3230 2732 3295 2782 ut
3319 2731 3558 2786 serenis-

1929 2819 2070 2873 simo
2097 2819 2336 2873 Domino
2365 2823 2420 2872 et
2447 2818 2675 2872 amabili
2696 2818 2938 2886 Christo,
2973 2819 3385 2876 Reccesiuntho
3405 2825 3557 2894 prin-

1928 2912 1973 2966 ci
1981 2913 2038 2983 pi
2056 2913 2322 2984 glorioso,
2338 2912 2416 2966 ita
2433 2911 2730 2982 prsesentis
2743 2911 2871 2965 vitae
2890 2912 3216 2968 felicitatem
3237 2915 3552 2987 impendat,

1926 3011 1990 3060 ut
2020 3006 2290 3077 angelicae
2317 3003 2683 3059 beatitudinis
2713 3004 2948 3074 gloriam
2976 3009 3102 3076 post
3129 3007 3389 3078 longaeva
3413 3014 3555 3066 tem-

196 3129 332 3198 rint,
362 3142 714 3198 quaecunque
745 3123 828 3177 vel
860 3125 1122 3192 parentes
1156 3134 1352 3173 eorum
1378 3117 1464 3169 vel
1494 3115 1600 3185 ipsi
1631 3116 1700 3169 ab
1729 3132 1822 3169 ec-
1847 3131 1900 3204 ρ
1927 3116 2064 3170 Ρονᾶ
2091 3099 2382 3168 concedat:
2417 3103 2585 3169 atque
2609 3097 2688 3151 ita
2719 3114 2822 3151 n05
2847 3098 3102 3167 θιῗυδάθῐη
3134 3100 3415 3156 feliCitatiS
3449 3105 3549 3158 1&3-

199 3222 366 3278 clesia
384 3223 517 3274 sunt
527 3218 738 3289 adepti,
757 3217 842 3270 vel
865 3215 921 3268 in
939 3215 1059 3285 ejus
1080 3209 1390 3284 patrocinio
1413 3209 1515 3262 visi
1538 3212 1669 3262 sunt
1687 3225 1821 3263 con-

199 3315 456 3388 quisisse,
485 3312 779 3366 insistente
824 3308 1112 3380 pontifice,
1153 3305 1212 3359 in
1252 3302 1526 3357 ditionem
1575 3302 1823 3372 propriae

105 3435 119 3448 ι
198 3409 542 3464 reducantur
566 3403 832 3460 ecclesiae.

267 3543 372 3595 XV.
405 3538 664 3596 Ecclesia:
709 3535 894 3590 liberti
926 3547 1239 3602 eorumque
1283 3527 1586 3600 progenies
1633 3526 1820 3580 eidem

198 3635 464 3699 basilicae,
485 3633 552 3686 de
580 3648 690 3703 qua
713 3628 986 3684 libertatis
1015 3625 1251 3698 gratiam
1279 3624 1636 3690 meruerunt,
1666 3619 1819 3674 obse-

197 3728 332 3799 quia
373 3731 652 3797 prompta,
693 3723 1020 3791 sinceraque
1060 3719 1363 3790 parabunt,
1408 3715 1541 3786 quia
1576 3713 1720 3767 sicut
1760 3713 1818 3766 in

196 3823 300 3877 hoc
331 3818 608 3891 obsequio
631 3833 733 3888 pro
758 3814 1124 3887 possibilitate
1157 3810 1246 3864 sui
1275 3809 1426 3880 quod
1457 3808 1624 3862 utiles
1654 3806 1816 3876 inge-

195 3915 296 3970 nui
337 3914 576 3978 dabunt,
599 3913 680 3965 ita
709 3924 937 3980 quoque
974 3907 1031 3960 in
1076 3903 1478 3959 emendatione
1522 3900 1815 3971 culparum

193 4009 346 4081 quod
377 4005 608 4060 inutiles
634 4002 869 4074 ingenui
906 3999 1281 4054 sustinebunt.

265 4130 400 4185 XVI.
455 4125 691 4181 Libertis
735 4121 984 4178 ecclesias
1040 4135 1352 4190 eorumque
1403 4105 1706 4189 propagini
1752 4131 1816 4170 ex

195 4223 462 4278 omnibus
508 4236 636 4291 quas
681 4219 750 4273 de
786 4217 916 4288 jure
949 4215 1197 4270 ecclesias
1227 4217 1538 4284 noscuntur
1581 4211 1812 4277 habere,

201 4351 318 4361 —--—-—-
325 4344 1022 4358 —_-..————.——-———-——__.—.—-——-

1927 3196 2010 3245 tos
2037 3191 2264 3257 efﬁciat,
2285 3194 2352 3244 ut
2376 3191 2434 3244 in
2467 3194 2611 3244 terra
2631 3189 2944 3243 viventium
2986 3196 3450 3249 remuneraturos
3476 3200 3554 3250 at-

1924 3286 2103 3338 tollat.
2137 3283 2499 3354 Antiquitatis
2532 3282 2736 3336 dehinc
2768 3283 3026 3337 ordinem
3057 3285 3426 3341 saluberrime
3459 3305 3549 3343 re-

1923 3378 2168 3431 tinentes
2197 3381 2499 3447 postquam
2546 3375 2825 3429 rationem
2867 3375 2996 3429 festi
3035 3378 3318 3432 Paschalis
3344 3380 3546 3435 frater-

1923 3470 2066 3524 nitas
2091 3475 2276 3523 vestra
2321 3468 2600 3537 cognovit,
2633 3467 2852 3521 noverit
2892 3485 2950 3520 se
2995 3485 3143 3522 anno
3190 3476 3422 3526 venturo
3458 3474 3548 3528 die

1922 3563 2298 3616 Kalendarum
2342 3560 2745 3614 Novembrium
2779 3577 2949 3614 causa
2974 3564 3284 3631 peragendi
3324 3566 3546 3620 concilii

1919 3656 1980 3709 in
2007 3655 2112 3708 hac
2151 3654 2288 3707 urbe
2330 3653 2554 3706 favente
2605 3653 2841 3707 Domino
2888 3655 3244 3725 congregari,
3272 3660 3337 3710 ut
3375 3657 3544 3712 simili

1919 3748 2251 3817 disceptatu,
2279 3750 2375 3799 aut
2400 3762 2526 3816 quas
2564 3746 3020 3816 prospexerimus
3055 3763 3309 3819 congrua
3348 3750 3543 3805 decer-

1921 3857 2144 3907 namus,
2169 3843 2267 3892 aut
2291 3838 2461 3892 solius
2481 3838 2634 3908 pacis
2666 3844 2947 3894 conventu
2975 3840 3250 3897 laetemur.
3279 3843 3547 3898 Consum-

1921 3939 2142 3987 matum
2172 3935 2257 3985 est
2284 3933 2390 3986 hoc
2430 3934 2686 3986 sanctum
2731 3931 3035 3987 concilium
3075 3933 3169 3988 die
3213 3941 3406 3990 octava
3448 3938 3548 3992 Ka-

1919 4027 2212 4080 lendarum
2239 4025 2662 4091 Novembrium,
2688 4041 2838 4078 anno
2861 4025 3098 4080 feliciter
3123 4027 3366 4100 septimo
3384 4030 3545 4099 regni

1920 4119 2258 4173 serenissimi
2292 4122 2460 4190 atque
2484 4118 2911 4172 clementissimi
2953 4119 3170 4174 domini
3198 4121 3377 4176 nostri
3405 4123 3544 4178 Rec-

1919 4213 2203 4267 cesiunthi
2229 4212 2398 4282 regis,
2425 4228 2537 4265 aera
2567 4228 2796 4266 DCvan.

886 4449 1284 4514 INCIPIUNT
1328 4446 1721 4511 CAPITULA
1762 4444 2093 4510 CONCILII
2137 4440 2527 4506 TOLETANI
2571 4436 2859 4504 DECIMI.

269 4587 316 4637 l.
347 4583 426 4636 De
448 4579 773 4635 celebritate
800 4577 1248 4633 annuntiationis
1273 4575 1602 4630 Dominicae.

262 4680 315 4730 2.
347 4677 428 4730 De
458 4674 546 4728 his
575 4673 672 4744 qui
712 4673 974 4727 adversus
1004 4671 1321 4742 principem
1361 4668 1815 4738 conjuraverunt.

265 4773 314 4823 3.
357 4769 436 4822 De
502 4766 778 4838 episcopis
834 4766 932 4837 qui
997 4762 1354 4818 monasteriis
1406 4762 1495 4814 vel
1574 4757 1819 4813 ecclesiis

191 4861 652 4932 consanguineos
695 4875 842 4928 suos,
872 4859 956 4913 vel
989 4858 1093 4912 sibi
1120 4858 1373 4911 faventes
1407 4852 1745 4924 praeficiunt.

262 4956 314 5009 4.
347 4956 423 5008 De
455 4953 806 5025 professi-ine
836 4955 891 5006 et
931 4951 1130 5006 habitu
1170 4950 1473 5004 viduarum
1515 4945 1818 5000 sanctimo-

192 5048 454 5104 nialium.

1838 4588 1897 4659 D
1993 4575 2043 4625 5.
2075 4570 2149 4624 De
2182 4566 2710 4622 sanctimonialibus
2752 4567 2980 4622 feminis
3021 4586 3150 4640 quae
3186 4570 3543 4640 propositum

1921 4663 2266 4734 abjecerunt.

1992 4760 2043 4810 6.
2077 4758 2154 4809 De
2188 4755 2277 4809 his
2323 4755 2421 4826 qui
2459 4755 2516 4808 in
2557 4769 2729 4826 parva
2768 4756 2930 4809 etate
2974 4769 3162 4807 coram
3211 4756 3544 4825 parentibus

1921 4848 2212 4920 religionis
2253 4848 2510 4903 habitum
2555 4846 2864 4913 tenuerint,
2903 4846 2987 4901 vel
3031 4863 3211 4918 usque
3257 4848 3329 4903 ad
3373 4864 3541 4920 quar-

1922 4948 2044 4997 tum
2089 4959 2305 4997 annum
2350 4941 2521 4997 liceat
2563 4939 2897 5012 parentibus
2945 4938 3089 4994 ﬁlios
3137 4941 3363 4996 tradere
3414 4942 3541 4997 reli-

1925 5036 2099 5108 gioni.

1797 5143 2132 5152 _.-_——_—_

643 5267 1057 5360 INCIPIT
1129 5263 1739 5358 CONCILIUM
1805 5259 2314 5352 DECIMUM
2380 5256 3092 5349 TOLETANUM.

1033 5412 1203 5476 ίΕνα
1234 5429 1535 5484 DCLXVIII,
1576 5428 1748 5472 anno
1778 5416 2002 5471 octavo
2032 5401 2476 5470 Reccesz’unthz‘
2513 5402 2704 5481 regis.

263 5546 714 5602 Gratulationem
757 5545 920 5601 nobis
960 5545 1310 5616 spiritualem
1360 5542 1599 5599 contulit
1639 5542 1827 5597 divina

193 5640 396 5713 gratia,
427 5639 659 5711 quando
701 5638 900 5694 tribuit
944 5639 1094 5693 inter
1133 5655 1237 5692 nos
1271 5641 1328 5691 et
1371 5635 1630 5691 salutaris
1662 5634 1823 5689 disci-

191 5734 368 5806 plina:
407 5733 788 5806 frequentiam
819 5732 1118 5788 convenire
1153 5732 1224 5787 ad
1253 5729 1616 5803 paciﬁcorum
1647 5728 1829 5784 studia

1929 5537 2125 5605 animi,
2156 5541 2213 5591 et
2238 5537 2297 5590 in
2324 5539 2667 5590 conventum
2694 5534 2820 5604 loci,
2839 5535 3150 5590 referentes
3177 5537 3383 5607 gratias
3412 5535 3549 5590 invi-

1927 5631 2073 5686 sibili
2102 5632 2236 5696 Deo,
2262 5632 2321 5684 et
2351 5628 2598 5700 glorioso
2628 5644 2823 5682 rerum
2869 5628 3100 5683 domino
3137 5627 3546 5683 Reccesiuntho

1926 5725 2072 5796 regi,
2115 5723 2274 5795 cujus
2334 5723 2688 5778 sanctissimo
2728 5727 2856 5778 voto
2911 5725 3131 5778 retenta
3191 5717 3548 5791 paternitatis

193 5830 534 5900 praeoptata.
566 5826 933 5899 Congregatis
955 5842 1094 5899 ergo
1114 5825 1278 5882 nobis
1300 5827 1358 5880 et
1383 5823 1441 5880 in
1468 5821 1830 5879 concordiam
1931 5821 2136 5876 sanctae
2162 5815 2465 5873 traditione
2494 5817 2561 5872 ad
2587 5833 2809 5872 sacrum
2833 5815 3112 5889 quivimus
3139 5811 3380 5868 adunari
3410 5827 3546 5870 con-
