4032 6302
496 334 595 387 527

1374 330 1660 393 APPEND.
1701 333 1790 387 AD
1829 332 1991 387 SEO.
2033 333 2121 387 1X.
2150 359 2217 371 —-
2257 332 2494 387 ISIDORI
2530 332 2958 393 MERCATORIS

3754 336 3858 393 528

495 445 754 509 ventum,
782 436 885 496 has
910 439 1105 500 subter
1130 456 1375 496 annexas
1421 443 1641 512 regulas
1686 442 1947 496 concordi
1975 441 2114 497 deﬁ-
2139 451 2197 525 Α
2217 440 2512 496 contemni
2539 441 2773 512 quidem
2799 440 3195 512 magnitudine
3215 441 3468 501 decentis
3494 444 3706 514 poterit
3731 461 3859 516 gra-

497 535 716 593 nitione
775 536 1025 606 prolatas
1077 538 1289 590 aeterna
1350 534 1651 591 statuimus
1707 551 1939 592 manere
1995 537 2121 608 lege

495 629 750 703 praefixa.

569 724 697 779 CAP.
713 725 755 778 Ι.
770 722 851 777 De
870 723 1191 778 celebritate
1213 723 1528 778 festivitatis
1553 724 1757 780 divinae
1771 724 1978 792 Matris,
1993 741 2122 779 cum

496 816 640 870 nihil
671 816 802 870 ﬁdei
829 815 1117 872 sinceritas
1148 833 1249 888 per
1291 816 1670 872 diversitatem
1715 819 2013 872 adverSum
2042 818 2123 872 in-

496 913 703 978 currat,
733 913 789 964 et
815 909 1097 965 unitatem
1128 911 1418 966 catholicae
1446 911 1659 980 regulae
1687 912 1926 966 varietas
1968 913 2123 968 nulla

497 1004 775 1074 decerpat,
823 1009 906 1058 est
948 1009 1142 1057 tamen
1188 1004 1342 1074 quod
1387 1004 1496 1058 nisi
1535 1008 1858 1075 temporum
1909 1006 2122 1060 unitate

495 1101 764 1163 servetur,
794 1100 850 1150 et
876 1097 1172 1152 dissidium
1218 1098 1524 1153 indiscissze
1567 1098 1800 1153 unitatis
1843 1099 2124 1170 parturiat

496 1176 553 1244 et
605 1193 1090 1245 sacramentorum
1157 1192 1372 1246 unitate
1441 1196 1698 1246 constare
1754 1209 1868 1246 non
1912 1192 2118 1247 valeat.

495 1285 634 1341 Hinc
664 1288 749 1339 est
771 1284 926 1338 enim
957 1285 1114 1355 quod
1153 1286 1422 1340 Paschale
1463 1285 1672 1340 festum
1710 1302 1828 1339 uno
1856 1285 1948 1339 die
1975 1287 2118 1339 cele-

494 1379 728 1434 bremus
753 1381 811 1432 et
836 1383 1116 1448 tempore,
1150 1395 1222 1432 ne
1249 1379 1309 1433 in
1348 1378 1648 1433 Judaicum
1677 1379 2001 1433 decidamus
2031 1396 2120 1433 er-

493 1489 709 1528 rorem.
741 1471 882 1526 Hinc
908 1472 1214 1526 adventum
1250 1472 1429 1526 sancti
1479 1471 1721 1542 Spiritus
1765 1477 1888 1543 post
1934 1490 2119 1526 resur-

494 1567 810 1623 rectionem
838 1565 1064 1620 Domini
1081 1566 1188 1619 nisi
1205 1569 1593 1636 exspectemus
1609 1570 1867 1636 tempore
1890 1565 2124 1619 deﬁnito

495 1659 720 1714 dierum
744 1673 1002 1725 numero,
1019 1675 1134 1712 non
1153 1675 1455 1730 possumus
1486 1659 1715 1729 impleri
1738 1659 1990 1728 ejusdem
2009 1659 2126 1728 Spi-

494 1753 639 1808 ritus
670 1753 840 1820 dono,
871 1753 1140 1824 quoniam
1187 1751 1232 1804 si
1276 1755 1430 1805 caret
1468 1751 1822 1822 plenitudine
1875 1752 2120 1818 numeri,

2221 533 2423 600 vitatis,
2458 534 2558 588 sed
2584 534 2714 605 quia
2740 535 2979 588 honesta
3009 534 3329 589 sollicitudo
3365 536 3632 591 cohibere
3658 555 3860 610 prope~

2221 632 2326 694 rat,
2374 627 2528 696 quod
2569 627 2928 699 frequentata
2989 627 3217 684 usi'tatio
3272 629 3446 684 vitare
3497 647 3618 684 non
3674 638 3855 698 curat,

2223 719 2350 774 ideo
2381 723 2436 775 et
2465 735 2596 775 cum
2623 721 2998 793 quorumdam
3043 727 3412 793 paternorum
3462 725 3858 780 sanctionibus

2224 813 2579 869 decretorum
2610 819 2666 868 et
2688 814 3144 869 institutionibus
3188 816 3259 870 sit
3302 815 3578 886 legalibus
3624 823 3855 872 cautum

2221 923 2295 962 ne
2337 911 2530 961 contra
2573 909 2814 962 salutem
2857 907 3204 979 principum,
3238 911 3558 980 gentisque,
3587 915 3690 965 aut
3729 929 3859 982 pro-

2222 1001 2359 1072 pria:
2391 1001 2590 1071 patriae
2621 1002 2922 1073 quisquam
2959 1001 3224 1056 meditari
3263 1008 3498 1058 conetur
3523 1005 3854 1074 adversum,

2222 1094 2331 1148 hoc
2345 1111 2526 1148 unum
2543 1094 2863 1166 specialiter
2875 1111 3028 1149 nunc
3040 1095 3398 1166 depromitur
3408 1097 3723 1152 observand
3735 1116 3855 1162 um,

2222 1191 2287 1242 ut
2332 1188 2376 1241 si
2420 1189 2544 1259 quis
2581 1188 2984 1259 religiosorum
3024 1188 3094 1242 ab
3141 1188 3398 1259 episcopo
3438 1206 3622 1261 usque
3663 1192 3734 1245 ad
3765 1209 3859 1246 ex-

2222 1286 2469 1336 tremum
2512 1280 2725 1334 ordinis
2769 1281 3102 1350 clericorum
3149 1282 3263 1335 sive
3310 1285 3856 1355 monachorum-ge-

2225 1374 2438 1428 neralia
2454 1375 2787 1443 juramenta
2814 1373 2870 1426 in
2897 1374 3138 1428 salutem
3169 1375 3387 1445 regiam
3419 1377 3722 1446 gentisque
3761 1382 3860 1432 aut

2223 1467 2418 1537 patriae
2466 1467 2593 1521 data
2635 1465 2954 1537 reperiatur
2993 1467 3221 1521 violasse
3265 1469 3553 1522 voluntate
3594 1470 3853 1539 profana,

2223 1576 2352 1614 mox
2399 1559 2627 1630 propria
2667 1559 2946 1629 dignitate
2991 1560 3260 1630 privatus,
3295 1565 3354 1614 et
3383 1562 3505 1615 loco
3537 1566 3594 1616 et
3635 1564 3856 1617 honore

2223 1653 2498 1708 habeatur
2523 1653 2800 1720 exclusus,
2831 1670 2897 1706 eo
2923 1653 3302 1708 miserationis
3336 1655 3570 1708 obtentu
3595 1659 3854 1710 tantum-

2223 1746 2393 1800 modo
2424 1749 2730 1815 reservato,
2761 1748 2823 1799 ut
2849 1762 2921 1800 an
2955 1747 3161 1814 locum,
3183 1763 3255 1800 an
3285 1747 3580 1815 honorem,
3603 1766 3677 1802 an
3711 1753 3859 1802 utra-

498 1862 687 1901 carere
714 1848 903 1917 potest
947 1849 1003 1900 et
1037 1844 1291 1916 mysterii
1336 1849 1722 1911 sacramento;
1757 1845 1889 1900 hinc
1922 1845 2122 1899 nativi-
2145 1835 2201 1907 B
2225 1855 2336 1910 que
2361 1839 2645 1910 possideat
2672 1838 3016 1893 concedendi
3055 1839 3150 1909 jus
3194 1839 3594 1911 licentiamque
3643 1843 3853 1913 princi-

494 1939 627 1994 tatis
651 1938 957 1996 Dominicae
991 1954 1214 1994 sacrum
1249 1955 1359 2009 quo
1394 1938 1685 1992 evidenter
1715 1938 1783 1991 de
1819 1940 1981 1991 utero
2009 1937 2124 1991 Vir-

497 2032 673 2104 ginali
691 2032 940 2088 Verbum
960 2031 1174 2102 prodiit
1197 2048 1327 2086 caro
1348 2031 1559 2086 factum
1581 2031 1793 2102 absque
1820 2030 1992 2084 dubio
2015 2047 2125 2084 ser-

495 2129 588 2178 vat
632 2129 688 2179 et
743 2125 1016 2195 temporis
1061 2141 1308 2190 cursum,
1357 2127 1414 2178 et
1461 2126 1834 2194 repraesentat
1887 2123 2124 2193 speciale

499 2217 610 2272 diei
655 2219 1039 2271 momentum.
1073 2217 1127 2271 Si
1169 2233 1304 2287 ergo
1348 2215 1650 2270 nativitatis
1687 2219 1742 2269 et
1786 2216 1986 2270 mortis
2025 2217 2126 2269 hu-

491 2310 587 2380 jus
613 2309 891 2364 inearnati
918 2309 1080 2364 Verbi
1109 2309 1226 2363 dies
1247 2311 1460 2380 absque
1488 2308 1891 2363 immutatione
1911 2309 1990 2362 ita
2009 2325 2125 2362 cer-

494 2408 587 2459 tus
630 2402 890 2469 habetur,
919 2406 982 2456 ut
1025 2402 1236 2473 absque
1269 2402 1587 2456 diversitate
1616 2401 1674 2455 in
1703 2407 1819 2456 toto
1856 2402 1989 2456 orbe
2015 2405 2124 2456 ter-

494 2511 690 2552 rarum
735 2494 806 2549 ab
852 2496 1008 2549 omni
1053 2496 1316 2550 concordi
1353 2495 1598 2549 Ecclesia
1643 2495 1980 2563 celebretur,
2025 2511 2126 2549 cur

492 2605 612 2644 non
628 2589 904 2643 festivitas
929 2587 1188 2658 gloriosae
1206 2587 1402 2642 matris
1421 2589 1541 2658 ejus
1558 2588 1753 2642 eadem
1769 2587 2125 2642 observantia

469 2666 609 2736 'uno
638 2681 807 2736 simul
835 2681 1046 2752 ubique
1078 2681 1192 2749 die,
1226 2681 1511 2751 simulque
1532 2681 1826 2743 habeatur
1861 2680 2124 2735 honore?

495 2775 784 2830 Invenitur
810 2775 1027 2828 etenim
1055 2774 1114 2828 in
1141 2773 1335 2827 multis
1366 2773 1649 2844 Hispaniae
1680 2773 1930 2844 partibus
1956 2773 2124 2843 hujus

495 2869 704 2922 sanctae
727 2866 971 2936 Virginis
987 2867 1194 2921 festum
1217 2883 1335 2921 non
1352 2883 1471 2921 uno
1495 2866 1606 2932 die,
1623 2883 1726 2937 per
1743 2883 1942 2920 omnes
1956 2883 2125 2920 anno-

496 2975 627 3016 rum
657 2959 892 3014 circulos
917 2959 1028 3030 agi.
1061 2961 1181 3023 Quo
1209 2960 1363 3013 enim
1390 2958 1708 3014 transducit
1749 2958 2008 3013 homines
2035 2959 2121 3014 di—

495 3052 730 3107 versitas
758 3054 1087 3122 temporum
1117 3052 1254 3107 dum
1286 3051 1615 3107 varietatem
1647 3052 1986 3106 celebritatis
2010 3069 2124 3107 non

496 3146 706 3202 habere
735 3145 1067 3217 probantur.
1094 3147 1212 3209 Qua
1243 3146 1312 3199 de
1344 3161 1404 3200 re
1430 3145 1696 3216 quoniam
1727 3145 1816 3199 die
1844 3163 1956 3216 qua
1975 3145 2128 3200 inve-

499 3240 655 3295 nitur
680 3238 918 3310 angelus
950 3239 1160 3309 Virgini
1183 3239 1350 3294 Verbi
1380 3243 1736 3310 conceptum,
1761 3243 1818 3293 et
1837 3240 2125 3295 nuntiasse

497 3331 704 3400 verbis,
733 3336 790 3386 et
827 3331 1094 3386 indidisse
1141 3332 1447 3398 miraculis,
1482 3333 1682 3387 eadem
1724 3333 1813 3387 die
1853 3333 2125 3387 festivitas

495 3442 612 3483 non
639 3427 826 3496 potest
845 3425 1118 3479 celebrari
1148 3425 1452 3496 condigne,
1474 3426 1624 3496 quod
1653 3426 1944 3480 interdum
1972 3427 2124 3490 Qua-

497 3519 821 3590 dragesima
846 3518 934 3573 vel
963 3519 1227 3572 Paschale
1247 3519 1457 3573 festum
1484 3519 1747 3573 videatur
1773 3519 2124 3588 incumbere,

496 3612 556 3667 in
580 3612 787 3684 quibus
805 3611 951 3666 nihil
972 3612 1043 3666 de
1065 3615 1390 3666 sanctorum
1421 3612 1871 3666 solemnitatibus
1898 3612 2040 3666 sicut
2061 3629 2128 3666 ex

497 3705 832 3776 antiquitate
855 3705 1104 3776 regulari
1135 3710 1364 3758 cautum
1393 3707 1497 3771 est,
1526 3705 1789 3759 convenit
1833 3705 2124 3771 celebrari,

496 3814 628 3852 cum
653 3797 968 3852 secundum
986 3797 1169 3866 ipsam
1195 3796 1651 3850 incarnationem
1672 3797 1838 3851 Verbi
1866 3814 1981 3851 non
1998 3814 2129 3852 con-

497 3890 705 3960 veniat,
734 3895 870 3945 tune
913 3889 1334 3943 celebritatibus
1378 3888 1696 3959 praedicari,
1731 3889 1960 3959 quando
1991 3907 2127 3944 con-

499 3985 612 4038 stat
659 3982 908 4053 idipsum
950 3985 1078 4052 post
1123 3984 1372 4036 mortem
1423 3980 1608 4035 carnis
1651 3981 1829 4051 gloria
1872 3998 2125 4036 resurre-

499 4075 702 4131 ctionis
730 4073 934 4144 attolli;
962 4074 1092 4128 ideo
1135 4074 1364 4145 speciali
1408 4073 1810 4129 constitutione
1857 4076 2126 4143 sancitur,

501 4171 565 4223 ut
592 4173 722 4222 ante
746 4171 1005 4222 octavum
1037 4167 1187 4221 diem
1216 4184 1328 4238 quo
1358 4172 1525 4222 natus
1555 4173 1637 4222 est
1657 4168 1950 4236 Dominus,
1979 4169 2130 4239 geni-

498 4261 654 4318 tricis
672 4277 899 4333 quoque
916 4261 1036 4331 ejus
1058 4260 1175 4315 dies
1196 4261 1472 4316 habeatur
1491 4261 1889 4316 celeberrimus
1918 4267 1974 4315 et
1991 4279 2130 4332 pra:-

501 4355 713 4423 clarus;
754 4370 825 4409 ex
851 4353 973 4424 pari
1004 4353 1158 4408 enim
1185 4354 1399 4408 honore
1441 4357 1680 4421 constat,
1713 4359 1777 4409 ut
1811 4354 1954 4409 sicut
1983 4355 2127 4409 nati-

498 4449 736 4503 vitatem
765 4446 888 4502 Filii
917 4447 1279 4518 sequentium
1324 4447 1545 4502 dierum
1583 4448 1906 4519 insequitur
1950 4448 2132 4518 digni-

2146 3194 2201 3268 C

2225 1933 2364 2004 palis
2389 1935 2631 2003 potestas
2661 1932 2930 1986 obtineat.

2295 2027 2379 2079 Ill.
2410 2025 2754 2080 Reverentire
2783 2025 2956 2079 totius
2981 2026 3175 2080 auditu
3205 2027 3576 2098 percipiatur,
3606 2029 3741 2099 quia
3769 2046 3858 2084 res

2223 2119 2366 2174 dura
2397 2135 2512 2173 non
2531 2118 2741 2172 frustra
2773 2120 2993 2188 cogitur
3022 2119 3125 2172 hac
3157 2119 3371 2174 duriori
3398 2121 3702 2192 exstirpari
3731 2139 3859 2177 cen-

2224 2229 2372 2266 sura.
2403 2211 2752 2282 Agnovimus
2777 2212 2928 2265 enim
2958 2213 3230 2283 quosdam
3261 2214 3554 2284 pontifices
3581 2217 3855 2286 praecepti

2223 2305 2496 2376 Principis
2540 2305 2946 2376 apostolorum,
2988 2305 3082 2376 qui
3127 2305 3206 2359 ait
3245 2323 3257 2360 :
3312 2329 3339 2356 ‹‹
3386 2307 3601 2361 Pascite
3645 2310 3746 2379 qui
3793 2311 3854 2363 in

2222 2398 2382 2453 vobis
2401 2402 2484 2452 est
2517 2415 2774 2468 gregem,
2804 2415 2921 2451 non
2952 2403 3166 2466 coacte,
3191 2400 3289 2452 sed
3316 2405 3858 2473 spontanee,neque

2225 2491 2583 2546 dominantes
2621 2491 2678 2543 in
2709 2493 2876 2561 clero,
2911 2492 3010 2545 sed
3038 2492 3221 2546 forma
3250 2493 3395 2547 facta
3424 2495 3614 2564 gregis
3641 2495 3690 2563 (Ι
3709 2499 3854 2551 Petr.

2224 2601 2276 2653 v,
2307 2586 2388 2654 2);
2435 2603 2461 2635 »
2502 2584 2581 2638 ita
2629 2600 2746 2638 esse
2789 2585 3173 2654 immemores,
3219 2591 3282 2640 ut
3336 2587 3678 2656 quibusdam
3732 2605 3857 2642 mo-

2223 2677 2500 2744 nasteriis,
2551 2677 3076 2748 parochialibusque
3121 2679 3382 2748 ecclesiis,
3430 2683 3528 2734 aut
3571 2698 3688 2734 sum
3729 2699 3862 2735 con-

2225 2770 2620 2839 sanguinitatis
2664 2787 2954 2840 personas,
3001 2775 3099 2826 aut
3147 2772 3352 2826 favoris
3394 2774 3697 2844 participes
3756 2776 3860 2829 ini-

2225 2880 2403 2934 quum
2425 2880 2576 2934 saepe
2599 2867 2842 2918 statuant
2863 2864 2919 2917 in
2943 2866 3258 2934 praelatum,
3277 2865 3353 2919 ita
3368 2866 3480 2920 illis
3496 2867 3859 2937 providentes

2226 2957 2525 3010 commoda
2591 2957 2910 3026 inhonesta,
2957 2961 3017 3011 ut
3064 2962 3160 3012 aut
3217 2959 3296 3012 eis
3351 2959 3680 3014 deferantur
3729 2979 3858 3032 quae

2224 3049 2454 3121 proprio
2487 3050 2747 3122 episc0po
2779 3051 2912 3104 dare
2936 3051 3124 3120 justus
3153 3052 3290 3105 ordo
3319 3053 3733 3123 depOposcerit,
3759 3060 3860 3108 aut

2228 3159 2353 3213 quae
2417 3160 2612 3213 rapere
2677 3144 2933 3215 deputati
2995 3146 3266 3198 exactoris
3308 3145 3576 3200 violentia
3623 3148 3854 3217 poterit.

2224 3236 2465 3290 Proinde
2505 3236 2772 3290 decenter
2815 3237 3079 3291 omnibus
3117 3239 3303 3308 placet
3342 3239 3400 3293 in
3445 3241 3719 3309 praesenti
3745 3242 3858 3294 tale

2227 3329 2546 3383 rescindere
2567 3329 2802 3397 factum,
2827 3333 2882 3384 et
2901 3347 3014 3384 non
3045 3348 3164 3386 esse
3185 3332 3254 3385 de
3284 3335 3486 3386 caetero
3505 3333 3855 3399 faciendum,

2226 3439 2360 3476 nam
2379 3422 2631 3494 quisquis
2658 3423 2990 3493 pontiﬁcum
3013 3424 3296 3494 deinceps,
3319 3430 3418 3479 aut
3437 3427 3714 3496 sanguine
3734 3444 3860 3497 pro-

2226 3516 2475 3586 pinquis,
2495 3520 2593 3569 aut
2619 3516 2805 3570 favore
2832 3517 3083 3587 personis
3109 3518 3538 3588 quibuscumque
3562 3520 3856 3584 devinctis,

2227 3608 2360 3662 talia
2387 3609 2786 3663 commendare
2811 3610 2966 3663 lucra
2995 3612 3294 3664 tentaverit
3320 3616 3375 3664 et
3401 3628 3567 3664 suum
3597 3613 3859 3667 nefandae

2226 3702 2690 3772 praesumptionis
2732 3703 3035 3770 excidium,
3067 3708 3123 3757 et
3149 3705 3297 3773 quod
3314 3705 3536 3774 jussum
3565 3705 3738 3760 fuerit
3767 3707 3860 3760 de-

2227 3799 2456 3848 vocetur
2491 3795 2551 3848 in
2594 3795 2838 3864 irritum,
2868 3801 2923 3850 et
2953 3797 3051 3866 qui
3078 3797 3360 3852 ordinavit
3389 3814 3597 3851 annuae
3630 3816 3855 3852 excom-

2228 3887 2596 3942 municationi
2621 3888 2928 3958 subjaceat,
2955 3906 3080 3959 quze
3111 3906 3238 3944 vero
3269 3891 3450 3944 ablata
3481 3891 3721 3946 fortasse
3743 3893 3862 3946 fue-

2227 3980 2362 4047 rint,
2394 3981 2464 4034 ab
2491 3998 2557 4034 eo
2587 3981 2686 4052 qui
2712 3982 2840 4036 tulit
2865 3983 3179 4036 reddantur
3209 3985 3265 4037 in
3294 3984 3555 4053 duplum.

2300 4075 2385 4128 IV.
2438 4075 2584 4128 Bene
2638 4091 2744 4144 per
2791 4075 3062 4146 Spiritum
3113 4077 3340 4130 Domini
3384 4093 3683 4146 possumus
3733 4096 3863 4133 cum

2229 4172 2422 4221 sancto
2466 4168 2728 4238 Apostolo
2778 4169 2986 4236 dicere,
3031 4191 3057 4218 «
3103 4186 3218 4223 non
3265 4170 3532 4240 ignorare
3577 4187 3676 4224 vos
3715 4176 3865 4226 astu-

2229 4260 2368 4315 tiam
2399 4262 2617 4315 Satanae
2653 4261 2724 4329 (Π
2748 4263 2867 4318 Cor.
2899 4279 2959 4330 ιι,
2994 4263 3076 4333 Η)
3110 4283 3137 4311 ››
3170 4264 3303 4332 quia
3345 4263 3696 4333 impellimur
3721 4287 3748 4312 ‹‹
3779 4282 3865 4318 ze-

2229 4355 2283 4407 lo
2331 4353 2530 4407 domus
2576 4354 2671 4407 Dei
2715 4353 2883 4423 (Joan.
2920 4372 2976 4422 ιι,
3018 4355 3125 4425 17),
3166 4377 3192 4404 ››
3237 4358 3294 4408 et
3342 4356 3541 4410 ardore
3591 4359 3858 4412 cremari.

2228 4446 2496 4500 Videmus
2521 4446 2674 4499 enim
2703 4446 2773 4500 ad
2791 4451 2946 4502 tanta
2969 4448 3230 4503 fraudum
3264 4449 3444 4503 studia
3471 4451 3867 4504 convalescen-

500 4546 605 4608 tas,
634 4541 714 4596 ita
737 4540 1103 4596 festivitatem
1129 4540 1328 4596 matris
1358 4544 1442 4596 tot
1481 4541 1702 4596 dierum
1748 4544 2015 4612 sequatur
2045 4557 2128 4594 sa-
2150 4543 2347 4628 Dtem
2392 4539 2700 4593 excrevisse
2740 4540 3075 4610 perniciem,
3117 4547 3178 4596 ut
3227 4548 3284 4596 et
3320 4542 3593 4612 primaeva
3631 4545 3866 4598 Patrum

499 4650 595 4689 cra
634 4634 984 4689 solemnitas.
1029 4635 1169 4688 Nam
1211 4634 1347 4706 quid
1393 4635 1601 4689 festum
1652 4634 1849 4688 matris
1899 4639 1984 4690 est
2024 4633 2132 4688 nisi

499 4727 814 4782 inearnatio
847 4727 1056 4782 Verbi?
1099 4728 1269 4798 Cujus
1311 4727 1520 4782 festum
1566 4727 1644 4780 ita
1691 4727 1856 4782 debet
1891 4743 2013 4782 esse
2051 4745 2136 4782 so-

501 4821 715 4887 lemne,
748 4820 893 4875 sicut
920 4824 1023 4889 est,
1055 4825 1120 4874 ut
1148 4820 1402 4890 ejusdem
1433 4820 1743 4874 nativitatis
1771 4821 1956 4876 Verbi.
1977 4821 2135 4884 Quod

500 4917 712 4980 tamen,
740 4929 844 4968 nec
888 4913 1006 4967 sine
1053 4913 1312 4983 exemplo
1356 4913 1607 4967 decentis
1654 4913 1854 4983 moris,
1898 4914 1996 4984 qui
2033 4929 2136 4984 per

504 5005 754 5060 diversas
780 5005 981 5059 mundi
1021 5010 1208 5075 partes
1252 5005 1602 5076 dignoscitur
1646 5005 1956 5072 observari,
1983 5007 2137 5060 vide-

502 5103 597 5152 tur
633 5098 875 5152 institui.
921 5101 982 5152 In
1029 5098 1221 5152 multis
1270 5099 1462 5170 itaque
1510 5100 1767 5154 Ecclesiis
1804 5117 1836 5154 a
1871 5099 2034 5154 nobis
2079 5103 2138 5155 et

506 5191 683 5261 spatio
709 5190 967 5259 remotis,
997 5195 1053 5246 et
1074 5191 1256 5261 terris,
1276 5193 1364 5247 hic
1387 5210 1509 5248 mos
1533 5192 1857 5264 agnoscitur
1882 5193 2132 5262 retineri,

503 5283 745 5354 proinde
773 5286 838 5338 ut
860 5283 928 5338 de
957 5288 1160 5340 caetero
1193 5286 1470 5358 quidquid
1495 5291 1579 5341 est
1605 5285 1841 5341 dubium
1863 5286 1936 5339 sit
1954 5303 2136 5341 remo-

502 5382 646 5445 tum,
672 5375 1001 5433 solemnitas
1021 5379 1328 5434 Dominicae
1357 5379 1557 5433 matris
1581 5379 1671 5434 die
1693 5379 1915 5434 decimo
1938 5379 2134 5449 quinto

500 5471 884 5527 Kalendarum
913 5472 1318 5528 Ianuariarum
1341 5472 1675 5527 omnimodo
1707 5471 2042 5540 celebretur,
2077 5477 2135 5528 et

498 5563 762 5620 nativitas
794 5564 921 5620 Filii
965 5566 1087 5634 ejus
1121 5564 1430 5619 Salvatoris
1480 5566 1661 5620 nostri
1688 5565 1779 5620 die
1810 5569 2003 5620 octavo
2034 5568 2133 5622 Ka-

494 5657 794 5712 lendarum
845 5657 1202 5726 earumdem,
1247 5657 1390 5713 sicut
1442 5675 1565 5714 mos
1611 5662 1714 5727 est,
1763 5659 2028 5715 solemnis
2070 5661 2131 5715 in

499 5750 770 5805 omnibus
812 5748 1110 5804 habeatur.

562 5843 624 5897 ll.
677 5841 1080 5912 Frequentium
1135 5841 1524 5898 molestiarum
1575 5860 1782 5900 nocens
1838 5847 2117 5916 impulsus

2234 4632 2561 4687 constitutio
2592 4650 2625 4686 a
2664 4633 3005 4703 quibusdam
3057 4634 3374 4688 aestimetur
3404 4635 3584 4704 illudi,
3613 4640 3672 4690 et
3717 4654 3868 4692 nova

2225 4724 2487 4796 judicum
2541 4730 2772 4797 putetur
2815 4726 3056 4781 intentio
3100 4728 3248 4798 pelli.
3301 4729 3443 4782 Nam
3494 4729 3869 4784 inveniuntur

2234 4819 2523 4873 nonnullae
2547 4819 2730 4874 vidum
2756 4819 2988 4874 diversis
3014 4821 3466 4876 excusationibus
3483 4839 3542 4875 se
3564 4822 3708 4877 adeo
3737 4841 3869 4878 con-

2233 4914 2508 4983 tegentes,
2537 4917 2597 4966 ut
2636 4913 3002 4968 blandiantur
3029 4914 3133 4967 sibi
3180 4932 3237 4967 se
3267 4932 3384 4968 non
3422 4917 3654 4969 Patrum
3698 4917 3870 4986 plena

2233 5005 2527 5074 religionis
2543 5005 2801 5075 alligatas
2822 5006 3181 5061 institutione
3203 5009 3405 5062 teneri.
3436 5009 3593 5062 Unde
3613 5009 3870 5080 antiquis

2234 5098 2568 5152 inconcusse
2599 5099 3070 5170 permanentibus
3093 5101 3305 5171 regulis
3339 5101 3448 5155 hoc
3475 5101 3743 5171 adjicitur
3769 5119 3869 5155 no-

2234 5207 2317 5245 vae
2343 5192 2566 5245 oraculo
2594 5191 2923 5260 sanctionis,
2945 5197 3008 5247 ut
3031 5193 3216 5259 vidua,
3247 5210 3373 5264 quze
3399 5199 3611 5247 sancta:
3636 5194 3869 5265 religio-

2235 5284 2322 5338 nis
2369 5285 2623 5340 obtinere
2667 5285 3019 5356 propositum
3063 5287 3330 5355 voluerit,
3361 5286 3642 5341 sacerdoti
3678 5292 3736 5341 et
3767 5288 3869 5341 mi-

2233 5379 2409 5433 nistro
2435 5380 2506 5434 ad
2536 5395 2709 5450 quem
2757 5381 2854 5433 aut
2897 5379 3018 5449 ipsa
3065 5379 3299 5448 venerit,
3337 5384 3432 5433 aut
3475 5396 3649 5449 quem
3694 5380 3768 5434 ad
3808 5397 3867 5433 sc

2231 5473 2425 5527 venire
2467 5473 2787 5543 contigerit,
2822 5473 3043 5543 scriptis
3086 5472 3496 5543 professionem
3542 5472 3709 5526 faciat
3743 5490 3777 5526 a
3804 5489 3866 5526 se

2231 5571 2328 5620 aut
2362 5565 2546 5635 signo,
2581 5569 2676 5619 aut
2717 5565 3125 5635 subscriptione
3161 5567 3439 5634 notatam,
3471 5565 3867 5618 continentem

2232 5675 2290 5712 se
2315 5663 2369 5713 et
2398 5658 2689 5730 religionis
2734 5660 3091 5729 propositum
3117 5657 3254 5711 velle
3281 5658 3386 5712 hoc
3415 5658 3749 5728 perenniter
3775 5659 3867 5712 in-

2229 5750 2431 5806 violate
2477 5769 2715 5806 servare.
2747 5753 2903 5806 Tunc
2945 5755 3172 5821 accepta
3215 5768 3246 5804 a
3290 5751 3581 5805 sacerdote
3625 5751 3715 5805 vel
3754 5752 3868 5805 mi-

2228 5845 2404 5899 nistro
2429 5849 2557 5916 apta
2584 5845 2877 5916 religionis
2915 5845 3084 5915 hujus
3149 5849 3301 5898 veste
3342 5861 3439 5898 seu
3485 5845 3692 5900 lectulo
3733 5846 3868 5918 quis:
