4032 6354
262 363 375 420 529

1504 362 1981 422 DECRETALIUM
2006 363 2402 423 ‘COLLECTIO.

3531 372 3631 430 530

260 490 460 541 scens,
485 472 598 529 sive
624 488 966 546 quocunque
992 473 1049 529 in
1078 474 1204 529 loco
1233 473 1550 529 consistens
1574 472 1904 529 incunctan—
1926 485 1985 560 Α
2006 473 2238 544 quando
2269 472 2595 542 habuerint,
2628 490 2765 530 mox
2791 474 2864 530 ad
2899 475 3198 547 religionis
3225 477 3441 534 cultum
3476 480 3634 536 habi-

262 569 362 624 ter
390 582 459 622 ea
485 568 700 635 utatur,
729 582 837 622 nec
865 566 1070 622 diversi
1097 567 1303 622 coloris
1336 570 1435 622 aut
1463 567 1696 622 diversae
1724 566 1904 640 partis

262 660 478 715 eadem
513 660 585 715 sit
619 659 885 715 notabilis
909 660 1097 729 vestis,
1127 661 1224 716 sed
1251 660 1512 732 religiosa
1551 666 1605 717 et
1634 678 1751 715 non
1778 678 1898 715 sus-

256 755 456 824 pecta,
491 769 619 826 qua
645 756 838 808 careat
861 753 1230 808 varietatibus
1275 753 1551 822 colorum,
1583 758 1640 808 et
1667 754 1899 809 diversi-

258 846 481 902 tatibus
525 848 863 918 specierum,
891 846 1035 902 adeo
1066 852 1127 902 ut
1164 848 1380 918 absque
1426 847 1535 902 ulla
1584 847 1901 918 suspicione

257 940 735 1012 transgressionis
780 943 1019 996 maneat
1065 941 1186 995 usui
1250 944 1475 996 tantum
1526 945 1657 1012 apta
1691 943 1898 995 sancta

254 1033 586 1105 religionis,
619 1039 676 1089 et
715 1035 801 1089 sui
842 1035 996 1089 sexui
1040 1039 1369 1107 competens
1396 1035 1467 1089 ad
1502 1034 1897 1090 testimonium

254 1127 583 1198 probitatis.
614 1129 686 1183 Ut
709 1132 902 1183 autem
941 1128 1209 1199 deinceps
1254 1128 1332 1183 nil
1377 1128 1682 1183 devocetur
1710 1128 1770 1181 in
1799 1127 1898 1182 du-

250 1219 450 1291 bium,
478 1221 649 1293 pallio
674 1237 981 1293 purpureo,
1016 1222 1104 1275 vel
1138 1221 1291 1293 nigri
1327 1221 1529 1276 coloris
1564 1204 1893 1293 caput’con-

252 1316 426 1383 tegat
447 1314 519 1371 ab
549 1313 715 1370 initio
737 1317 1014 1386 suscepta
1040 1314 1358 1386 religionis,
1387 1318 1450 1369 ut
1479 1314 1615 1369 dum
1662 1314 1775 1368 illic
1802 1318 1893 1369 tu—

250 1406 394 1463 lerit
419 1407 648 1479 signum
674 1407 985 1478 probabilis
1013 1408 1350 1478 sanctitatis,
1382 1408 1478 1462 ubi
1529 1408 1741 1462 nullius
1777 1408 1895 1462 falli

248 1501 474 1573 poterit
514 1501 656 1556 visio
682 1500 976 1570 intuentis,
1005 1517 1305 1573 nunquam
1345 1503 1590 1557 attentet
1612 1504 1764 1556 astus
1792 1501 1890 1557 de-

248 1595 540 1651 testanda
568 1595 1053 1666 prasumptionis.

329 1690 392 1743 V.
426 1690 637 1744 Omnes
664 1688 893 1744 femina
922 1705 1049 1760 qua
1067 1688 1190 1758 jam
1208 1689 1267 1743 in
1284 1687 1642 1759 praeteritum
1664 1688 1890 1760 religio-

247 1782 346 1837 nis
375 1785 531 1836 veste
556 1781 878 1854 probantur
904 1776 1118 1836 induta
1138 1780 1329 1850 fuisse,
1352 1781 1497 1837 nihil
1518 1781 1893 1837 excusationis

2002 570 2241 638 tumque
2267 569 2627 637 revocentur,
2660 571 2717 623 et
2755 568 2859 624 sub
2885 572 3119 624 strenua
3147 571 3498 627 districtione
3520 574 3630 629 hu~

1995 660 2322 729 juscemodi
2347 660 2717 716 observantiae
2741 661 3013 718 inservire
3039 666 3335 735 cogantur.
3368 666 3629 722 Parenti-

2000 752 2106 807 bus
2134 768 2266 806 sane
2289 753 2437 808 filios
2459 770 2589 809 suos
2606 754 2868 826 religioni
2887 756 3225 813 contradere
3248 774 3367 814 non
3387 748 3630 832 amplius

2001 861 2173 917 quam
2198 862 2381 918 usque
2402 847 2472 901 ad
2492 847 2776 903 decimum
2796 850 2978 904 atatis
3002 865 3202 906 eorum
3225 867 3441 908 annum
3458 853 3632 909 licen-

1999 938 2078 992 tia
2106 938 2316 1010 poterit
2343 956 2464 994 esse
2496 957 2509 1008 ;
2542 946 2744 1012 postea
2767 958 2904 997 vero
2929 959 3003 997 an
3053 960 3184 999 cum
3211 944 3502 1001 voluntate
3528 964 3629 1019 pa-

1997 1034 2247 1101 rentum,
2266 1049 2338 1087 an
2364 1050 2478 1088 sua
2508 1034 2825 1090 devotionis
2852 1036 2924 1091 sit
2941 1037 3256 1093 solitarium
3278 1042 3495 1109 votum,
3519 1041 3630 1096 erit

1995 1125 2127 1180 filiis
2155 1125 2373 1181 licitum
2420 1127 2717 1199 religionis
2760 1145 3048 1184 assumere
3092 1132 3326 1187 cultum.
3359 1133 3626 1206 Quisquis

1995 1223 2190 1274 autem
2214 1221 2303 1273 vel
2347 1219 2656 1276 abolitione
2700 1223 2948 1277 tonsura
2995 1223 3081 1278 vel
3127 1225 3409 1280 sacularis
3459 1227 3626 1282 vestis

1994 1312 2379 1384 assumptione
2409 1314 2659 1369 detectus
2703 1314 2875 1370 fuerit
2919 1316 3174 1386 attigisse
3219 1320 3626 1391 transgressio-

1994 1421 2151 1475 nem,
2198 1408 2256 1461 et
2290 1407 2890 1463 excommunicationis
2933 1425 3229 1466 censuram
3272 1412 3534 1484 accipiat,
3568 1417 3625 1470 et
3700 1425 3707 1429 ‘

1992 1498 2259 1571 religioni
2286 1516 2513 1572 semper
2552 1500 2843 1557 inhaereat.
2890 1502 3218 1573 Opitulante
3260 1505 3622 1564 miseratione

1993 1591 2200 1660 divina,
2230 1596 2288 1648 et
2312 1593 2700 1665 gloriosissimi
2720 1595 3120 1651 Reccesiunthi
3147 1597 3416 1670 principis
3443 1599 3622 1655 inha-

1990 1690 2150 1741 rente
2174 1686 2463 1742 voluntate
2512 1687 2792 1759 religiosa,
2816 1688 2907 1743 his
2945 1690 3184 1745 testibus
3225 1690 3621 1749 decentissime

1989 1778 2254 1850 alligatis,
2306 1781 2366 1835 in
2404 1796 2544 1852 pace
2583 1781 2870 1851 connexis,
2901 1799 2971 1837 ex
3010 1783 3146 1838 totis
3176 1785 3621 1855 pracordiorum

252 1873 453 1948 129
500 1875 687 1929 valeat
732 1875 792 1929 in
840 1874 1266 1946 oppositionem
1309 1875 1577 1945 quaelibet
1621 1870 2293 1946 objectio,Bvisceribus
2323 1874 2524 1929 damus
2565 1875 2804 1946 gloriam
2833 1878 2891 1931 et
2937 1877 3217 1932 honorem
3262 1879 3370 1933 soli
3407 1881 3620 1935 atemo

248 1967 516 2038 quamvis
557 1966 790 2022 diversis
835 1984 899 2021 ac
940 1967 1157 2022 callidis
1201 1966 1545 2022 adumbrare
1591 1984 1649 2021 se
1715 1968 1890 2024 velint

247 2060 495 2116 fallacia
538 2060 910 2133 argumentis,
942 2060 1038 2115 sed
1072 2061 1145 2115 ad
1176 2060 1613 2115 sacratissimam
1642 2061 1886 2116 sanctio-

246 2171 390 2209 nem
410 2153 706 2224 disciplina
722 2154 1030 2209 sanctiores
1059 2158 1252 2210 teneat
1277 2154 1547 2225 religatas
1566 2159 1732 2226 atque
1759 2155 1888 2210 sub-

246 2264 448 2302 nexas.
501 2247 987 2303 Commoneantur
1033 2263 1165 2302 sane
1204 2247 1507 2302 sacerdotis
1550 2248 1885 2303 auctoritate

244 2350 316 2399 ut
340 2345 583 2400 redeant
606 2348 827 2416 sponte.
859 2344 964 2409 Qui
1009 2345 1057 2399 si
1082 2346 1270 2400 redire
1314 2346 1606 2399 noluerint
1635 2345 1884 2416 impulsu

246 2437 585 2505 sacerdotis,
613 2438 685 2492 ad
737 2438 1030 2510 religionis
1059 2438 1279 2492 cultum
1318 2428 1696 2505 reducantur,
1714 2441 1782 2493 ~et
1824 2439 1883 2493 in

244 2530 615 2586 monasteriis
664 2531 912 2586 redacta
961 2530 1569 2586 excommunicationis
1596 2531 1882 2602 condigne

244 2625 537 2679 sententia
564 2624 859 2679 feriantur.
895 2624 990 2678 Hic
1018 2624 1174 2679 idem
1210 2641 1439 2697 quoque
1478 2624 1617 2678 ordo
1658 2624 1716 2679 in
1762 2624 1880 2678 illa-

242 2734 381 2772 rum
414 2717 894 2773 condemnatione
919 2717 1192 2783 manebit,
1223 2734 1351 2788 qua
1380 2718 1697 2789 quamlibet
1723 2735 1756 2772 a
1789 2734 1878 2771 sa-

244 2810 482 2866 cerdote
524 2810 907 2865 sanctimonia
940 2814 1157 2865 vestem
1200 2827 1314 2865 non
1349 2810 1712 2881 accepissent,
1742 2810 1880 2880 ipsa

245 2907 447 2961 tamen
468 2909 567 2959 aut
592 2903 806 2959 induta
827 2908 979 2974 sunt,
999 2907 1099 2959 aut
1123 2904 1182 2958 in
1198 2904 1293 2958 illo
1311 2904 1407 2959 diu
1431 2903 1628 2958 habitu
1647 2920 1881 2959 consen-

243 3001 460 3065 serunt,
476 2997 575 3069 qui
607 2997 899 3069 religionis
928 3013 1049 3051 esse
1074 2999 1258 3052 cultus
1278 2997 1348 3051 ab
1381 2997 1735 3053 intuentibus
1762 3014 1879 3055 cre-

244 3090 497 3158 deretur,
544 3090 591 3145 si
621 3107 812 3146 coram
840 3091 1102 3158 Ecclesia,
1132 3091 1220 3144 vel
1251 3090 1540 3145 sacerdote
1585 3093 1685 3144 aut
1708 3090 1877 3145 etiam

244 3183 708 3255 competentibus
734 3184 974 3239 testibus
1002 3184 1253 3255 quinque
1278 3184 1493 3238 induta
1525 3183 1693 3238 certis
1720 3183 1873 3238 indi—

247 3232 705 3255 **···ι’””⁷’““·”“””
741 3232 971 3239 ⁷⁷”““”“’”
1007 3232 1251 3255 Ὶ“-”-“ι“’ν
1279 3232 1491 3238 “’“’“““⁷“⁷“’
1531 3232 1690 3238 "’""
1720 3232 1843 3238 ““““”“

243 3277 341 3331 ciis
382 3280 485 3331 aut
507 3277 847 3331 testimoniis
873 3277 1281 3348 approbantur,
1313 3293 1515 3331 omnes
1560 3279 1758 3331 tamen
1786 3277 1876 3331 ha
1895 3232 1951 3307 Ο

242 3387 340 3424 seu
365 3370 663 3424 venientes
683 3370 754 3423 ad
785 3370 1033 3440 primam
1054 3370 1413 3441 religionem,
1438 3387 1539 3424 seu
1561 3373 1685 3441 post
1700 3374 1878 3424 trans-

244 3478 501 3533 gressum
548 3466 908 3517 resumentes
947 3463 1206 3517 iteratam
1251 3462 1700 3530 conversionem,
1731 3462 1877 3517 sicut

244 3555 603 3627 pramissum
635 3558 738 3624 est,
767 3561 824 3609 et
867 3555 1037 3627 pallio
1085 3556 1270 3626 capita
1298 3559 1605 3626 contegant
1637 3559 1694 3609 et
1737 3572 1871 3610 con-

241 3649 511 3719 scriptam
572 3648 1013 3719 roboratamque
1068 3648 1438 3721 professionis
1481 3647 1690 3703 faciant
1736 3649 1871 3703 scri-

239 3746 493 3813 pturam,
528 3757 632 3812 per
656 3758 828 3811 quam
854 3742 1095 3796 ulterius
1129 3758 1246 3797 non
1296 3742 1557 3796 sinantur
1582 3741 1761 3795 relabi
1803 3742 1874 3797 ad

238 3833 718 3905 praevaricationis
747 3834 1061 3888 audaciam.
1096 3835 1234 3898 Qua
1255 3851 1390 3889 vero
1410 3852 1475 3889 ex
1499 3834 1764 3889 omnibus
1784 3834 1873 3888 his

237 3927 453 3981 fuerint
479 3929 727 3998 reperta
769 3927 1023 3982 animum
1058 3932 1156 3982 aut
1182 3932 1395 3982 vestem
1436 3929 1494 3982 in
1546 3931 1869 3998 transgres-

237 4020 393 4074 sione
412 4018 654 4088 dedisse,
674 4020 1285 4075 excommunicationis
1302 4020 1640 4075 sententiam
1662 4021 1869 4089 ferant,

240 4115 295 4165 et
311 4128 537 4166 rursum
568 4114 786 4166 mutato
812 4112 1009 4167 habitu
1033 4113 1092 4167 in
1111 4113 1495 4179 monasteriis,
1517 4113 1698 4167 donec
1720 4113 1871 4167 diem

237 4204 502 4258 ultimum
529 4205 812 4273 claudant,
843 4205 946 4259 sub
979 4206 1249 4260 arumnis
1287 4207 1478 4260 ardua
1520 4206 1869 4277 poenitentia

237 4301 504 4351 maneant
531 4296 803 4367 religata.

309 4391 390 4443 Vl.
428 4391 506 4445 De
535 4389 625 4443 his
651 4390 749 4462 qui
792 4390 851 4445 in
880 4407 1050 4462 parva
1091 4394 1258 4445 atate
1310 4406 1498 4445 coram
1538 4391 1869 4461 parentibus

240 4483 534 4554 religionis
571 4483 831 4538 habitum
877 4488 1204 4550 tenuerunt,
1249 4484 1348 4554 qui
1379 4500 1558 4555 usque
1602 4485 1713 4539 huc
1752 4485 1867 4540 dis-

242 4577 438 4631 soluta
468 4576 814 4648 operationis
845 4576 1074 4631 effectus
1123 4577 1414 4631 interdum
1464 4580 1690 4632 mutare
1737 4578 1948 4670 fecitD

242 4669 546 4724 honestum
604 4669 1024 4724 constitutionis
1073 4668 1344 4737 edictum,
1397 4670 1535 4724 dum
1581 4669 1871 4725 incondite

242 4762 440 4817 resolvi
485 4766 739 4833 putatur,
779 4764 933 4834 quod
977 4762 1365 4818 indissolubile
1418 4763 1720 4817 sanationis
1766 4780 1867 4818 au-

242 4855 498 4910 ctoritate
531 4858 776 4909 tenetur.
811 4856 946 4911 Ideo
977 4855 1258 4927 quidquid
1284 4855 1512 4909 obvium
1540 4871 1605 4909 ex
1651 4856 1869 4912 incerto

242 4947 482 5002 occurrit
520 4947 813 5004 evidenter
841 4948 1009 5019 abjici
1058 4948 1247 5018 debet,
1280 4951 1341 5002 ut
1373 4948 1444 5002 de
1485 4951 1689 5002 catero
1728 4950 1868 5004 nihil

242 5040 480 5111 supersit
505 5041 656 5111 quod
688 5041 745 5095 in
775 5041 1011 5096 dubium
1038 5045 1231 5111 nutet;
1260 5042 1504 5112 ideoque
1532 5041 1577 5095 si
1604 5042 1664 5095 in
1694 5043 1869 5113 quali-

240 5133 328 5188 bet
369 5132 583 5187 minori
630 5138 796 5189 atate
846 5136 931 5188 vel
974 5134 1270 5206 religionis
1312 5140 1605 5189 tonsuram
1656 5136 1742 5189 vel
1774 5152 1866 5190 re-

239 5225 432 5296 ligioni
472 5225 723 5281 debitam
768 5231 981 5281 vestem
1019 5228 1078 5281 in
1116 5231 1359 5298 utroque
1412 5244 1542 5282 sexu
1584 5227 1730 5295 ﬁliis,
1772 5232 1869 5282 aut

241 5335 380 5373 unus
423 5324 523 5372 aut
566 5319 736 5374 ambo
785 5323 1047 5391 parentes
1088 5321 1384 5390 dederunt,
1419 5326 1573 5375 certe
1619 5324 1719 5376 aut
1761 5338 1863 5376 no-

239 5411 477 5466 lentibus
522 5414 605 5467 vel
651 5413 1036 5468 nescientibus
1085 5430 1144 5468 se
1191 5418 1528 5485 susceptam,
1569 5431 1685 5468 non
1734 5431 1866 5468 mox

237 5504 408 5558 visam
459 5505 520 5558 in
550 5503 680 5559 ﬁliis
710 5494 1118 5574 abdicaverint,
1166 5507 1265 5562 sed
1295 5507 1385 5561 vel
1432 5524 1625 5562 coram
1673 5524 1731 5561 se
1780 5508 1865 5562 vel

240 5614 417 5652 coram
440 5598 711 5664 Ecclesia,
734 5582 1042 5671 palamque
1066 5599 1126 5653 in
1154 5603 1433 5655 conventu
1461 5600 1693 5655 eosdem
1719 5598 1865 5654 filios

239 5690 368 5745 talia
413 5690 622 5746 habere
647 5692 1035 5763 permiserint,
1064 5692 1138 5747 ad
1169 5694 1500 5748 sacularem
1528 5693 1736 5749 reverti
1761 5694 1862 5748 ha-

239 5783 416 5838 bitum
450 5782 585 5855 ipsis
613 5785 745 5840 ﬁliis
767 5786 1114 5859 quandoque
1139 5786 1368 5858 penitus
1394 5803 1512 5842 non
1533 5786 1745 5853 licebit,
1765 5786 1863 5841 sed

241 5875 473 5932 convicti
498 5878 648 5951 quod
682 5882 980 5936 tonsuram
1008 5884 1107 5937 aut
1131 5879 1462 5953 religiosam
1508 5883 1723 5936 vestem
1756 5879 1860 5934 ali-

1969 1968 2045 2020 .et
2083 1965 2396 2022 immortali
2424 1968 2540 2023 Deo
2587 1969 2740 2023 Patri
2783 1973 2838 2024 et
2885 1969 3023 2024 Filio
3050 1975 3108 2026 et
3133 1971 3371 2041 Spiritui
3402 1977 3618 2041 sancto,

1987 2058 2149 2129 cujus
2178 2060 2328 2115 dono
2354 2061 2623 2116 collatum
2645 2061 2807 2116 nobis
2835 2063 3200 2133 agnoscimus
3226 2081 3331 2135 pro
3359 2066 3481 2135 ejus
3515 2067 3619 2121 Ec-

1986 2152 2169 2207 clesia
2195 2155 2363 2221 statu,
2392 2158 2451 2209 et
2478 2170 2682 2225 regere
2712 2172 2906 2210 curam
2935 2158 2988 2210 et
3016 2172 3178 2227 posse
3224 2157 3366 2211 sacri
3392 2159 3623 2230 regimi-

1984 2245 2073 2299 nis
2098 2246 2482 2317 competentia
2501 2247 2800 2319 disponere
2815 2250 2970 2319 jura,
2994 2266 3027 2305 a
3042 2266 3152 2322 quo
3178 2251 3425 2321 petimus
3449 2255 3506 2307 et
3525 2269 3621 2323 op-

1984 2341 2171 2394 tamus
2199 2343 2265 2394 ut
2288 2345 2615 2411 porrectam
2642 2341 2701 2397 in
2729 2343 3090 2414 longitudine
3114 2343 3368 2399 felicium
3391 2344 3615 2401 dierum

1983 2432 2346 2487 sacratissimi
2378 2433 2655 2505 principis
2682 2436 2874 2505 vitam,
2899 2441 2954 2490 et
2982 2436 3139 2491 omni
3174 2436 3489 2507 gloriarum
3524 2439 3615 2495 de-
3652 2468 3661 2483 κ

1982 2541 2110 2579 core
2131 2526 2413 2597 perpetim
2429 2527 2638 2582 faciam
2652 2528 2869 2599 pollere
2887 2530 3083 2583 salute.
3099 2530 3266 2584 Nobis
3285 2547 3514 2602 quoque
3534 2536 3613 2587 at-

1983 2617 2193 2672 tribuat
2218 2622 2545 2691 susceptum
2566 2621 2826 2675 Ecclesia
2855 2638 2970 2676 sua
2996 2639 3258 2693 regnum,
3281 2640 3413 2677 cum
3441 2625 3612 2695 aqui-

1981 2713 2097 2765 tate
2128 2711 2445 2782 disponere,
2468 2713 2528 2767 in
2552 2713 2932 2769 sollicitudine
2956 2716 3275 2785 gubernare
3302 2722 3360 2772 et
3386 2717 3447 2771 in
3473 2734 3608 2789 pace

1980 2806 2196 2873 tenere,
2227 2808 2290 2859 ut
2314 2810 2438 2876 post
2484 2806 2655 2877 hujus
2689 2807 2890 2861 mundi
2918 2812 3173 2880 suscepta
3201 2809 3457 2879 pericula
3484 2827 3610 2881 per-

1977 2897 2172 2952 venire
2189 2898 2468 2968 possimus
2489 2899 2563 2953 ad
2586 2900 2834 2954 coelestia
2860 2917 3053 2971 regna.
3075 2905 3272 2957 Amen.
3294 2904 3372 2957 Eu
3381 2903 3604 2974 genius,

1976 2988 2246 3061 indignus
2271 2991 2556 3046 Toletana
2583 2991 2729 3047 sedis
2771 2994 3246 3064 metrOpolitanus
3290 2996 3604 3068 episcopus,

1977 3083 2100 3137 hac
2115 3086 2440 3139 nostrarum
2462 3085 2859 3141 deﬁnitionum
2875 3090 3084 3142 statuta
3105 3088 3428 3160 subscripsi.
3444 3089 3608 3144 Simi-

1976 3176 2106 3231 liter
2120 3181 2176 3231 et
2191 3177 2287 3232 alii
2307 3177 2551 3249 episcopi
2572 3179 3028 3250 subscripserunt
3041 3197 3282 3236 numero
3298 3181 3603 3238 sexdecim.

2307 3273 2588 3326 Decretum
2616 3288 2716 3340 pro
2742 3274 2981 3327 Potamio
3004 3277 3265 3344 episcopo.

2046 3365 2348 3418 Assumere
2413 3369 2741 3434 poteramus
2801 3382 3069 3420 canoram
3132 3368 3192 3421 in
3258 3371 3426 3423 cantu
3492 3370 3606 3424 fra~

1974 3458 2154 3510 terna
2184 3455 2399 3510 latitia
2429 3457 2648 3524 tibiam,
2684 3460 2817 3529 quia
2843 3458 3034 3513 divina
3059 3460 3235 3529 pietas
3263 3466 3608 3518 conventum

1975 3551 2233 3602 nostrum
2297 3549 2371 3602 ad
2435 3550 2747 3605 concordia
2808 3558 3211 3608 convocaverat
3277 3555 3481 3622 studia,
3549 3559 3606 3610 et

1972 3645 2313 3696 convenerat
2366 3642 2698 3697 mastitiam
2751 3643 2948 3714 vitare,
2991 3646 3264 3716 quoniam
3301 3646 3604 3703 usitatione

1974 3733 2286 3806 disciplina
2339 3735 2672 3790 videbamur
2713 3741 2976 3807 paternas
3013 3740 3233 3810 regulas
3285 3740 3603 3810 innovasse,

1972 3828 2071 3882 sed
2101 3827 2325 3898 gravius
2353 3828 2579 3883 sistrum
2606 3845 2710 3900 pro
2741 3831 3000 3901 cymbalo
3027 3832 3324 3900 sumimus,
3354 3838 3410 3889 et
3429 3828 3604 3888 funus

1971 3937 2074 3991 pro
2094 3920 2344 3975 carmine
2363 3922 3173 3996 decantamus,gementesque
3195 3943 3323 3980 cum
3337 3927 3603 3982 Jeremia

1971 4012 2197 4068 ﬂetibus
2225 4014 2466 4069 dicimus
2490 4033 2503 4069 :
2525 4015 2870 4071 Dissolutum
2890 4021 2977 4071 est
3004 4019 3273 4090 gaudium
3298 4020 3478 4074 cordis
3504 4037 3606 4075 no-

1972 4107 2092 4175 stri,
2115 4124 2308 4163 versus
2331 4114 2416 4163 est
2440 4108 2501 4162 in
2521 4111 2736 4164 luctum
2764 4111 2970 4165 chorus
2999 4116 3207 4166 noster.
3234 4112 3395 4168 Unde
3414 4118 3471 4168 et
3496 4130 3600 4179 va,

1971 4216 2163 4254 coram
2202 4200 2369 4255 nobis
2411 4202 2814 4272 conspicimus,
2848 4205 3119 4274 quoniam
3163 4206 3426 4261 cecidisse
3453 4223 3605 4261 coro-

1886 4350 1893 4353 _
1969 4309 2107 4347 nam
2146 4285 2348 4363 capitis
2371 4295 2552 4348 nostri
2581 4294 2858 4363 videmus,
2890 4297 3026 4351 dum
3057 4301 3170 4352 tam
3204 4299 3391 4354 nobile
3436 4300 3494 4354 in
3520 4300 3603 4354 in-

1968 4384 2199 4439 ﬁrmum
2246 4387 2476 4456 corruit,
2527 4388 2675 4457 quod
2716 4391 2834 4443 tam
2879 4390 2940 4443 in
2992 4391 3249 4446 sublima
3289 4392 3604 4447 sanctitatis

1973 4479 2258 4549 Optimum
2299 4479 2471 4533 stetit.
2490 4463 2651 4555 iEcce
2683 4483 2892 4536 etenim
2940 4483 3311 4538 tractantibus
3350 4484 3509 4538 nobis
3540 4487 3600 4539 in

1970 4588 2108 4642 pace
2140 4571 2211 4625 de
2240 4560 2633 4626 ecclesiasticis
2660 4575 2872 4644 regulis
2906 4575 3154 4630 delatum
3187 4581 3272 4631 est
3299 4579 3602 4632 conventui

1970 4668 2165 4718 nostro
2195 4663 2517 4735 epistolium
2549 4666 2800 4719 confusa
2826 4668 3192 4721 confessionis
3221 4673 3278 4723 et
3299 4669 3597 4725 abolenda

1970 4756 2413 4827 subscriptionis,
2444 4758 2594 4828 quod
2622 4759 2887 4813 Potanius
2936 4761 3291 4815 Bracarensis
3337 4762 3598 4818 Ecclesia

1970 4850 2268 4920 episcopus
2294 4850 2363 4905 de
2403 4850 2564 4905 factis
2593 4851 2842 4921 propriis
2869 4854 2983 4906 suis
3011 4858 3306 4910 annotarat
3328 4854 3597 4910 articulis.

1971 4947 2093 5012 Quo
2120 4952 2387 5015 reserato,
2420 4948 2559 5019 quid
2593 4949 2973 5005 oblitteranda
2996 4952 3206 5023 pagina
3244 4954 3301 5008 et
3324 4952 3601 5008 abolenda

1968 5041 2292 5096 litterarum
2316 5042 2634 5113 penderent
2657 5044 2957 5106 elementa,
2972 5044 3197 5099 ﬂetibus
3212 5047 3399 5117 potius
3424 5063 3600 5119 quam

1968 5134 2329 5188 sermonibus
2390 5134 2705 5205 lacrymosa
2761 5137 3022 5191 contritio
3090 5139 3414 5215 receqsuit.‘
3446 5141 3600 5195 Tunc

1969 5227 2215 5281 solitarie
2245 5231 2471 5281 tantum
2510 5228 2886 5299 secretimque
2928 5230 3193 5285 adunatis
3242 5232 3600 5303 pontiﬁcibus

1967 5320 2089 5386 Dei,
2112 5319 2453 5390 pradictum
2484 5320 2816 5392 episcopum
2842 5322 3039 5378 adesse
3061 5340 3249 5379 coram
3275 5326 3441 5381 nobis
3466 5326 3599 5381 feci-

1966 5428 2113 5480 mus,
2142 5428 2317 5483 quem
2347 5413 2690 5483 singultibus
2730 5416 3130 5486 aggredientes
3158 5419 3401 5490 amplius
3427 5436 3598 5491 quam

1963 5505 2226 5576 loquelis,
2256 5511 2566 5560 reseratam
2595 5506 2675 5560 illi
2705 5523 2822 5562 sua
2868 5508 3271 5581 deformitatis,
3304 5518 3360 5567 et
3385 5518 3594 5566 nostra

1965 5597 2311 5652 confusionis
2337 5597 2681 5668 scripturam
2725 5601 3286 5670 protulimus.Quam
3316 5603 3596 5672 accipiens

1964 5708 2030 5745 ac
2068 5705 2366 5745 recurrens
2404 5691 2817 5748 sciscitantibus
2842 5695 3023 5763 nobis,
3054 5702 3247 5751 utrum
3274 5694 3359 5749 sui
3385 5695 3593 5764 operis,

1965 5789 2144 5839 etsua
2160 5783 2541 5839 annotationis
2558 5785 2843 5842 intimatio
2855 5791 3028 5857 esset;
3049 5788 3194 5841 illico
3210 5802 3377 5840 suum
3399 5790 3588 5842 actum

1964 5877 2160 5950 suique
2192 5876 2304 5931 oris
2335 5876 2651 5951 eloquium,
2682 5895 2915 5935 suorum
2937 5879 3244 5950 digitorum
3266 5894 3389 5935 esse
3421 5880 3592 5939 robur
