4032 6298
489 310 583 367 534
1152 276 1167 289 ’
1379 313 1661 369 APPEND.
1703 312 1792 367 AD
1831 311 1992 366 sae.
2035 311 2122 365 1x.
2156 339 2224 351 -
2253 310 2499 366 ISIDORI
2534 309 2957 367 MERCATORIS

489 416 937 490 asseruit;‘quod
963 420 1078 475 illic
1107 420 1414 491 relegendo
1442 419 1723 492 praevidit.
1741 420 1989 474 Rursum
2013 419 2117 473 sub
2140 431 2198 504 Α

491 511 667 566 divini
694 513 949 567 nominis
976 513 1389 568 contestatione
1424 514 1575 567 hunc
1604 512 1931 583 adjurantes
1960 512 2115 567 obte-

492 605 624 658 stati
654 622 865 671 sumus,
896 609 959 660 ut
987 622 1059 660 an
1086 606 1154 660 de
1182 622 1238 660 se
1267 611 1464 677 sponte
1490 605 1857 661 mendacium
1884 606 2115 674 diceret,

490 702 589 752 aut
615 697 851 769 alicujus
881 698 1144 754 violentia
1167 703 1528 769 premeretur
1553 702 1611 753 et
1636 699 1968 769 perterritus
1984 698 2120 753 talia

492 796 804 857 enarraret,
834 791 1111 846 veraciter
1136 791 1436 847 indicaret.
1465 792 1571 857 Qui
1609 807 1741 846 mox
1781 791 1955 847 ﬂebili
1985 808 2118 846 voce

489 883 908 955 luminibusque
925 886 1148 955 ploratu
1176 885 1558 952 madentibus,
1584 889 1639 939 et
1661 885 1887 956 fragore
1910 885 2119 957 singul-

488 983 671 1043 tuum,
699 994 828 1031 cum
860 976 1025 1032 unius
1064 978 1163 1033 Dei
1201 978 1448 1033 nominis
1472 978 1822 1049 juramento,
1860 980 2121 1034 clamavit

490 1087 548 1123 se
576 1074 632 1125 et
669 1087 800 1125 vera
841 1071 1041 1125 eadem
1080 1072 1231 1127 mala
1267 1072 1335 1127 de
1379 1089 1437 1125 se
1477 1072 1755 1141 conﬁteri,
1788 1076 1845 1126 et
1887 1072 1958 1126 ad
1998 1072 2119 1127 hac

488 1162 809 1218 conﬁtenda
831 1165 988 1219 nulla
1006 1180 1064 1219 se
1093 1164 1359 1219 violentia
1386 1166 1754 1235 pragravari,
1774 1164 1924 1220 unde
1942 1165 2117 1219 etiam

486 1257 668 1311 ferme
692 1274 794 1328 per
811 1275 1019 1313 novem
1039 1275 1265 1314 menses
1286 1263 1484 1330 sponte
1513 1258 1830 1313 deseruisse
1858 1258 2119 1327 regimen

485 1351 744 1405 Ecclesia
774 1368 908 1419 sua,
937 1356 993 1407 et
1017 1352 1305 1423 ergastulo
1333 1351 1585 1423 quodam
1613 1369 1717 1423 pro
1750 1352 1994 1407 admisso
2021 1352 2119 1406 ﬂa-

489 1442 627 1512 gitio
652 1450 880 1498 acturus
905 1444 1297 1516 panitentiam
1345 1462 1406 1500 se
1448 1445 1787 1500 conclusisse
1834 1444 2115 1517 praedixit.

486 1537 640 1591 Tunc
688 1553 793 1607 per
828 1538 1057 1592 fidelem
1106 1538 1517 1593 confessionem
1560 1542 1645 1594 est
1682 1538 1919 1609 agnitio,
1963 1538 2118 1610 quod

487 1632 642 1683 tactu
686 1630 938 1685 femineo
989 1632 1300 1686 sorduisset
1332 1632 1626 1687 deﬂorata.
1656 1632 1809 1686 Licet
1843 1631 1996 1686 hunc
2024 1648 2119 1702 pa-

486 1726 650 1776 terna
683 1723 990 1794 antiquitas
1019 1724 1192 1779 sacris
1234 1725 1444 1795 regulis
1489 1725 1734 1795 dejicere
1779 1725 1849 1779 ab
1903 1726 2115 1779 honore

487 1814 776 1883 decernat,
792 1832 896 1870 nos
921 1821 1114 1871 tamen
1144 1817 1669 1889 miserationisjura
1694 1823 1977 1873 servantes
2001 1834 2116 1872 non
2137 1799 2193 1870 Β

487 1908 829 1963 abstulimus
856 1926 1069 1965 nomen
1106 1911 1353 1978 honoris,
1382 1911 1535 1982 quod
1576 1911 1697 1983 ipse
1746 1911 1851 1965 sibi
1888 1911 1975 1965 sui
2015 1911 2119 1965 cri-

485 2000 656 2055 minis
681 2002 1035 2058 confessione
1055 2004 1177 2073 jam
1206 2005 1531 2073 abstulerat,
1547 2004 1649 2059 sed
1672 2004 1853 2059 valida
1879 2003 2119 2059 auctori-

485 2097 600 2147 tate
619 2094 974 2151 decrevimus
994 2102 1283 2168 perpetua
1302 2097 1656 2170 poenitentia
1676 2098 1829 2152 hunc
1846 2097 2118 2153 inservire

485 2186 683 2242 ofﬁciis
707 2192 763 2243 et
793 2190 1086 2257 arumnis,
1103 2191 1464 2261 providentes
1492 2191 1691 2245 melius
1725 2191 1881 2245 illum
1912 2207 2013 2262 per
2036 2207 2118 2244 as-

484 2296 686 2352 peram
730 2281 811 2336 ire
855 2283 1203 2353 poenitentia
1244 2283 1633 2351 solitudinem,
1674 2288 1739 2339 ut
1776 2285 2117 2356 quandoque

484 2374 818 2443 perveniret
841 2376 913 2430 ad
927 2376 1205 2447 refrigerii
1216 2378 1570 2432 mansionem
1588 2394 1761 2448 quam
1775 2377 2036 2432 relictum
2057 2378 2114 2432 in

484 2466 789 2522 voluntatis
806 2485 920 2523 sua
934 2468 1235 2525 latitudine
1253 2471 1325 2525 ad
1339 2470 1709 2542 pracipitium
1728 2471 1891 2541 dejici
1905 2475 2118 2526 aterna

482 2559 873 2616 damnatione.
888 2563 1041 2617 Tunc
1059 2563 1438 2619 venerabilem
1458 2565 1831 2619 Fructuosum
1851 2564 2115 2619 Ecclesia

482 2653 797 2709 Dunilensis
823 2655 1153 2727 episcopum
1181 2657 1472 2711 communi
1500 2658 1759 2711 omnium
1789 2662 2116 2712 nostrorum

483 2745 759 2801 electione
786 2749 1179 2803 constituimus
1222 2750 1483 2804 Ecclesia
1526 2749 1880 2804 Bracarensis
1909 2750 2113 2820 guber-

482 2839 684 2893 nacula
708 2840 1021 2910 continere,
1039 2842 1113 2895 ita
1132 2845 1196 2895 ut
1223 2858 1454 2897 omnem
1488 2843 1853 2912 metropolim
1880 2841 2111 2913 provin-

483 2931 584 2985 cia
615 2932 858 2986 Gallicia
888 2937 1233 3005 cunctosque
1262 2935 1553 3005 episcopos
1584 2935 1940 3005 populosque
1978 2951 2109 2989 con-

483 3026 687 3078 ventus
717 3025 897 3096 ipsius
937 3027 1312 3098 omniumque
1336 3044 1529 3082 curam
1560 3029 1881 3082 animarum
1910 3029 2109 3082 Braca-

482 3116 666 3171 rensis
718 3117 980 3173 Ecclesia
1035 3119 1111 3174 sic
1173 3120 1607 3191 gubernandam
1668 3120 1977 3191 suscipiens
2034 3122 2112 3176 ita
2132 3160 2187 3233 Ο

488 3214 788 3233 “MM”.
817 3214 977 3233 ,μω
1452 3217 1495 3233 ,ι
1528 3213 1815 3233 “mare,

484 3214 792 3280 componat
814 3214 983 3283 atque
1013 3218 1323 3281 conservet,
1353 3217 1415 3267 ut
1443 3217 1501 3268 et
1528 3213 1826 3268 Dominum
1853 3218 2109 3268 nostrum

484 3301 555 3356 de
574 3303 914 3359 rectitudine
930 3307 1113 3376 operis
1134 3306 1220 3362 sui
1251 3306 1529 3378 gloriﬁcet
1548 3312 1606 3362 et
1631 3307 1793 3362 nobis
1810 3307 1878 3362 de
1900 3308 2111 3362 incolu-

482 3394 679 3451 mitate
713 3398 967 3453 Ecclesia
999 3399 1118 3469 ejus
1150 3400 1417 3471 gaudium
1440 3404 1690 3471 prastat.
1717 3400 1856 3465 Quia
1880 3417 2013 3455 vero
2039 3401 2109 3455 ad

478 3488 674 3544 futura
702 3492 1029 3562 prospicere
1055 3492 1334 3563 convenit,
1352 3509 1425 3548 ne
1445 3493 1734 3548 exoriatur
1758 3494 1817 3548 in
1848 3499 1994 3549 statu
2015 3511 2110 3565 pa-

481 3581 560 3635 cis
584 3584 841 3653 quaedam
867 3587 1177 3641 commotio
1197 3586 1332 3655 litis,
1348 3590 1574 3643 Patrum
1602 3588 1969 3656 sententiam,
1985 3604 2110 3658 qua

472 3674 594 3744 jam
608 3675 820 3732 dictum
832 3680 1153 3734 Potamium
1168 3680 1499 3751 episcopum
1515 3681 1850 3735 rectitudine
1862 3681 2111 3751 damnat,

478 3767 610 3823 huic
638 3769 862 3825 decreto
896 3775 1233 3826 connectere
1283 3777 1477 3827 nostra
1506 3772 1797 3843 vigilantia
1825 3776 2108 3843 procurat.

821 3866 908 3917 Ea:
935 3866 1157 3918 concilio
1192 3866 1496 3927 Valentino,
1531 3866 1688 3919 titulo
1716 3867 1769 3919 4.

554 3956 661 4008 Nec
704 3955 864 4023 illud,
913 3956 1133 4022 fratres,
1166 3957 1411 4012 scribere
1443 3957 1693 4012 alienum
1735 3957 1806 4012 ob
1850 3959 2110 4013 Ecclesia

482 4046 788 4101 utilitatem
814 4048 1158 4115 censuimus,
1189 4052 1256 4103 ut
1284 4049 1499 4105 sciretis
1530 4050 1858 4121 quicunque
1885 4051 1987 4105 sub
2018 4068 2108 4105 or-

481 4139 792 4206 dinatione,
821 4141 908 4194 vel
963 4141 1309 4210 diaconatus,
1339 4142 1426 4197 vel
1465 4142 1830 4214 presbyterii,
1867 4144 1953 4198 vel
1990 4144 2107 4215 epi-

482 4237 739 4303 scopatus
768 4234 995 4288 mortali
1033 4235 1274 4290 crimine
1322 4236 1570 4290 dixerint
1607 4252 1664 4292 se
1693 4251 1813 4291 esse
1844 4237 2105 4308 pollutos,

481 4340 514 4380 a
543 4326 877 4396 supradictis
922 4327 1216 4382 ordinibus
1251 4328 1689 4396 submovendos,
1731 4346 1857 4385 reos
1895 4330 2109 4385 scilicet

477 4418 563 4473 vel
594 4418 708 4473 veri
736 4420 1110 4488 confessione,
1137 4421 1225 4475 vel
1258 4422 1555 4476 mendacio
1601 4422 1881 4477 falsitatis.
1917 4425 2108 4494 Neque

3749 312 3860 366 532

2637 422 2911 474 Decretum
2940 421 3417 475 testamentorium.

2292 512 2544 568 Vidimus
2570 512 2901 567 tractatibus
2945 512 3199 566 invenire
3226 511 3381 583 quod
3400 511 3624 581 justum
3662 515 3767 579 est,
3799 516 3860 567 et

2220 605 2567 676 experientia
2593 622 2711 660 esse
2734 605 3119 675 judicantium
3146 604 3594 675 comprobatum,
3614 609 3671 658 ct
3691 605 3861 676 juxta

2219 700 2429 753 summi
2442 698 2644 769 judicii
2669 701 2881 753 statuta
2905 698 3123 769 plenior
3143 698 3358 752 invenit
3379 698 3704 753 auctoritas.
3728 698 3860 754 Ideo

2220 792 2427 847 mentis
2470 791 2852 846 intentionem
2892 792 3118 863 orisque
3149 791 3313 845 simul
3356 790 3542 845 studia
3569 792 3860 846 deducen-

2220 889 2323 952 tes,
2353 884 2410 939 in
2439 885 2825 956 cognitionem
2852 884 3118 939 audiendi
3142 883 3357 955 negotii
3386 884 3640 939 delatum
3673 891 3759 939 est
3782 885 3860 940 ad

2218 996 2320 1033 nos
2343 982 2685 1034 conventum
2714 978 2893 1033 sancti
2918 978 3143 1033 concilii
3162 994 3231 1032 ex
3258 978 3470 1033 directo
3499 979 3731 1048 gloriosi
3758 979 3861 1033 do-

2218 1072 2361 1127 mini
2405 1071 2581 1126 nostri
2611 1070 3006 1127 Reccesiunthi
3036 1071 3185 1142 regis
3219 1088 3323 1142 per
3356 1071 3633 1126 illustrem
3660 1072 3857 1149 virum

2221 1166 2615 1219 Vuambanem
2643 1168 3044 1219 testamentum
3063 1164 3324 1235 gloriosa
3355 1165 3651 1219 memoria
3668 1166 3860 1219 sancti

2217 1258 2442 1313 Martini
2474 1257 2730 1313 Ecclesiae
2777 1257 3128 1311 Bracarensis
3157 1257 3426 1328 episcopi,
3459 1256 3558 1328 qui
3588 1263 3646 1312 et
3674 1256 3855 1312 Duni-

2218 1352 2369 1406 leuse
2412 1350 2817 1406 monasterium
2850 1349 2999 1404 visus
3041 1354 3126 1404 est
3168 1349 3567 1415 construxisse,
3594 1354 3661 1404 ut
3706 1366 3856 1405 rese-

2218 1448 2345 1499 rato
2374 1461 2443 1500 eo
2471 1461 2616 1516 quoe
2664 1444 2753 1498 hic
2788 1449 3141 1499 memoratus
3168 1443 3525 1498 beatissimus
3551 1443 3636 1497 vir
3660 1443 3857 1498 decre-

2218 1538 2388 1592 visset
2412 1543 2624 1592 nostra
2652 1537 2957 1609 cognitioni
3002 1540 3334 1607 patesceret.
3359 1536 3497 1601 Quo.
3510 1539 3855 1591 testamento

2218 1632 2277 1686 in
2309 1630 2570 1686 omnium
2601 1633 2870 1685 convectu
2898 1630 3127 1698 relecto,
3155 1629 3534 1700 comperimus
3556 1645 3627 1684 ex
3647 1629 3852 1685 ordine

2219 1742 2253 1781 a
2276 1727 2592 1779 memorato
2614 1723 2873 1796 principe
2898 1724 2969 1778 ad
2988 1739 3090 1777 nos
3121 1739 3242 1778 esse
3260 1722 3558 1790 directum,
3576 1722 3854 1794 quoniam

2216 1818 2368 1873 idem
2395 1818 2650 1888 gloriosa
2678 1816 2967 1872 memoria
3011 1819 3237 1871 sanctus
3266 1815 3352 1870 vir
3392 1816 3468 1869 ita
3497 1815 3847 1885 decreverat,

2219 1914 2282 1966 ut
2306 1910 2737 1966 succedentibus
2775 1926 2878 1980 per
2923 1909 3183 1964 ordinem
3224 1907 3453 1980 regibus
3492 1908 3562 1963 ad
3601 1910 3854 1980 comple-

2218 2007 2481 2059 mentum
2508 2003 2627 2074 ejus
2655 2002 2832 2073 ipsius
2859 2001 3184 2057 constitutio
3214 2002 3611 2056 commendata
3643 2018 3848 2057 mane-

2217 2102 2322 2151 ret.
2344 2098 2498 2151 Tunc
2528 2095 2732 2151 deinde
2753 2096 2987 2151 allatum
3016 2098 3099 2150 est
3123 2094 3287 2149 nobis
3315 2098 3725 2149 testamentum
3760 2096 3853 2149 Ri-

2217 2190 2420 2257 cuniri,
2436 2194 2769 2244 memorata
2788 2188 3051 2243 Ecclesia
3069 2187 3388 2242 Dunilensis
3408 2188 3679 2259 episcOpi,
3696 2189 3851 2259 quod

2217 2283 2286 2338 de
2310 2284 2478 2338 rebus
2504 2283 2617 2337 suis
2640 2283 2699 2336 in
2727 2282 2926 2337 eadem
2947 2281 3192 2337 Ecclesia
3209 2280 3532 2337 decreverat
3558 2282 3853 2336 examina-

2217 2376 2372 2437 tione
2392 2376 2641 2430 veridica
2666 2375 3068 2430 dirimendum.
3099 2375 3218 2438 Quo
3242 2374 3448 2428 relecto
3477 2374 3850 2445 cognovimus

2217 2469 2484 2524 eumdem
2519 2471 2813 2524 auctorem
2841 2484 3007 2522 suum
3046 2467 3126 2522 illi
3168 2466 3401 2522 diversa
3427 2467 3852 2522 constitutionis

2216 2563 2458 2618 edidisse
2484 2562 2858 2630 conditiones,
2892 2561 3040 2615 inter
3076 2576 3214 2632 quas
3254 2576 3427 2615 unam
3471 2560 3722 2615 validam
3760 2578 3853 2616 co-

2216 2662 2379 2710 natus
2407 2660 2493 2709 est
2518 2654 2866 2726 relegatione
2896 2653 3308 2725 constringere,
3335 2653 3616 2723 deputans
3643 2657 3701 2707 et
3725 2655 3850 2709 illa-

2214 2749 2394 2803 tiones
2432 2748 2795 2815 tributorum,
2839 2750 2894 2801 et
2928 2746 3108 2817 pretia
3146 2747 3378 2817 frugum
3417 2746 3629 2817 absque
3656 2747 3849 2819 aliqua

2214 2840 2591 2895 diminutione
2605 2856 2795 2894 annua
2805 2855 2939 2894 voce
2950 2838 3298 2910 pauperibus
3312 2855 3572 2909 erogare,
3588 2839 3848 2911 nihilque

2213 2950 2336 2989 esse
2364 2934 2576 3004 absque
2604 2932 3015 2987 deliberatione
3041 2930 3322 2999 relictum,
3352 2932 3501 3003 quod
3526 2931 3726 2986 usibus
3752 2934 3850 2987 Ec-

2213 3027 2397 3082 clesia
2443 3029 2635 3098 posset
2672 3026 2915 3097 quadam
2955 3024 3296 3079 liberalitate
3341 3025 3750 3080 servire.Tunc
3780 3042 3847 3081 ex

2212 3136 2345 3175 voce
2371 3119 2547 3191 patris
2573 3119 2897 3174 Dunilensis
2934 3118 3213 3186 Ecclesia,
3238 3122 3552 3173 astructum
3583 3122 3669 3173 est
3692 3119 3848 3190 quod

2215 3214 2503 3269 universas
2531 3213 2747 3284 species
2773 3212 2996 3284 generis
3026 3216 3081 3267 et
3101 3211 3372 3285 corporis,
3400 3228 3591 3266 rerum
3620 3228 3751 3283 qua
3784 3213 3845 3267 in

2211 3307 2465 3379 ejusdem
2491 3306 2753 3361 Ecclesia
2778 3306 2948 3362 domo
2966 3304 3305 3360 intrinsecus
3322 3304 3394 3359 ad
3418 3322 3549 3359 usus
3577 3305 3846 3360 domesti-

2211 3418 2303 3456 cos
2332 3406 2388 3456 et
2406 3406 2668 3471 tempore
2699 3416 2816 3455 sua
2847 3398 3218 3454 ordinationis
3247 3398 3403 3453 idem
3433 3398 3736 3470 episcopus
3754 3400 3847 3455 Ri-

2211 3494 2441 3549 cimirus
2471 3493 2709 3561 invenit,
2740 3497 2796 3547 et
2823 3509 2951 3564 qua
2981 3492 3100 3563 ipse
3128 3496 3227 3546 aut
3250 3492 3319 3547 de
3355 3508 3525 3563 opere
3550 3493 3846 3565 utriusque

2211 3604 2378 3642 sexus
2401 3586 2682 3642 artificum
2719 3585 3072 3640 familiarum
3124 3585 3380 3640 Ecclesia
3417 3585 3605 3656 potuit
3633 3585 3845 3641 habere

2210 3682 2469 3736 confecta
2508 3683 2679 3750 atque
2715 3679 2890 3748 illata,
2924 3683 3024 3733 aut
3053 3696 3181 3751 qua
3212 3694 3309 3732 sua
3356 3678 3711 3749 professione
3741 3680 3839 3734 ha-

2209 3773 2396 3830 buisse
2422 3772 2572 3827 visus
2612 3778 2696 3827 est
2720 3771 3060 3844 conquisita,
3088 3772 3284 3826 omnia
3311 3770 3566 3827 moriens
3607 3772 3843 3842 jussisse

2210 3867 2556 3939 pauperibus
2598 3881 2856 3937 erogare.
2907 3865 3182 3929 Quadam
3225 3881 3359 3919 vero
3403 3864 3478 3919 ita
3517 3864 3615 3919 vili
3661 3866 3843 3936 pretio

2210 3960 2461 4015 vendere
2489 3959 2780 4015 ordinasse
2804 3962 2871 4013 ut
2898 3958 3212 4029 negotiatio
3255 3958 3462 4030 harum
3492 3974 3689 4013 rerum
3721 3976 3846 4030 per-

2210 3974 2461 4015 venaere
2489 3974 2780 4015 ordinasse
2804 3974 2871 4013 ut
2898 3974 3212 4029 negouauo
3255 3974 3400 4012 naru
3492 3974 3689 4013 rerum
3721 3976 3846 4030 per-

2210 4053 2347 4108 ditio
2371 4052 2561 4125 potius
2584 4068 2759 4123 quam
2779 4050 3052 4107 mercatio
3072 3974 3691 4148 censereturTEdidisse
3711 4069 3848 4124 quo-

2210 4163 2323 4219 que
2349 4146 2628 4218 quosdam
2664 4144 2869 4200 liberos
2914 4161 2983 4199 ex
3015 4144 3269 4216 ejusdem
3296 4144 3557 4199 Ecclesia
3590 4144 3841 4213 familiis,

2208 4239 2415 4311 quibus
2441 4239 2615 4293 etiam
2642 4254 2774 4293 cum
2795 4237 2918 4291 aliis
2948 4237 3020 4292 ad
3045 4254 3103 4293 se
3132 4237 3548 4308 pertinentibus
3576 4238 3843 4293 omnibus

2207 4332 2450 4403 amplius
2463 4347 2636 4402 quam
2648 4330 3068 4403 quinquaginta
3079 4329 3358 4401 reperitur
3370 4329 3661 4402 utriusque
3673 4347 3842 4386 sexus

2210 4425 2429 4481 dedisse
2458 4423 2768 4495 mancipia;
2791 4423 2997 4495 quibus
3021 4423 3246 4478 damnis
3266 4423 3343 4477 ita
3362 4422 3616 4494 cognitis,
3636 4425 3772 4495 quia
3786 4428 3843 4480 et

480 4511 634 4565 enim
688 4512 899 4567 absolvi
946 4518 1129 4584 potest
1166 4515 1224 4568 in
1266 4515 1373 4582 his,
1414 4515 1456 4568 si
1494 4515 1555 4569 in
1588 4516 1801 4587 seipsos
1837 4516 2100 4585 dixerint,
2123 4525 2182 4597 D
2206 4522 2407 4572 cuncta
2450 4517 2709 4572 remedia
2746 4516 3085 4572 intrinsecus
3132 4517 3335 4572 domus
3374 4521 3494 4571 tam
3532 4516 3839 4574 indiscrete
3886 4584 3897 4587 _

476 4605 629 4674 quod
661 4605 874 4659 dictum
900 4605 959 4659 in
987 4606 1131 4662 alios
1149 4608 1470 4678 puniretur,
1493 4609 1768 4679 quoniam
1796 4609 1980 4663 omnis
2006 4609 2106 4680 qui

476 4697 583 4751 sibi
610 4698 784 4753 fuerit
812 4699 1013 4754 mortis
1050 4716 1219 4755 causa
1246 4701 1426 4771 major
1468 4701 1752 4755 homicida
1792 4702 1883 4755 sit.
1920 4702 2106 4756 Multa

475 4790 709 4859 quidem
749 4796 805 4845 et
831 4792 959 4845 alia
987 4793 1289 4848 sententia
1319 4794 1450 4848 huic
1480 4798 1746 4865 poterant
1772 4794 1983 4848 innecti
2016 4794 2107 4849 de-

477 4885 651 4949 creto,
670 4901 796 4955 qua
823 4886 1159 4954 pradictum
1181 4887 1505 4942 Potamium
1524 4888 1857 4959 episcopum
1877 4887 2108 4942 severis-

475 4975 618 5028 sima
658 4977 993 5032 auctoritate
1040 4978 1287 5049 abjicere
1328 4980 1555 5051 jubent,
1592 4981 1691 5035 sed
1735 4997 1803 5034 ex
1839 4980 2107 5035 omnibus

476 5067 622 5121 hanc
653 5069 1025 5162 conspriptam
1052 5089 1264 5143 ponere
1293 5074 1634 5129 sententiam
1659 5073 1987 5140 maluimus,
2009 5090 2103 5143 ne,

476 5161 522 5213 si
554 5160 721 5215 totius
764 5160 1146 5220 damnationis
1193 5167 1372 5222 edicta
1414 5168 1864 5238 replicassemus,
1896 5167 2108 5237 gravis-

474 5253 632 5307 sima
671 5255 901 5309 ultionis
945 5262 1200 5313 auctores
1230 5259 1466 5314 existere
1495 5259 1833 5314 videremur.
1874 5261 2105 5315 Factum

475 5346 767 5401 decretum
800 5350 903 5403 sub
930 5350 1023 5404 die
1053 5352 1435 5406 Kalendarum
1484 5352 1824 5422 Decembris,
1848 5369 2000 5408 anno
2019 5354 2101 5408 fe-

472 5438 656 5494 liciter
685 5444 883 5495 octavo
903 5443 1069 5513 regni
1101 5443 1494 5513 gloriosissimi
1522 5445 1745 5500 Domini
1770 5446 2102 5501 Reccesiun-

472 5531 556 5585 thi
580 5533 751 5604 regis.
779 5535 1088 5606 Engenius,
1116 5535 1386 5606 indignus
1411 5538 1697 5593 Toletana
1725 5538 1875 5594 sedis
1901 5544 2107 5594 metro-

473 5624 761 5693 politanus
813 5627 1132 5697 episcopus,
1172 5627 1279 5682 hoc
1326 5628 1524 5698 judicii
1574 5631 1754 5686 nostri
1812 5631 2105 5687 decretum

474 5714 802 5788 subscripsi.
838 5717 1113 5774 Similiter
1137 5723 1195 5774 et
1232 5721 1321 5775 alii
1356 5721 1604 5799 episcopi
1651 5725 2106 5796 subscripserunt

475 5819 715 5862 numero
746 5813 829 5864 l7.

2207 4611 2411 4682 largita
2451 4611 2698 4679 fuerant,
2726 4626 2799 4665 ne
2842 4609 2998 4681 quod
3038 4610 3107 4664 ad
3155 4609 3541 4681 integritatem
3579 4611 3840 4666 Ecclesia

2206 4699 2489 4771 reliquum
2543 4704 2885 4770 superesset,
2937 4714 3066 4751 cum
3112 4698 3267 4752 nulla
3319 4698 3627 4754 imminens
3672 4716 3841 4754 causa

2206 4809 2525 4865 pauperum
2551 4791 2899 4848 necessitatis
2930 4791 3215 4858 existeret,
3245 4808 3371 4862 qua
3398 4793 3507 4846 hoc
3533 4795 3653 4847 tam
3704 4793 3843 4849 inte-

2208 4903 2307 4958 gre
2327 4892 2382 4940 et
2406 4886 2653 4957 perfecte
2672 4885 3020 4939 examussim
3049 4900 3283 4956 erogare
3304 4886 3653 4956 deposceret,
3670 4891 3840 4959 atque

2206 4997 2309 5051 pro
2338 4979 2556 5034 libertis
2584 4979 2693 5033 illis
2717 4978 2861 5033 nihil
2886 4978 3202 5033 secundum
3229 4978 3566 5033 canonicam
3594 4980 3838 5034 sanctio-

2208 5089 2341 5127 nem
2374 5072 2574 5126 datum
2616 5072 2676 5126 in
2720 5071 3182 5126 communionem
3224 5074 3558 5142 patesceret,
3598 5072 3700 5127 sed
3735 5089 3839 5127 nec

2205 5182 2309 5237 pro
2333 5164 2638 5235 mancipiis
2667 5167 2725 5218 et
2748 5164 2981 5235 reliquis
3006 5164 3176 5219 rebus
3202 5163 3417 5218 eisdem
3438 5163 3654 5219 libertis
3674 5165 3838 5220 colla-

2205 5259 2276 5313 tis
2298 5257 2512 5330 aliquid
2543 5258 2600 5312 in
2638 5258 3095 5328 repensationem
3125 5256 3371 5313 ecclesia
3399 5257 3659 5313 relictum
3678 5263 3837 5314 note-

2206 5356 2405 5419 sceret,
2425 5368 2623 5405 verum
2651 5354 2707 5405 et
2732 5367 2897 5405 suam
2927 5366 3049 5405 rem
3077 5350 3155 5404 ita
3180 5350 3239 5404 in
3265 5350 3495 5406 nomine
3520 5367 3838 5423 pauperum

2204 5446 2534 5515 relegasset,
2567 5461 2641 5498 ne
2667 5443 2884 5515 aliquid
2908 5443 3149 5498 remedii
3179 5460 3248 5498 ex
3279 5444 3384 5499 hoc
3431 5443 3838 5500 ecclesiasticus

2205 5556 2338 5593 usus
2372 5538 2704 5610 attingeret,
2753 5536 2908 5592 ducti
2956 5553 3153 5592 sumus
3194 5539 3314 5592 tam
3353 5537 3587 5593 rationis
3628 5536 3837 5593 intuitu

2205 5648 2380 5703 quam
2404 5634 2779 5703 paternarum
2812 5630 3173 5686 sanctionum
3221 5630 3389 5699 dicto,
3437 5630 3614 5703 ipsius
3661 5635 3832 5686 testa-

2204 5725 2384 5779 menti
2410 5724 2636 5792 seriem,
2668 5725 2775 5779 etsi
2804 5741 2922 5779 non
2950 5740 3354 5797 usquequaque
3396 5724 3457 5780 in
3486 5723 3712 5780 irritum
3744 5724 3834 5779 de.

2207 5834 2428 5889 vocare,
2475 5818 2533 5871 in
2579 5818 2833 5890 quodam
2888 5821 3077 5875 tamen
3124 5818 3451 5875 rationabili
3502 5818 3831 5875 auctoritate
