4032 6296
157 270 255 368 δθὶι

1384 313 1856 372 DECRETALIUM
1894 317 2279 375 COLLECTIO.

3405 316 3507 375 534

148 423 607 491 temperamento
632 421 932 490 deducere,
959 422 1649 495 scilicet,quiatantor1un
1671 425 1781 480 dis-
1801 439 1861 511 Α
1882 425 2236 497 disponenda
2263 426 2660 498 relinquimus,
2690 430 2755 482 ut
2793 428 2927 498 quia
2956 428 3076 483 haec
3107 428 3340 483 evidens
3368 430 3505 483 ordo

152 517 495 588 pendiorum
524 518 745 573 damnis
770 535 802 573 a
846 523 1161 574 memorato
1208 520 1476 576 Ricimiro
1520 522 1783 594 episcOpo

151 612 337 678 factis,
355 628 445 666 res
466 612 869 667 ecclesiasticas
898 613 1248 684 dignoscitur
1268 615 1577 684 subjacere,
1595 618 1781 670 omnis

150 721 241 758 res
258 705 385 775 ejus
396 722 566 777 quam
579 705 963 776 indelegatam
979 706 1209 777 reliquit
1229 724 1547 778 pauperum
1563 710 1780 764 nomini

147 799 351 852 tandiu
377 799 671 853 Dunilensi
700 800 957 855 Ecclesiae
1002 801 1169 870 plena
1196 802 1477 856 deserviat
1510 803 1779 857 facultate

149 892 334 947 donec
352 908 526 946 omne
552 893 658 947 hoc
679 893 957 948 damnum
978 894 1129 964 quod
1148 894 1205 948 in
1224 894 1557 950 utensilibus
1580 896 1781 951 domus

145 985 435 1050 sustinuit,
468 987 645 1041 valeat
694 986 1012 1040 evidentius
1056 986 1329 1057 reparari.
1360 989 1432 1041 At
1458 992 1591 1042 tunc
1620 1005 1777 1043 com-

148 1077 198 1150 1
214 1077 349 1151 30
382 1079 537 1149 pleta
561 1079 913 1133 restitutione
936 1080 1133 1134 damni
1159 1080 1487 1135 observetur
1513 1081 1654 1136 sicut
1679 1082 1777 1136 de-

145 1178 302 1226 creta
328 1175 414 1225 est
433 1171 603 1226 series
632 1173 976 1239 testamenti,
1010 1172 1197 1227 liberti
1227 1189 1361 1226 vero
1394 1175 1489 1244 qui
1518 1191 1582 1227 ex
1609 1174 1777 1228 fami-

145 1265 236 1318 liis
262 1264 516 1319 ecclesiaa
541 1264 671 1319 facti
700 1270 850 1334 sunt,
874 1270 928 1319 et
956 1282 1054 1319 seu
1082 1282 1170 1320 res
1202 1270 1259 1320 et
1290 1267 1551 1321 universa
1570 1284 1698 1338 qute
1717 1268 1778 1321 in

143 1358 448 1428 mancipiis
474 1358 713 1429 aliisque
748 1358 1099 1429 corporibus,
1130 1360 1216 1413 vel
1250 1360 1379 1427 illis,
1409 1360 1495 1414 vel
1528 1360 1645 1414 suis
1675 1361 1777 1415 ho-

141 1451 401 1506 minibus
455 1452 660 1506 collata
687 1468 809 1505 esse
846 1452 1281 1523 dignoscuntur,
1314 1456 1518 1507 cuncta
1560 1453 1619 1507 in
1663 1453 1774 1508 dis-

142 1544 398 1599 cretione
426 1541 762 1599 venerabilis
788 1544 981 1599 fratris
1006 1545 1187 1599 nostri
1219 1546 1506 1600 Fructuosi
1529 1546 1778 1618 episcopi

1881 520 2115 573 Patrum
2160 520 2216 573 in
2254 520 2478 574 irritum
2512 520 2769 587 devocat,
2799 520 2949 575 illius
2988 525 3506 595 temperamentum

1882 613 2004 666 haec
2025 613 2099 666 ad
2126 612 2556 668 miserationem
2576 614 2840 682 adducat,
2859 615 3103 686 qualiter
3126 631 3229 670 nec
3249 616 3503 685 regulam

1881 710 2180 775 paternam
2223 707 2423 761 modus
2452 708 2685 763 excedat
2709 713 2765 763 et
2788 708 3212 763 miserationem
3237 707 3507 763 severitas

1883 798 2229 869 exstinguat,
2262 805 2325 854 ut
2359 802 2670 856 secundum
2712 802 2914 856 merita
2957 801 3324 856 servientium
3352 806 3409 857 et
3433 800 3503 855 li-

1880 892 2116 946 bertatis
2141 894 2376 963 praemia
2403 896 2460 947 et
2486 910 2701 964 rerum,
2724 896 2812 949 vel
2830 895 3126 950 subtrahat
3143 895 3394 961 donaria,
3417 896 3501 948 vel

1880 984 2170 1039 concedat.
2227 986 2455 1041 Editum
2479 987 2583 1041 sub
2613 988 2701 1041 die
2730 989 3112 1042 Kalendarum
3159 988 3501 1053 Decembris,

1877 1094 2029 1132 anno
2051 1077 2287 1131 feliciter
2313 1079 2552 1149 septimo
2582 1081 2747 1151 regni
2768 1080 3155 1151 gloriosissimi
3176 1079 3391 1135 domini
3409 1097 3505 1135 no-

1878 1171 1981 1224 stri
2030 1171 2427 1225 Rccccsiunthi
2473 1173 2646 1242 regis.
2696 1174 2997 1243 Eugenius,
3027 1173 3297 1245 indignus
3342 1174 3501 1228 Tole-

1877 1268 2024 1318 tanae
2052 1263 2201 1317 sedis
2227 1265 2699 1335 mctropolitanus
2727 1266 3041 1337 episcopus,
3067 1267 3172 1321 hoc
3183 1266 3387 1337 judicii
3407 1283 3505 1321 no-

1879 1357 1981 1411 stri
2023 1357 2312 1411 decretum
2353 1357 2681 1429 subscripsi.
2728 1358 3001 1414 Similiter
3038 1364 3096 1414 et
3121 1359 3216 1414 alii
3253 1359 3499 1431 episcopi

1879 1437 2335 1521 subscripserunt
2362 1467 2604 1506 numero
2636 1451 2853 1508 decem.

785 1821 1180 1887 INCIPIUNT
1222 1822 1616 1889 CAPITULA
1665 1821 1999 1888 CONCILII
2041 1822 2435 1889 TOLETANI
2481 1822 2879 1889 UNDECIMI.

221 1962 270 2012 t.
300 1958 379 2011 Ne
406 1957 656 2011 tumultu
687 1957 992 2013 concilium
1025 1958 1292 2028 agitetur.

215 2056 271 2107 2.
301 2052 426 2106 Non
456 2050 663 2105 debere
689 2052 1193 2123 metropolitanum
1222 2070 1254 2106 a
1285 2053 1775 2109 conﬁnitimorum

142 2145 517 2200 instructione
542 2160 778 2201 cessare.

214 2241 270 2292 3.
305 2239 373 2291 Ut
409 2237 469 2290 in
496 2253 610 2291 una
652 2236 945 2308 provincia
982 2237 1272 2293 diversitas
1304 2238 1627 2294 ofﬁciorum
1657 2257 1771 2295 non

142 2334 424 2385 teneatur.

213 2425 267 2478 4.
300 2424 379 2477 De
411 2421 693 2477 discordia
724 2423 1097 2477 sacerdotum.

213 2520 267 2571 5.
304 2517 383 2570 De
407 2515 833 2587 compescendis
860 2516 1181 2570 excessibus
1206 2518 1582 2573 sacerdotum.

213 2613 271 2665 6.
299 2610 421 2663 Non
457 2608 663 2662 debere
699 2608 1012 2663 sacerdotes
1054 2609 1305 2680 qualibet
1338 2610 1398 2664 in
1431 2611 1663 2665 ecclesia
1688 2612 1768 2665 fa-

139 2703 312 2757 miliis
339 2701 720 2756 truncationes
741 2702 1136 2756 membrorum
1165 2703 1373 2772 facere,
1406 2721 1511 2759 nec
1550 2703 1766 2776 aliquid

139 2795 301 2868 quod
325 2797 512 2850 morte
538 2794 907 2866 plectendum
935 2798 1018 2849 est
1035 2795 1316 2865 judicare.

210 2895 267 2943 7.
294 2890 430 2953 Qum
470 2887 673 2942 debeat
700 2887 965 2942 discretio
992 2888 1356 2943 ecclesiarum
1387 2906 1507 2944 esse
1535 2892 1761 2945 rectori-

136 2983 267 3050 bus,
291 2999 364 3035 ne
389 2996 489 3052 per
513 2980 860 3035 inconditam
886 2980 1240 3052 disciplinam
1268 2983 1510 3036 subeant
1530 2984 1768 3038 homici-

143 3077 223 3130 dii
253 3078 475 3131 notam.

209 3174 261 3226 8.
294 3169 376 3223 Ne
406 3166 718 3238 quidquam
760 3167 985 3238 praemit
1014 3184 1119 3239 pro
1160 3167 1362 3223 divinis
1405 3170 1771 3224 sacramentis

141 3263 475 3333 accipiatur.
498 3268 509 3277 ‘

208 3332 441 3419 9.70uid
469 3354 742 3410 custodiri
761 3354 964 3409 debeat
988 3354 1032 3407 si
1058 3370 1161 3425 per
1180 3355 1481 3425 praemium
1508 3356 1634 3426 quis
1656 3356 1770 3427 epi-
1790 3332 1845 3406 Ο
1920 3332 2029 3409 716.
2058 3357 2134 3410 De
2175 3354 2451 3410 relatione
2497 3355 2813 3426 gratiarum
2858 3372 2962 3426 pro
3006 3351 3461 3409 consummatiou

140 3466 342 3520 scopus
360 3446 477 3518 ﬁat,
491 3449 581 3502 vel
601 3464 711 3519 qua
725 3447 1009 3503 sententia
1030 3448 1266 3502 feriatur
1287 3449 1384 3519 qui
1404 3449 1473 3503 ad
1493 3448 1770 3503 honorem

136 3546 436 3613 acceptum
472 3557 575 3612 per
600 3541 903 3612 pecuniam
931 3540 1226 3595 ordinatus
1251 3541 1423 3595 fuisse
1462 3541 1765 3611 detegitur.

1793 1972 1850 2043 B
1949 1964 2034 2015 10.
2062 1961 2133 2015 Ut
2160 1976 2357 2015 omnes
2394 1962 2689 2031 pontifices
2736 1965 3099 2031 rectoresque
3142 1958 3504 2013 ecclesiarum

1873 2056 2132 2124 tempore
2153 2070 2265 2125 quo
2291 2053 2590 2108 ordinandi
2612 2057 2745 2107 sunt
2765 2052 2867 2107 sub
2888 2051 3148 2107 cautione
3173 2050 3502 2122 promittant

1873 2147 2026 2218 quod
2053 2147 2366 2217 justissime
2388 2146 2575 2201 vivere
2602 2146 2860 2201 debeant.

1950 2244 2033 2294 11.
2067 2240 2146 2294 De
2176 2239 2553 2295 elucidatione
2580 2239 2800 2311 antiqui
2830 2238 3061 2293 canonis
3088 2254 3200 2309 quo
3236 2236 3497 2308 praecipi-

1872 2336 1985 2399 tur,
2014 2335 2079 2385 ut
2118 2332 2167 2386 si
2195 2332 2321 2403 quis
2362 2337 2647 2404 acceptam
2687 2349 2720 2387 a
2760 2331 3046 2387 sacerdote
3093 2328 3499 2384 Eucharistiam

1872 2441 1990 2479 non
2016 2426 2341 2496 sumpserit,
2372 2427 2524 2480 velut
2552 2427 2859 2497 sacrilegus
2887 2424 3255 2495 propellatur.

1948 2521 2029 2572 t2.
2071 2519 2149 2572 Ne
2196 2519 2252 2571 in
2308 2519 2553 2573 confinio
2604 2519 2803 2573 mortis
2851 2517 3136 2588 paenitens
3172 2533 3205 2569 a
3247 2515 3495 2571 reconci-

1869 2609 2104 2664 liatione
2133 2610 2322 2665 divina
2352 2610 2744 2681 suspendatur,
2768 2614 2824 2665 et
2847 2614 2909 2664 ut
2935 2609 3145 2663 oblatio
3177 2607 3298 2678 ejus
3322 2608 3498 2678 pceni-

1870 2703 2039 2757 tentis
2068 2703 2165 2774 qui
2192 2719 2296 2757 nec
2323 2706 2517 2757 tamen
2546 2702 2942 2758 reconciliatus
2972 2703 3042 2756 de
3070 2702 3177 2755 hac
3206 2701 3319 2755 vita
3345 2701 3495 2755 exie-

1871 2796 1944 2850 rit
1967 2797 2037 2850 ab
2066 2796 2302 2850 ecclesia
2341 2799 2685 2867 receptetur.

1945 2893 2030 2944 13.
2060 2891 2136 2944 De
2160 2889 2547 2945 sacerdotibus
2571 2889 2670 2961 qui
2689 2888 2875 2943 vexati
2907 2888 3112 2942 cadere
3140 2886 3423 2942 videntur.

1944 2983 2027 3037 14.
2062 2983 2131 3038 Ut
2158 2983 2258 3055 qui
2285 2983 2527 3038 Domino
2558 2986 2775 3037 canunt
2810 2984 2981 3053 atque
3012 2980 3332 3036 sacriﬁcant
3372 2983 3499 3052 post

1873 3092 1930 3129 se
1959 3091 2185 3146 semper
2210 3075 2457 3131 habeant
2482 3074 2728 3131 aditoria
2756 3074 3079 3129 constituta.

1947 3172 2031 3222 15.
2065 3169 2144 3223 De
2167 3168 2522 3224 institutione
2553 3168 2689 3223 certi
2719 3166 2993 3238 temporis
3026 3183 3139 3238 quo
3188 3166 3495 3221 concilium

3465 3346 3655 3505 Ἀ

1872 3266 2094 3333 agatur.

1872 3447 2116 3502 concilii.

503 3806 919 3898 INCIPIT
996 3807 1608 3899 CONCILIUM
1682 3805 2367 3898 TOLETANUM
2439 3805 3134 3912 UNDECIMUM,

607 3989 926 4053 Habitum
951 4007 1087 4054 avra
1115 4009 1367 4066 nccxm,
1397 4010 1570 4054 anno
1604 3997 1677 4054 13
1710 3990 2093 4054 Wamebam’
2119 3990 2315 4071 regis,
2347 4008 2413 4052 v1
2448 3988 2605 4052 Idus
2633 3987 3038 4055 Novembris.

209 4153 271 4204 In
320 4149 560 4204 nomine
602 4155 811 4205 sancta:
857 4151 1165 4219 Trinitatis,
1194 4153 1445 4207 collectis
1487 4154 1546 4208 in
1587 4171 1766 4207 unum
1867 4154 2007 4206 citer
2028 4153 2217 4207 sensui
2238 4152 2430 4206 volens
2450 4151 2753 4216 inhaerere,
2772 4165 2948 4204 sacras
2964 4149 3265 4220 Scriptura;
3286 4149 3498 4221 purita-

136 4242 679 4314 Carthaginensium
697 4244 1000 4314 provinciae
1022 4245 1767 4302 sacerdotibusinToletana
1866 4251 1981 4299 tem
2025 4262 2141 4298 suae
2179 4244 2465 4314 pravitatis
2494 4242 2875 4313 intelligentia
2908 4242 3187 4312 profanat.
3220 4244 3502 4297 Praeterea

141 4337 300 4403 urbe,
328 4336 392 4390 in
419 4336 602 4391 beatae
629 4338 827 4391 matris
858 4338 1082 4392 Domini
1108 4339 1295 4393 Mariae
1324 4339 1573 4410 Virginis
1609 4339 1764 4406 sede,

140 4445 292 4484 anno
338 4434 542 4499 quarto
584 4430 1044 4483 excellentissimi
1087 4447 1151 4483 ac
1196 4431 1443 4501 religiosi
1474 4431 1768 4485 Wambani

1869 4342 2283 4391 sacrosanctam
2314 4336 2615 4391 Ecclesiam
2649 4336 2748 4389 Dei
2780 4336 3082 4389 vulnerant
3110 4334 3282 4388 etiam
3314 4341 3499 4389 custo-

1869 4430 1966 4483 des
1988 4430 2131 4499 ejus,
2150 4429 2248 4499 qui
2268 4445 2398 4483 cum
2418 4428 2696 4482 deberent
2709 4427 2780 4481 ob
2795 4427 3088 4497 dignitatis
3105 4427 3498 4481 excellentiam

141 4521 435 4592 principis,
466 4521 569 4576 sub
598 4522 689 4576 die
716 4522 960 4593 septimo
996 4523 1121 4577 ldus
1149 4524 1502 4577 Novembris.
1533 4525 1642 4577 Res
1672 4541 1766 4577 vo-

1882 4530 2104 4580 :azteros
2139 4542 2244 4597 per
2272 4543 2387 4580 sua:
2412 4524 2638 4579 virtutis
2666 4523 3046 4578 imitationem
3087 4538 3389 4593 provocare
3429 4522 3500 4577 ad

144 4614 252 4670 tiva
280 4614 494 4685 gaudii,
515 4618 572 4668 et
601 4615 719 4669 dies
750 4615 992 4670 nimium
1020 4620 1229 4685 optatae
1254 4616 1653 4687 gratulationis
1684 4634 1770 4671 oc-

143 4708 339 4774 currit,
370 4708 429 4761 in
456 4724 568 4779 quo
595 4708 758 4762 nobis
786 4708 984 4762 datum
1016 4714 1099 4764 est
1128 4709 1447 4779 conspicere
1476 4710 1687 4779 pariter
1714 4713 1772 4763 et

145 4800 353 4855 deﬂere
382 4800 522 4871 quid
545 4801 927 4871 lacrymarum
975 4802 1044 4857 de
1072 4801 1371 4873 praeteritis
1404 4802 1642 4855 Domino
1668 4802 1767 4856 de-

143 4893 411 4962 beamus;
447 4910 676 4948 eramus
702 4895 857 4950 enim
882 4896 1181 4966 hucusque
1211 4894 1556 4965 prolabentis
1583 4896 1770 4949 seaculi

147 4986 462 5041 colluvione
500 4986 811 5054 instabiles,
840 4989 974 5059 quia
1000 5006 1217 5043 annosa
1246 4987 1419 5042 series
1443 4991 1768 5058 temporum

144 5080 433 5135 subtracta
462 5079 584 5134 luce
609 5080 980 5136 conciliorum
1014 5098 1128 5135 non
1160 5084 1279 5135 tam
1305 5081 1443 5135 vitia
1478 5081 1773 5136 auferebat

145 5188 317 5242 quam
344 5177 586 5226 matrem
604 5173 869 5227 omnium
889 5190 1150 5228 errorum
1177 5173 1557 5244 ignorantiam
1580 5174 1772 5228 otiosis

144 5265 429 5320 mentibus
463 5265 780 5337 ingerebat.
834 5267 1116 5321 Hactenus
1143 5266 1299 5321 enim
1328 5267 1630 5321 ﬂorentem
1661 5269 1767 5322 Do-

144 5358 283 5413 mini
308 5358 539 5413 vineam
584 5358 1016 5414 devastaverunt
1056 5359 1179 5430 apri
1217 5359 1564 5427 frendentes,
1596 5377 1767 5430 spon-

143 5468 259 5506 sam
291 5450 521 5517 Christi,
553 5467 723 5523 quam
757 5452 844 5506 sui
872 5452 1269 5523 pretiosissimi
1303 5452 1600 5522 sanguinis
1629 5453 1770 5507 etfu-

142 5545 298 5600 sione
324 5544 671 5614 conciliavit,
700 5561 1073 5616 conspurcare
1100 5548 1159 5599 et
1186 5544 1437 5616 polluere
1467 5552 1662 5600 conata
1689 5548 1773 5601 est

143 5637 547 5693 haereticorum
587 5637 824 5692 subdola
871 5637 1234 5703 machinatio,
1276 5642 1332 5692 et
1378 5637 1772 5693 inconsutilem

144 5731 366 5786 Domini
416 5733 628 5785 vestem
675 5731 947 5796 dividere,
995 5731 1268 5786 unitatem
1316 5729 1447 5785 ﬁdei
1492 5730 1769 5797 scindere,

144 5823 434 5880 charitatis
459 5824 661 5882 tollere
692 5825 966 5892 fomenta,
989 5840 1120 5879 cum
1146 5840 1249 5878 suo
1276 5823 1507 5893 proprio
1531 5822 1773 5893 pertina-

1870 4618 2157 4673 charitatis
2216 4623 2273 4674 et
2331 4617 2561 4672 unitatis
2610 4616 3044 4683 observantiam,
3097 4619 3364 4685 tanquam
3416 4616 3500 4669 sal

1871 4711 2234 4779 infatuatum,
2260 4711 2446 4781 potius
2472 4709 2725 4764 scandali
2754 4725 2925 4780 quam
2957 4706 3342 4763 aedificationis
3361 4707 3498 4763 dant

1869 4804 2186 4859 materiam.
2229 4804 2367 4858 Ilinc
2402 4803 2766 4858 cernentibus
2814 4801 3100 4873 quomodo
3157 4800 3494 4855 Babilonios:

1870 4897 2221 4952 confusionis
2261 4898 2370 4952 olla
2409 4913 2695 4964 succensa,
2724 4912 2876 4950 nunc
2919 4901 3175 4965 tempora
3213 4896 3496 4949 averteret

1869 4991 2259 5057 conciliorum,
2301 5007 2453 5045 nunc
2493 4990 2814 5045 sacerdotes
2861 4986 3083 5043 Domini
3130 4986 3199 5041 de
3237 4966 3541 5051 resolutis‘;

1870 5084 2127 5138 moribus
2173 5084 2439 5152 irretiret,
2472 5088 2799 5154 purpurata:
2848 5081 3004 5135 enim
3051 5079 3365 5135 meretricis
3409 5096 3494 5134 se-
3535 5078 3545 5093 ⁴

1870 5177 2195 5247 quebantur
2220 5177 2608 5244 incitamenta,
2638 5174 2773 5245 quia
2796 5172 3157 5228 ecclesiastici
3187 5176 3500 5228 conventus

1870 5286 1985 5323 non
2010 5270 2206 5324 aderat
2231 5269 2547 5340 disciplina,
2577 5283 2682 5321 nec
2715 5271 2836 5321 erat
2861 5266 2962 5337 qui
2986 5265 3299 5321 errantium
3321 5265 3496 5321 corri-

1872 5367 2035 5432 geret
2062 5368 2271 5433 partes,
2300 5377 2430 5415 cum
2461 5376 2649 5415 sermo
2678 5359 2900 5414 divinus
2930 5360 3237 5414 haberetur
3268 5374 3490 5414 exosus.

1870 5456 1938 5509 Et
1959 5454 2093 5524 quia
2120 5471 2233 5508 non
2266 5457 2390 5508 erat
2407 5453 2839 5507 adunandorum
2869 5452 3204 5523 pontificum
3224 5452 3336 5506 ulla
3357 5466 3501 5523 prte-

1871 5547 2074 5616 ceptio,
2126 5547 2413 5601 crescebat
2467 5546 2737 5600 immanis
2783 5546 2898 5600 vita
2948 5546 3318 5610 deteriorum,
3365 5558 3496 5596 cum

1870 5639 2098 5693 tandem
2131 5656 2235 5693 nos
2277 5639 2471 5694 divina
2498 5639 2805 5694 clementia
2834 5639 3024 5710 operis
3054 5652 3325 5692 manuum
3364 5649 3494 5687 sua-

1870 5749 2001 5787 rum
2026 5732 2333 5802 perditioni
2354 5732 2682 5798 condolens,
2707 5748 2879 5803 prava
2906 5732 3181 5786 indirccta
3198 5727 3492 5791 reducens,

1871 5842 2040 5881 suum
2068 5829 2326 5882 sanctum
2348 5826 2599 5884 Sabaoth
2625 5825 2784 5882 novis
2811 5822 3220 5896 propaginibus
3239 5834 3305 5874 ac
3334 5817 3495 5892 plan-
