4032 6308
567 338 667 391 533

1446 339 1728 395 APPEND.
1769 337 1857 393 AD
1894 337 2056 391 SIEC.
2100 335 2185 389 IX.
2217 363 2285 397 1-—
2326 332 2574 389 lSlDORJ
2611 332 3037 390 MERCATORIS

3828 338 3926 392 536

564 443 637 497 tis
678 443 913 499 novellis
951 443 1192 500 fundare
1231 446 1436 514 volens,
1469 444 1836 517 negligentie
1878 444 2194 515 subrogans
2214 453 2275 527 Α
2295 441 2628 496 excitatione
2670 441 2855 511 magis
2886 441 2961 496 ad
2985 440 3435 512 intelligendum
3458 441 3769 498 verborum
3800 443 3927 498 red-

568 535 936 606 diligentiam,
971 554 1072 607 pro
1104 537 1426 608 ignorantia
1463 538 1819 610 disciplinam
1858 536 2192 603 immittens,

567 644 672 700 pro
699 629 954 685 socordia
986 630 1291 701 solertiam,
1321 647 1423 702 pro
1462 632 1766 686 schismate
1797 630 2076 686 unitatem
2106 628 2192 683 in-

569 722 800 789 ducens,
829 739 935 794 pro
974 723 1183 778 zizania
1225 741 1373 779 veras
1410 725 1565 797 pacis
1594 724 1885 779 vinculum
1927 723 2192 794 largiens,

567 831 673 885 pro
700 815 927 869 caducis
957 817 1265 872 caelestium
1293 818 1572 874 desideria
1600 818 1925 884 infundens,
1953 833 2056 887 pro
2082 818 2198 870 tur-

566 907 733 979 pibus
760 908 997 968 honesta
1039 911 1242 965 sectari
1286 912 1603 980 stimulans,
1636 929 1669 965 a
1694 911 1932 967 terrenis
1963 913 2019 964 et
2065 908 2192 964 inﬂ-

568 1000 679 1055 mis
702 1001 772 1055 ad
814 1002 1076 1057 sublimia
1125 1004 1375 1075 erigens,
1411 1022 1513 1060 nos
1550 1005 1610 1059 in
1658 1005 1763 1059 hac
1810 1004 2195 1075 lacrymarum

566 1095 707 1148 valle
737 1096 924 1166 potius
969 1096 1276 1153 morientes
1313 1115 1485 1169 quam
1516 1100 1788 1165 viventes,
1820 1097 1875 1151 in
1911 1098 2017 1151 hoc
2042 1100 2195 1151 vasto

564 1188 951 1258 periculorum
994 1190 1141 1243 mari
1166 1196 1442 1261 vagantes
1475 1191 1596 1245 sine
1621 1191 1862 1261 remige,
1894 1191 2012 1245 sine
2043 1191 2197 1245 clavo

566 1280 678 1336 huc
704 1282 949 1353 illucque
975 1282 1377 1355 tempestatum
1408 1284 1669 1338 fluctibus
1699 1300 1800 1354 per
1820 1284 2059 1354 abrupta
2085 1285 2195 1338 col-

566 1373 721 1443 lisos,
755 1374 816 1428 in
857 1375 1129 1430 continua
1172 1378 1458 1431 malorum
1506 1377 1625 1431 acie
1660 1376 2066 1448 'contligentes,
2099 1376 2197 1431 ubi

568 1484 669 1521 nos
718 1467 1085 1524 circumstant
1136 1469 1290 1523 mille
1341 1470 1690 1537 discrimina,
1737 1470 1838 1525 ubi
1885 1469 2193 1525 versutissi-

565 1577 693 1615 mus
718 1560 1018 1615 insidiatur
1046 1562 1220 1617 hostis
1249 1563 1407 1618 mille
1447 1563 1694 1618 nocendi
1724 1562 1939 1618 artibus
1983 1564 2194 1617 instru-

569 1659 708 1720 ctus,
743 1670 811 1708 ex
840 1655 950 1708 alto
975 1655 1095 1709 caeli
1126 1656 1411 1711 domicilio
1442 1657 1748 1728 respiciens
1769 1657 2063 1728 asperitati
2091 1672 2195 1711 no-

570 1750 700 1801 straz
741 1763 798 1800 se
846 1764 1208 1802 occursuram
1258 1750 1505 1819 prmbuit
1552 1753 1608 1804 et
1647 1750 1837 1832 saluti,
1866 1765 2197 1821 praeparans

2296 536 2457 590 deret
2480 535 2717 607 simplex
2743 534 2966 590 collatio
2993 551 3168 610 quam
3194 536 3372 590 relata
3399 536 3699 592 condensae
3734 536 3924 592 lectio-

2296 628 2385 682 nis
2419 629 2739 697 instructio,
2771 628 2906 699 quia
2936 631 2993 683 et
3035 644 3233 684 revera
3260 631 3436 684 tantae
3462 629 3549 684 rei
3589 630 3927 701 mysterium

2293 721 2373 776 ita
2399 722 2714 777 sacerdotes
2742 721 2839 776 Dei
2867 721 3132 777 convenit
3172 738 3353 790 nosse,
3387 727 3448 776 ut
3483 739 3602 777 non
3629 723 3928 794 superﬁcie

2294 815 2601 869 verborum
2629 814 2936 870 efferantur
2959 815 3254 886 incogniti,
3286 815 3387 871 sed
3410 831 3546 871 sane
3571 831 3743 871 sensu
3766 816 3931 871 intel-

2293 910 2547 981 ligentiae
2576 911 2933 982 reperiantur
2948 910 3228 981 instructi,
3255 913 3323 966 ut
3348 910 3407 965 in
3432 911 3765 966 disserendo
3792 929 3931 983 pra:-

2296 1004 2461 1075 cipue
2487 1004 2657 1075 hujus
2686 1008 2893 1059 sanctae
2924 1003 3212 1059 Trinitatis
3243 1020 3453 1058 arcana
3486 1004 3615 1075 plus
3644 1004 3929 1060 evidentia

2297 1112 2473 1169 quam
2504 1096 2825 1169 eloquentia
2858 1113 2955 1151 eos
2988 1096 3196 1151 efﬁciat
3221 1100 3524 1168 saporatos.
3562 1096 3654 1152 Sic
3684 1097 3843 1152 enim
3873 1102 3929 1152 et

2299 1190 2473 1245 divini
2501 1190 2758 1245 muneris
2785 1190 2935 1245 dono
2983 1190 3207 1245 attracti
3243 1194 3395 1257 sunt,
3422 1195 3485 1245 ut
3522 1190 3681 1260 justa
3723 1190 3926 1246 deﬁni-

2297 1282 2465 1338 tionis
2522 1283 2753 1338 alternee
2802 1283 3104 1354 promissio
3152 1285 3574 1338 monstraretur
3623 1283 3685 1337 in
3731 1300 3924 1355 opere.
3994 1272 4001 1283 ’

2297 1376 2457 1431 Unde
2486 1377 2637 1448 quod
2663 1376 2849 1447 primo
2878 1376 2970 1432 die
3001 1376 3358 1447 praesidentis
3382 1376 3809 1448 metropolitani
3826 1378 3929 1431 lin-

2298 1486 2409 1542 gua
2429 1470 2706 1541 profudit,
2727 1470 2818 1525 die
2840 1471 3009 1525 tertia
3029 1469 3288 1525 omnium
3308 1474 3571 1525 nostrum
3595 1486 3705 1525 vox
3725 1470 3929 1542 sigilla-

2298 1563 2403 1618 tim
2436 1562 2692 1618 collative
2733 1563 2983 1634 repetiit.
3014 1564 3120 1618 Iste
3152 1578 3290 1633 ergo
3333 1567 3500 1618 tenor
3540 1562 3675 1618 ﬁdei
3717 1568 3925 1618 nostrae

2297 1656 2393 1728 qui
2423 1661 2481 1711 et
2505 1672 2540 1711 a
2569 1656 2750 1727 capite
2779 1656 3004 1727 copiose
3031 1656 3320 1728 proﬂuxit,
3351 1660 3407 1711 et
3431 1673 3466 1711 a
3496 1655 3768 1711 membris
3796 1672 3925 1728 pro-

2296 1749 2462 1804 batus
2489 1749 2727 1819 gloriose
2758 1749 3009 1804 emicuit.

571 1839 781 1893 nostris
808 1841 1026 1895 saeculis
1052 1841 1304 1913 religiosi
1328 1842 1600 1914 principis
1630 1822 1885 1898 mentem
1930 1822 2273 1898 devotamB
2367 1842 2723 1897 Conﬁtemur
2750 1847 2806 1896 et
2849 1841 3130 1897 credimus
3171 1844 3424 1896 sanctam
3469 1847 3638 1914 atque
3673 1842 3931 1898 ineffabi-

568 1932 785 2003 pariter
814 1946 870 1989 et
897 1934 1254 1989 instructam.
1295 1936 1465 2006 Cujus
1507 1937 1757 2006 providm
1805 1935 2198 1991 sollicitudinis

568 2030 718 2093 voto,
758 2029 813 2082 et
856 2028 953 2081 lux
999 2028 1366 2083 conciliorum
1413 2034 1677 2085 renovata
1730 2028 2106 2100 resplenduit,
2144 2032 2201 2084 et

568 2119 785 2173 alterna
810 2120 1049 2175 Charitas
1068 2138 1126 2175 se
1144 2126 1341 2176 mutuo
1359 2121 1419 2176 in
1437 2121 1787 2192 corrigendis
1812 2122 1899 2177 vel
1917 2121 2199 2177 instruen-

572 2210 658 2265 dis
689 2212 944 2267 moribus
970 2213 1250 2285 excitavit,
1274 2215 1411 2269 dum
1432 2218 1489 2268 et
1516 2215 1870 2286 aggregandi
1889 2214 2052 2269 nobis
2072 2215 2200 2270 hor-

532 2370 537 2373 ,
566 2307 691 2359 tatu
714 2305 988 2377 principis
1019 2307 1251 2377 gloriosi
1272 2308 1509 2363 facultas
1529 2308 1657 2365 data
1677 2313 1780 2379 est,
1797 2311 1854 2363 et
1874 2310 2200 2381 opportuna

569 2398 918 2469 corrigendis
947 2406 1266 2472 praeparata
1293 2407 1348 2456 et
1373 2401 1671 2473 disciplina
1701 2404 1781 2471 ut,
1815 2402 1913 2473 qui
1951 2402 2201 2456 decursis

566 2491 742 2563 longe
784 2494 915 2546 ante
940 2494 1293 2565 temporibus
1332 2499 1459 2565 post
1489 2495 1685 2550 decem
1723 2497 1779 2549 et
1805 2500 1951 2563 octo,
1986 2495 2201 2549 scilicet

566 2583 886 2640 labentium
911 2602 1195 2641 annorum
1223 2604 1546 2655 excursum,
1578 2588 1637 2643 in
1665 2604 1846 2642 unum
1884 2587 2198 2643 meruimus

568 2680 871 2749 aggregari
895 2686 1259 2748 conventum,
1276 2681 1482 2736 mereri
1508 2681 1788 2752 possimus
1814 2681 2054 2753 spiritali
2075 2698 2199 2753 gra-

567 2770 647 2825 tia
676 2772 990 2842 sanitatem,
1022 2790 1126 2827 nec
1155 2774 1309 2828 enim
1354 2791 1632 2829 numerus
1669 2774 1775 2828 iste
1803 2774 2023 2828 alienus
2053 2780 2139 2829 est
2166 2791 2200 2828 a

571 2863 771 2930 salute,
794 2864 871 2919 sic
900 2866 1110 2936 quippe
1137 2888 1164 2915 ‹‹
1184 2867 1389 2921 mulier
1412 2866 1511 2921 illa
1534 2867 1595 2921 in
1622 2867 1921 2937 Evangelio
1942 2871 2031 2922 ter
2049 2868 2199 2922 senis

572 2972 853 3012 annorum
907 2959 1230 3013 excursibus
1261 2976 1428 3013 curva
1461 2960 1604 3030 (Luc.
1651 2976 1768 3026 xm,
1802 2963 1887 3030 ll,
1917 2964 1968 3015 et
2005 2960 2138 3030 seq.)
2169 2982 2195 3010 η

570 3065 697 3120 qua:
742 3051 986 3120 ﬁguram
1026 3052 1199 3106 totius
1228 3052 1467 3107 humani
1513 3052 1740 3123 generis
1789 3053 2045 3124 gestabat
2094 3054 2198 3108 sub

572 3146 928 3199 sacramento
956 3144 1126 3215 hujus
1157 3145 1385 3200 numeri
1429 3145 1622 3200 salutis
1663 3145 1920 3217 pristinae
1958 3147 2196 3200 sanitate
2218 3185 2272 3259 Ο

576 3234 817 3259 λΑ-...1--..
853 3238 958 3259 ΚΥ--
984 3253 1109 3259 -..μᾼ
1131 3253 1233 3259 ..-..
1253 3254 1422 3259 ____.-_
1446 3255 1605 3259 -______-
1637 3254 1668 3259 μ
1685 3238 1810 3259 --ι-Λ
1848 3239 2052 3259 ___‘Il._2_
2074 3257 2098 3259 _
2120 3256 2173 3259 Α--

573 3234 835 3291 donatur.
853 3238 961 3291 Nos
978 3253 1114 3309 ergo
1131 3253 1234 3308 per
1248 3254 1425 3293 annos
1440 3255 1611 3293 curvo
1637 3238 1814 3292 nostri
1842 3239 2055 3295 ordinis
2072 3256 2196 3310 per-

569 3326 800 3384 sistente
824 3333 991 3400 statu,
1022 3330 1081 3385 in
1107 3348 1173 3385 eo
1200 3332 1354 3402 quod
1381 3331 1540 3386 nulla
1569 3348 1672 3385 nos
1701 3332 2076 3386 conciliorum
2103 3333 2194 3387 de-

569 3420 750 3477 ﬁnitio
771 3423 1062 3495 jungeret,
1086 3426 1274 3479 nullus
1302 3425 1476 3480 etiam
1498 3430 1812 3480 conventus
1838 3425 2195 3480 ecclesiastici

570 3515 787 3570 ordinis
805 3517 1100 3587 adunaret,
1119 3518 1358 3573 tandem
1381 3518 1588 3572 divinae
1608 3518 1910 3573 voluntatis
1927 3518 2193 3590 imperio,

568 3610 625 3663 et
650 3609 899 3679 religiosi
924 3610 1194 3682 principis
1215 3612 1375 3682 jussu
1405 3611 1620 3666 evocati
1645 3610 1705 3665 in
1730 3612 2065 3666 Toletanam
2094 3628 2193 3664 ur-

564 3700 696 3756 bem
732 3703 1132 3772 convenimus;
1167 3704 1265 3774 qui
1295 3721 1424 3758 cum
1451 3704 1509 3757 in
1538 3703 1774 3758 ecclesia
1802 3703 1983 3758 beatas
2008 3703 2196 3758 Mariae

524 3782 811 3896 jVirginis
851 3796 1054 3850 debitis
1081 3795 1140 3849 in
1173 3796 1402 3850 sedibus
1441 3797 1780 3862 locaremur,
1815 3796 1964 3850 inter
1993 3799 2195 3851 caetera

569 3902 696 3955 quae
727 3887 1010 3941 subterius
1038 3889 1278 3942 discreto
1309 3888 1688 3958 capitulorum
1715 3887 1914 3942 ordine
1949 3893 2082 3943 sunt
2110 3888 2193 3942 di-

570 3982 743 4048 gesta,
771 3996 887 4032 non
918 3980 1144 4035 aliunde
1176 3980 1430 4050 primum
1458 3980 1731 4051 cmpimus
1756 3981 1968 4035 habere
1988 3997 2196 4036 sermo-

572 4086 726 4137 nem,
757 4071 866 4124 nisi
907 4072 976 4126 de
1017 4072 1149 4126 fidei
1191 4073 1472 4143 puritate;
1514 4077 1580 4127 ut
1620 4074 1754 4144 quia
1791 4072 2079 4128 initiandis
2123 4075 2196 4129 ad

570 4161 799 4217 beatam
828 4164 1000 4218 vitam
1027 4166 1372 4233 hominibus,
1394 4166 1518 4221 haec
1547 4166 1733 4237 prima
1758 4181 1986 4237 semper
2005 4172 2086 4221 est
2108 4167 2197 4222 via

570 4255 786 4324 salutis,
809 4257 1013 4327 praevia
1034 4275 1259 4329 quoque
1281 4259 1488 4314 nostris
1516 4260 1678 4314 ﬁeret
1702 4259 2020 4330 prmceptis,
2040 4260 2196 4314 unde

570 4364 743 4403 sacrae
770 4350 1159 4405 instructionis
1189 4368 1394 4407 arcana
1429 4354 1753 4407 sanctorum
1779 4352 2008 4419 Nicaani,
2041 4352 2192 4407 scili-

569 4446 657 4497 cet
709 4443 1338 4515 Constantinopolitani,
1370 4446 1662 4517 Ephesini,
1707 4447 1879 4516 atque
1927 4445 2193 4501 Calcedo-

2296 1935 2414 1989 lem
2440 1935 2798 2004 Trinitatem,
2833 1937 3076 2003 Patrem,
3101 1938 3159 1990 et
3183 1935 3413 2002 Filium,
3437 1940 3495 1990 et
3516 1935 3787 2007 Spiritum
3810 1954 3933 1991 sau-

2298 2032 2472 2098 ctum,
2504 2045 2681 2083 unum
2708 2030 2887 2085 Deum
2918 2028 3250 2084 naturaliter
3276 2044 3415 2096 esse,
3445 2029 3614 2083 unius
3662 2030 3929 2084 substan-

2297 2122 2412 2188 tiae,
2444 2122 2611 2176 unius
2661 2128 2896 2190 natura},
2925 2122 3096 2176 unius
3136 2139 3364 2195 quoque
3410 2122 3717 2192 majestatis
3759 2128 3933 2194 atque

2297 2214 2541 2270 virtutis.
2573 2216 2639 2270 Et
2670 2216 2892 2270 Patrem
2918 2215 3148 2286 quidem
3176 2231 3289 2269 non
3317 2215 3598 2286 genitum,
3626 2231 3746 2271 non
3774 2232 3929 2271 crea-

2298 2311 2441 2375 tum,
2475 2308 2571 2362 sed
2602 2308 2925 2378 ingenitum
2971 2308 3324 2378 profitemur.
3380 2311 3502 2379 Ipse
3528 2308 3683 2363 enim
3714 2325 3749 2363 a
3773 2310 3934 2364 nullo

2298 2400 2583 2472 originem
2611 2400 2784 2471 ducit,
2819 2418 2885 2455 ex
2913 2417 3027 2471 quo
3050 2405 3107 2456 et
3135 2401 3304 2455 Filius
3332 2401 3703 2470 nativitatem,
3726 2408 3782 2457 et
3812 2402 3936 2473 Spi-

2298 2495 2439 2548 ritus
2481 2497 2705 2548 sanctus
2749 2494 3167 2564 processionem
3216 2494 3451 2565 accepit.
3501 2495 3646 2549 Fons
3692 2511 3834 2566 ergo
3879 2499 3937 2549 et

2297 2586 2458 2657 origo
2489 2586 2662 2641 totius
2707 2586 3015 2641 divinitatis
3057 2587 3175 2658 ipse
3221 2591 3321 2641 est.
3354 2589 3474 2658 Ipse
3512 2603 3739 2658 quoque
3768 2589 3936 2642 Pater

2298 2680 2542 2735 essentia
2557 2679 2791 2751 quidem
2818 2679 3113 2734 ineﬂ‘abilis
3134 2680 3466 2735 substantias
3483 2698 3598 2735 sua:
3619 2680 3828 2735 Filium
3851 2682 3933 2735 in-

2299 2773 2600 2828 eﬂ'abiliter
2627 2773 2845 2843 genuit,
2881 2789 2985 2827 nec
3005 2776 3201 2827 tamen
3229 2773 3380 2828 aliud
3410 2790 3585 2844 quam
3616 2774 3770 2844 quod
3810 2774 3933 2845 ipse

2298 2871 2399 2933 est,
2432 2865 2648 2936 genuit,
2668 2866 2814 2919 Deus
2842 2866 3041 2933 Deum,
3061 2865 3160 2920 lux
3188 2866 3397 2920 lucem.
3426 2866 3510 2919 Ab
3541 2865 3666 2937 ipso
3686 2882 3828 2937 ergo
3851 2870 3935 2920 est

2298 2958 2481 3011 omnis
2529 2977 2556 3009 ι(
2602 2954 2919 3028 paternitas
2972 2957 3030 3011 in
3078 2958 3218 3012 coelo
3262 2963 3319 3013 et
3364 2958 3423 3012 in
3470 2961 3621 3013 terra
3657 2959 3818 3028 (Eph.
3852 2975 3930 3026 III,

2300 3052 2415 3120 t5);
2440 3072 2468 3100 »
2500 3049 2704 3104 Filium
2723 3067 2948 3123 quoque
2971 3050 3040 3106 de
3062 3051 3374 3105 substantia
3413 3050 3594 3105 Patris
3625 3051 3748 3106 sine
3767 3051 3935 3106 initio

2297 3146 2428 3197 ante
2454 3144 2656 3197 saecula
2675 3148 2893 3211 natum,
2923 3160 3028 3197 nec
3053 3148 3246 3199 tamen
3271 3144 3488 3198 factum
3515 3160 3637 3199 esse
3661 3144 3929 3211 fatemur,

2297 3235 2432 3307 quia
2458 3252 2565 3290 nec
2594 3237 2758 3290 Pater
2788 3236 2908 3291 sine
2933 3235 3095 3303 Filio,
3131 3253 3236 3290 nec
3280 3236 3452 3290 Filius
3481 3236 3604 3291 sine
3642 3238 3809 3292 Patre
3838 3237 3936 3292 ali—

2294 3329 2527 3400 quando
2554 3328 2786 3384 exstitit.
2812 3331 2877 3383 Et
2902 3333 3092 3384 tamen
3124 3346 3238 3384 non
3268 3333 3327 3383 ut
3359 3329 3530 3384 Filius
3561 3329 3631 3384 de
3652 3330 3932 3398 Patre,ita

2292 3424 2456 3477 Pater
2497 3423 2568 3476 de
2608 3422 2769 3488 Filio,
2801 3422 2937 3493 quia
2969 3440 3087 3477 non
3115 3424 3282 3478 Pater
3308 3440 3341 3476 a
3381 3423 3539 3492 Filio,
3568 3423 3670 3477 sed
3702 3423 3876 3477 Filius
3901 3441 3931 3476 a

2295 3516 2457 3570 Patre
2514 3515 2943 3586 generationem
2999 3516 3234 3586 accepit,
3268 3515 3439 3569 Filius
3481 3531 3619 3587 ergo
3664 3518 3812 3570 Deus
3863 3517 3932 3570 de

2295 3611 2478 3677 Patre,
2500 3610 2667 3663 Pater
2684 3613 2875 3663 autem
2903 3609 3067 3675 Deus,
3089 3609 3189 3663 sed
3211 3625 3325 3662 non
3340 3608 3408 3662 de
3438 3607 3594 3678 Filio,
3616 3608 3714 3664 ille
3737 3614 3932 3664 autem

2295 3701 2468 3756 Filius
2494 3701 2691 3770 Patris,
2721 3704 2779 3756 et
2807 3702 2956 3756 Deus
2983 3701 3051 3755 de
3096 3702 3280 3768 Patre,
3312 3701 3563 3773 aequalis,
3595 3704 3792 3756 tamen
3830 3718 3933 3772 per

2293 3795 2482 3848 omnia
2529 3794 2698 3848 Filius
2735 3794 2849 3848 Deo
2880 3795 3055 3861 Patri,
3090 3794 3225 3865 quia
3257 3810 3359 3849 nec
3401 3794 3561 3849 nasci
3606 3795 3780 3864 coepit
3825 3794 3929 3848 ali-

2294 3888 2540 3958 quando,
2572 3903 2674 3942 nec
2700 3887 2887 3945 desiit.
2922 3887 3021 3941 Hic
3053 3887 3224 3942 etiam
3253 3888 3417 3941 unius
3448 3903 3580 3941 cum
3604 3889 3773 3942 Patre
3796 3888 3929 3941 sub-

2295 3980 2519 4036 stantia:
2564 3980 2829 4047 creditur,
2861 3983 3096 4051 propter
3132 3980 3283 4052 quod
3326 3983 3383 4036 et
3425 3981 3741 4035 homousion
3779 3983 3937 4036 Patri

2296 4073 2521 4143 dicitur,
2549 4074 2659 4128 hoc
2684 4076 2786 4141 est,
2811 4074 3068 4143 ejusdem
3098 4089 3230 4128 cum
3258 4075 3422 4128 Patre
3454 4072 3811 4139 substantiae,
3836 4074 3933 4128 ho-

2295 4183 2416 4222 mos
2436 4167 2588 4223 enim
2602 4167 2793 4220 Greece
2814 4182 2981 4222 unum
2997 4167 3197 4220 housia
3216 4182 3350 4220 vero
3366 4167 3680 4221 substantia
3702 4165 3928 4231 dicitur,

2295 4260 2445 4332 quod
2476 4262 2779 4330 utrumque
2817 4260 3188 4329 conjunctum
3233 4265 3394 4314 sonat
3435 4274 3542 4313 una
3591 4259 3930 4327 substantia,

2295 4369 2399 4409 nec
2428 4352 2580 4408 enim
2612 4353 2680 4406 de
2702 4352 2900 4420 nihilo,
2922 4369 3110 4423 neque
3141 4352 3210 4406 de
3239 4352 3347 4405 alia
3372 4351 3562 4422 aliqua
3590 4352 3929 4418 substantia,

2298 4447 2396 4501 sed
2428 4447 2499 4500 de
2526 4446 2703 4500 Patris
2731 4450 2921 4514 utero,
2946 4446 3005 4500 id
3030 4449 3134 4513 est,
3168 4445 3238 4499 de
3265 4444 3571 4499 substantia
3613 4445 3738 4515 ejus
3779 4445 3933 4500 idem

568 4536 759 4591 neusis
807 4537 1177 4592 conciliorum
1225 4539 1584 4595 monimenta
1629 4540 2052 4610 amplectentes,
2092 4547 2273 4621 ρει-Ι)
2298 4539 2466 4594 Filius
2495 4538 2721 4610 genitus
2749 4540 2834 4593 vel
2874 4544 3038 4593 natus
3073 4554 3196 4592 esse
3228 4537 3563 4604 credendus,
3593 4540 3681 4593 est
3714 4538 3932 4609 sempi-

570 4646 695 4702 quaa
742 4631 1007 4686 radicitus
1051 4632 1447 4687 haereticorum
1493 4633 1628 4687 falsa
1678 4632 2046 4687 conciliabula
2089 4632 2190 4686 de-

570 4726 885 4795 struuntur,
917 4728 974 4779 et
1006 4725 1135 4781 fidei
1163 4727 1450 4782 catholicae
1481 4742 1679 4781 norma
1707 4726 2047 4781 declaratur.
2078 4726 2192 4779 Hoc

569 4818 859 4871 communi
897 4819 1229 4891 alternoque
1269 4820 1484 4890 judicio
1534 4818 1910 4888 deﬁnivimus,
1942 4822 2004 4872 ut
2044 4819 2194 4873 hanc

569 4908 750 4978 ipsam
784 4910 915 4965 ﬁdei
941 4916 1146 4967 nostrae
1174 4914 1431 4984 regulam
1458 4913 1642 4967 verbis
1668 4912 2012 4983 simplicibus
2043 4912 2191 4965 nite-

569 5016 762 5055 remur
791 5003 1120 5060 alternatim
1149 5006 1310 5060 nobis
1335 5005 1816 5076 singulariterque
1846 5004 2080 5070 referre,
2116 5004 2195 5058 ita

567 5097 633 5148 ut
688 5094 1003 5167 quidquam
1056 5098 1307 5154 triduum
1362 5100 1432 5154 de
1483 5097 1813 5170 hujusmodi
1859 5097 2189 5168 quaestioni-

568 5186 673 5241 bus
702 5188 1004 5260 unicuique
1036 5198 1295 5247 nostrum
1320 5192 1582 5246 lectionis
1612 5192 1745 5245 visae
1786 5189 2064 5245 memoria
2096 5206 2192 5244 oc-

573 5284 844 5349 curreret,
864 5284 1019 5337 omni
1036 5285 1352 5338 sobrietatis
1371 5284 1706 5353 compendio
1725 5282 1965 5353 simplici
1977 5286 2197 5337 notare-

569 5377 664 5427 tur
690 5376 1103 5446 stylo\Relatio
1132 5382 1324 5431 tamen
1356 5376 1532 5445 ipsius
1574 5376 1913 5430 sacramenti
1957 5392 2098 5446 pura
2142 5382 2198 5430 et

567 5467 818 5535 evidens,
867 5467 925 5522 et
964 5486 997 5521 a
1036 5468 1223 5538 capite
1274 5468 1525 5538 primum
1570 5469 1863 5539 inciperet,
1910 5474 1966 5522 et
2009 5468 2087 5523 sic
2127 5470 2197 5524 ad

569 5560 832 5614 membra
858 5560 1076 5631 reliqua
1105 5561 1446 5630 perveniret,
1474 5563 1654 5617 nullas
1685 5561 2034 5616 obscuritatis
2052 5562 2113 5617 in
2139 5580 2197 5616 se

566 5650 742 5705 lineas
802 5651 1034 5716 habens,
1092 5653 1272 5706 nullas
1332 5654 1500 5708 etiam
1555 5654 1837 5709 inusitatze
1897 5654 2199 5710 locutionis

569 5730 796 5811 regulas
824 5744 1138 5811 continens,
1171 5745 1270 5799 sed
1314 5747 1531 5816 puritas
1572 5748 1691 5802 sola
1721 5751 1869 5802 esset
1893 5749 2047 5803 clara
2078 5764 2195 5802 ser-

573 5848 830 5901 monum,
866 5850 993 5904 quae
1021 5842 1212 5905 posset
1241 5837 1587 5894 evidentiam
1614 5839 1952 5910 exprimere,
1982 5856 2199 5911 suaque

2292 4636 2508 4699 ternus,
2539 4631 2642 4686 etsi
2672 4631 2859 4686 Filius.
2887 4632 3047 4696 Quod
3073 4631 3119 4685 si
3161 4633 3327 4686 Pater
3356 4646 3584 4702 semper
3625 4630 3756 4699 fuit,
3786 4647 3939 4684 sem-

2293 4742 2395 4797 per
2423 4724 2627 4780 habuit
2655 4724 2854 4778 Filium
2896 4724 3057 4795 cujus
3103 4726 3268 4778 Pater
3309 4728 3473 4792 esset,
3504 4726 3561 4778 et
3600 4723 3671 4778 ob
3702 4724 3814 4778 hoc
3846 4725 3932 4778 Fi-

2292 4819 2432 4873 lium
2451 4818 2521 4872 de
2538 4820 2702 4872 Patre
2716 4822 2912 4872 natum
2934 4816 3053 4871 sine
3070 4816 3231 4871 initio
3251 4815 3610 4871 conﬁtemur.
3641 4818 3756 4871 Nec
3776 4816 3934 4870 enim

2294 4911 2560 4966 eumdem
2596 4910 2797 4964 Filium
2829 4910 2922 4964 Dei
2949 4926 3052 4980 pro
3084 4926 3150 4964 eo
3178 4909 3331 4980 quod
3361 4909 3430 4964 de
3461 4911 3627 4963 Patre
3659 4909 3734 4963 sit
3766 4909 3933 4980 geni-

2293 5009 2403 5072 tus,
2434 5003 2661 5059 disecta:
2691 5006 2912 5057 naturae
2940 5002 3361 5073 portiunculam
3398 5001 3797 5069 nominamus,
3836 5001 3936 5056 sed

2294 5096 2613 5168 perfectum
2639 5098 2888 5165 Patrem,
2923 5096 3240 5166 perfectum
3271 5095 3475 5150 Filium
3501 5094 3625 5149 sine
3652 5094 3931 5148 imminu-

2294 5190 2470 5258 tione,
2495 5190 2615 5245 sine
2643 5189 2960 5244 defectione
2977 5187 3235 5259 genuisse
3255 5187 3577 5254 asserimus,
3594 5187 3732 5257 quia
3759 5187 3935 5242 solius

2296 5282 2608 5339 divinitatis
2648 5286 2733 5337 est
2773 5282 3117 5352 inaequalem
3145 5280 3349 5335 Filium
3379 5297 3495 5335 non
3525 5280 3762 5335 habere.
3796 5279 3934 5333 Hinc

2299 5376 2474 5431 etiam
2522 5375 2693 5430 Filius
2738 5375 2860 5446 Dei,
2900 5377 3105 5429 natura
3149 5379 3234 5429 est
3280 5373 3473 5444 Filius,
3512 5389 3628 5427 non
3676 5372 3929 5444 optione,

2298 5485 2469 5541 quem
2499 5470 2647 5524 Deus
2670 5470 2836 5524 Pater
2860 5484 2967 5522 nec
2997 5468 3303 5536 voluntate,
3332 5483 3437 5522 nec
3466 5465 3809 5521 necessitate
3840 5480 3933 5537 ge-

2300 5562 2487 5617 nuisse
2518 5561 2828 5617 credendus
2849 5563 2952 5631 est,
2971 5560 3109 5633 quia
3134 5577 3240 5616 nec
3260 5561 3377 5615 ulla
3403 5559 3465 5614 in
3490 5560 3604 5614 Deo
3630 5557 3935 5615 necessitas

2297 5655 2466 5723 cadit,
2500 5671 2602 5710 nec
2635 5656 2895 5710 voluntas
2926 5652 3263 5725 sapientiam
3308 5652 3606 5725 praevenit.
3657 5651 3937 5723 Spiritum

2298 5764 2522 5819 quoque
2553 5753 2833 5816 sanctum,
2858 5746 2958 5817 qui
2983 5750 3066 5801 est
3093 5745 3262 5801 tertia
3287 5745 3347 5799 in
3373 5745 3645 5800 Trinitate
3670 5759 3932 5816 persona,

2299 5857 2484 5896 unum
2513 5846 2682 5914 atque
2713 5840 2989 5912 aequalem
3020 5856 3151 5895 cum
3175 5841 3284 5895 Deo
3311 5840 3475 5896 Patre
3505 5844 3562 5895 et
3587 5837 3730 5893 Filio
3760 5836 3941 5893 credi-
