4032 6296
151 332 254 385 537

1390 329 1858 388 DECRETALIUM
1895 328 2281 385 COLLECTIO.

3416 350 3516 403 538

147 458 284 496 mus
305 458 432 496 esse
448 442 650 511 Deum,
671 441 841 496 unius
867 441 1215 511 substantiae,
1234 440 1399 496 unius
1422 458 1648 513 quoque
1668 456 1787 496 esse
1809 453 1869 527 Α
1890 455 2058 494 sonas
2084 456 2205 495 esse
2236 438 2499 510 diximus,
2529 457 2709 497 unum
2734 442 2937 514 Deum,
2970 447 3235 505 eumdem
3261 466 3383 509 esse
3416 458 3515 513 Pa-

145 540 380 590 natura
402 551 517 590 non
544 538 739 591 tamen
766 536 1025 607 genitum
1059 537 1145 591 vel
1171 539 1447 603 creatum,
1481 537 1578 590 sed
1609 536 1678 589 ab
1706 539 1790 590 ut-

144 628 346 700 risque
382 629 806 700 procedentem,
839 630 1138 684 amborum
1166 647 1288 684 esse
1334 629 1606 700 Spiritum
1639 646 1651 696 ;
1699 630 1789 683 hic

146 722 331 776 etiam
370 722 611 793 Spiritus
661 726 904 792 sanctus,
940 739 1045 777 nec
1087 723 1395 794 ingenitus,
1425 740 1532 777 nec
1565 723 1789 794 genitus

145 814 429 883 creditur,
458 831 530 870 ne
557 820 654 869 aut
697 815 743 869 si
772 816 1096 886 ingenitum
1140 816 1397 883 dicimus,
1430 816 1569 870 duos
1601 821 1788 887 patres

145 908 433 979 dicamus,
455 912 554 963 aut
580 909 626 963 si
659 908 920 979 genitum
951 909 1095 963 duos
1112 909 1258 963 ﬁlios
1288 910 1594 980 pradicare
1622 926 1785 964 mon-

146 1004 425 1067 stremur,
471 1002 567 1073 qui
613 1005 804 1056 tamen
854 1018 958 1056 nec
1006 1002 1185 1057 Patris
1235 1004 1474 1069 tantum,
1519 1019 1621 1057 nec
1665 1002 1788 1057 Filii

144 1097 403 1161 tantum,
438 1094 537 1149 sed
576 1094 748 1149 simul
777 1095 980 1162 Patris,
1012 1100 1069 1149 et
1098 1095 1224 1149 Filii
1273 1095 1516 1166 Spiritus
1558 1094 1784 1150 dicitur.

146 1188 260 1242 Nec
287 1188 442 1242 enim
475 1188 543 1241 de
570 1189 737 1242 Patre
766 1188 1020 1258 procedit
1052 1188 1111 1242 in
1162 1189 1388 1256 Filium,
1422 1190 1505 1242 vel
1538 1189 1607 1243 de
1648 1189 1785 1243 Filio

144 1281 410 1351 procedit
445 1281 516 1336 ad
569 1280 1026 1335 sanctiﬁcandam
1079 1286 1420 1349 creaturam,
1471 1283 1568 1336 sed
1619 1281 1787 1336 simul

146 1373 220 1427 ab
274 1374 535 1445 utrisque
578 1373 910 1445 processisse
957 1378 1327 1443 monstratur,
1370 1374 1502 1446 quia
1545 1374 1786 1429 charitas

144 1467 263 1522 sive
307 1467 573 1522 sanctitas
625 1468 929 1522 amborum
969 1485 1089 1522 esse
1135 1468 1476 1539 agnoscitur.
1512 1469 1610 1522 Hic
1650 1485 1785 1539 ergo

144 1560 391 1631 Spiritus
409 1566 637 1615 sanctus
653 1561 858 1615 missus
877 1561 947 1615 ab
966 1560 1242 1633 utrisque,
1260 1562 1405 1616 sicut
1421 1561 1589 1616 Filius
1608 1562 1787 1616 credi-

143 1658 261 1719 tur,
279 1654 379 1708 sed
403 1654 591 1708 minor
612 1656 774 1709 Patre
790 1659 847 1709 et
873 1654 1010 1708 Filio
1026 1671 1142 1709 non
1169 1655 1437 1725 habetur,
1455 1655 1599 1709 sicut
1614 1656 1785 1710 Filius

147 1746 198 1819 1
216 1745 335 1819 31
374 1752 607 1818 propter
621 1751 977 1818 assumptam
999 1764 1231 1802 carnem
1253 1748 1534 1802 minorem
1549 1764 1605 1803 se
1620 1750 1783 1803 Patre

1890 536 2039 587 trem
2060 550 2230 605 quem
2246 533 2468 603 Filium,
2484 536 2571 590 vel
2591 552 2722 591 eum
2746 553 2865 594 esse
2891 540 3095 596 Filium
3114 544 3212 614 qui
3233 552 3317 601 est
3331 549 3513 619 Pater,

1889 631 1987 681 aut
2011 643 2141 681 eum
2167 627 2265 699 qui
2303 633 2386 682 est
2423 629 2659 700 Spiritus
2703 637 2946 703 sanctus,
2975 636 3061 689 vel
3087 638 3313 695 Patrem
3342 644 3399 697 et
3429 643 3518 699 Fi-

1888 719 2029 774 lium
2055 720 2241 775 dicere
2266 722 2753 792 poterimus..Non
2781 726 2934 781 enim
2964 728 3084 799 ipse
3103 736 3189 786 est
3211 734 3398 807 Pater,
3415 754 3518 796 nec

1891 812 2078 881 Filius,
2111 830 2213 867 nec
2248 813 2486 885 Spiritus
2516 821 2761 884 sanctus,
2793 819 2912 890 ipse
2945 822 3043 892 qui
3069 829 3172 892 est,
3201 828 3287 881 vel
3331 830 3515 902 Pater,

1888 906 1978 959 vel
2011 906 2203 975 Filius,
2234 924 2363 962 cum
2393 911 2582 964 tamen
2606 910 2795 981 ipsum
2823 914 2893 968 sit
2935 916 3104 971 Pater
3126 922 3275 989 quod
3322 924 3515 997 Filius,

1888 999 2076 1069 ipsum
2129 1000 2301 1055 Filius
2354 1002 2511 1073 quod
2558 1004 2741 1074 Pater,
2793 1005 2980 1077 ipsum
3021 1011 3186 1066 Pater
3244 1019 3299 1070 et
3345 1016 3517 1074 Filius

1888 1092 2041 1163 quod
2091 1098 2176 1149 est
2214 1099 2271 1149 et
2312 1094 2553 1165 Spiritus
2593 1100 2838 1169 sanctus,
2889 1101 2949 1154 id
2989 1106 3075 1157 est
3122 1112 3326 1165 natura
3373 1127 3519 1169 unus

1887 1185 2054 1239 Deus.
2084 1186 2226 1241 Cum
2252 1187 2406 1242 enim
2436 1188 2677 1244 dicimus
2708 1209 2821 1245 non
2865 1192 3052 1264 ipsum
3079 1199 3304 1256 Patrem
3343 1221 3516 1276 quem

1887 1278 2114 1347 Filium,
2143 1281 2212 1335 ad
2239 1297 2617 1351 personarum
2649 1284 3071 1344 distinctionem
3098 1294 3360 1365 refertur,
3384 1316 3515 1355 cum

1887 1374 2081 1426 autem
2111 1372 2353 1428 dicimus
2382 1374 2570 1446 ipsum
2612 1393 2732 1431 esse
2766 1380 2985 1435 Patrem
3028 1386 3180 1453 quod
3210 1388 3429 1460 Filium,
3461 1398 3519 1449 et

1885 1464 2074 1535 ipsum
2093 1466 2296 1521 Filium
2311 1469 2467 1539 quod
2487 1470 2733 1539 Patrem,
2754 1472 2941 1543 ipsum
2959 1476 3232 1547 Spiritum
3255 1490 3513 1542 sanctum

1885 1558 2037 1627 quod
2066 1560 2293 1614 Patrem
2323 1563 2381 1615 et
2401 1560 2626 1633 Filium,
2641 1564 2711 1618 ad
2733 1569 2996 1622 naturam
3027 1586 3138 1641 qua
3164 1574 3310 1629 Deus
3331 1581 3416 1633 est
3431 1581 3516 1636 vel

1885 1650 2256 1706 substantiam
2300 1654 2585 1724 pertinere
2638 1662 3008 1729 monstratur,
3043 1666 3177 1735 quia
3206 1669 3519 1727 substantia

1885 1760 2063 1798 unum
2095 1749 2246 1813 sunt,
2278 1764 2549 1817 personas
2578 1751 2730 1805 enim
2757 1752 3177 1826 distinguimus,
3199 1777 3313 1816 non
3346 1764 3521 1822 deita-

147 1845 205 1894 et
232 1840 446 1911 Spiritu
475 1843 672 1895 sancto
706 1857 825 1896 esse
854 1842 1253 1896 testatur.Hac
1275 1844 1358 1895 est
1385 1845 1590 1896 sancta
1608 1841 1788 1896 Trini-
1806 1832 1862 1904 Β
1885 1839 2001 1891 tem
2029 1855 2375 1909 separamus.
2394 1841 2727 1898 Trinitatem
2755 1846 2933 1916 igitur
2956 1848 3015 1903 in
3047 1868 3421 1921 personarum
3440 1861 3517 1915 di-

144 1934 276 1987 tatis
303 1935 479 1988 relata
506 1934 774 2003 narratio,
808 1950 935 2005 qua
962 1946 1105 1988 ‘non
1134 1935 1362 2005 triplex,
1392 1936 1488 1989 sed
1519 1935 1781 2001 Trinitas,

146 2032 201 2081 et
244 2026 355 2081 dici
394 2030 450 2081 et
485 2027 639 2082 credi
684 2027 868 2097 debet,
900 2044 1006 2082 nec
1038 2033 1189 2083 recte
1237 2028 1346 2082 dici
1380 2030 1585 2099 potest,
1630 2028 1783 2083 utin

145 2136 264 2175 uno
288 2121 401 2175 Deo
429 2120 500 2174 sit
523 2120 782 2190 Trinitas,
806 2121 902 2175 sed
931 2137 1080 2175 unus
1102 2122 1249 2176 Deus
1268 2122 1527 2175 Trinitas.
1559 2124 1619 2175 In
1644 2123 1785 2176 rela-

146 2214 275 2267 tivis
307 2230 444 2269 vero
472 2230 847 2285 personarum
877 2214 1229 2283 nominibus,
1262 2216 1430 2269 Pater
1453 2215 1525 2268 ad
1556 2214 1780 2283 Filium,

146 2307 322 2361 Filius
351 2308 426 2361 ad
465 2286 987 2401 Patrem,!Spiritus
1023 2311 1249 2362 sanctus
1277 2308 1349 2362 ad
1384 2312 1655 2379 utrosque
1691 2325 1781 2363 re-

147 2401 352 2469 fertur,
402 2418 529 2473 qua
580 2418 710 2455 cum
754 2401 987 2455 relative
1031 2407 1146 2456 tres
1192 2418 1451 2473 persona:
1501 2402 1781 2469 dicantur,

146 2511 263 2548 una
294 2499 493 2550 tamen
529 2495 801 2549 naturalis
843 2495 1155 2549 substantia
1191 2495 1463 2564 creditur,
1495 2511 1598 2549 nec
1641 2495 1787 2549 sicut

148 2591 262 2642 tres
288 2605 581 2658 personas,
610 2588 690 2642 ita
716 2592 831 2642 tres
873 2588 1210 2643 substantias
1251 2588 1643 2659 praedicamus,
1685 2589 1785 2643 sed

147 2697 322 2735 unam
354 2680 751 2751 substantiam,
782 2686 900 2735 tres
925 2686 1117 2736 autem
1146 2683 1607 2753 personas,quod
1627 2683 1783 2736 enim

147 2775 313 2829 Pater
341 2780 447 2841 est,
475 2790 590 2829 non
617 2775 685 2829 ad
720 2791 800 2841 se,
829 2774 931 2830 sed
959 2775 1030 2829 ad
1062 2775 1288 2844 Filium,
1325 2780 1383 2829 et
1421 2775 1570 2847 quod
1614 2775 1783 2829 Filius

149 2871 251 2935 est,
280 2885 399 2923 non
425 2868 498 2922 ad
525 2885 605 2935 se,
635 2868 736 2922 sed
765 2868 835 2922 ad
870 2870 1120 2923 Patrem.
1154 2868 1427 2924 Similiter
1461 2873 1517 2923 et
1545 2869 1784 2939 Spiritus

145 2966 396 3029 sanctus,
432 2978 547 3015 non
576 2961 645 3029 ad
685 2978 761 3028 se,
792 2960 894 3015 sed
936 2960 1009 3015 ad
1047 2962 1273 3015 Patrem
1305 2964 1361 3016 et
1400 2962 1602 3016 Filium
1637 2963 1779 3015 rela-

146 2978 396 3029 sancms,
432 2978 547 3015 non
593 2978 645 3029 _a
685 2978 761 3028 se,
792 2978 894 3015 seu
936 2978 1009 3015 aa
1047 2978 1273 3015 Patrem
1305 2978 1361 3016 et
1403 2978 1602 3016 riuum
1637 2978 1779 3015 rela-

146 3055 258 3109 tive
305 2978 676 3147 referturjiu
724 3070 790 3108 eo
838 3054 995 3125 quod
1045 3055 1288 3125 Spiritus
1328 3056 1507 3109 Patris
1554 3058 1611 3109 et
1661 3055 1784 3109 Filii

147 3147 507 3218 pradicatur.
550 3149 712 3214 ltem,
743 3163 874 3202 cum
916 3147 1176 3216 dicimus,
1211 3149 1375 3216 Deus,
1414 3165 1529 3203 non
1575 3148 1646 3201 ad
1676 3148 1780 3202 ali-

147 3200 283 3311 quid
322 3200 569 3309 dicitur,—
584 3200 733 3295 gis.
754 3200 941 3295 at...
976 3200 1349 3308 adFiliurn:
1363 3200 1478 3295 ἓέῖ
1496 3200 1667 3295 an...
1682 3200 1782 3295 is
1802 3200 1857 3273 C

146 3336 392 3400 Patrem,
420 3335 507 3387 vel
537 3333 775 3405 Spiritus
807 3339 1033 3390 sanctus
1077 3335 1147 3389 ad
1193 3336 1419 3389 Patrem
1465 3340 1521 3389 et
1556 3335 1779 3403 Filium,

1885 1930 2187 1994 stinctione
2231 1935 2613 2004 agnoscimus,
2646 1939 2918 1994 unitatem
2972 1950 3208 2015 propter
3254 1954 3519 2009 naturam

1883 2024 1972 2076 vel
2014 2025 2395 2081 substantiam
2440 2029 2796 2099 proﬁtemur.
2828 2033 2955 2088 Tria
2998 2053 3134 2108 ergo
3181 2040 3287 2096 ista
3335 2060 3517 2102 unum

1884 2122 2033 2183 sunt,
2066 2112 2268 2173 natura
2293 2121 2504 2177 scilicet
2548 2140 2660 2178 non
2705 2142 2967 2199 persona,
3000 2148 3104 2185 nec
3154 2137 3350 2191 tamen
3389 2139 3512 2196 ista

1884 2226 2140 2280 persona
2169 2217 2283 2267 tres
2320 2232 2579 2285 persona
2609 2219 2963 2277 astimanda
2991 2230 3123 2281 sunt
3146 2232 3512 2304 separabiles,

1882 2319 2012 2357 cum
2054 2306 2210 2359 nulla
2236 2312 2367 2361 ante
2411 2310 2604 2378 aliam,
2637 2313 2791 2367 nulla
2819 2319 2950 2385 post
2978 2319 3167 2391 aliam,
3201 2324 3361 2381 nulla
3391 2328 3515 2383 sine

1884 2396 1997 2451 alia
2036 2398 2121 2451 vel
2168 2401 2464 2470 exstitisse,
2506 2405 2592 2458 vel
2635 2406 2923 2477 quidpiam
2962 2419 3193 2483 operata
3245 2435 3367 2474 esse
3411 2422 3512 2476 ali-

1883 2492 2112 2560 quando
2143 2493 2413 2548 creditur.
2444 2497 2851 2568 lnseparabiles
2877 2504 3031 2557 enim
3064 2506 3435 2567 inveniuntur
3459 2520 3514 2571 et

1884 2583 1941 2636 in
1973 2600 2039 2638 eo
2068 2586 2218 2655 quod
2261 2592 2412 2655 sunt,
2447 2594 2503 2643 et
2555 2590 2613 2644 in
2657 2608 2723 2646 eo
2752 2595 2903 2664 quod
2933 2597 3171 2669 faciunt,
3199 2604 3329 2673 quia
3365 2606 3516 2663 inter

1883 2682 2253 2771 generantem
2282 2681 2505 2735 Patrem
2550 2687 2605 2738 et
2637 2692 2972 2755 generatum
3006 2692 3229 2762 Filium,
3259 2699 3343 2752 vel
3373 2717 3510 2771 pro‘
3556 2682 3561 2686 ἢ

1883 2770 2176 2826 cedentem
2229 2773 2502 2843 Spiritum
2547 2782 2822 2847 sanctum,
2862 2784 3083 2838 nullum
3132 2787 3301 2845 fuisse
3331 2795 3513 2849 credi-

1882 2878 2009 2917 mus
2049 2867 2319 2935 temporis
2346 2867 2853 2943 intervallum,quo
2879 2882 2975 2930 aut
3003 2878 3231 2949 genitor
3259 2885 3517 2955 genitum

1883 2956 2190 3028 aliquando
2219 2962 2584 3032 pracederet,
2611 2968 2709 3018 aut
2740 2967 2965 3037 genitus
2992 2974 3241 3042 genitori
3272 2978 3511 3049 deesset,

1883 3052 1983 3103 aut
2040 3054 2349 3120 procedens
2406 3056 2650 3126 Spiritus
2724 3060 2871 3115 Patri
2916 3066 3003 3118 vel
3055 3066 3190 3121 Filio
3235 3074 3515 3141 posterior

1884 3149 2202 3213 appareret.
2234 3146 2314 3201 Ob
2344 3147 2454 3202 hoc
2489 3166 2626 3222 ergo
2678 3152 3072 3224 inseparabilis
3105 3166 3162 3215 et
3214 3163 3513 3224 inconfusa

1884 3236 2003 3289 haec
2050 3238 2293 3293 Trinitas
2349 3257 2380 3295 a
2433 3243 2598 3297 nobis
2641 3250 2697 3299 et
2756 3249 3007 3305 creditur
3050 3258 3105 3307 et
3149 3258 3512 3326 pradicatur.

1881 3330 2012 3383 Tres
2041 3330 2217 3401 igitur
2242 3349 2496 3402 persona
2526 3336 2649 3392 ista
2682 3339 2967 3411 dicuntur,
2992 3345 3157 3414 juxta
3194 3354 3345 3421 quod
3386 3372 3507 3410 ma-

146 3428 244 3482 sed
271 3427 343 3481 ad
372 3443 430 3481 se
451 3427 787 3498 specialiter,
806 3428 953 3482 Deus
978 3427 1200 3482 dicitur.
1223 3429 1364 3482 Nam
1388 3428 1434 3481 si
1457 3428 1526 3482 de
1546 3428 1784 3500 singulis
1873 3422 2028 3492 jores
2054 3424 2349 3495 deﬁniunt,
2384 3432 2446 3481 ut
2477 3439 2873 3500 agnoscantur.
2907 3436 3047 3492 Nam
3076 3441 3120 3493 si
3151 3446 3514 3504 attendamus

147 3520 408 3592 personis
436 3520 881 3592 interrogemur,
911 3522 1096 3576 Deum
1123 3538 1353 3577 necesse
1374 3524 1458 3575 est
1476 3522 1778 3575 fateamur.

148 3614 295 3668 Deus
325 3630 464 3685 ergo
485 3615 669 3681 Pater,
702 3616 845 3670 Deus
875 3614 1066 3682 Filius,
1097 3616 1243 3670 Dens
1277 3615 1514 3686 Spiritus
1558 3619 1782 3669 sanctus

147 3708 510 3779 singulariter
539 3707 763 3776 dicitur,
790 3724 899 3763 nec
919 3713 1111 3763 tamen
1138 3714 1252 3763 tres
1279 3708 1376 3776 dii,
1405 3709 1503 3763 sed
1531 3724 1681 3763 unus
1699 3712 1784 3762 est

148 3802 313 3856 Deus.
368 3804 527 3869 Item,
563 3806 619 3856 et
658 3803 819 3856 Pater
857 3801 1239 3873 omnipotens,
1284 3805 1341 3856 et
1380 3802 1550 3856 Filius
1593 3801 1779 3856 omni-

148 3826 313 3856 υευδ.
371 3826 527 3869 ιιεω,
563 3826 619 3856 Cl.
659 3826 819 3856 ιἬιυι·
857 3826 1239 3873 υωωρυιειιδ,
1284 3826 1341 3856 ει
1380 3826 1550 3856 ιτιιιιιδ
1593 3826 1779 3856 0111111-

146 3900 366 3966 potens,
415 3899 474 3949 et
515 3894 756 3967 Spiritus
785 3898 1011 3951 sanctus
1058 3896 1420 3967 omnipotens
1470 3826 1819 3967 singulari-/

148 3991 232 4043 ter
256 3989 484 4059 dicitur,
517 4006 620 4044 nec
645 3992 838 4044 tamen
877 3992 992 4044 tres
1025 3990 1462 4060 omnipotentes,
1498 3989 1596 4044 sed
1638 4006 1783 4044 unus

148 4082 540 4154 Omnipotens,
574 4082 719 4138 sicut
749 4088 805 4137 et
833 4099 1014 4138 unum
1058 4083 1255 4138 lumen
1291 4099 1581 4155 unumque
1618 4082 1779 4155 prin-

148 4175 361 4247 cipium
406 4175 769 4247 pradicatur.
821 4175 1198 4247 Singulariter
1245 4192 1383 4247 ergo
1427 4192 1783 4249 unaquaque

146 4285 405 4341 persona,
432 4286 579 4323 unus
624 4270 767 4325 Deus
793 4270 1093 4325 confitetur
1116 4273 1174 4324 et
1227 4270 1499 4337 creditur,
1537 4287 1648 4324 una
1674 4270 1783 4324 illis

149 4365 203 4418 et
244 4362 483 4418 indivisa
543 4365 715 4435 atque
764 4363 995 4436 aqualis
1045 4363 1253 4431 deitas,
1304 4363 1612 4434 maiestas,
1669 4364 1783 4419 sive

148 4461 418 4529 potestas,
457 4472 565 4512 nec
606 4456 932 4512 minoratur
977 4456 1038 4511 in
1086 4456 1345 4529 singulis,
1396 4474 1503 4511 nec
1539 4462 1784 4529 augetur

1884 3515 2019 3612 illud
2060 3518 2230 3612 quod
2306 3520 2595 3591 Scriptura
2648 3530 2841 3581 sancta
2891 3529 3028 3584 dicit
3076 3534 3146 3587 de
3216 3539 3510 3612 sapientia,

1882 3609 2149 3679 splendor
2196 3613 2280 3664 est
2331 3613 2469 3667 lucis
2508 3620 2763 3687 aterna,
2813 3620 2957 3676 sicut
2997 3609 3358 3695 splendorem
3400 3609 3512 3690 luci

1880 3702 2136 3756 videmus
2192 3703 2642 3778 inseparabiliter
2696 3712 2995 3783 inhaerere,
3044 3720 3123 3774 sic
3171 3725 3515 3784 confitemur

1881 3794 2083 3850 Filium
2109 3813 2142 3850 a
2167 3798 2329 3853 Patre
2356 3803 2605 3872 separari
2636 3821 2747 3859 non
2783 3824 2964 3878 posse.

1950 3890 2083 3944 Tres
2114 3906 2250 3962 ergo
2278 3892 2402 3948 illas
2448 3896 2615 3950 unius
2659 3902 2827 3971 atque
2858 3902 3252 3977 inseparabilis
3292 3919 3510 3973 natura

1882 3999 2167 4054 personas,
2232 3986 2376 4043 sicut
2420 4005 2538 4044 non
2581 3992 2999 4068 confundimus,
3050 4002 3129 4056 ita
3173 4010 3513 4077 separabiles

1882 4077 2209 4133 nullatenus
2255 4082 2651 4153 pradicamus,
2698 4090 3162 4164 quandoquidem
3204 4099 3309 4156 hoc
3353 4106 3515 4163 nobis

1883 4169 2118 4267 dignata
2166 4178 2251 4228 est
2292 4174 2416 4245 ipsa
2465 4178 2705 4234 Trinitas
2751 4183 3045 4242 evidenter
3092 4194 3413 4267 ostendere,
3456 4174 3559 4267 ut]

1883 4263 2055 4318 etiam
2082 4264 2140 4319 in
2172 4267 2436 4323 omnibus
2473 4270 2677 4341 quibus
2706 4275 2880 4332 voluit
2922 4280 3217 4350 sigillatim
3246 4263 3539 4358 personas.

1880 4358 2324 4428 agnosci,unam
2348 4361 2468 4417 sine
2486 4365 2663 4419 altera
2691 4384 2807 4423 non
2828 4374 3393 4454 permittatintelligi,
3408 4402 3513 4441 nec

1883 4450 2036 4504 enim
2067 4452 2235 4506 Pater
2261 4453 2475 4526 absque
2508 4457 2643 4512 Filio
2667 4466 3047 4535 cognoscitur,
3074 4487 3178 4525 nec
3206 4450 3514 4535 sinevPatre

146 4550 204 4605 in
254 4550 455 4617 tribus,
505 4550 640 4621 quia
692 4567 798 4605 nec
847 4550 1039 4606 minus
1082 4549 1296 4621 aliquid
1338 4550 1599 4619 habetur,
1652 4544 2057 4641 cumDFilius
2092 4544 2400 4604 invenitur.
2432 4550 2650 4607 Relatio
2690 4556 2902 4628 quippe
2936 4560 3059 4631 ipsa
3094 4567 3350 4623 vocabuli
3382 4588 3513 4641 per-

148 4659 505 4715 unaquaque
536 4660 785 4715 persona
824 4646 971 4700 Deus
1013 4643 1376 4715 singulariter
1419 4643 1644 4711 dicitur,
1677 4661 1783 4698 nec

152 4737 397 4809 amplius
425 4753 555 4792 cum
584 4741 720 4792 tota
765 4742 881 4793 tres
921 4754 1185 4811 persona
1232 4737 1622 4792 enuntiantur.
1657 4739 1783 4792 Hac

150 4847 285 4903 ergo
315 4834 511 4885 sancta
537 4831 801 4900 Trinitas,
834 4848 962 4903 qua
1005 4848 1155 4886 unus
1196 4835 1253 4885 et
1287 4846 1452 4885 verus
1498 4835 1581 4885 est
1612 4831 1779 4901 Deus,

149 4940 251 4980 nec
278 4924 495 4980 recedit
522 4941 557 4979 a
582 4942 846 4995 numero,
872 4942 977 4981 nec
1006 4926 1232 4997 capitur
1254 4940 1518 4979 numero.
1547 4926 1609 4979 In
1636 4925 1780 4979 rela-

150 5018 303 5075 tione
334 5019 490 5075 enim
524 5035 903 5090 personarum
940 5035 1217 5074 numerus
1244 5017 1515 5086 cernitur,
1543 5018 1603 5072 in
1638 5018 1779 5073 divi-

149 5113 342 5168 nitatis
389 5128 523 5168 vero
558 5112 872 5169 substantia
919 5113 1056 5185 quid
1097 5115 1495 5167 enumeratum
1530 5111 1623 5180 sit,
1664 5129 1781 5167 non

149 5206 666 5279 comprehenditur.
709 5207 860 5279 Ergo
916 5207 1022 5261 hoc
1070 5207 1251 5262 solum
1293 5222 1599 5262 numerum
1646 5205 1779 5261 insi-

146 5304 306 5370 nuat,
339 5300 497 5373 quod
527 5300 600 5356 ad
628 5300 870 5356 invicem
902 5304 1052 5369 sunt,
1084 5305 1141 5355 et
1170 5300 1230 5356 in
1270 5300 1380 5356 hoc
1424 5316 1660 5355 numero
1687 5317 1780 5355 ca-

146 5398 293 5463 rent,
325 5393 570 5467 quodin
607 5410 666 5449 se
697 5396 849 5449 sunt.
883 5395 1027 5449 Nam
1069 5394 1150 5449 ita
1190 5398 1397 5449 sancta
1436 5392 1570 5448 huic
1598 5393 1780 5448 Trini-

147 5488 246 5543 tati
279 5504 460 5543 unum
492 5488 745 5543 naturale
766 5488 1033 5543 convenit
1052 5504 1266 5543 nomen
1281 5492 1348 5543 ut
1374 5485 1433 5541 in
1459 5486 1641 5540 tribus
1657 5503 1783 5557 per-

148 5584 294 5638 sonis
319 5599 439 5638 non
480 5581 658 5653 possit
681 5598 802 5637 esse
829 5582 1067 5653 plurale.
1101 5580 1184 5636 0b
1207 5581 1314 5636 hoc
1340 5597 1476 5652 ergo
1500 5579 1783 5636 credimus

145 5675 292 5733 istud
322 5676 383 5731 in
425 5675 599 5732 sacris
631 5676 835 5731 litteris
873 5675 1130 5730 dictum:
1169 5696 1197 5725 ‹‹
1238 5675 1469 5747 Magnus
1508 5674 1782 5730 Dominus

143 5775 359 5841 noster,
393 5776 451 5827 et
478 5786 694 5843 magna
716 5771 895 5827 virtus
922 5770 1064 5841 ejus,
1089 5771 1148 5824 et
1172 5769 1471 5842 sapientia
1508 5768 1632 5840 ejus
1663 5785 1781 5824 non

144 5871 225 5925 est
249 5880 530 5923 numerus
553 5866 717 5937 (Psal.
742 5880 913 5921 cum.
929 5865 977 5937 5)
1012 5880 1073 5920 ε»
1098 5864 1211 5920 Nec
1230 5863 1367 5939 quia
1390 5866 1508 5919 tres
1530 5862 1632 5918 has
1650 5879 1782 5937 per-

1882 4638 2089 4692 sonalis
2133 4655 2400 4709 personas
2443 4646 2695 4715 separari
2726 4652 2897 4729 vetat.
2931 4652 3055 4716 Qua
3092 4657 3263 4713 etiam
3292 4638 3409 4717 non
3440 4664 3512 4719 si-

1881 4731 2001 4785 mul
2044 4732 2326 4803 nominat,
2356 4735 2520 4791 simul
2552 4736 3033 4826 insinuat.lNemo
3078 4751 3273 4807 audire
3323 4761 3513 4826 potest

1881 4827 2335 4899 unumquodque
2362 4829 2601 4886 istorum
2629 4827 2949 4905 nominhm,
2980 4840 3039 4895 in
3068 4859 3181 4915 quo
3215 4864 3328 4902 non
3346 4848 3511 4906 intel-

1880 4917 2057 4989 ligere
2083 4924 2321 4993 cogatur
2350 4928 2406 4978 et
2442 4926 2705 4982 alterum.
2738 4932 2877 4986 Cum
2906 4950 3044 5005 ergo
3085 4936 3209 4994 hac
3254 4941 3363 4998 tria
3396 4945 3513 5002 sint

1883 5029 2083 5081 unum,
2099 5017 2156 5069 et
2178 5016 2234 5070 in
2263 5034 2442 5073 unum
2462 5020 2588 5089 tria,
2606 5024 2690 5077 est
2714 5027 2904 5081 tamen
2930 5028 3234 5104 unicuique
3256 5052 3512 5107 persona

1882 5123 2121 5163 manens
2171 5127 2271 5165 sua
2324 5114 2658 5184 proprietas.
2712 5119 2873 5173 Pater
2919 5122 3073 5177 enim
3136 5130 3515 5191 aternitatem

1881 5200 2055 5256 habet
2111 5202 2235 5258 sine
2291 5205 2579 5262 nativitate
2603 5250 2617 5278 ,
2683 5210 2855 5267 Filius
2930 5219 3309 5278 aternitatem
3383 5244 3515 5285 cum

1883 5295 2171 5351 nativitate
2198 5339 2211 5365 ,
2274 5299 2517 5380 Spiritus
2580 5318 2716 5359 vero
2785 5312 3013 5365 sanctus
3092 5319 3516 5385 processionem

1882 5389 2005 5445 sine
2045 5390 2360 5447 nativitate.
2396 5394 2469 5447 De
2514 5395 2601 5449 his
2637 5397 2818 5454 tribus
2865 5407 3119 5473 personis
3166 5412 3350 5468 solam
3393 5413 3513 5471 Filii

1882 5499 2188 5553 personam
2206 5501 2310 5557 pro
2337 5485 2675 5546 liberatione
2700 5492 2945 5552 humani
2974 5503 3199 5571 generis
3219 5506 3514 5565 hominem

1880 5593 2075 5631 verum
2103 5578 2225 5633 sine
2255 5586 2481 5650 peccato
2515 5582 2585 5638 de
2612 5592 2804 5643 sancta
2834 5594 2892 5645 et
2930 5590 3299 5653 immaculata
3339 5600 3512 5657 Maria

1878 5669 2109 5742 Virgine
2139 5672 2423 5729 credimus
2449 5680 2839 5752 assumpsisse,
2871 5684 2943 5739 de
2969 5703 3082 5759 qua
3110 5706 3257 5745 novo
3285 5691 3509 5763 ordine,

1881 5781 2135 5839 novaque
2165 5767 2456 5825 nativitate
2482 5775 2567 5827 est
2593 5776 2841 5844 genitus,
2871 5780 3002 5849 quia
3038 5781 3335 5838 invisibilis
3363 5784 3506 5843 divi-

1881 5860 2058 5918 nitate
2099 5861 2334 5919 visibilis
2375 5870 2725 5925 monstratur
2767 5870 2826 5927 in
2874 5856 3060 5943 carne,
3114 5891 3259 5933 nova
3316 5884 3511 5949 autem
