4032 6312
526 356 625 411 539

1414 353 1694 411 ΑΡΡΕΝΙ).
1735 354 1822 409 AD
1860 354 2022 411 SEC.
2067 356 2153 411 IX.
2176 384 2244 397 -—-
2283 346 2529 413 ISIDORI
2568 345 2991 412 MERCATORIS

3786 341 3899 410 sto

524 464 815 520 nativitate
835 467 920 518 est
939 462 1181 535 genitus,
1195 460 1329 534 quia
1339 461 1547 519 intacta
1561 462 1855 535 virginitas
1865 464 2153 519 etvirilem
2174 476 2233 549 Α
2253 467 2370 520 tate
2388 465 2681 536 accipitur.
2697 465 2842 519 Nam
2860 465 3003 519 sicut
3021 479 3125 535 per
3144 465 3499 534 assumptam
3519 478 3747 519 carnem
3768 480 3900 519 non

527 558 738 612 coitum
768 557 1003 613 nescivit
1030 560 1088 611 et
1125 557 1427 611 fecundata
1459 573 1562 629 per
1591 557 1864 629 Spiritum
1894 563 2152 612 sanctum

526 652 710 706 carnis
759 650 1055 705 materiam
1103 649 1461 705 ministravit.
1512 650 1620 714 Qui
1674 654 1869 722 partus
1907 651 2153 720 Virginis

523 760 631 800 nec
661 744 880 815 ratione
921 743 1222 815 colligitur,
1254 760 1361 798 nec
1402 745 1662 815 exemplo
1706 744 1814 798 erit
1840 745 1995 799 enim
2037 745 2151 799 sin-

525 804 746 909 gularei
769 838 878 892 Nec
906 804 1102 892 tamen
1134 804 1378 907 Spiritus
1408 804 1636 892 sanctus
1670 839 1840 892 Pater
1879 854 1998 891 esse
2029 855 2149 893 cre-

525 914 747 985 dendus.
772 934 857 985 est
898 930 1021 984 Filii
1065 947 1170 1002 pro
1200 946 1267 985 eo
1312 930 1465 1002 quod
1491 931 1663 986 Maria
1708 931 1906 986 eodem
1940 931 2153 1002 Spiritu

523 1027 719 1079 sancto
768 1023 1167 1091 obumbrante,
1205 1025 1484 1096 concepit,
1518 1041 1589 1080 ne
1632 1024 1771 1079 duos
1798 1030 1987 1096 patres
2031 1024 2153 1079 Filii

522 1117 820 1175 videamur
854 1132 1129 1186 asserere,
1158 1116 1312 1187 quod
1352 1116 1547 1188 utique
1595 1116 1752 1171 nefas
1796 1120 1889 1171 est
1920 1118 2046 1171 dici.
2090 1119 2152 1171 In

525 1227 636 1281 quo
662 1209 913 1264 mirabili
937 1214 1212 1280 conceptu
1242 1232 1271 1260 ‹‹
1299 1210 1585 1265 aediﬁcans
1610 1210 1714 1265 sibi
1744 1210 2019 1281 sapientia
2048 1211 2151 1265 do-

522 1320 681 1359 mum
714 1304 890 1374 (Prov.
923 1319 997 1370 1x,
1032 1303 1102 1373 1).
1132 1324 1159 1352 ››
1192 1324 1219 1353 ‹‹
1269 1303 1517 1358 Verbum
1558 1320 1689 1358 caro
1732 1304 1943 1358 factum
1968 1306 2070 1375 est,
2100 1307 2157 1359 et

522 1397 805 1453 habitavit
830 1397 889 1450 in
914 1396 1076 1451 nobis
1103 1397 1275 1467 (Joan.
1299 1414 1337 1466 1,
1362 1398 1467 1461 14).
1497 1416 1526 1449 »
1556 1398 1669 1452 Nec
1693 1402 1886 1453 tamen
1905 1397 2155 1452 Verbum

522 1508 713 1564 ipsum
738 1493 821 1546 ita
840 1491 900 1545 in
927 1506 1160 1545 carnem
1184 1507 1517 1545 conversum
1546 1494 1717 1563 atque
1739 1493 2028 1546 mutatum
2049 1494 2152 1560 est,

523 1592 590 1640 ut
613 1584 909 1640 desisteret
934 1585 1082 1639 Deus
1112 1601 1232 1639 esse
1264 1584 1360 1655 qui
1405 1585 1578 1640 homo
1618 1602 1737 1639 esse
1775 1584 2062 1653 voluisset,
2092 1589 2157 1639 ut

526 1695 643 1734 non
686 1681 911 1733 tantum
957 1678 1035 1732 ibi
1085 1678 1158 1732 sit
1210 1678 1461 1733 Verbum
1505 1678 1620 1748 Dei,
1668 1678 1766 1733 sed
1814 1683 1870 1733 et
1912 1678 2156 1745 hominis

529 1772 741 1840 omnia,
783 1776 953 1842 atque
998 1772 1105 1825 hoc
1148 1774 1354 1839 totum,
1384 1777 1441 1827 et
1485 1772 1629 1826 Deus
1673 1772 1890 1826 dicatur
1924 1775 2157 1843 propter

527 1867 731 1945 Deum,
760 1870 817 1920 et
840 1841 1014 1919 homo
1044 1870 1282 1936 propter
1309 1864 1627 1920 hominem.
1661 1866 1721 1918 In
1754 1881 1869 1935 quo
1894 1841 1993 1920 Dei
2020 1841 2155 1919 Filio
2174 1841 2232 1913 Β

527 1959 665 2013 duas
713 1957 1002 2012 credimus
1026 1973 1144 2012 esse
1171 1962 1419 2025 naturas,
1450 1973 1625 2011 unam
1657 1957 1988 2025 divinitatis,
2017 1958 2157 2012 alte-

524 2068 652 2106 ram
681 2051 1075 2120 humanitatis,
1101 2067 1241 2121 quas
1270 2051 1345 2106 ita
1372 2050 1430 2104 in
1463 2068 1523 2104 se
1550 2066 1664 2105 una
1684 2050 1889 2107 Christi
1917 2068 2159 2122 persona

526 2144 724 2212 univit,
743 2148 806 2199 ut
833 2160 939 2198 nec
966 2143 1231 2198 divinitas
1256 2144 1326 2198 ab
1355 2144 1733 2213 humanitate,
1765 2161 1871 2198 nec
1899 2144 2161 2199 humani-

522 2242 612 2293 tas
637 2255 672 2292 a
698 2237 988 2292 divinitate
1018 2237 1195 2309 possit
1232 2237 1538 2308 aliquando
1566 2237 1813 2309 sejungi.
1848 2237 2009 2293 Unde
2035 2254 2161 2309 per-

524 2333 703 2387 fectus
727 2333 894 2399 Deus,
922 2331 1206 2403 perfectus
1231 2334 1289 2385 et
1330 2332 1502 2385 homo
1544 2331 1603 2385 in
1633 2330 1850 2385 unitate
1878 2347 2154 2402 personae.

523 2425 635 2480 Nec
666 2430 854 2480 tamen
885 2424 1018 2494 quia
1047 2424 1188 2478 duas
1216 2423 1274 2477 in
1303 2424 1438 2478 Filio
1478 2423 1726 2479 diximus
1759 2439 1877 2478 esse
1905 2430 2152 2493 naturas,

525 2519 663 2573 duas
707 2518 1042 2588 proﬁtemur
1079 2517 1141 2571 in
1186 2533 1253 2571 eo
1304 2533 1423 2572 esse
1460 2533 1747 2589 personas,
1778 2533 1850 2570 ne
1897 2516 2157 2571 Trinitati

523 2611 698 2684 (quod
749 2611 908 2681 absit)
956 2610 1209 2666 accidere
1271 2610 1529 2666 videatur
1588 2609 1958 2681 quaternitas.
2009 2611 2158 2665 Deus

522 2705 675 2761 enim
707 2704 951 2759 Verbum
988 2720 1106 2758 non
1147 2703 1360 2775 accepit
1407 2720 1714 2775 personam
1756 2702 2026 2773 hominis,
2059 2703 2157 2759 sed

521 2801 805 2863 naturam,
835 2803 892 2852 et
913 2798 973 2851 in
1005 2801 1284 2852 aeternum
1318 2813 1561 2867 persona
1594 2797 1902 2852 divinitatis
1927 2800 2154 2869 tempo-

522 2892 706 2947 ralem
722 2890 939 2961 accepit
957 2889 1330 2944 substantiam
1344 2890 1547 2943 carnis.
1566 2891 1703 2943 [tem
1714 2889 1885 2943 unius
1904 2890 2158 2945 substan-

523 2985 616 3040 tiae
641 2983 929 3038 credimus
959 3000 1082 3037 esse
1113 2984 1290 3037 Deum
1316 2982 1562 3050 Patrem,
1591 2988 1649 3037 et
1689 2982 1890 3037 Filium
1925 2987 1981 3037 et
2028 2984 2154 3055 Spi-

521 3077 697 3133 ritum
727 3076 1021 3147 sanctumJ
1040 3092 1158 3130 non
1185 3081 1380 3131 tamen
1410 3076 1671 3143 dicimus,
1698 3081 1757 3130 ut
1776 3076 1947 3147 hujus
1969 3076 2152 3131 Trini-

520 3173 652 3227 tatis
682 3170 961 3225 unitatem
1005 3168 1177 3225 Maria
1215 3170 1388 3241 Virgo
1442 3168 1727 3241 genuerit,
1758 3170 1855 3224 sed
1892 3176 2148 3225 tantum-
2171 3209 2226 3283 Ο

522 3265 690 3319 modo
720 3262 942 3329 Filium,
969 3263 1065 3335 qui
1086 3263 1237 3317 solus
1261 3269 1526 3317 naturam
1559 3267 1814 3318 nostram
1846 3263 1903 3317 in
1932 3263 2150 3319 unitate

520 3375 776 3431 personae
802 3374 918 3412 suae
946 3358 1268 3429 assumpsit,
1291 3356 1745 3412 incarnationem
1779 3373 2007 3429 quoque
2042 3358 2150 3412 hu-

514 3453 612 3524 jus
636 3451 761 3507 Filii
792 3451 887 3507 Dei
913 3455 1031 3507 tota
1054 3451 1299 3507 Trinitas
1328 3454 1563 3523 cperata
1584 3468 1706 3507 esse
1731 3451 2017 3506 credenda
2047 3457 2149 3519 est,

521 3546 657 3617 quia
680 3545 1084 3617 inseparabilia
1103 3548 1238 3600 sunt
1261 3561 1436 3617 opera
1454 3545 1759 3600 Trinitatis.
1783 3546 1944 3601 Solus
1961 3550 2153 3600 tamen

521 3639 691 3694 Filius
717 3639 960 3694 formam
984 3638 1125 3693 servi
1147 3639 1362 3711 accepit
1385 3638 1444 3692 in
1459 3638 1847 3710 singularitate
1868 3655 2149 3710 personae,

518 3749 638 3788 non
669 3732 729 3787 in
755 3733 971 3787 unitate
999 3733 1203 3787 divina
1228 3737 1464 3801 naturae,
1494 3731 1553 3785 in
1591 3732 1649 3786 id
1675 3732 1829 3801 quod
1853 3731 2151 3803 proprium

523 3832 608 3881 est
632 3826 776 3895 Filii,
808 3842 919 3879 non
947 3824 1103 3896 quod
1146 3841 1451 3880 commune
1487 3823 1767 3890 Trinitati,
1800 3841 1928 3895 quae
1971 3826 2153 3880 forma

519 3919 602 3974 illi
650 3919 723 3973 ad
763 3918 1047 3972 unitatem
1100 3932 1357 3988 personae
1418 3920 1678 3987 coaptata
1730 3920 1831 3985 est,
1873 3921 1939 3971 ut
1980 3917 2153 3973 Filius

521 4012 624 4066 Dei
648 4017 704 4066 et
741 4010 914 4065 Filius
943 4008 1192 4064 hominis
1226 4026 1373 4065 unus
1413 4010 1482 4064 sit
1507 4009 1782 4064 Christus.
1828 4012 1967 4065 Item
1995 4010 2152 4067 idem

520 4104 774 4161 Christus
803 4104 861 4158 in
891 4104 978 4159 his
1008 4104 1226 4159 duabus
1246 4103 1466 4159 naturis
1495 4102 1675 4158 tribus
1694 4107 1875 4158 exstat
1899 4104 2151 4160 substan-

521 4199 634 4269 tiis,
667 4198 833 4253 Verbi
853 4197 1008 4271 quod
1032 4199 1100 4253 ad
1132 4198 1308 4254 solius
1334 4198 1432 4252 Dei
1459 4197 1763 4252 essentiam
1789 4197 2149 4254 referendum

524 4296 627 4364 est,
661 4293 912 4365 corporis
953 4295 1013 4348 et
1052 4293 1280 4363 animm,
1309 4291 1462 4364 quod
1502 4291 1572 4346 ad
1622 4307 1823 4347 verum
1852 4292 2147 4348 hominem

521 4388 789 4460 pertinet.
820 4387 1001 4442 Habet
1043 4402 1180 4458 ergo
1230 4386 1288 4440 in
1339 4400 1398 4439 se
1444 4385 1730 4457 geminam
1772 4386 2147 4441 substantiam

522 4479 830 4538 divinitatis
876 4497 992 4535 suae
1040 4483 1096 4534 et
1135 4477 1511 4534 humanitatis
1551 4484 1779 4547 nostrae,
1825 4479 1915 4535 hic
1955 4486 2147 4537 tamen

2255 562 2474 612 tantum
2503 560 2685 625 Patre,
2713 557 2812 611 sed
2843 557 3028 628 seipso
3060 557 3254 612 minor
3278 557 3571 628 accipitur,
3594 556 3669 610 ita
3693 574 3904 611 secun-

2255 650 2393 704 dum
2409 651 2759 705 divinitatem
2776 667 2883 720 qua
2899 657 2980 705 est
2993 650 3226 722 aequalis
3252 651 3421 718 Patri,
3441 651 3628 721 etipse
3647 656 3703 705 et
3721 652 3903 704 Pater

2252 744 2441 813 major
2452 747 2536 797 est
2556 744 2810 814 homine,
2829 760 3003 815 quem
3024 744 3143 798 sola
3159 743 3278 797 Filii
3296 759 3544 814 persona
3558 744 3896 815 assumpsit.

2321 839 2479 905 ltem,
2507 837 2566 890 in
2599 853 2665 891 eo
2694 838 2843 907 quod
2872 838 3149 908 quaeritur
3171 840 3366 890 utrum
3397 837 3576 907 possit
3611 837 3783 891 Filius
3813 838 3898 891 sic

2255 930 2504 1001 aqualis,
2533 935 2591 984 et
2634 931 2822 984 minor
2863 946 2981 984 esse
3028 930 3244 1001 Spiritu
3286 935 3501 998 sancto,
3552 930 3697 985 sicut
3734 947 3897 985 nunc

2255 1023 2489 1093 aequalis
2517 1028 2619 1089 est,
2638 1040 2789 1077 nunc
2817 1022 3008 1077 minor
3033 1024 3196 1077 Patre
3226 1021 3478 1078 creditur
3495 1038 3636 1092 esse,
3658 1040 3902 1094 respon-

2255 1116 2475 1183 demus,
2504 1116 2816 1170 secundum
2858 1116 3100 1169 formam
3127 1115 3223 1169 Dei
3249 1115 3480 1186 aqualis
3522 1119 3607 1169 est
3637 1123 3694 1171 et
3737 1116 3899 1170 Patri

2254 1214 2310 1262 et
2337 1209 2574 1279 Spiritui
2615 1213 2846 1275 sancto;
2887 1209 3199 1263 secundum
3242 1208 3483 1263 formam
3526 1209 3670 1263 servi
3700 1210 3899 1264 minor

2255 1307 2341 1356 est
2368 1308 2425 1356 et
2449 1319 2481 1355 a
2527 1304 2707 1369 Patre,
2736 1308 2794 1357 et
2836 1320 2869 1356 a
2898 1302 3113 1373 Spiritu
3162 1306 3376 1369 sancto,
3416 1302 3549 1373 quia
3578 1319 3682 1357 nec
3706 1303 3893 1374 Spiri-

2255 1398 2345 1449 tus
2376 1398 2617 1464 sanctus,
2651 1396 2939 1466 ncc_Deus
2968 1396 3152 1463 Pater,
3200 1395 3296 1449 sed
3328 1395 3448 1449 sola
3495 1395 3616 1449 Filii
3649 1411 3898 1466 persona

2256 1489 2502 1559 suscepit
2526 1452 2906 1568 carnemjper
2933 1505 3104 1559 quam
3132 1487 3322 1542 minor
3344 1504 3462 1543 esse
3498 1489 3751 1543 creditur
3780 1489 3895 1543 illis

2255 1581 2511 1652 personis
2544 1581 2784 1636 duabus.
2825 1584 2984 1649 Item,
3029 1581 3119 1635 hic
3164 1580 3333 1635 Filius
3378 1598 3412 1635 a
3465 1583 3577 1636 Deo
3623 1583 3788 1636 Patre
3838 1588 3895 1635 et

2255 1674 2465 1747 Spiritu
2509 1680 2704 1730 sancto
2755 1675 3147 1746 separabiliter
3175 1674 3451 1729 discretus
3492 1675 3742 1729 creditur
3770 1692 3896 1730 esse

2255 1783 2515 1839 persona,
2545 1768 2616 1823 ab
2644 1768 2873 1822 homine
2900 1773 3095 1822 autem
3144 1773 3435 1840 assumpta
3471 1777 3691 1823 natura.
3722 1771 3892 1833 Item,

2259 1878 2387 1916 cum
2416 1862 2652 1916 homine
2677 1877 2826 1916 unus
2855 1866 3035 1915 exstat
3076 1877 3341 1932 persona,
3371 1877 3503 1916 cum
3542 1863 3706 1916 Patre
3753 1879 3894 1917 vero

2258 1961 2314 2009 et
2356 1955 2566 2026 Spiritu
2597 1959 2814 2025 sancto,
2846 1960 3050 2009 natura
3092 1954 3400 2009 divinitatis
3425 1971 3560 2024 suae,
3590 1955 3761 2011 Filius
3813 1965 3900 2011 ta-

2259 2065 2393 2103 men
2440 2065 2555 2102 non
2586 2049 2770 2103 solum
2800 2064 2834 2102 a
2877 2049 3061 2114 Patre,
3092 2048 3193 2102 sed
3242 2051 3300 2102 et
3342 2065 3375 2102 a
3422 2049 3635 2120 Spiritu
3675 2058 3894 2119 sancto,

2258 2142 2461 2195 missus
2482 2157 2601 2196 esse
2625 2140 2940 2195 credendus
2967 2146 3053 2194 est
3076 2141 3133 2195 in
3156 2157 3223 2195 eo
3249 2142 3397 2212 quod
3420 2158 3521 2212 per
3545 2143 3898 2213 prophetam

2258 2234 2490 2290 dicitur:
2525 2254 2548 2287 ι
2576 2236 2645 2289 Et
2666 2251 2817 2288 nunc
2843 2234 3114 2289 Dominus
3133 2235 3288 2289 misit
3306 2251 3396 2293 me
3424 2240 3481 2289 et
3500 2235 3742 2307 Spiritus
3764 2254 3899 2292 san-

2258 2333 2379 2382 ctus
2421 2329 2543 2393 (Isa.
2594 2329 2687 2397 v1).
2721 2349 2747 2376 ››
2799 2327 2880 2382 Ab
2910 2327 3028 2398 ipso
3066 2344 3296 2399 quoque
3342 2329 3545 2383 missus
3588 2330 3894 2401 accipitur,

2258 2437 2360 2492 pro
2389 2438 2455 2475 eo
2475 2420 2631 2492 quod
2660 2420 3070 2491 inseparabilis,
3100 2437 3218 2476 non
3253 2422 3437 2475 solum
3476 2423 3758 2490 voluntas,
3789 2424 3897 2479 sed

2257 2498 2506 2585 operatio
2554 2514 2729 2569 totius
2770 2513 3055 2567 Trinitatis
3092 2515 3441 2585 agnoscitur.
3475 2516 3573 2569 Hic
3602 2517 3758 2571 enim
3793 2518 3901 2589 qui

2257 2611 2386 2662 ante
2430 2608 2637 2662 smcula
2678 2606 3011 2678 unigenitus
3055 2611 3138 2661 est
3182 2613 3440 2677 vocatus,
3490 2611 3901 2681 temporaliter

2256 2701 2674 2773 primogenitus
2716 2704 2955 2772 propter
2995 2705 3344 2772 assumptam
3391 2720 3637 2771 carnem,
3668 2704 3725 2757 in
3775 2721 3901 2775 qua

2258 2794 2504 2866 suscepit
2527 2794 2778 2848 hominis
2802 2794 3064 2864 formam,
3076 2795 3241 2865 juxta
3260 2796 3655 2867 Evangelicam
3684 2780 3903 2853 verita-

2257 2892 2371 2943 tem
2421 2888 2540 2942 sine
2584 2892 2809 2959 peccato
2850 2892 3109 2943 mortuus
3148 2889 3396 2943 creditur
3438 2890 3537 2961 qui
3585 2891 3733 2945 solus
3781 2909 3898 2963 pro

2257 2980 2419 3035 nobis
2448 2982 2767 3052 passionem
2802 2981 2983 3053 ipsam
3027 2982 3238 3051 (tamen
3263 2983 3414 3036 salva
3441 2983 3729 3039 divinitate
3767 2988 3897 3056 sua)

2255 3090 2360 3144 pro
2387 3074 2600 3130 delictis
2626 3075 2835 3129 nostris
2873 3074 3156 3144 sustinuit,
3189 3075 3480 3146 mortique
3510 3078 3895 3149 adjudicatus,

2254 3175 2311 3229 et
2337 3170 2487 3224 cruci
2512 3186 2705 3223 veram
2735 3168 2919 3223 carnis
2959 3173 3207 3223 mortem
3249 3171 3481 3241 accepit.
3513 3171 3700 3225 Tertio
3735 3189 3893 3244 quo-

2252 3284 2362 3340 que
2382 3266 2471 3321 die
2501 3264 2703 3318 virtute
2734 3262 2965 3334 propria
2997 3262 3293 3317 suscitatus
3323 3281 3355 3317 a
3396 3266 3656 3335 sepulcro
3684 3283 3893 3321 surre-

2251 3362 2350 3416 xit.
2378 3362 2491 3415 Hoc
2519 3374 2655 3429 ergo
2676 3357 2938 3428 exemplo
2959 3356 3159 3428 capitis
3186 3357 3365 3411 nostri
3390 3359 3726 3413 conﬁtemur
3751 3377 3897 3416 vera

2250 3456 2363 3511 ﬁde
2410 3451 2881 3509 resurrectionem
2957 3451 3142 3504 carnis
3193 3451 3453 3506 omnium
3503 3457 3891 3526 mortuorum,

2254 3566 2360 3604 nec
2386 3548 2445 3602 in
2466 3563 2578 3601 mre
2603 3546 2689 3600 vel
2716 3544 2969 3616 qualibet
3004 3544 3113 3599 alia
3163 3562 3349 3615 carne,
3380 3550 3441 3601 ut
3465 3547 3696 3618 quidam
3736 3548 3893 3603 deli-

2251 3647 2444 3697 rantes
2473 3642 2825 3695 surrecturos
2851 3654 2956 3693 nos
2989 3638 3246 3707 credunt,
3278 3639 3378 3693 sed
3424 3639 3482 3694 in
3520 3639 3623 3695 ista
3651 3658 3767 3713 qua
3804 3645 3892 3698 vi-

2252 3736 2453 3802 vimus,
2478 3732 2846 3788 consistimus
2871 3736 2928 3786 et
2952 3748 3273 3802 movemur,
3302 3736 3529 3804 peracto
3559 3734 3727 3806 hujus
3754 3751 3893 3791 san-

2251 3834 2352 3884 cun
2379 3825 2809 3882 resurrectionis
2832 3825 3114 3897 exemplo,
3164 3826 3322 3880 idem
3366 3827 3641 3881 Dominus
3687 3832 3896 3885 noster

2251 3924 2425 3993 atque
2447 3921 2705 3975 Salvator
2723 3922 3022 3990 paternam
3041 3919 3395 3974 ascendendo
3418 3922 3610 3976 sedem
3634 3923 3890 3993 repetiit,

2253 4014 2323 4069 dc
2356 4032 2469 4085 qua
2498 4029 2792 4083 nunquam
2820 4029 2927 4084 per
2965 4011 3317 4068 divinitatem
3364 4011 3788 4085 discessit.llllic
3817 4019 3895 4073 ad

2251 4109 2541 4163 dexteram
2566 4107 2745 4160 Patris
2774 4107 2995 4177 sedens,
3025 4111 3381 4178 exspectatur
3403 4108 3462 4162 in
3506 4109 3617 4164 ﬁne
3644 4107 3891 4166 saeculo-

2249 4218 2377 4257 rum
2392 4201 2573 4273 judex
2585 4200 2841 4255 omnium
2855 4201 3111 4255 vivorum
3126 4206 3183 4256 et
3194 4205 3576 4258 mortuorum.
3596 4203 3732 4259 Inde
3752 4221 3891 4260 cum

2249 4295 2453 4351 sanctis
2465 4295 2732 4349 omnibus
2748 4294 2936 4350 veniet
2946 4296 3015 4350 ad
3031 4295 3331 4350 ferendum
3337 4296 3893 4367 judicium,reddere

2249 4390 2555 4460 unicuique
2582 4388 2859 4444 mercedis
2886 4389 3133 4460 propriae
3154 4389 3432 4457 debitum,
3450 4395 3621 4462 prout
3641 4392 3893 4464 quisque

2251 4483 2487 4555 gesserit
2511 4483 2569 4536 in
2596 4498 2838 4554 corpore
2863 4482 3096 4552 positus,
3116 4483 3229 4537 sive
3249 4483 3484 4553 bonum,
3502 4485 3617 4539 sive
3635 4486 3889 4557 malum;

520 4591 625 4650 per
666 4575 777 4631 hoc
807 4574 960 4646 quod
990 4571 1061 4627 de
1105 4573 1220 4626 Deo
1263 4574 1429 4627 Patre
1460 4572 1581 4627 sine
1606 4572 1769 4628 initio
1810 4573 2019 4644 prodiit
2050 4590 2146 4628 na-
2168 4577 2229 4651 D
2251 4577 2554 4631 Ecclesiam
2574 4592 2710 4631 sane
2737 4577 3075 4632 catholicam
3102 4577 3285 4647 pretio
3307 4578 3392 4632 sui
3418 4579 3714 4650 sanguinis
3734 4596 3892 4635 com-

520 4672 614 4724 tus
643 4671 888 4724 tantum.
908 4667 1045 4720 Nam
1078 4682 1261 4737 neque
1284 4666 1483 4734 factus,
1506 4682 1696 4737 neque
1720 4666 2154 4738 praedestinatus

522 4767 814 4839 accipitur,
848 4781 953 4836 per
1000 4764 1110 4819 hoc
1156 4767 1347 4819 tamen
1396 4765 1548 4836 quod
1592 4765 1661 4819 de
1704 4764 1876 4820 Maria
1922 4766 2153 4838 Virgine

522 4861 703 4916 factus
731 4864 815 4914 est
839 4863 896 4912 et
924 4862 1109 4925 natus,
1137 4862 1194 4912 et
1237 4858 1415 4912 factus
1465 4861 1523 4912 et
1569 4858 2004 4929 praedestinatus
2032 4876 2151 4915 esse

522 4953 839 5009 credendus
867 4955 971 5007 est.
1005 4951 1199 5007 Ambae
1224 4956 1416 5006 tamen
1464 4952 1576 5006 illa;
1619 4953 2013 5022 generationes
2037 4954 2150 5007 mi-

522 5047 746 5113 rabiles,
779 5046 912 5118 quia
957 5050 1015 5101 et
1059 5045 1129 5101 de
1171 5047 1339 5102 Patre
1382 5050 1513 5101 ante
1557 5047 1765 5100 saecula
1805 5046 1925 5101 sine
1970 5025 2172 5132 matre!

523 5144 610 5195 est
639 5139 883 5212 genitus,
908 5144 965 5195 ct
995 5140 1055 5195 in
1086 5140 1199 5195 ﬁne
1227 5140 1566 5195 saeculorum
1592 5139 1662 5195 de
1689 5143 1872 5195 matre
1900 5140 2020 5195 sine
2044 5142 2151 5195 Pa-

521 5238 609 5289 tre
637 5239 720 5289 est
748 5239 1079 5305 generatus;
1106 5234 1202 5306 qui
1231 5239 1427 5290 tamen
1459 5233 1773 5289 secundum
1798 5234 1956 5306 quod
1976 5235 2152 5290 homo

524 5331 760 5395 creatus,
786 5327 972 5383 Maria
999 5328 1195 5383 matris
1226 5331 1311 5383 est
1349 5327 1539 5383 Filius.
1577 5330 1718 5383 Item
1744 5344 1846 5399 per
1871 5328 1978 5385 hoc
2003 5330 2152 5399 quod

523 5421 669 5478 Deus
700 5422 803 5489 est,
836 5422 1065 5493 (aqualis
1104 5426 1188 5477 est
1229 5422 1415 5490 Patri;
1459 5439 1561 5494 per
1602 5422 1711 5478 hoc
1750 5421 1907 5494 quod
1955 5423 2149 5493 homo,

522 5517 712 5573 minor
738 5520 824 5571 est
868 5516 1056 5570 Patre.
1087 5515 1249 5584 Item,
1275 5518 1333 5569 et
1378 5516 1563 5587 major
1602 5519 1660 5571 et
1696 5517 1889 5572 minor
1933 5533 1991 5571 se
2031 5517 2153 5589 ipso

519 5611 838 5667 credendus
866 5613 988 5680 est;
1023 5608 1082 5664 in
1110 5610 1297 5664 forma
1324 5605 1478 5664 enim
1504 5610 1603 5666 Dei
1635 5611 1807 5666 etiam
1835 5610 1956 5682 ipse
1983 5611 2154 5666 Filius

519 5723 579 5761 se
599 5707 723 5778 ipso
752 5704 940 5776 major
965 5706 1050 5759 est
1071 5705 1309 5776 propter
1332 5701 1751 5759 humanitatem
1774 5709 2150 5777 assumptam,

523 5800 658 5871 quia
688 5799 951 5855 divinitas
981 5797 1163 5870 major
1206 5799 1309 5851 est.
1355 5797 1416 5850 In
1455 5796 1639 5852 forma
1669 5802 1862 5852 autem
1900 5799 2045 5853 servi
2096 5815 2155 5854 se

521 5892 647 5967 ipso
670 5894 862 5952 minor
880 5896 984 5965 est,
1006 5892 1063 5951 id
1093 5897 1178 5950 est
1200 5889 1572 5960 humanitate,
1595 5906 1721 5964 qua:
1746 5892 1938 5949 minor
1958 5890 2157 5949 divini-

2252 4680 2509 4746 paratam
2523 4691 2653 4729 cum
2670 4690 2736 4730 eo
2752 4674 3035 4729 credimus
3056 4675 3114 4729 in
3128 4682 3465 4747 perpetuum
3486 4681 3861 4749 regnaturam
3870 4724 3887 4750 ,

2250 4768 2399 4823 intra
2411 4768 2570 4839 cujus
2582 4767 2869 4839 gremium
2890 4768 3181 4823 constituti
3201 4786 3380 4825 unum
3401 4770 3750 4843 baptismum
3769 4790 3895 4829 cre-

2254 4862 2472 4929 dimus;
2504 4867 2560 4917 et
2579 4861 2917 4916 conﬁtemur
2936 4863 3336 4918 remissionem
3358 4866 3615 4919 omnium
3635 4873 3895 4937 peccato-

2252 4972 2400 5023 rum,
2417 4956 2519 5010 sub
2538 4972 2652 5026 qua
2667 4956 2776 5011 ﬁde
2794 4960 2851 5010 et
2864 4957 3341 5012 resurrectionem
3360 4961 3718 5014 mortuorum
3735 4974 3895 5015 vera-

2253 5049 2392 5103 citer
2417 5049 2721 5119 credimus,
2756 5055 2812 5104 et
2840 5049 3017 5104 futuri
3047 5051 3237 5105 saiculi
3266 5053 3471 5123 gaudia
3496 5057 3888 5125 expectamus.

2253 5144 2365 5197 Hoc
2394 5147 2614 5198 tantum
2639 5143 2923 5199 orandum
2949 5150 3034 5199 est
3059 5144 3220 5199 nobis
3240 5149 3298 5199 et
3323 5146 3651 5217 petendum,
3671 5151 3731 5201 ut
3751 5164 3889 5203 cum

2254 5239 2480 5309 peracto
2504 5237 2780 5309 ﬁnitoque
2812 5238 3031 5309 judicio
3078 5239 3376 5295 tradiderit
3424 5239 3593 5295 Filius
3638 5258 3891 5313 regnum

2253 5332 2369 5385 Deo
2397 5336 2453 5386 et
2476 5332 2650 5398 Patri,
2680 5332 2985 5403 participes
3010 5332 3216 5388 efﬁciat
3245 5350 3345 5388 nos
3373 5334 3540 5406 regni
3570 5334 3676 5404 sui,
3697 5340 3759 5389 ut
3784 5352 3895 5407 per

2253 5425 2397 5479 hanc
2416 5424 2588 5479 ﬁdem
2616 5441 2727 5496 qua
2752 5424 2832 5479 illi
2863 5425 3214 5495 inhaesimus,
3232 5443 3361 5481 cum
3388 5428 3485 5483 illo
3515 5428 3639 5482 sine
3661 5428 3777 5482 ﬁne
3806 5446 3897 5485 re-

2255 5496 2535 5605 gnemus‘
2549 5519 2659 5572 Hoc
2684 5523 2768 5573 est
2797 5520 3161 5575 confessionis
3185 5525 3394 5576 nostrae
3435 5522 3573 5577 ﬁdes
3617 5524 3895 5595 expositis

2252 5629 2356 5683 per
2379 5616 2549 5683 quam
2577 5613 2837 5668 omnium
2866 5613 3267 5669 haereticorum
3301 5615 3516 5687 dogma
3566 5616 3891 5687 perimitur,

2252 5722 2356 5777 per
2384 5721 2557 5777 quam
2582 5706 2838 5761 omnium
2890 5708 3147 5763 fidelium
3177 5708 3349 5763 corda
3378 5709 3752 5779 mundantur,
3787 5728 3895 5782 per

2254 5815 2428 5871 quam
2455 5802 2511 5855 et
2531 5799 2602 5853 ad
2631 5801 2809 5856 Deum
2836 5802 3081 5873 gloriose
3096 5802 3401 5873 acceditur,
3421 5803 3582 5875 cujus
3606 5820 3897 5860 sacrosan-

2254 5900 2407 5950 ctum
2435 5911 2697 5969 saporem
2725 5896 2828 5951 sub
2851 5895 3115 5951 triduano
3135 5896 3361 5969 jejunio
3379 5897 3649 5954 continua
3670 5900 3897 5958 relatio-
