4032 6310
185 347 274 406 541
1391 345 1862 405 DECRETALIUM
1901 345 2294 402 COLLECTIO.

3441 351 3540 406 542

185 474 321 512 num
351 457 659 512 conatione
699 459 956 512 rorantes
1001 456 1076 511 ad
1123 473 1192 510 ea
1235 473 1363 528 qua!
1404 457 1652 511 subnexa
1679 459 1812 510 sunt
1831 453 2278 539 Acognoverint
2315 453 2662 520 institutum,
2697 471 2804 508 nec
2839 455 3033 526 aliqua
3073 456 3399 512 diversitate
3441 475 3542 512 cu-

185 549 442 620 sequenti
471 549 563 603 die
592 550 946 604 decernenda
971 550 1354 604 transivimus.

249 645 376 698 CAP.
409 645 446 696 Ι.
483 645 546 696 ln
587 644 711 697 loco
745 642 1152 696 benedictionis
1183 643 1556 696 consedentes
1587 642 1810 696 Domini

183 737 522 804 sacerdotes,
569 735 740 788 nullis
789 735 1020 802 debent,
1071 739 1172 788 aut
1223 735 1542 789 indiscretis
1579 736 1810 790 vocibus

183 833 560 900 perstrepere,
590 832 688 882 aut
726 828 1074 899 quibuslibet
1099 828 1435 882 tumultibus
1463 829 1808 899 perturbari,

185 923 354 976 nullis
381 921 552 975 etiam
599 922 754 975 vanis
797 921 1000 975 fabulis
1045 922 1128 974 vel
1174 921 1380 974 risibus
1405 922 1521 992 agi,
1552 925 1609 974 et
1643 921 1810 992 (quod

185 1015 436 1070 deterius
460 1016 563 1087 est)
582 1015 880 1069 obstinatis
905 1014 1408 1085 disceptationibus
1433 1015 1811 1068 tumultuosas

183 1125 345 1162 voces
377 1109 684 1163 effundere.
735 1129 762 1156 ‹‹
803 1108 861 1162 Si
891 1107 1017 1179 quis
1061 1108 1216 1161 enim
1260 1107 1338 1176 (ut
1376 1109 1673 1178 Apostolus
1713 1107 1808 1175 ait)

183 1205 344 1273 putat
386 1218 444 1256 se
491 1201 820 1272 religiosum
864 1217 1003 1266 esse,
1049 1217 1164 1254 non
1205 1201 1505 1254 refrenans
1551 1201 1808 1270 linguam

183 1311 365 1363 suam,
394 1295 490 1348 sed
511 1295 782 1348 seducens
811 1310 906 1348 cor
931 1310 1117 1362 suum,
1141 1294 1310 1362 hujus
1333 1311 1472 1347 vana
1499 1296 1582 1346 est
1611 1293 1810 1362 religio

183 1389 314 1456 (Jac.
361 1405 400 1455 ι,
442 1391 552 1455 26).
587 1409 614 1436 n
664 1388 889 1442 Cultum
935 1387 1090 1441 enim
1138 1403 1304 1440 suum
1347 1387 1570 1457 justitia
1601 1387 1807 1456 perdit,

184 1481 416 1551 quando
445 1480 732 1534 silentium
763 1480 934 1550 perit,
965 1485 1020 1534 et
1052 1479 1334 1549 judicium
1360 1480 1808 1550 obstrepentium

183 1573 352 1627 turba
393 1573 706 1640 confundit,
741 1574 962 1628 dicente
1009 1574 1292 1644 propheta
1331 1591 1342 1627 ι
1387 1595 1414 1622 ‹‹
1460 1573 1578 1626 Erit
1625 1574 1810 1627 cultus

177 1666 415 1736 justitiae
437 1666 727 1720 silentium
754 1667 878 1738 (13a.
903 1683 1069 1735 xxxu,
1101 1667 1206 1736 l7).
1229 1686 1256 1717 »
1283 1667 1460 1720 Debet
1485 1683 1621 1736 ergo
1641 1666 1806 1737 quid-

184 1759 322 1830 quid
337 1763 472 1813 ante
490 1760 927 1814 consultationes
943 1759 1370 1814 consedentium
1389 1758 1436 1830 1
1453 1758 1579 1831 32
1599 1760 1807 1830 agitur,

1903 547 2225 618 juscunque
2255 547 2466 601 ordinis
2501 549 2591 602 vel
2619 548 2788 602 ofﬁcii
2816 565 2849 602 a
2877 549 3323 620 metropolitana
3353 567 3410 606 se
3437 569 3539 623 pa-

1909 640 2121 694 tiantur
2147 640 2281 693 sede
2311 641 2580 711 disjungi.
2616 641 2707 695 Sic
2751 641 2906 695 enim
2931 642 3152 712 justum
3184 649 3287 710 est,
3322 649 3385 698 ut
3413 644 3545 700 inde

1909 733 2302 803 unusquisque
2328 737 2518 788 sumat
2536 736 2768 804 regulas
2788 735 3105 805 magisterii
3132 737 3288 790 unde
3308 737 3546 792 honoris

1912 826 2392 881 consecrationem
2421 828 2656 898 accepit,
2694 833 2754 882 ut
2773 829 2940 898 juxta
2985 829 3274 900 majorum
3317 831 3544 885 decreta

1911 919 2077 972 sedes
2090 935 2216 988 quae
2234 919 2536 991 unicuique
2552 921 2908 976 sacerdotalis
2925 925 3110 976 mater
3137 928 3223 976 est
3249 923 3544 990 dignitatis

1910 1011 1983 1065 sit
2007 1017 2064 1065 et
2090 1011 2480 1066 ecclesiasticae
2496 1013 2772 1084 magistra
2798 1014 3053 1068 rationis.
3074 1015 3387 1070 Abbatibus
3408 1033 3542 1070 sane

1911 1104 2144 1158 indultis
2177 1104 2376 1158 ofﬁciis
2405 1121 2532 1176 quae
2565 1106 2728 1176 juxta
2761 1108 3106 1162 voluntatem
3151 1108 3240 1162 sui
3267 1109 3540 1181 episcopi,

1910 1197 2258 1267 regulariter
2279 1197 2390 1251 illis
2411 1199 2702 1267 implenda
2717 1206 2866 1266 sunt,
2890 1205 3094 1255 caetera
3113 1201 3298 1256 ofﬁcia
3315 1202 3544 1273 publica

1909 1290 1966 1344 id
2006 1296 2092 1344 est
2135 1307 2450 1362 vesperam,
2497 1292 2871 1362 matutinum,
2925 1294 3038 1346 sive
3089 1295 3324 1348 missam
3379 1295 3545 1350 aliter

1913 1400 2086 1454 quam
2133 1384 2193 1438 in
2231 1383 2534 1455 principali
2573 1386 2806 1440 ecclesia
2852 1387 3140 1440 celebrare
3183 1405 3300 1443 non
3355 1379 3584 1491 liceat./

1913 1477 2182 1547 Quisquis
2211 1481 2404 1532 autem
2436 1479 2646 1532 horum
2676 1480 3036 1534 decretorum
3062 1480 3302 1536 violator
3325 1483 3546 1538 exstite-

1911 1571 2002 1636 rit,
2035 1587 2130 1624 sex
2175 1571 2465 1626 mensibus
2512 1573 2918 1627 communione
2961 1573 3236 1644 privetur,
3285 1592 3348 1630 ac
3391 1576 3545 1646 apud

1911 1664 2414 1734 metropolitanum
2497 1665 2598 1718 sub
2673 1665 3026 1736 pmnitentias
3102 1684 3340 1722 censura
3411 1685 3544 1739 per-

1911 1761 2142 1811 maneat
2166 1757 2560 1828 corrigendus,
2598 1759 2846 1828 qualiter
2871 1761 3025 1830 apud
3053 1760 3218 1814 illum
3256 1767 3313 1816 et
3336 1766 3542 1832 praste-

183 1857 281 1906 aut
310 1853 664 1906 causantium
697 1857 858 1923 parte
889 1853 1229 1924 proponitur
1255 1853 1333 1906 sic
1360 1853 1654 1906 mitissima
1683 1869 1808 1906 ver-
1831 1844 1886 1914 B
1911 1851 2032 1904 rita:
2059 1850 2529 1921 transgressionis
2566 1852 2796 1922 culpam
2839 1853 3102 1924 lacrymis
3127 1854 3328 1922 diluat,
3357 1857 3414 1910 et
3441 1872 3542 1910 ne-

181 1945 395 2000 borum
422 1946 698 2000 relatione
739 1946 996 2016 proferri,
1034 1950 1099 2001 ut
1137 1963 1242 2000 nec
1275 1946 1632 2000 contentiosis
1658 1946 1810 1999 voci-

183 2037 286 2092 bus
316 2055 518 2094 sensus
545 2039 897 2094 audientium
925 2041 1178 2108 turbent,
1203 2057 1305 2093 nec
1327 2040 1708 2108 judicantium
1739 2040 1813 2093 vi-

183 2043 286 2092 bus
316 2055 518 2094 sensus
545 2043 897 2094 audientium
925 2043 1132 2094 turben
1203 2057 1305 2093 nec
1327 2043 1708 2108 judicantium
1739 2043 1811 2093 vi-

183 2149 382 2204 gorem
433 2133 502 2187 de
543 2133 798 2188 tumultu
833 2043 1501 2281 enerventIQuicunque
1559 2151 1694 2203 ergo
1751 2133 1811 2188 in

183 2231 462 2281 conventu
491 2226 715 2281 concilii
741 2228 862 2281 hanc
894 2244 1022 2281 uuae
1051 2245 1121 2281 nr
1176 2228 1343 2281 missa
1387 2231 1520 2280 sunt
1545 2227 1811 2281 violanda

183 2231 462 2281 conventu
491 2226 715 2281 concilii
741 2228 862 2282 hanc
894 2244 1022 2298 quae
1051 2226 1343 2299 prdamissa
1387 2231 1520 2280 sunt
1545 2227 1811 2282 violanda

182 2319 503 2386 crediderit,
533 2326 590 2374 et
615 2324 812 2375 contra
829 2321 948 2375 haec
967 2321 1286 2392 interdicta,
1310 2325 1407 2375 aut
1425 2321 1694 2387 tumultu,
1712 2324 1812 2374 aut

181 2413 654 2484 contumeliis,vel
665 2415 869 2469 risibus
881 2415 1184 2470 concilium
1199 2415 1640 2483 conturbaverit,
1650 2414 1811 2484 juxta

183 2506 384 2561 divinas
397 2507 540 2578 legis
552 2507 819 2575 edictum,
835 2525 946 2580 quo
959 2508 1300 2580 praecipitur,
1317 2509 1457 2580 ejice
1473 2508 1806 2578 derisorem,

181 2604 234 2654 et
249 2601 432 2654 exibit
446 2617 579 2655 cum
597 2617 665 2655 eo
674 2602 952 2673 jurgium,
970 2619 1100 2657 cum
1117 2603 1274 2657 omni
1292 2603 1572 2656 dedecore
1592 2603 1662 2656 de
1678 2619 1809 2656 con-

180 2693 422 2748 fessione
440 2694 753 2749 abstractus
766 2712 798 2750 a
814 2697 1106 2750 communi
1120 2699 1264 2751 coetu
1286 2696 1534 2762 secedat,
1560 2699 1615 2749 et
1633 2696 1807 2749 trium

181 2786 406 2842 dierum
439 2788 1048 2844 excommunicationis
1076 2790 1417 2844 sententiam
1441 2790 1706 2860 perferat.

249 2882 313 2936 Π.
332 2882 625 2944 Quantum
654 2883 778 2953 quis
803 2883 1056 2954 prmcelsi
1073 2878 1339 2938 culminis
1360 2883 1578 2937 obtinet
1597 2885 1806 2950 locum,

181 2979 407 3029 tantum
435 2991 667 3030 necesse
695 2980 780 3030 est
799 2977 1086 3047 praicedat
1110 2981 1347 3030 caeteros
1373 2977 1551 3047 gratia
1585 2976 1810 3030 merito-

181 3085 332 3136 rum,
349 3071 418 3123 ut
439 3069 500 3122 in
519 3086 588 3124 eo
611 3070 759 3140 quod
777 3071 1042 3140 praesidet
1057 3070 1314 3140 singulis,
1336 3070 1703 3140 singulariter
1717 3086 1806 3124 0r-

179 3164 350 3215 netur
372 3161 678 3216 eminentia
699 3163 1029 3233 sanctitatis,
1051 3163 1268 3218 habens
1289 3166 1346 3217 et
1360 3163 1418 3216 in
1439 3180 1535 3218 ore
1558 3163 1809 3234 gladium

178 3255 450 3322 veritatis,
482 3261 538 3310 et
579 3256 640 3310 in
669 3273 840 3328 opere
871 3257 1238 3312 efﬁcientiam
1277 3257 1526 3324 luminis,
1566 3263 1629 3311 ut
1651 3257 1810 3326 juxta

177 3349 418 3403 Paulum
445 3353 653 3420 potens
684 3349 756 3404 sit
779 3350 1063 3404 exhortari
1091 3351 1148 3404 in
1178 3350 1432 3405 doctrina
1452 3367 1588 3405 sana
1606 3353 1662 3405 et
1683 3367 1813 3405 con-

179 3442 559 3497 tradicentem
607 3443 895 3498 revincere
945 3445 1093 3513 ((Tit.
1141 3462 1177 3512 ι,
1223 3445 1296 3516 9),
1326 3446 1438 3499 Nos
1481 3445 1810 3516 proximum

177 3536 358 3590 nostri
373 3537 587 3590 ordinis
607 3538 866 3608 gradum,
887 3539 974 3592 vel
993 3538 1236 3609 suscepti
1253 3538 1552 3608 regiminis
1573 3539 1810 3592 modum

177 3645 532 3702 magnopere
569 3631 816 3701 cogitare
848 3631 1142 3701 debemus,
1177 3638 1240 3686 ut
1263 3633 1360 3704 qui
1390 3632 1638 3686 ofﬁcium
1658 3648 1808 3703 pree-

181 3722 482 3776 dicationis
515 3724 882 3796 suscepimus,
908 3725 1079 3779 nullis
1109 3726 1260 3780 curis
1288 3743 1321 3779 a
1356 3725 1545 3779 divina
1569 3725 1810 3781 lectione

177 3817 494 3888 privemur.
527 3819 668 3872 Nam
698 3820 1079 3890 quorumdam
1105 3823 1330 3874 mentes
1361 3819 1694 3890 pontiﬁcum
1733 3819 1810 3874 ita

181 3911 438 3982 corporis
464 3911 578 3964 otio
605 3927 636 3964 a
668 3911 922 3966 lectionis
954 3912 1138 3984 gratia
1168 3914 1554 3982 secluduntur,
1582 3918 1647 3969 ut
1673 3913 1811 3985 quid

179 4005 454 4059 doctrinm
501 4005 768 4075 gregibus
812 4006 1051 4072 subditis
1081 4008 1365 4072 exhibeat,
1405 4024 1521 4062 non
1560 4007 1813 4062 inveniat

179 4115 368 4169 praeco
397 4101 610 4154 mutus.
637 4099 1013 4154 lnsistendum
1033 4117 1169 4171 ergo
1187 4118 1410 4171 semper
1439 4102 1546 4156 erit
1572 4102 1808 4172 majori-

177 4192 302 4261 bus,
327 4197 393 4247 ut
423 4209 570 4263 quos
595 4193 698 4247 sub
729 4193 1024 4264 regiminis
1055 4211 1192 4249 cura
1217 4198 1451 4250 tuentur
1475 4195 1629 4248 fame
1657 4194 1809 4249 verbi

178 4286 276 4340 Dei
305 4286 501 4357 perire
531 4303 647 4340 non
679 4287 888 4341 sinant.
921 4288 1078 4342 Sicut
1105 4289 1550 4360 metrOpolitanis
1588 4288 1646 4342 in
1673 4305 1807 4342 con-

175 4381 453 4434 ﬁnitimos
471 4385 815 4452 cmterosque
839 4382 1225 4436 ecclesiasticis
1253 4383 1547 4437 ordinibus
1573 4383 1808 4449 deditos,

177 4473 254 4528 sic
273 4473 642 4528 conﬁnitimis
671 4475 730 4528 in
756 4477 1086 4531 commissos
1131 4477 1238 4529 sibi
1281 4475 1580 4547 religiosos
1616 4493 1679 4530 ex
1703 4493 1808 4530 uu-

1831 3213 1886 3286 C

1912 1944 2216 1998 cessariam
2254 1945 2568 1998 oﬁiciorum
2613 1945 2932 2000 doctrinam
2976 1947 3222 2002 studiose
3269 1947 3542 2004 addiscat.

1914 2037 2030 2091 Sub
2059 2037 2166 2091 ista
2196 2053 2332 2106 ergo
2362 2039 2563 2108 regula
2596 2055 2712 2092 non
2743 2039 2926 2093 solum
2965 2042 3440 2111 metropolitanus
3465 2046 3544 2096 to-

1910 2131 2024 2184 tius
2069 2131 2374 2201 provinciae
2422 2132 2716 2202 pontiﬁces
2765 2133 2847 2187 vel
2896 2134 3218 2190 sacerdotes
3242 2135 3541 2206 astringat,

1911 2223 2013 2278 sed
2039 2223 2208 2277 etiam
2237 2225 2428 2279 caeteri
2455 2225 2704 2296 episcopi
2735 2226 3018 2296 subjectos
3048 2227 3152 2282 sibi
3181 2228 3546 2284 ecclesiarum

1911 2322 2158 2372 rectores
2184 2303 2579 2388 obtemperare
2605 2319 3055 2374 institutionibus
3082 2326 3308 2392 cogant.

1979 2413 2062 2465 IV.
2119 2411 2276 2466 Sicut
2326 2412 2509 2466 omnis
2563 2413 2660 2484 qui
2710 2413 2896 2484 diligit
2950 2415 3187 2469 fratrem
3237 2433 3424 2484 suum,
3472 2433 3544 2471 ex

1911 2504 2024 2558 Deo
2073 2504 2246 2574 (Joan.
2293 2521 2366 2572 1v,
2412 2507 2483 2575 7),
2537 2505 2618 2558 ita
2661 2506 2847 2558 omnis
2885 2507 2982 2576 qui
3031 2508 3148 2562 odit
3189 2509 3539 2578 proximum,

1911 2613 1980 2650 ex
2011 2597 2236 2651 diabolo
2268 2604 2352 2651 est
2372 2597 2418 2668 (Ι
2437 2601 2596 2654 Joan.
2628 2615 2710 2666 ιιι,
2751 2599 2856 2669 17).
2886 2599 3196 2655 Dilectione
3238 2601 3390 2656 enim
3421 2603 3539 2656 sola

1910 2691 2249 2745 discernitur
2271 2692 2398 2762 quis
2427 2707 2492 2745 ex
2522 2708 2633 2762 quo
2656 2693 2886 2763 genitus
2917 2694 3286 2764 approbetur,
3317 2695 3539 2750 dicente

1909 2786 2122 2838 Joanne
2155 2802 2167 2838 :
2205 2805 2232 2834 κ
2267 2787 2322 2838 lu
2369 2785 2474 2839 hoc
2515 2786 2868 2840 manifestati
2907 2793 3040 2842 sunt
3063 2788 3167 2840 ﬁlii
3206 2788 3328 2858 Dei,
3357 2791 3414 2842 et
3443 2789 3542 2842 ﬁlii

1912 2878 2149 2946 diaboli;
2185 2877 2372 2932 omnis
2411 2880 2508 2950 qui
2555 2897 2668 2933 non
2715 2880 2848 2933 facit
2886 2881 3168 2951 justitiam
3215 2899 3332 2936 non
3359 2888 3444 2937 est
3473 2900 3542 2936 ex

1910 2972 2048 3040 Deo,
2115 2977 2170 3025 et
2229 2988 2343 3025 non
2396 2973 2582 3042 diligit
2646 2974 2876 3027 fratrem
2936 2991 3100 3028 suum
3161 2978 3204 3044 (1
3267 2979 3424 3031 Joan.
3481 2993 3540 3042 II,

1908 3068 2015 3136 29).
2044 3087 2070 3113 ››
2117 3066 2396 3130 Quoniam
2427 3067 2552 3120 hzec
2582 3070 2666 3120 est
2694 3067 3049 3122 annuntiatio
3079 3085 3254 3140 quam
3283 3070 3354 3124 ab
3381 3070 3542 3125 initio

1909 3159 2161 3224 audistis,
2183 3165 2248 3213 ut
2268 3159 2574 3230 diligamus
2603 3161 2963 3229 alterutrum,
2987 3166 3042 3216 et
3059 3167 3188 3232 post
3205 3164 3502 3234 paululum
3527 3181 3539 3218 :

1913 3273 1940 3301 ‹‹
1974 3253 2174 3306 Omnis
2194 3253 2291 3323 qui
2319 3253 2438 3306 odit
2465 3253 2787 3324 proximum
2823 3271 3014 3324 suum,
3044 3256 3328 3311 homicida
3353 3261 3455 3326 est,
3489 3262 3545 3312 et

1911 3347 2062 3400 scitis
2104 3345 2371 3417 quoniam
2415 3347 2602 3400 omnis
2652 3347 2938 3402 homicida
2979 3365 3098 3402 non
3151 3351 3322 3405 habet
3369 3351 3544 3406 vitam

1911 3444 2186 3495 aeternam
2233 3440 2292 3493 in
2337 3455 2395 3494 se
2447 3445 2784 3495 manentem
2819 3442 2863 3510 (Ι
2885 3445 3039 3497 Joan.
3075 3459 3156 3510 Ill,
3195 3445 3299 3512 15).
3343 3465 3370 3493 ››
3403 3446 3544 3500 Ecce

1909 3533 2199 3588 homicida
2219 3549 2338 3588 esse
2359 3533 2729 3604 probabiliter
2746 3534 3087 3603 declaratur,
3107 3537 3204 3607 qui
3233 3555 3264 3590 a
3288 3538 3543 3592 fraterna

1911 3631 2175 3687 societate
2204 3631 2492 3686 dividitur.
2514 3633 2655 3686 Nam
2684 3637 2740 3686 et
2765 3633 2810 3687 si
2841 3651 3046 3688 manus
3071 3651 3184 3689 non
3217 3641 3444 3691 moveat
3469 3636 3542 3691 ad

1912 3725 2303 3796 occidendum,
2332 3743 2435 3796 pro
2465 3743 2532 3780 eo
2561 3732 2753 3782 tamen
2789 3727 2920 3799 quia
2961 3729 3197 3783 immitis
3235 3734 3320 3799 est
3342 3730 3414 3785 ad
3443 3747 3540 3785 oc-

1911 3819 2238 3887 cidendum,
2276 3823 2396 3890 jam
2426 3836 2460 3874 a
2487 3822 2600 3874 Deo
2638 3797 2930 3875 homicida
2966 3823 3214 3877 tenetur.
3232 3797 3399 3902 'Vivit
3423 3824 3540 3895 ille,

1911 3917 1968 3968 et
2013 3913 2117 3968 iste
2154 3914 2276 3984 jam
2319 3914 2648 3970 interfector
2679 3931 2804 3970 esse
2833 3916 3206 3972 convincitur.
3238 3918 3380 3973 Cum
3408 3935 3544 3991 ergo

1911 4007 2001 4062 his
2049 4008 2350 4080 praeceptis
2394 4009 2593 4064 beatus
2636 4011 2926 4080 apostolus
2978 4012 3180 4066 Paulus
3231 4029 3362 4068 cum
3405 4029 3545 4068 sana

1910 4103 2316 4174 praedicatione
2336 4104 2636 4159 concordet
2657 4104 2848 4158 dicens
2878 4121 2890 4159 :
2918 4107 3088 4160 «Non
3112 4106 3331 4162 occidat
3361 4109 3441 4162 sol
3459 4125 3545 4162 su-

1911 4195 2378 4267 periracundiam
2395 4201 2665 4264 vestram,
2684 4201 2740 4251 et
2764 4198 2936 4252 nolite
2959 4201 3148 4254 locum
3171 4200 3303 4254 dare
3317 4199 3544 4256 diabolo

1917 4289 2071 4360 (Eph.
2103 4307 2174 4356 1v,
2210 4293 2276 4344 26
2308 4297 2357 4344 et
2384 4295 2492 4358 27);
2525 4310 2549 4340 »
2579 4292 2774 4345 relatae
2806 4298 2936 4346 sunt
2965 4293 3126 4347 nobis
3152 4296 3540 4365 quorumdam

1913 4384 2272 4436 sacerdotum
2306 4399 2567 4453 personae
2599 4383 2657 4436 in
2693 4387 2916 4438 tantam
2951 4385 3345 4440 obstinationis
3375 4387 3541 4441 eﬁ‘er-

1912 4475 2100 4530 buisse
2127 4475 2492 4546 discordiam,
2516 4483 2580 4530 ut
2599 4493 2713 4530 non
2736 4479 2920 4532 solum
2949 4478 3072 4532 illos
3099 4480 3168 4532 ab
3201 4480 3280 4533 ira
3313 4497 3544 4534 occasus

177 4583 340 4622 mero
368 4567 718 4638 vigilandum
751 4573 853 4635 est,
887 4571 1130 4640 qualiter
1161 4570 1470 4660 nescientia
1497 4570 1697 4624 talium
1727 4569 1808 4624 di-
1830 4588 1890 4660 D
1914 4570 2040 4625 solis
2069 4587 2183 4624 non
2213 4573 2458 4636 revocet,
2483 4570 2584 4624 sed
2611 4588 2714 4624 nec
2743 4588 2959 4625 annosa
2983 4573 3214 4643 quidem
3241 4574 3542 4628 transactio

179 4662 326 4716 vina?
372 4661 518 4732 legis
561 4663 971 4718 eruditionibus
1001 4642 1435 4754 imbuatur.!lta
1473 4664 1812 4718 indesinenti

181 4755 558 4810 sollicitudine
585 4757 849 4826 praelatus
877 4757 1116 4828 quisque
1143 4757 1392 4812 subditos
1417 4774 1696 4828 quaerens,
1717 4761 1815 4811 aut

181 4850 500 4920 profectum
522 4866 718 4904 eorum
740 4851 1096 4906 laetabundus
1125 4857 1416 4922 agnoscat,
1448 4857 1546 4906 aut
1577 4868 1810 4905 uescen-

179 4944 316 4997 tiam
349 4943 474 4998 sine
505 4944 836 5014 arrogantia
867 4945 1130 5000 instruat.
1163 4946 1379 4999 Placuit
1407 4961 1542 5015 ergo
1574 4945 1641 4999 de
1687 4945 1810 4998 lali-

179 5035 280 5090 bus
315 5037 482 5108 juxta
521 5037 780 5092 instituta
823 5039 1076 5092 Toletani
1115 5039 1339 5094 concilii
1365 5040 1470 5093 hoc
1499 5038 1814 5110 specialiter

181 5129 442 5198 deﬁnire,
469 5135 536 5184 ut
571 5136 668 5186 aut
711 5135 914 5202 sponte
942 5137 1173 5187 sumant
1211 5133 1591 5188 intentionem
1616 5149 1810 5186 neces-

179 5225 386 5280 sariam
437 5225 812 5296 perdiscendi,
864 5231 963 5281 aut
1008 5243 1041 5280 a
1089 5227 1400 5297 majoribus
1444 5228 1514 5280 ad
1557 5226 1813 5281 lectionis

179 5319 452 5374 exercitia
475 5322 758 5390 cogantur
780 5319 963 5374 inviti.

251 5415 339 5468 llI.
359 5414 438 5467 De
461 5413 549 5466 his
567 5413 664 5484 qui
685 5417 884 5468 contra
901 5414 1142 5484 apostoli
1161 5414 1516 5469 voluntatem
1533 5435 1558 5463 ‹‹
1578 5413 1813 5466 circum-

180 5505 442 5562 feruntur
471 5507 632 5562 omni
673 5513 836 5562 vento
881 5508 1156 5563 doctrinae
1185 5510 1340 5579 (Eph.
1378 5525 1451 5575 1v,
1483 5509 1585 5578 14),
1617 5529 1643 5556 ››
1694 5508 1809 5577 pla-

181 5601 293 5656 cuit
339 5602 444 5656 hoc
489 5604 688 5656 sancto
736 5601 1005 5668 concilio,
1058 5609 1118 5657 ut
1163 5603 1616 5673 metropolitante
1667 5601 1813 5656 sedis

183 5695 520 5751 auctoritate
569 5695 766 5764 coacti,
811 5695 1259 5767 uniuscujusque
1305 5696 1612 5767 provincia:
1667 5695 1813 5749 cives

181 5793 542 5862 rectoresque
571 5789 946 5846 Ecclesiarum
969 5807 1149 5845 unum
1172 5791 1554 5861 eumdemque
1579 5791 1636 5844 in
1663 5789 1811 5860 psal-

185 5881 346 5940 lend'o
374 5889 616 5940 teneant
643 5884 878 5940 modum
917 5901 1091 5958 quem
1121 5885 1182 5940 in
1211 5885 1645 5958 metr0politana
1683 5883 1812 5939 sede

1912 4670 2236 4735 temporum
2284 4665 2354 4718 ad
2395 4664 2610 4718 bonum
2638 4665 2931 4719 charitatis
2962 4665 3214 4734 reclinet,
3245 4667 3454 4737 quippe
3485 4667 3542 4722 in

1914 4774 2161 4830 quorum
2191 4756 2450 4812 cordibus
2490 4758 2574 4812 sol
2603 4757 2838 4828 justitias
2883 4758 3134 4813 Christus
3164 4761 3448 4830 occubuit,
3483 4767 3546 4816 ut

1912 4852 1984 4906 ad
2013 4853 2206 4906 lumen
2235 4851 2524 4906 charitatis
2553 4851 2742 4906 redire
2771 4853 2858 4906 vix
2891 4853 3124 4923 possint.
3164 4855 3376 4908 Horum
3405 4871 3543 4926 ergo

1915 4952 1972 5000 et
2001 4945 2276 5000 similium
2307 4946 2754 5000 discordantium
2776 4947 3015 5022 fratrum
3043 4947 3355 5002 oblationes
3377 4948 3544 5019 juxta

1913 5040 2132 5111 antiqui
2164 5041 2394 5118 canonis
2416 5039 2806 5095 deﬁnitionem
2826 5041 2981 5094 nullo
2999 5041 3168 5096 modo
3192 5041 3545 5114 recipiendas

1916 5147 2037 5184 esse
2082 5131 2425 5196 censuimus,
2476 5130 2728 5200 personis
2773 5136 2964 5184 tamen
3006 5129 3450 5187 discordantium
3489 5135 3545 5188 id

1914 5224 2138 5294 speciali
2165 5223 2491 5279 deﬁnitione
2521 5223 2902 5295 praecipimus,
2931 5227 2996 5278 ut
3013 5229 3323 5296 antequam
3347 5243 3443 5283 eos
3461 5245 3547 5282 re-

1915 5317 2233 5372 conciliatio
2279 5335 2415 5372 vera
2460 5318 2732 5384 inuectat,
2790 5319 2981 5373 nullus
3035 5335 3232 5376 eorum
3285 5323 3548 5378 accedere

1915 5413 1982 5464 ad
2029 5412 2202 5465 altare
2241 5411 2469 5465 Domini
2509 5411 2716 5466 audeat
2741 5412 2826 5466 vel
2860 5413 3098 5484 gratiam
3132 5417 3548 5471 communionis

1915 5511 2120 5560 sanctas
2148 5505 2437 5576 percipiat,
2469 5505 2570 5559 sed
2597 5506 2883 5576 geminato
2913 5511 3178 5580 tempore
3227 5527 3329 5580 per
3365 5510 3545 5581 poeni-

1879 5599 2154 5653 .tentiam
2189 5600 2663 5669 compensabunt,
2713 5616 2826 5672 quo
2870 5601 3164 5657 discordiae
3211 5603 3542 5670 servierunt,

1917 5693 2078 5757 Quod
2117 5693 2164 5747 si
2197 5710 2343 5746 unus
2393 5693 2502 5747 alio
2551 5699 2955 5750 contemnente
2988 5698 3056 5750 ad
3103 5694 3544 5750 satisfactionem

1915 5787 2202 5842 charitatis
2223 5787 2552 5860 cucurrerit,
2575 5805 2639 5844 ex
2661 5805 2729 5844 eo
2753 5795 3008 5861 tempore
3031 5794 3090 5844 ut
3111 5787 3375 5858 paciﬁcus
3393 5789 3546 5844 intra

1915 5881 2209 5938 ecclesiam
2255 5885 2572 5955 reputatur,
2608 5901 2672 5938 ex
2719 5900 2831 5956 quo
2858 5884 2930 5937 ad
2975 5880 3338 5938 concordiam
3381 5883 3543 5940 festi-
