4032 6328
482 345 581 407 543

1368 344 1653 401 ΑΡΡΕΝΙ).
1690 345 1779 400 AD
1816 344 1982 400 SEC.
2024 344 2113 399 IX.
2139 372 2208 384 —-
2244 342 2495 402 ISIDOBJ
2530 334 2955 402 MERCATORIS

3743 343 3844 398 544

475 477 637 514 nasse
663 456 1038 525 convincitur,
1061 455 1335 511 sententia
1354 458 1549 510 tamen
1567 453 1851 526 superiori
1865 456 2104 524 servata,
2130 466 2188 541 Α
2208 455 2607 512 decernimus:
2639 456 2694 513 Si
2730 456 2858 528 quis
2892 454 3291 526 episcoporum
3328 450 3612 524 magnatis
3650 452 3841 523 cujus-

475 558 542 607 ut
576 557 809 624 tempus
847 550 999 622 quod
1025 550 1082 603 in
1112 550 1194 603 ira
1219 548 1489 619 expendit
1519 548 1874 619 geminatum
1908 548 1965 603 in
1996 565 2110 619 pa-

474 646 733 700 nitentia
760 643 1148 699 satisfactione
1178 642 1477 712 persolvat.

548 740 608 793 V.
636 738 815 793 Nullis
858 737 974 790 vita
1010 736 1319 805 prasulum
1348 732 1642 805 pertubari
1673 734 1840 788 debet
1868 734 2107 789 excessi-

474 831 600 899 bus,
629 831 762 901 quia
789 829 951 883 valde
978 828 1281 897 indignum
1313 830 1417 897 est,
1450 830 1516 880 ut
1539 827 1639 899 qui
1663 827 1855 882 throni
1884 827 1982 882 Dei
2008 844 2107 882 vo-

473 928 691 991 cantur,
721 922 831 977 levi
860 921 1108 976 motione
1147 921 1471 989 turbentur,
1512 922 1570 974 et
1615 919 1716 990 qui
1754 919 1965 975 debent
1989 936 2109 975 esse

474 1017 584 1072 iter
607 1016 860 1087 justitia,
886 1014 994 1085 ipsi
1038 1013 1357 1068 efﬁciantur
1387 1012 1767 1067 seminarium
1794 1012 1907 1067 litis
1937 1016 2109 1085 atque

471 1110 707 1182 rapina.
729 1108 1025 1172 Quomodo
1043 1123 1183 1179 ergo
1207 1106 1303 1177 huj
1312 1106 1536 1161 usmodi
1560 1106 1736 1177 (juxta
1755 1106 2104 1177 Apostolum)

476 1223 505 1251 ‹‹
532 1201 1063 1272 irreprehensibiles
1110 1201 1155 1271 (1
1198 1202 1334 1254 Tim.
1379 1216 1435 1267 v,
1473 1200 1523 1269 7)
1566 1220 1595 1249 »
1639 1204 1827 1268 erunt,
1859 1199 1956 1270 qui
1990 1216 2107 1254 non

472 1298 655 1351 solum
687 1293 1149 1366 reprehensibilia
1189 1293 1425 1360 faciunt,
1457 1292 1558 1347 sed
1602 1292 1895 1347 mortifera
1922 1292 2108 1363 potius

473 1396 530 1444 et
553 1389 892 1444 exsecranda
922 1386 1321 1441 committunt?
1354 1385 1538 1440 Relati
1578 1385 1736 1440 enim
1781 1385 1947 1440 nobis
1976 1389 2110 1440 sunt

471 1482 701 1554 quidam
740 1499 812 1535 ex
841 1479 1242 1546 sacerdotibus,
1291 1479 1443 1550 quod
1492 1479 1649 1533 omni
1698 1478 1972 1549 gravitate
2016 1495 2106 1533 sa-

472 1574 778 1630 cerdotalis
795 1574 1009 1629 ordinis
1028 1572 1431 1644 praetermissa,
1454 1571 1809 1626 audientium
1822 1571 2107 1641 judicium

471 1668 667 1723 furore
699 1666 1046 1738 praveniant
1095 1669 1152 1720 et
1195 1681 1425 1720 excessu
1467 1664 1794 1719 inhonesta
1840 1663 2108 1719 motionis

467 1760 686 1833 judicia
717 1760 913 1816 audire
940 1759 1254 1829 refugiunt,
1283 1774 1387 1829 pro
1417 1757 1622 1829 quibus
1648 1774 1746 1812 eos
1777 1761 2109 1827 oportuerat

2210 568 2385 622 quam
2409 551 2868 619 uxorem,ﬁliam,
2883 553 3135 620 neptem,
3157 563 3259 601 seu
3277 545 3709 618 quolibetillum
3723 562 3846 617 gra-

2210 643 2287 697 du
2303 643 2558 697 adhibito
2576 643 2941 714 pertingente
2957 656 3295 713 quacunque
3309 639 3507 694 fraude
3520 639 3611 693 vel
3626 638 3846 693 subtili-

2210 739 2323 791 tate
2336 735 2659 790 adulterina
2667 736 2983 808 pollutione
2995 733 3367 801 fadaverit,et
3378 732 3613 788 honoris
3624 731 3844 803 proprii

2210 829 2451 901 gradum
2471 829 2713 899 amittat,
2738 834 2794 884 et
2818 828 2919 884 sub
2934 827 3115 884 exsilii
3132 826 3483 897 relegatione
3504 828 3842 897 perpetuam

2212 922 2818 977 excommunicationis
2849 921 3192 977 sententiam
3219 920 3493 991 perferat,
3524 919 3624 990 qui
3650 922 3840 972 tamen

2210 1017 2353 1070 circa
2381 1016 2554 1071 ﬁnem
2581 1015 2711 1072 vita
2752 1015 3170 1071 communionis
3199 1012 3454 1068 remedio
3488 1011 3842 1083 adjuvandus

2210 1114 2312 1165 est.
2341 1111 2494 1164 Hauc
2520 1126 2655 1164 sane
2695 1114 2752 1164 et
2793 1109 2875 1163 illi
2921 1108 3264 1164 sententiam
3312 1106 3710 1174 merebuntur,
3744 1105 3842 1175 qui

2209 1206 2307 1257 aut
2342 1203 2595 1258 volentes
2642 1202 3021 1257 homicidium
3071 1200 3327 1267 fecerint,
3359 1202 3459 1253 aut
3495 1198 3841 1271 primatibus

2209 1296 2406 1367 palatii
2445 1297 2847 1368 generosisque
2885 1294 3139 1366 personis
3178 1310 3276 1348 seu
3318 1291 3693 1347 nobilioribus
3721 1291 3841 1362 qui-

2208 1389 2539 1461 buscunque
2570 1389 2918 1459 mulieribus,
2945 1393 3042 1443 aut
3057 1387 3261 1459 puellis
3279 1386 3495 1457 aliquid
3514 1402 3619 1456 per
3641 1400 3841 1439 necem

2207 1487 2306 1537 aut
2318 1499 2419 1552 per
2438 1498 2835 1554 quamcunque
2860 1481 3174 1552 irrogatam
3193 1478 3464 1549 injuriam
3500 1477 3603 1531 visi
3628 1477 3843 1533 fuerint

2208 1576 2481 1631 intulisse.
2541 1575 2701 1630 Unde
2753 1591 2849 1629 eos
2896 1575 3062 1645 juxta
3109 1573 3305 1644 legum
3351 1571 3707 1627 sacularium
3748 1572 3838 1624 in-

2208 1669 2422 1738 stituta,
2445 1672 2545 1723 aut
2570 1668 2841 1723 talionem
2863 1667 3134 1738 recipere,
3159 1671 3257 1721 aut
3278 1664 3643 1720 traditionem
3659 1665 3729 1719 de
3752 1664 3840 1718 his

2207 1762 2329 1816 ﬁeri
2360 1762 2447 1815 vel
2473 1760 2949 1832 proscriptionem
2978 1761 3253 1831 oporteat.

474 1852 755 1924 aquitatis
769 1852 1302 1924 judiciasustinere.
1323 1851 1465 1905 Dum
1494 1850 1649 1904 enim
1671 1848 1740 1904 de
1767 1849 2001 1905 honoris
2021 1833 2184 1906 suiB
2278 1857 2361 1909 Vl.
2408 1856 2502 1908 His
2547 1873 2580 1908 a
2627 1854 2832 1926 quibus
2877 1852 3100 1908 Domini
3145 1856 3496 1907 sacramenta
3543 1851 3840 1906 tractanda

475 1946 722 2001 culmine
750 1946 1143 2012 blandiuntur,
1182 1944 1521 2016 patientiam
1551 1943 1762 1998 habere
1794 1943 2106 2013 refugiunt,

473 2043 532 2095 et
583 2040 680 2110 qui
727 2039 1056 2093 inconcusse
1111 2037 1427 2093 debuerant
1476 2036 1727 2091 veritatis
1776 2052 2108 2090 conservare

473 2136 704 2202 statum,
754 2132 938 2186 subito
994 2131 1284 2202 religionis
1334 2132 1563 2184 mutant
1619 2130 1995 2200 propositum,
2053 2133 2109 2183 et

472 2225 750 2297 pracipiti
776 2226 967 2280 furore
983 2224 1260 2295 judicium
1283 2222 1648 2278 antecedunt.
1677 2223 1877 2294 Sicque
1905 2223 1962 2276 in
1996 2238 2107 2293 quo

473 2320 741 2375 decuerat
762 2336 861 2375 eos
875 2318 1079 2390 judicii
1101 2318 1377 2373 sustinere
1405 2302 1750 2371 conventum
1772 2315 2107 2388 pervasione

471 2416 653 2484 agunt
693 2413 841 2468 unde
872 2413 940 2467 de
969 2411 1510 2483 prasumptionibus
1541 2409 1983 2465 confundantur.
2001 2407 2106 2473 Qui

470 2511 667 2562 tamen
690 2509 791 2561 aut
817 2506 1028 2561 damno
1057 2505 1273 2577 pariter
1297 2507 1354 2559 et
1383 2502 1973 2559 excominunicatione
1992 2503 2107 2573 ple-

471 2599 661 2654 ctendi
688 2602 839 2669 sunt,
866 2604 965 2654 aut
985 2597 1208 2653 omissis
1229 2596 1743 2669 compositionibus
1768 2612 1963 2653 rerum
1988 2596 2107 2651 sola

470 2693 849 2749 satisfactione
898 2691 1250 2764 panitentia
1281 2691 1656 2745 curabuntur.
1701 2689 1783 2744 Illi
1826 2689 1980 2744 enim
2009 2688 2108 2758 qui

470 2787 556 2842 rei
582 2786 829 2858 propria
857 2786 1121 2841 facultate
1142 2784 1358 2840 suifulti
1376 2786 1530 2854 sunt,
1557 2786 1656 2838 aut
1674 2781 1773 2854 qui
1797 2798 1921 2837 rem
1946 2794 2105 2836 suam

465 2880 589 2952 jam
620 2884 789 2935 antea
822 2879 883 2934 in
912 2878 1144 2934 nomine
1193 2877 1451 2933 Ecclesia
1492 2878 1809 2947 prasenter
1853 2875 2104 2930 transfu-

473 2973 618 3029 disse
637 2974 970 3040 noscuntur,
1004 2972 1049 3026 si
1079 2973 1177 3026 aut
1212 2987 1320 3043 per
1345 2987 1422 3040 se,
1455 2973 1554 3025 aut
1580 2985 1685 3040 per
1709 2968 1978 3037 subditos,
2006 2984 2105 3023 seu

473 3081 577 3140 per
613 3066 895 3140 quoslibet
939 3065 1124 3121 aliena
1171 3064 1468 3136 diripiunt,
1501 3062 1587 3118 vel
1617 3061 2104 3133 prasumptionis,

473 3177 574 3216 seu
603 3160 773 3216 cadis
815 3158 1107 3231 quidpiam
1137 3161 1336 3229 agunt,
1364 3161 1483 3212 tam
1511 3157 1570 3210 in
1601 3156 1771 3211 rebus
1798 3154 2101 3224 fiscalibus,
2125 3200 2180 3274 Ο

481 3271 639 3274 ..ηιμ-Α
680 3254 839 3274 Αιξκ...
878 3253 929 3274 Ξ--
975 3251 1350 3274 μ---..--...1;1.-ι
1385 3249 1630 3274 ,1,....;..ε,.
1686 3247 1995 3274 ,ιλ-.-ιζι.-ιζι.
2053 3251 2101 3274 ’.ι

472 3271 648 3327 quam
674 3254 846 3309 etiam
877 3253 937 3307 in
968 3251 1353 3324 quorumlibet
1380 3249 1634 3305 dominio
1682 3247 2017 3315 constitutis,
2050 3251 2107 3301 et

470 3365 709 3422 pervasa
724 3348 814 3402 vel
838 3348 1189 3418 prasumpta
1215 3344 1286 3400 de
1307 3344 1497 3414 rebus,
1518 3343 1681 3415 juxta
1704 3344 1894 3415 legem
1922 3341 2102 3398 excel-

470 3441 769 3497 lentissimi
796 3439 1068 3512 principis
1087 3437 1351 3506 sarciant,
1374 3442 1432 3492 et
1456 3453 1560 3508 pro
1582 3452 1813 3492 excessu
1841 3434 2105 3507 religioni

471 3535 774 3606 contrario,
805 3534 958 3606 quod
982 3533 1288 3588 inhoneste
1333 3533 1463 3586 ante
1502 3531 1781 3602 judicium
1807 3532 2101 3602 perpetra-

468 3634 693 3701 verunt,
714 3628 963 3684 duarum
996 3625 1484 3682 hebdomadarum
1515 3622 2101 3680 excommunicatione

468 3722 755 3796 plectendi
780 3723 930 3789 sunt,
960 3725 1017 3775 et
1045 3720 1144 3792 qui
1174 3718 1319 3774 nihil
1359 3718 1728 3791 proprietatis
1770 3717 1985 3772 habere
2017 3715 2100 3770 vi-
2140 3792 2147 3793 γ

469 3818 694 3883 dentur,
741 3830 952 3886 magna
992 3811 1343 3869 discretionis
1367 3816 1489 3867 arte
1514 3811 1786 3867 medendi
1811 3812 1962 3880 sunt,
1990 3826 2102 3881 quo

471 3928 578 3966 nec
596 3927 765 3965 ausus
777 3908 1005 3963 illicitos
1029 3907 1395 3963 ecclesiarum
1409 3904 1772 3961 facultatibus
1792 3904 2099 3973 redimant,

468 4020 575 4059 nec
621 4003 729 4074 ipsi
754 4002 1002 4074 penitus
1054 4007 1305 4057 extorres
1351 4019 1386 4055 a
1425 4016 1595 4071 pana
1630 3982 2102 4087 persistent.\Nec

472 4098 630 4154 enim
654 4097 873 4167 justum
900 4098 984 4152 est
1013 4100 1075 4151 ut
1116 4112 1218 4168 pro
1257 4093 1440 4165 pravis
1481 4092 1697 4147 actibus
1740 4090 2100 4145 sacerdotum

471 4190 755 4261 Ecclesia,
789 4190 993 4262 quibus
1039 4189 1406 4261 praminent,
1439 4185 1753 4240 sustineant
1804 4183 2098 4252 damnum,

471 4289 530 4341 et
557 4302 663 4357 pro
690 4284 1007 4340 excessibus
1036 4282 1246 4337 talibus
1266 4278 1571 4335 satisfactio
1594 4277 1664 4332 ab
1693 4276 1953 4332 Ecclesiis
1979 4276 2098 4331 exi-

470 4384 657 4451 gatur,
690 4395 820 4433 cum
850 4377 1097 4434 Ecclesia
1123 4375 1366 4430 cultores
1390 4388 1523 4427 suos
1549 4387 1665 4426 non
1695 4371 1766 4426 ad
1790 4370 1968 4439 litem,
2001 4371 2101 4426 sed

469 4474 827 4529 honestatem
847 4472 1136 4527 informet.
1152 4470 1228 4523 De
1242 4467 1447 4522 talibus
1464 4481 1600 4536 ergo
1616 4465 1828 4536 placuit
1840 4464 2096 4534 deﬁnire,

2209 1952 2341 2004 sunt
2372 1948 2655 2020 judicium
2687 1946 2981 2018 sanguinis
3008 1946 3225 2017 agitare
3257 1962 3372 2000 non
3416 1945 3576 2015 licet;
3622 1949 3678 1998 et
3706 1945 3837 1999 ideo

2209 2058 2561 2113 magnopere
2590 2041 2798 2095 talibus
2825 2039 3146 2094 excessibus
3177 2038 3599 2110 prohibendum
3628 2041 3731 2104 est,
3764 2052 3840 2092 ne

2208 2135 2525 2189 indiscreta
2554 2133 3011 2205 prasumptionis
3042 2132 3287 2187 motibus
3314 2131 3532 2203 agitati,
3562 2135 3660 2184 aut
3679 2130 3840 2201 quod

2207 2235 2395 2283 morte
2442 2227 2804 2299 plectendum
2853 2233 2956 2294 est,
3003 2225 3282 2280 sententia
3316 2224 3552 2295 propria
3581 2223 3863 2294 judicare.

2208 2324 2581 2394 prasumant,
2614 2325 2713 2375 aut
2742 2319 3130 2374 truncationes
3170 2318 3517 2390 quibuslibet
3560 2316 3838 2388 personis,

2209 2421 2307 2471 aut
2326 2432 2429 2487 per
2452 2432 2511 2469 se
2536 2415 2802 2482 inferant,
2827 2418 2926 2468 aut
2944 2412 3269 2467 inferendas
3295 2410 3646 2483 pracipiant.
3677 2410 3841 2474 Quod

2209 2510 2254 2565 si
2267 2510 2565 2581 quisquam
2579 2508 2785 2561 horum
2804 2507 3109 2561 immemor
3121 2510 3555 2577 praceptorum,
3569 2506 3668 2558 aut
3679 2503 3737 2557 in
3754 2520 3843 2558 ec-

2207 2602 2394 2657 clesia
2434 2620 2547 2655 sua
2577 2600 2822 2668 familiis,
2855 2605 2954 2654 aut
2979 2600 3036 2654 in
3066 2598 3414 2671 quibuslibet
3441 2597 3698 2669 personis
3724 2597 3841 2651 tale

2208 2696 2419 2766 aliquid
2446 2695 2655 2761 fecerit,
2684 2699 2739 2748 et
2765 2693 3010 2748 concessi
3055 2692 3272 2747 ordinis
3321 2693 3536 2747 honore
3580 2690 3842 2762 privetur

2208 2791 2423 2855 etloco,
2452 2788 2553 2841 sub
2576 2792 2847 2858 perpetuo
2877 2785 3253 2841 damnationis
3278 2787 3543 2840 teneatur
3568 2782 3842 2854 religatus

2208 2883 2513 2953 ergastulo.
2543 2881 2644 2935 Cui
2664 2886 2857 2935 tamen
2883 2879 3210 2933 communio
3236 2878 3464 2933 exeunti
3496 2894 3563 2931 ex
3589 2878 3695 2931 hac
3723 2877 3845 2930 vita

2207 2993 2325 3032 non
2366 2974 2632 3046 neganda
2674 2978 2777 3040 est,
2816 2977 3050 3044 propter
3092 2972 3320 3026 Domini
3363 2970 3839 3035 misericordiam,

2207 3068 2305 3141 qui
2325 3085 2440 3123 non
2471 3067 2587 3122 vult
2613 3067 2923 3138 peccatoris
2953 3069 3219 3135 mortem,
3249 3064 3347 3120 sed
3379 3071 3440 3121 ut
3474 3066 3846 3119 convertatur

2208 3169 2264 3218 et
2287 3163 2432 3217 vivat
2460 3164 2474 3229 (
2500 3163 2686 3217 Ezech.
2722 3176 2910 3229 xxxm,
2942 3159 3050 3231 ll).
3086 3180 3113 3209 ››

2275 3257 2386 3311 VIl.
2414 3257 2555 3311 Cum
2579 3256 2746 3326 juxta
2767 3254 3017 3325 antiqua
3040 3251 3406 3307 institutionis
3440 3250 3687 3307 edictum
3710 3252 3845 3323 plus

2207 3367 2347 3421 erga
2389 3350 2757 3421 corrigendos
2798 3362 2972 3419 agere
3011 3347 3213 3402 debeat
3237 3345 3635 3402 benevolentia
3660 3361 3844 3417 quam

2204 3444 2503 3513 severitas,
2557 3443 2681 3515 plus
2730 3442 3041 3497 cohortatio
3096 3457 3265 3513 quam
3314 3439 3648 3507 commotio,
3705 3440 3846 3512 plus

2205 3538 2444 3593 charitas
2474 3553 2648 3609 quam
2675 3538 2938 3608 potestas,
2972 3535 3218 3589 relatum
3242 3538 3328 3589 est
3354 3532 3514 3587 nobis
3541 3531 3695 3604 quod
3717 3532 3847 3603 qui-

2206 3633 2337 3687 dam
2366 3648 2430 3686 ex
2460 3630 2728 3685 fratribus
2753 3630 2882 3701 plus
2911 3628 3090 3684 livore
3116 3627 3232 3701 qdii
3260 3642 3432 3700 quam
3472 3625 3846 3681 correctionis

2206 3644 2337 3687 dam
2366 3648 2430 3686 ex
2460 3644 2728 3685 Iratrinus
2753 3644 2882 3701 plus
2911 3644 3090 3684 nvore
3152 3644 3232 3683 (ιιι
3260 3644 3432 3700 quam
3472 3644 3841 3681 correctionis

2203 3725 2389 3781 studio
2420 3724 2676 3779 subditos
2720 3644 3289 3827 insequenteslium
3319 3737 3377 3776 se
3404 3720 3675 3775 simulant
3717 3720 3841 3791 spi-

2203 3818 2467 3873 ritualem
2484 3817 2564 3871 eis
2581 3816 2856 3873 adhibere
2888 3813 3321 3886 correctionem,
3352 3813 3720 3870 indiscretam
3740 3831 3842 3867 su-

2202 3912 2319 3968 bito
2340 3911 2588 3967 afferunt
2608 3913 2873 3978 mortem,
2893 3927 3024 3966 cum
3048 3909 3336 3965 inauditos
3359 3925 3390 3964 a
3416 3925 3475 3964 se
3504 3907 3842 3980 projiciunt,

2205 4008 2263 4060 et
2285 4005 2494 4061 illicitis
2525 4021 2619 4059 eos
2651 4004 2882 4075 judiciis
2907 4004 3010 4059 sub
3038 4003 3373 4076 poenitentia
3401 4002 3666 4074 puniunt.
3715 4001 3847 4056 Non

2203 4115 2342 4171 ergo
2372 4099 2440 4154 de
2474 4102 2680 4154 catero
2723 4098 3005 4170 perversis
3049 4096 3433 4153 voluntatibus
3478 4096 3549 4150 sit
3589 4094 3846 4149 liberum

2203 4192 2472 4248 simulare
2490 4209 2550 4247 se
2569 4193 2722 4265 quod
2749 4193 2996 4264 fingunt,
3015 4191 3112 4247 sed
3130 4190 3576 4263 quotiescunque
3599 4188 3849 4260 quilibet

2203 4304 2268 4342 ex
2298 4286 2536 4342 subditis
2566 4286 2940 4357 corrigendus
2971 4290 3076 4353 est,
3107 4288 3209 4341 aut
3235 4284 3460 4356 publica
3485 4282 3652 4338 debet
3681 4300 3715 4336 a
3744 4298 3839 4337 sa~

2201 4381 2428 4437 cerdote
2477 4379 2768 4451 disciplina
2817 4379 3021 4447 curari,
3068 4383 3168 4435 aut
3217 4379 3265 4433 si
3308 4378 3475 4434 aliter
3519 4376 3844 4432 rectoribus

2199 4476 2405 4547 placet,
2435 4475 2681 4530 duorum
2703 4478 2796 4529 vet
2810 4473 2984 4529 trium
3012 4473 3253 4528 fratrum
3282 4471 3661 4544 spiritualium
3676 4471 3840 4526 testi-

469 4569 567 4640 qui
578 4567 747 4623 nullis
759 4565 969 4620 habitis
979 4563 1149 4618 rebus
1160 4560 1424 4633 propriis,
1438 4565 1535 4615 aut
1547 4560 1606 4615 in
1618 4574 1957 4632 quocunque
1967 4575 2097 4630 per-
2120 4575 2179 4648 D
2201 4569 2394 4623 monia
2423 4567 2793 4640 peculiariter
2810 4567 3084 4635 adhibito,
3104 4569 3163 4621 et
3181 4566 3350 4621 modu
3358 4583 3383 4621 ε
3398 4565 3650 4620 criminis
3660 4581 3845 4637 agno-

469 4676 696 4717 vasores
726 4657 1060 4723 exstiterint,
1106 4659 1205 4710 aut
1234 4652 1580 4726 quibuslibet
1606 4653 1865 4726 personis
1895 4652 2095 4721 cades,

468 4757 555 4812 Vel
581 4755 963 4828 quodcunque
991 4748 1451 4822 prasumptionis
1475 4747 1792 4815 intulerint,
1818 4748 1973 4802 nulla
2002 4762 2099 4801 eos

466 4847 863 4906 incurvatione
907 4849 1083 4900 status
1112 4844 1200 4897 sui
1243 4841 1499 4897 servituti
1540 4841 1844 4897 hominum
1891 4840 2098 4895 debere

469 4942 675 5009 addici,
703 4939 802 4995 sed
831 4941 997 5011 juxta
1024 4937 1175 5010 quod
1208 4940 1698 5008 prasumptuosus
1723 4934 1977 5006 quisquis
2001 4934 2099 4989 ille

472 5025 803 5123 exstiterit,'\
824 5033 903 5087 ita
956 5035 1013 5085 et
1064 5029 1413 5102 panitentia
1470 5030 1695 5101 legibus
1751 5028 2096 5101 subjacebit;

470 5127 528 5184 id
558 5131 643 5182 est
668 5126 715 5181 si
741 5126 801 5180 in
834 5124 1030 5181 decem
1062 5124 1370 5180 solidorum
1399 5139 1684 5179 summam
1717 5126 2101 5195 prasumptor

470 5237 592 5277 esse
621 5217 950 5288 convicitur,
995 5218 1197 5291 viginti
1237 5217 1458 5273 dierum
1493 5217 1846 5289 panitentia
1877 5215 2097 5272 satisfa-

469 5314 653 5370 ctione
680 5315 975 5385 purgetur,
1026 5312 1106 5368 ita
1148 5317 1208 5368 ut
1247 5311 1363 5367 sive
1405 5310 1663 5382 minoris,
1713 5310 1827 5366 sive
1865 5310 2100 5381 majoris

469 5422 709 5464 summa
738 5422 1029 5462 excessum
1047 5404 1361 5479 peregerit,
1389 5404 1654 5460 similiter
1679 5405 1967 5476 geminata
1995 5404 2101 5459 hoc

467 5517 700 5574 semper
723 5499 1103 5556 satisfactione
1139 5498 1493 5571 pauitantia
1521 5502 1935 5570 recompenset.
1964 5498 2097 5554 Ser-

468 5612 564 5653 vos
594 5601 790 5651 autem
818 5593 1178 5650 ecclesiarum
1201 5594 1303 5664 qui
1321 5592 1652 5664 hujusmodi
1680 5609 1936 5648 excessus
1968 5608 2097 5664 ope-

468 5707 623 5747 rasse
637 5692 974 5757 noscuntur,
993 5688 1064 5743 ad
1078 5688 1233 5760 leges
1258 5687 1552 5742 saculares
1568 5686 1882 5742 audiendos
1900 5687 2097 5742 remit-

468 5786 663 5841 timus.
692 5786 760 5839 Et
782 5785 906 5840 hac
924 5783 1158 5857 quidem
1178 5780 1250 5836 de
1278 5780 1526 5852 generali
1545 5796 1777 5836 excessu
1802 5781 1953 5836 dicta
1981 5779 2098 5836 suf-

470 5876 681 5935 ﬁciant.
707 5881 989 5936 (laterum
1009 5872 1374 5952 specialitatis
1394 5872 1650 5930 ordinem
1665 5878 2098 5948 prosequentes,

2198 4666 2404 4733 scatur,
2424 4667 2481 4717 et
2498 4662 2704 4717 modus
2730 4660 3083 4733 poenitentia
3111 4660 3428 4732 irrogetur;
3455 4659 3532 4716 ita
3558 4663 3756 4714 tamen
3777 4664 3845 4715 ut

2198 4757 2245 4811 si
2273 4756 2466 4812 exsilio
2493 4756 2583 4811 vel
2614 4755 2930 4811 retrusione
2966 4754 3207 4826 dignum
3232 4770 3366 4809 eum
3394 4770 3515 4810 esse
3543 4770 3841 4825 cognove-

2197 4850 2364 4918 verit,
2412 4853 2510 4905 aut
2553 4850 2690 4923 quid
2729 4849 2882 4905 aliud
2930 4848 3215 4921 peculiare
3267 4847 3581 4904 decreverit
3628 4849 3844 4904 modus

2198 4944 2566 5017 poenitentia,
2595 4960 2765 5017 quem
2811 4959 3008 4999 coram
3049 4942 3232 4999 tribus
3262 4942 3530 4998 fratribus
3572 4942 3844 4998 sacerdos

2176 5037 2609 5110 ltransgressori
2640 5037 2930 5108 indixerit,
2962 5036 3197 5109 speciali
3226 5036 3430 5092 debeat
3448 5035 3571 5107 ejus
3594 5035 3697 5108 qui
3717 5052 3846 5091 sen~

2199 5132 2435 5188 tentiam
2451 5130 2690 5205 protulit
2707 5147 2913 5186 manus
2928 5130 3176 5203 propria
3197 5130 3606 5202 subscriptione
3625 5130 3840 5185 notari.

2200 5225 2403 5297 Sicque
2451 5225 2553 5280 fiet
2601 5229 2665 5280 ut
2702 5241 2810 5280 nec
2850 5231 3295 5296 transgressores
3343 5224 3465 5279 sine
3506 5222 3844 5279 testimonio

2201 5318 2415 5375 excidia
2438 5318 2568 5374 vita
2600 5336 2717 5375 sua
2745 5319 3062 5387 incurrant,
3109 5335 3212 5375 nec
3260 5322 3512 5374 rectores
3550 5324 3849 5374 accusatos

2200 5429 2260 5469 se
2305 5413 2375 5469 de
2421 5414 2805 5485 quorumlibet
2833 5412 3238 5469 tentationibus
3265 5412 3619 5469 erubescant.

2272 5508 2403 5562 VIII.
2419 5506 2705 5579 Quidquid
2716 5506 3011 5564 invisibilis
3024 5506 3219 5579 gratia
3231 5506 3532 5563 collatione
3545 5506 3847 5578 tribuitur,

2203 5617 2502 5672 nunquam
2521 5605 2741 5673 quaestu
2761 5603 2849 5657 vel
2865 5600 3211 5674 quibuslibet
3224 5600 3476 5672 pramiis
3496 5601 3849 5658 venundati.

2200 5695 2448 5766 poenitus
2475 5695 2663 5765 debet,
2694 5696 2916 5752 dicente
2945 5695 3221 5751 Domino:
3248 5716 3275 5745 «
3304 5695 3467 5760 Quod
3489 5694 3662 5767 gratis
3686 5711 3857 5752 acce-

2202 5787 2380 5860 pistis,
2430 5789 2605 5859 gratis
2648 5789 2776 5845 date
2831 5789 3047 5860 (Matth.
3083 5805 3135 5858 x,
3164 5789 3236 5862 8),
3268 5810 3295 5840 »
3342 5792 3473 5859 etc.,
3512 5788 3858 5863 quicunque

2202 5882 2469 5955 deinceps
2498 5882 2557 5937 in
2589 5882 2960 5940 ecclesiastico
2988 5884 3190 5942 ordine
3218 5887 3575 5955 constitutus,
3607 5888 3714 5941 aut
3741 5903 3860 5961 pro
