4032 6388
189 369 288 430 545

1451 379 1936 442 ΒΕΟΒΕΤΑιΙΗΠ
1964 383 2346 443 COLLECTIO.
2399 401 2402 406 '

3459 390 3559 448 546

187 481 548 554 baptizandis
573 483 1081 558 consignandisque
1109 485 1389 558 ﬁdelibus,
1405 493 1506 544 aut
1527 491 1822 548 collatione
1923 496 2117 550 omnia
2145 494 2422 551 honorem
2445 495 2617 566 atque
2647 492 2910 568 obsequii
2935 495 3309 552 reverentiam
3334 493 3559 568 praemi-

188 576 512 633 chrismatis
540 579 628 632 vel
659 580 1114 651 promotionibus
1145 583 1450 654 graduum,
1472 587 1651 656 pretia
1673 603 1822 658 quaa-

189 670 329 725 libet
341 671 428 726 vel
449 673 708 744 pra-mia,
725 674 833 729 nisi
848 676 1159 732 voluntarie
1174 677 1365 732 oblata
1375 695 1480 750 pro
1493 679 1588 750 huj
1598 681 1824 735 usmodi

192 762 238 836 1
255 762 385 837 33
412 766 726 822 ambitione
747 769 1076 841 susceperit.
1100 771 1378 842 Equidem
1405 772 1452 826 si
1481 773 1690 828 sciente
1713 773 1822 828 loci

189 857 478 931 episcopo,
494 860 609 914 tale
629 861 940 934 quidquam
962 880 996 917 a
1013 863 1252 918 subditis
1271 881 1446 937 perpe
1456 872 1654 937 tratur,
1671 867 1825 923 idem

189 953 489 1024 episc0pus
519 955 744 1010 duobus
773 957 1066 1012 mensibus
1095 959 1673 1014 excommunicationi
1697 961 1824 1016 sub-

179 1046 393 1117 jaceat,
430 1064 533 1118 pro
559 1066 626 1103 eo
665 1050 817 1121 quod
858 1051 1108 1106 scientiae
1149 1053 1300 1107 mala
1329 1053 1594 1125 contexit,
1619 1059 1676 1110 et
1705 1071 1825 1110 cor-

188 1139 512 1212 reptionem
531 1144 908 1198 necessariam
937 1162 1053 1200 non
1077 1146 1356 1202 adhibuit.
1378 1147 1474 1203 Sin
1493 1154 1683 1203 autem
1703 1165 1826 1203 suo-

187 1251 318 1290 rum
346 1235 629 1307 quispiam
651 1238 856 1292 eodem
886 1240 1176 1295 nesciente
1203 1241 1272 1296 de
1292 1241 1628 1312 supradictis
1648 1243 1825 1314 quod-

187 1345 417 1401 cunque
464 1329 722 1400 capitulis
765 1332 1159 1404 accipiendum
1208 1351 1325 1390 esse
1365 1335 1472 1390 sibi
1499 1327 1842 1433 crediderit,’

190 1422 235 1476 si
262 1422 566 1494 presbyter
593 1429 696 1492 est,
718 1425 893 1481 trium
918 1427 1207 1482 mensium
1235 1429 1822 1484 excommunicatione

186 1516 493 1586 plectatur,
521 1517 567 1572 si
617 1517 910 1588 diaconus,
962 1524 1228 1593 quatuor,
1279 1522 1654 1578 subdiaconus
1689 1539 1822 1578 vero

187 1610 276 1664 vel
299 1610 538 1666 clericus
567 1611 654 1666 his
682 1614 1085 1684 cupiditatibus
1111 1615 1363 1671 serviens
1393 1621 1451 1670 et
1475 1618 1824 1689 competenti

187 1719 359 1774 poena
385 1708 443 1758 et
467 1704 660 1760 debita
684 1708 1265 1764 excommunicatione
1291 1710 1617 1780 plectendus
1644 1714 1746 1765 est.

258 1799 345 1853 IX.
373 1799 560 1853 Multae
606 1816 774 1871 super
812 1801 920 1855 hoc
965 1801 1212 1873 capitulo
1256 1804 1486 1858 Patrum
1528 1805 1821 1860 sententias

1923 590 2078 644 neuti
2122 589 2226 642 sibi
2268 588 2656 660 unusquisque
2700 588 3008 660 dependat,
3034 589 3196 660 juxta
3224 588 3363 646 illud
3402 591 3558 647 beati

1923 699 2086 753 papae
2113 682 2313 736 Leonis
2339 682 2587 737 edictum
2612 699 2624 736 :
2645 682 2750 746 Qui
2770 699 2828 736 se
2849 683 2954 737 scit
2970 683 3252 755 aliquibus
3274 701 3394 739 esse
3417 701 3558 756 pras-

1923 776 2188 846 positum,
2217 791 2332 829 non
2360 776 2595 829 moleste
2622 775 2765 829 ferat
2789 776 3043 847 aliquem
3071 776 3179 832 sibi
3208 794 3332 832 esse
3360 779 3557 849 praela-

1925 874 2067 936 tum,
2099 868 2196 923 sed
2233 868 2616 923 obedientiam
2661 886 2833 940 quam
2873 869 3070 940 exigit,
3100 871 3275 926 etiam
3300 871 3421 943 ipse
3451 872 3553 928 de-

1923 963 2150 1033 pendat.
2181 963 2352 1015 Poena
2373 966 2569 1016 tamen
2583 962 2748 1033 juxta
2774 962 3166 1019 ecclesiasticas
3197 965 3564 1021 consuetudi-
3597 985 3606 993 ·

1923 1056 2010 1110 nis
2041 1071 2280 1121 morem,
2319 1058 2378 1110 et
2412 1056 2631 1126 placitis
2674 1056 2870 1110 talium
2907 1056 3229 1126 inferenda,
3262 1063 3317 1113 et
3349 1058 3420 1113 ab
3442 1059 3553 1130 his,

1925 1150 2018 1221 qui
2052 1153 2506 1219 transgressores
2531 1149 2762 1217 fuerint,
2798 1150 3168 1222 persolvenda
3202 1155 3306 1208 est.

1995 1245 2078 1298 XI.
2111 1246 2251 1299 Cum
2280 1243 2421 1297 nihil
2464 1242 2525 1296 in
2567 1242 2760 1297 divino
2789 1228 3005 1299 canone
3036 1245 3238 1300 debeat
3269 1261 3389 1301 esse
3417 1263 3551 1302 con-

1921 1337 2132 1406 fusum,
2173 1336 2314 1391 nihil
2363 1335 2622 1406 dubium,
2669 1336 2813 1391 nihil
2857 1337 3027 1392 etiam
3078 1338 3449 1395 indiscretum
3491 1339 3554 1394 in

1923 1431 2219 1485 collatione
2259 1430 2438 1485 nostri
2466 1435 2662 1498 coetus,
2692 1430 2933 1486 relectus
2972 1435 3057 1487 est
3094 1448 3277 1487 canon
3300 1433 3555 1488 Toletani

1923 1522 2151 1578 concilii
2181 1522 2371 1594 primi,
2402 1523 2461 1577 in
2493 1539 2604 1594 quo
2630 1529 2984 1595 praeceptum
3011 1529 3111 1594 est,
3139 1527 3205 1579 ut
3231 1525 3276 1578 si
3307 1525 3433 1598 quis
3463 1543 3550 1581 ac-

1923 1622 2148 1688 ceptam
2201 1634 2235 1670 a
2275 1617 2560 1672 sacerdote
2611 1617 3020 1673 Eucharistiam
3059 1635 3174 1672 non
3221 1619 3552 1691 sumpserit,

1921 1713 2074 1766 velut
2100 1711 2407 1782 sacrilegus
2432 1712 2807 1783 propellatur,
2822 1727 2928 1766 nec
2946 1711 3167 1783 adjecta
3188 1715 3273 1768 est
3292 1713 3554 1769 discretio

1922 1807 2299 1875 voluntatum,
2331 1821 2460 1859 cum
2505 1810 2562 1860 et
2614 1804 2795 1860 ﬁdelis
2831 1805 3077 1861 ﬁdeliter
3123 1805 3360 1878 accipiat
3397 1807 3555 1878 quod

186 1895 581 1960 manaverunt,
611 1893 821 1949 scilicet
853 1911 927 1951 ne
950 1895 1396 1967 impretiabilem
1437 1897 1615 1952 sancti
1644 1881 1900 1969 Spiri-B
1924 1899 2258 1954 naturaliter
2306 1898 2470 1953 illum
2524 1898 2825 1954 necessitas
2887 1898 3167 1970 deglutire
3214 1916 3328 1954 non
3381 1900 3548 1956 sinat.

188 1989 279 2039 tus
325 1985 569 2057 gratiam
624 1987 786 2042 donis
835 1989 920 2042 vel
972 1990 1306 2045 muneribus
1358 1991 1486 2062 quis
1540 1991 1824 2047 existimet

187 2079 654 2150 comparandam.
708 2081 816 2136 Sed
865 2083 1021 2154 quod
1072 2101 1190 2138 non
1239 2085 1358 2139 sine
1412 2084 1566 2156 gravi
1621 2085 1821 2141 dolore

187 2173 498 2228 dicendum
527 2177 630 2242 est,
653 2180 864 2246 quanto
883 2177 1006 2231 haec
1035 2177 1324 2249 frequenti
1355 2177 1718 2234 decretorum
1738 2182 1823 2234 est

187 2269 571 2339 praeceptione
632 2270 940 2340 prohibita,
992 2276 1150 2328 tanto
1203 2291 1236 2328 a
1291 2273 1457 2328 nobis
1524 2274 1822 2330 fraudibus

189 2362 550 2433 cognoscitur
574 2362 795 2432 iterata,
827 2366 965 2420 dum
1007 2366 1086 2435 hi,
1118 2367 1216 2438 qui
1244 2368 1341 2422 tali
1370 2367 1553 2439 pretio
1578 2369 1822 2423 mercari

187 2458 451 2512 nituntur
478 2457 718 2528 gratiam
747 2459 1118 2515 ordinationis
1156 2478 1274 2515 suae
1319 2467 1578 2533 tempora
1602 2479 1819 2534 praeve-

187 2549 356 2605 niunt
374 2567 635 2620 munere,
649 2558 747 2608 aut
766 2557 894 2624 post
910 2557 1208 2626 acceptum
1229 2555 1510 2610 honorem
1530 2556 1822 2628 promissis

187 2645 303 2699 suis
330 2645 638 2701 conferunt
665 2647 1033 2718 apparatibus
1059 2649 1240 2720 turpis
1280 2650 1424 2704 lucri
1470 2651 1818 2706 mercedem.

189 2741 252 2792 Et
301 2739 452 2806 ideo,
505 2742 571 2794 ut
633 2740 838 2795 horum
890 2746 944 2796 et
1006 2742 1280 2798 similium
1343 2749 1821 2816 argumentorum

190 2831 460 2904 deinceps
514 2837 843 2905 amputetur
892 2836 1128 2903 occasio,
1176 2837 1314 2904 haec.
1340 2842 1530 2893 sancta
1575 2839 1823 2909 synodus

189 2925 468 2996 deﬁnivit,
495 2929 562 2981 ut
603 2944 735 2983 cum
783 2929 1022 3001 quisque
1066 2931 1389 3000 pontiﬁcale
1437 2933 1663 2987 culmen
1693 2937 1822 2988 ante

189 3019 417 3074 Domini
482 3019 659 3076 altare
721 3026 1100 3094 percepturus
1160 3024 1473 3092 accesserit,
1530 3026 1821 3081 exactione

190 3113 544 3185 astringatur
569 3115 724 3186 quod
754 3132 858 3186 pro
890 3117 1233 3172 conferenda
1263 3119 1367 3172 sibi
1394 3120 1822 3175 consecratione

186 3207 426 3262 honoris
446 3208 588 3262 nulli
612 3225 876 3280 personae
897 3211 1193 3281 cujuslibet
1217 3212 1440 3282 praemii
1469 3213 1822 3269 collationem

187 3302 270 3356 vel
319 3301 944 3377 aliquandozdedisset,
980 3305 1069 3358 vel
1110 3305 1412 3377 aliquando
1458 3306 1516 3360 in
1565 3308 1822 3362 futurum

186 3396 323 3449 dare
352 3371 871 3481 priocuret.\Sicque
901 3371 1000 3452 aut
1027 3371 1277 3453 mund-us
1308 3399 1378 3454 ab
1418 3400 1528 3455 hoc
1558 3401 1820 3472 contagio

185 3488 539 3560 praelationis
579 3491 1061 3546 consecrationem
1099 3492 1352 3564 accipiat,
1396 3497 1494 3547 aut
1533 3494 1820 3565 publicato

187 3583 295 3637 hoc
321 3584 531 3639 scelere
562 3582 863 3638 manifeste
892 3584 1145 3640 denudet
1168 3602 1356 3641 coram
1386 3587 1644 3655 Ecclesia,
1669 3593 1724 3642 et
1751 3589 1821 3642 ad

185 3678 470 3732 honorem
517 3693 689 3749 quem
733 3679 978 3733 mercari
1024 3679 1201 3734 voluit
1241 3697 1354 3735 non
1397 3682 1648 3736 accedat.
1696 3682 1822 3736 lllos

185 3776 384 3826 autem
402 3787 546 3842 quos
564 3771 830 3843 deinceps
847 3777 974 3844 post
986 3773 1381 3844 praelationem
1396 3791 1501 3846 per
1520 3775 1822 3847 praemium

186 3865 482 3920 ordinatos
528 3865 698 3934 fuisse
746 3866 946 3936 patuit,
998 3867 1102 3921 sub
1165 3868 1414 3923 deﬁnitis
1475 3870 1822 3940 poenitentiae

183 3958 432 4029 legibus,
461 3961 524 4012 ut
542 3958 1084 4016 haeresimoniachos
1108 3961 1178 4015 ab
1200 3962 1446 4016 Ecclesia
1472 3963 1823 4035 separandos

189 4069 316 4107 esse
343 4067 660 4120 censemus,
692 4052 746 4106 id
781 4057 884 4121 est,
911 4059 976 4109 ut
1021 4054 1267 4110 duorum
1312 4073 1595 4111 annorum
1643 4058 1822 4129 spatio

188 4147 384 4202 exsilio
415 4145 668 4218 relegati,
693 4151 750 4202 et
774 4147 950 4218 digna
974 4148 1366 4220 satisfactione,
1392 4152 1479 4205 vel
1501 4167 1824 4206 excommu-

190 4241 499 4295 nicationis
526 4241 804 4296 sententia
830 4243 1058 4297 coerciti
1090 4243 1318 4298 honoris
1359 4245 1621 4315 gradum,
1653 4262 1824 4316 quem

187 4334 450 4405 praemiis
486 4339 762 4403 emerant,
795 4333 1056 4406 lacrymis
1097 4337 1431 4408 conquirere
1467 4343 1522 4391 et
1551 4355 1824 4410 reparare

185 4427 516 4483 intendant.
549 4427 709 4482 Unde
745 4427 791 4481 si
819 4428 995 4500 digna
1020 4429 1322 4485 satisfactio
1354 4447 1452 4486 eos
1481 4431 1825 4502 poenitentiae

190 4526 456 4593 tempore
483 4520 786 4592 invenerit,
814 4538 932 4577 non
963 4526 1190 4578 tantum
1219 4525 1627 4594 communioni,
1651 4526 1749 4581 sed
1770 4529 1826 4580 et

1923 1993 2079 2048 Solet
2103 1992 2258 2048 enim
2283 1991 2550 2046 humanae
2587 1997 2809 2047 naturae
2835 1992 3138 2048 inﬁrmitas
3163 1993 3222 2046 in
3251 1993 3372 2064 ipso
3399 2010 3551 2048 mor-

1921 2088 1991 2142 tis
2016 2086 2170 2141 exitu
2190 2090 2538 2158 prasgravata
2559 2089 2720 2141 tanto
2750 2085 3010 2141 siccitatis
3031 2086 3287 2157 pondere
3310 2087 3553 2158 deprimi

1920 2186 1986 2234 ut
2012 2180 2179 2234 nullis
2206 2179 2487 2235 ciborium
2511 2178 2860 2234 illationibus
2881 2179 3056 2246 refici,
3076 2179 3175 2234 sed
3193 2179 3288 2234 vix
3306 2182 3552 2234 tantum-

1923 2273 2055 2327 dem
2084 2272 2226 2327 illati
2253 2274 2563 2328 delectetur
2595 2272 2782 2344 poculi
2813 2272 2996 2343 gratia
3025 2271 3349 2328 sustentari.
3385 2272 3550 2338 Quod

1921 2367 2094 2422 etiam
2122 2367 2181 2420 in
2211 2367 2524 2421 multorum
2550 2366 2705 2422 exitu
2738 2365 2979 2422 vidimus
3009 2366 3108 2437 qui
3148 2368 3408 2438 optatum
3437 2366 3554 2422 suis

1920 2461 2062 2514 votis
2082 2460 2195 2515 sive
2215 2460 2630 2514 communionis
2643 2462 2969 2531 expetentes
2982 2459 3269 2532 viaticum,
3287 2461 3549 2516 collatam

1922 2553 2026 2608 sibi
2052 2570 2083 2606 a
2111 2553 2398 2608 sacerdote
2427 2552 2841 2607 Eucharistiam
2886 2552 3225 2623 rejecerunt,
3254 2569 3368 2608 non
3394 2554 3550 2625 quod

1919 2647 2249 2702 inﬁdelitate
2275 2647 2379 2701 hoc
2410 2649 2668 2718 agerent,
2699 2645 2800 2700 sed
2830 2645 2984 2718 quod
3009 2649 3242 2717 propter
3271 2645 3549 2702 Dominici

1921 2741 2112 2796 calicis
2137 2741 2407 2794 haustum
2431 2740 2700 2795 traditam
2729 2739 2834 2794 sibi
2871 2756 2987 2794 non
3026 2742 3257 2810 possent
3281 2740 3547 2795 Euchari-

1921 2836 2084 2890 stiam
2117 2826 2418 2906 deglutire‘.
2447 2834 2570 2888 Non
2598 2850 2737 2905 ergo
2767 2832 3103 2904 hujusmodi
3130 2849 3164 2887 a
3192 2850 3428 2905 corpore
3455 2834 3552 2889 Ec-

1923 2930 2104 2984 clesia:
2134 2928 2433 3000 separandi
2461 2932 2609 2997 sunt,
2642 2927 2740 2998 qui
2762 2927 2897 2981 talia
2920 2943 3035 2981 non
3065 2927 3419 2996 inﬁdelitate,
3453 2927 3554 2982 sed

1923 3022 2256 3078 necessitate
2299 3021 2578 3088 fecerunt,
2601 3021 2920 3093 praesertim
2952 3021 3015 3075 hi
3054 3020 3125 3076 de
3174 3019 3378 3093 quibus
3406 3019 3553 3075 nihil

1921 3117 2050 3172 ﬁdei
2076 3117 2315 3171 sinistra:
2343 3115 2602 3170 sentitur.
2621 3113 2838 3170 Placuit
2857 3130 2996 3186 ergo
3019 3113 3254 3170 deﬁnire
3274 3114 3426 3186 quod
3445 3129 3552 3169 nec

1921 3210 2080 3265 ﬁdeli
2106 3210 2337 3277 ofﬁciat,
2358 3226 2465 3263 nec
2482 3207 2696 3263 inﬁdeli
2719 3207 2965 3263 inultum
2982 3207 3200 3263 existat.
3218 3208 3553 3279 Quicunque

1923 3321 2060 3376 ergo
2103 3304 2284 3358 ﬁdelis
2312 3302 2627 3358 inevitabili
2655 3301 2907 3373 qualibet
2952 3301 3284 3356 inﬁrmitate
3327 3305 3551 3357 coactus

1922 3398 2329 3453 Eucharistiam
2368 3400 2694 3467 perceptam
2724 3394 2982 3466 rejecerit
3009 3395 3069 3449 in
3098 3395 3254 3450 nulla
3284 3395 3547 3450 ecclesia-

1921 3493 2074 3547 sticae
2102 3489 2502 3557 damnationis,
2532 3488 2882 3544 damnationi
2925 3488 3234 3559 subjaceat.
3285 3487 3552 3543 Similiter

1921 3603 2024 3642 nec
2050 3586 2171 3640 illos
2205 3585 2538 3656 cujusquam
2581 3581 2898 3654 punitionis
2941 3597 3178 3636 censura
3220 3581 3547 3652 redarguet,

1922 3681 2020 3753 qui
2042 3680 2176 3735 talia
2205 3683 2303 3734 aut
2327 3682 2581 3748 tempore
2611 3675 2866 3730 infantia;
2891 3674 3127 3745 faciunt,
3145 3678 3243 3729 aut
3272 3675 3332 3728 in
3361 3674 3548 3747 quali-

1919 3775 2018 3829 bet
2037 3773 2245 3829 mentis
2259 3770 2601 3827 alienatione
2625 3769 2817 3841 positi,
2836 3768 2934 3840 qui
2955 3767 3109 3840 quod
3129 3767 3370 3823 fecerint
3387 3767 3548 3839 igno-

1920 3885 2044 3924 rare
2072 3868 2358 3923 videntur.
2389 3867 2516 3922 Jam
2539 3880 2672 3919 vero
2697 3862 3024 3935 quicunque
3067 3865 3166 3917 aut
3190 3862 3260 3917 de
3287 3861 3547 3918 ﬁdelium

1921 3964 2011 4017 vel
2039 3962 2359 4018 inﬁdelium
2382 3975 2626 4014 numero
2658 3973 2860 4029 corpus
2886 3956 3110 4012 Domini
3138 3956 3352 4029 absque
3380 3955 3554 4012 inevi-

1922 4057 2098 4126 tabili,
2129 4062 2191 4111 ut
2216 4056 2428 4111 dictum
2461 4057 2564 4121 est,
2593 4052 2921 4107 inﬁrmitate
2946 4050 3269 4122 projecerit,
3299 4051 3344 4104 si
3373 4050 3554 4106 ﬁdelis

1923 4157 2026 4219 est,
2057 4155 2330 4222 perpetua
2356 4146 2757 4202 communione
2787 4145 3070 4217 privetur;
3104 4145 3150 4200 si
3175 4145 3417 4200 inﬁdelis
3446 4148 3552 4215 est,

1923 4250 1981 4301 et
2004 4243 2328 4300 verberibus
2349 4242 2623 4296 subdatur
2641 4243 2700 4294 et
2724 4243 3003 4311 perpetuo
3024 4239 3223 4294 exsilio
3245 4240 3549 4310 relegetur.

1925 4338 2088 4403 Quod
2117 4337 2163 4391 si
2193 4337 2399 4390 horum
2439 4333 2675 4406 quilibet
2720 4332 3048 4402 hujusmodi
3097 4348 3350 4386 excessus
3377 4332 3554 4404 digna

1924 4430 2272 4504 poenitentiae
2320 4428 2701 4483 satisfactione
2727 4425 3036 4495 deﬂeverit,
3066 4431 3196 4495 post
3223 4425 3549 4498 quinquen-

1923 4526 2085 4581 nium
2110 4523 2299 4578 licebit
2321 4521 2484 4576 illum
2514 4519 2903 4575 communioni
2938 4519 3192 4590 pristinae
3229 4519 3550 4575 reformari.

191 4615 314 4670 loco
341 4619 399 4669 et
428 4614 601 4670 totius
631 4614 848 4670 ordinis
873 4615 1093 4689 ofﬁciis,
1127 4635 1160 4672 a
1199 4618 1404 4690 quibus
1430 4619 1669 4690 separati
1701 4620 1824 4674 fue-
1847 4630 1906 4702 D
1999 4621 2105 4675 XII.
2134 4617 2241 4682 Qui
2271 4614 2667 4687 paenitentiam
2697 4614 2756 4667 in
2784 4613 2984 4668 mortis
3007 4613 3126 4684 agit
3141 4613 3414 4684 periculo,
3436 4628 3555 4669 non

190 4713 343 4779 rant,
371 4710 726 4766 restaurandi
747 4716 897 4766 sunt.

260 4804 324 4859 Χ.
353 4804 686 4876 Quanquam
713 4821 911 4860 omnes
954 4807 1051 4878 qui
1090 4806 1259 4862 sacris
1307 4803 1706 4879 mancipantur
1731 4823 1824 4863 or-

194 4897 424 4953 dinibus
454 4899 742 4954 canonicis
779 4899 990 4971 regulis
1023 4903 1328 4957 teneantur
1350 4902 1582 4972 astricti,
1606 4902 1828 4974 expedi-

193 4990 304 5047 bile
329 4995 530 5048 tamen
559 4995 646 5047 est
672 4995 734 5048 ut
748 4993 1134 5066 promissionis
1158 5012 1275 5050 sua:
1293 5002 1422 5051 vota
1446 4996 1548 5051 sub
1569 4996 1828 5051 cautione

196 5086 540 5158 spondeant,
559 5087 713 5159 quod
731 5088 804 5142 ad
823 5089 1200 5160 promotionis
1229 5090 1440 5161 gradus
1461 5090 1830 5145 ecclesiastica

195 5181 399 5251 probat
423 5179 740 5252 disciplina.
771 5181 930 5238 Solet
955 5183 1111 5239 enim
1141 5184 1271 5255 plus
1302 5183 1492 5239 timeri
1526 5183 1683 5256 quod
1713 5183 1827 5238 sin-

187 5274 476 5345 gulariter
500 5275 823 5347 pollicetur,
849 5293 1025 5348 quam
1054 5277 1208 5349 quod
1239 5278 1494 5349 generali
1533 5277 1830 5349 sponsione

197 5368 576 5424 concluditur.
609 5370 677 5424 Et
701 5369 834 5425 ideo
864 5371 1076 5442 placuit
1101 5371 1234 5426 huic
1259 5375 1453 5427 sancto
1482 5371 1739 5439 concilio,
1771 5377 1833 5426 ut

199 5462 590 5534 unusquisque
619 5462 718 5534 qui
747 5463 818 5518 ad
850 5465 1252 5520 ecclesiasticos
1281 5466 1490 5537 gradus
1525 5472 1612 5520 est
1641 5481 1830 5520 acces-

199 5571 385 5625 surus,
425 5572 546 5611 non
591 5559 729 5611 ante
771 5557 1006 5612 honoris
1049 5559 1533 5615 consecrationem
1575 5558 1829 5631 accipiat,

201 5665 371 5722 quam
411 5650 624 5723 placita
665 5650 772 5705 sibi
810 5652 1176 5708 adnotatione
1221 5654 1537 5724 promittat,
1565 5658 1628 5708 ut
1664 5653 1835 5708 ﬁdem

201 5744 537 5800 catholicam
599 5743 820 5800 sincera
881 5745 1067 5801 cordis
1129 5746 1428 5803 devotione
1492 5747 1832 5816 custodiens,

194 5841 349 5914 juste
373 5846 435 5898 et
455 5841 552 5916 pie
577 5842 763 5899 vivere
790 5843 1017 5912 debeat,
1047 5846 1112 5899 ut
1137 5845 1200 5900 in
1229 5845 1401 5901 nullis
1427 5846 1694 5919 operibus
1722 5845 1836 5900 suis

201 5937 492 5993 canonicis
520 5936 738 6009 regulis
761 5938 1132 6010 contradicat,
1160 5945 1332 6014 atque
1359 5945 1423 5997 ut
1447 5940 1704 5996 debitum
1733 5953 1838 6013 per

610 6033 888 6101 PATROL.
937 6035 1167 6105 CXXX.

1927 4712 2146 4769 diutine
2176 4729 2210 4766 a
2231 4707 2702 4765 reconciliationis
2734 4707 2915 4779 gratia
2946 4705 3296 4760 differendus
3325 4709 3428 4774 est,
3453 4705 3552 4761 sed

1925 4808 1974 4864 si
1997 4806 2284 4880 procincto
2311 4803 2513 4859 mortis
2529 4804 2809 4874 urgeatur
2822 4800 3074 4872 periculo
3090 4798 3422 4870 poenitentia
3447 4815 3550 4872 per

1929 4918 2132 4958 manus
2162 4899 2589 4972 impositionem
2618 4900 2869 4967 accepta,
2892 4894 3084 4949 statim
3101 4893 3152 4948 ei
3172 4894 3556 4951 reconciliatio

1928 4994 2254 5051 adhibenda
2281 4997 2386 5063 est,
2412 5009 2485 5048 ne
2508 4991 2666 5064 prius
2692 4990 2762 5044 ab
2791 4987 3054 5044 humanis
3083 4986 3253 5042 rebus
3284 5003 3441 5060 aeger
3465 4989 3560 5044 ab.

1930 5090 2145 5159 scedat,
2175 5104 2350 5161 quam
2387 5087 2605 5142 donum
2646 5081 3120 5138 reconciliationis
3159 5081 3420 5153 accipiat,
3449 5083 3556 5138 sic-

1932 5201 2043 5258 que
2098 5179 2492 5255 superstitibus
2552 5175 2978 5250 quodammodo
3041 5174 3250 5230 doloris
3303 5175 3563 5233 videatur

1933 5295 2054 5334 esse
2102 5275 2387 5349 perpetui,
2415 5274 2461 5328 si
2507 5271 2806 5344 praecisum
2859 5269 2931 5324 ab
2980 5269 3236 5324 Ecclesiae
3284 5271 3562 5326 membris

1932 5388 2068 5428 eum
2094 5371 2193 5442 qui
2224 5369 2416 5440 utique
2445 5364 2967 5420 reconciliationem
2994 5378 3109 5417 non
3138 5365 3414 5420 meruerit
3435 5381 3565 5437 rap.

1932 5469 2057 5520 tum
2084 5481 2118 5519 a
2143 5460 2411 5536 praesenti
2434 5459 2546 5514 vita
2570 5458 2768 5513 mortis
2794 5462 3002 5512 natura
3031 5456 3383 5514 subduxerit.
3407 5459 3563 5514 Unde

1935 5559 2114 5630 (juxta
2140 5572 2306 5630 papae
2331 5553 2533 5610 Leonis
2564 5551 2832 5623 edictum)
2855 5551 2944 5606 his
2973 5551 3070 5622 qui
3097 5551 3157 5606 in
3185 5555 3441 5623 tempore
3465 5567 3564 5605 ne-

1935 5651 2209 5709 cessitatis
2228 5654 2286 5704 et
2302 5649 2362 5705 in
2390 5646 2628 5720 periculi
2655 5645 2916 5716 urgentis
2944 5645 3215 5701 instantia
3233 5643 3560 5716 praesidium

1935 5743 2282 5820 paenitentia;
2312 5759 2381 5798 ex
2411 5757 2568 5797 more
2595 5739 3072 5796 reconciliationis
3096 5739 3420 5810 implorant,
3454 5752 3564 5792 nec

1935 5838 2238 5898 satisfactio
2265 5835 2797 5901 interdicenda-est,
2831 5849 2936 5889 nec
2975 5829 3353 5887 reconciliatio
3382 5826 3563 5886 dene-

1938 5935 2148 6010 ganda,
2201 5931 2334 6006 quia
2385 5930 2448 5987 in
2499 5927 2885 5986 misericordia
2951 5925 3072 5994 Dei,
3124 5939 3229 5980 nec
3281 5938 3566 5983 mensura)
