4032 6332
478 344 584 412 δι’]

1372 346 1653 403 ΑΡΡΕΝΙ).
1681 345 1781 401 ΔΙ)
1814 344 1980 401 SEC'.
2024 344 2112 399 IX;
2131 345 2208 393 ’ργ-
2242 342 2488 401 [SIDORI
2530 335 2954 403 MERCATORIS

3750 344 3856 403 548

490 472 814 528 possumus
872 461 1241 526 ponere,'nec
1289 463 1550 528 tempora
1594 452 1851 509 deﬁnire.
1907 454 1985 507 De
2032 452 2121 506 his
2143 464 2202 537 Α
2224 454 2611 509 occasionibus
2641 455 3030 523 absentemur,
3059 456 3159 511 sed
3184 456 3243 510 in
3274 461 3591 528 praeparato
3621 455 3711 510 die
3740 471 3857 526 quo

488 555 681 607 autem
710 550 808 622 qui
853 554 1079 621 accepta
1122 552 1473 623 pcenitentia,
1507 554 1811 619 antequam
1859 547 2113 602 reconci-

486 645 696 701 lientur
717 645 787 699 ab
813 645 921 699 hac
947 645 1061 699 vita
1094 646 1445 713 recesserint,
1468 659 1802 715 quanquam
1828 640 2117 695 diversitas

482 744 899 811 prteceptorum
954 738 1024 792 de
1079 739 1187 793 hoc
1234 739 1481 810 capitulo
1536 738 1831 792 habeatur.
1887 736 2115 791 Illorum

484 836 683 888 tamen
704 831 869 886 nobis
894 832 1176 886 sententia
1202 832 1417 903 placuit
1441 832 1539 903 qui
1559 828 1858 900 multiplici
1878 845 2117 883 numero

486 924 904 997 dehujusmodi
924 926 1228 980 humanius
1256 926 1649 993 decreverunt,
1676 929 1741 978 ut
1762 928 1818 977 et
1838 922 2119 977 memoria

483 1020 683 1075 talium
714 1019 773 1074 in
803 1019 1051 1074 ecclesiis
1077 1020 1532 1086 commendetur,
1565 1024 1622 1073 et
1648 1016 1857 1072 oblatio
1883 1032 1988 1087 pro
2017 1031 2115 1070 eo-

482 1131 612 1169 rum
644 1113 849 1168 delicto
875 1130 909 1167 a
933 1113 1280 1185 presbyteris
1323 1112 1652 1185 recipiatur.

553 1210 685 1264 XIII.
717 1209 864 1262 Bene
905 1207 1188 1278 siquidem
1231 1207 1517 1278 majorum
1560 1205 1772 1277 regulis
1819 1203 2119 1258 deﬁnitum

484 1308 590 1373 est,
619 1308 681 1358 ut
708 1300 1007 1356 daemoniis
1037 1300 1275 1372 aliisque
1302 1299 1661 1372 passionibus
1690 1298 1918 1353 irretitis
1946 1297 2115 1350 mini-

480 1397 656 1453 steria
681 1412 839 1450 sacra
862 1399 1102 1450 tractare
1128 1411 1242 1448 non
1273 1395 1460 1448 liceat.
1492 1394 1635 1449 Cum
1659 1397 1965 1463 praecepto,
1988 1407 2118 1445 con-

481 1507 651 1546 sensu
677 1487 912 1543 rationis
938 1487 1211 1556 adhibito,
1230 1488 1286 1541 id
1307 1486 1692 1542 communiter
1716 1484 2036 1551 deﬁnimus,
2056 1487 2119 1537 ut

482 1585 672 1639 nullus
702 1583 771 1636 de
800 1581 887 1636 his
911 1581 1008 1652 qui
1040 1584 1139 1635 aut
1171 1581 1228 1635 in
1260 1586 1416 1635 terra
1453 1580 1665 1650 accepti
1695 1597 1729 1632 a
1760 1577 2115 1633 daemonibus

480 1678 789 1742 eliduntur,
826 1680 924 1729 aut
956 1675 1210 1745 quolibet
1246 1675 1415 1729 modo
1445 1672 1757 1728 vexationis
1788 1672 2114 1725 incursibus

484 1770 817 1835 efferuntur,
850 1770 933 1823 vel
960 1768 1133 1823 sacris
1164 1768 1412 1823 audeant
1453 1767 1777 1822 ministrare
1818 1765 2110 1831 altaribus,

485 1864 573 1919 vel
604 1862 901 1918 indiscussi
936 1879 993 1917 se
1025 1861 1228 1916 divinis
1280 1862 1547 1932 ingerent
1592 1860 1976 1925 sacramentis,
2011 1876 2112 1912 ex-
2134 1836 2192 1908 B

484 1959 659 2030 eeptis
686 1958 792 2011 illis
820 1957 918 2027 qui
957 1957 1015 2010 in
1047 1955 1215 2010 variis
1245 1955 1498 2027 corporis
1544 1953 2116 2009 incommoditatibus

484 2052 657 2107 dediti
684 2052 743 2105 in
766 2049 1041 2121 ejusmodi
1068 2049 1426 2120 passionibus
1453 2049 1513 2102 in
1540 2053 1691 2102 terra
1720 2047 2117 2118 approbantur

482 2146 626 2201 elisi.
655 2144 763 2209 Qui
791 2146 983 2198 tamen
1008 2148 1066 2197 et
1090 2142 1195 2214 ipsi
1226 2142 1426 2198 tandiu
1454 2148 1624 2195 erunt
1652 2142 1723 2195 ab
1751 2140 1923 2194 ofﬁcii
1952 2141 2037 2194 sui
2060 2145 2117 2195 et

483 2240 683 2294 ordine
710 2244 768 2293 et
795 2239 919 2292 loco
947 2237 1226 2308 suspensi,
1250 2252 1547 2309 quousque
1573 2235 1745 2290 unius
1772 2235 1909 2288 anni
1938 2234 2116 2305 spatio

483 2351 586 2406 per
628 2333 1033 2387 discretionem
1072 2330 1319 2402 episcopi
1374 2329 1735 2385 inveniantur
1772 2328 1842 2382 ab
1884 2328 2115 2382 incursu

484 2429 809 2483 demonum
837 2424 1029 2480 alieni.

551 2522 681 2575 XIV.
712 2521 776 2574 Et
806 2518 945 2573 illud
977 2517 1154 2572 divini
1179 2516 1392 2572 oraculi
1420 2516 1710 2572 monentis
1739 2514 1949 2587 singuli
1973 2529 2116 2585 prae-

480 2619 728 2682 caveant,
760 2629 872 2684 quo
901 2610 1191 2677 scribitur;
1226 2627 1308 2665 vae
1349 2610 1474 2679 soli,
1503 2609 1636 2682 quia
1680 2626 1810 2664 cum
1849 2608 2117 2663 ceciderit

482 2726 599 2764 non
627 2707 801 2762 habet
839 2705 1232 2759 sublevantem
1261 2704 1443 2772 (Eccli.
1473 2720 1546 2770 1v,
1588 2704 1694 2771 IO).
1736 2703 2115 2772 Summopere

482 2801 794 2858 verendum
813 2799 979 2853 nobis
999 2804 1084 2853 est
1105 2804 1160 2852 et
1180 2798 1518 2865 cavendum,
1535 2814 1606 2851 ne
1628 2797 1785 2851 horis
1805 2796 1916 2850 illis
1942 2798 2114 2867 atque

483 2894 858 2965 temporibus,
880 2892 1081 2963 quibus
1102 2890 1341 2945 Domino
1362 2891 1621 2962 psallitur
1636 2891 1723 2944 vel
1745 2890 2110 2959 sacrificatur,

484 2988 788 3058 unicuique
815 2986 1017 3041 divinis
1051 2984 1415 3054 singulariter
1439 2984 1640 3039 ofﬁciis
1671 2984 1948 3038 insistenti
1978 3000 2110 3054 per-

485 3082 695 3137 niciosa
733 3081 939 3151 passio,
980 3078 1068 3132 vel
1111 3077 1364 3148 corporis
1405 3077 1675 3148 quaslibet
1715 3077 1975 3132 valetudo
2018 3094 2112 3131 oc-

485 3180 692 3244 currat,
739 3191 851 3245 qua
893 3174 992 3226 aut
1043 3188 1249 3243 corpus
1301 3171 1486 3225 subito
1545 3171 1738 3225 subrui
1787 3171 1974 3239 faciat,
2017 3177 2189 3283 autCl

484 3274 740 3325 mentem
764 3266 1102 3321 alienatione
1133 3266 1221 3320 vel
1260 3269 1477 3320 terrore
1503 3265 1831 3320 confundat.
1861 3266 1969 3320 Pro
2004 3265 2111 3319 hu-

477 3362 732 3436 j-usmodi
749 3377 886 3432 ergo
906 3360 1132 3415 ausibus
1152 3361 1537 3431 praecaventes
1554 3360 1933 3413 necessarium
1957 3358 2115 3413 duxi-

485 3474 610 3512 mus
652 3455 969 3521 instituere,
999 3457 1064 3507 ut
1092 3453 1191 3507 ubi
1230 3453 1505 3523 temporis
1539 3453 1622 3507 vel
1666 3452 1791 3521 loci,
1823 3453 1935 3507 sive
1978 3452 2113 3506 cleri

483 3551 646 3623 copia
678 3548 1050 3619 suffragatur;
1079 3546 1289 3601 habeat
1328 3546 1587 3618 quisquis
1613 3547 1707 3600 ille
1742 3562 1950 3601 canens
1979 3547 2111 3612 Deo,

482 3648 652 3717 atque
679 3643 1000 3698 sacriﬁcens
1022 3644 1147 3712 post
1175 3656 1232 3695 se
1254 3639 1424 3693 vicini
1454 3640 1743 3695 solaminis
1769 3640 1856 3710 adj
1869 3644 2111 3707 utorem,

486 3743 549 3794 ut
565 3741 610 3792 si
633 3738 822 3809 aliquo
847 3753 981 3791 casu
1010 3736 1103 3790 ille
1128 3735 1225 3806 qui
1259 3734 1442 3789 ofﬁcia
1489 3735 1826 3806 impleturus
1862 3733 2112 3803 accedet,

481 3833 742 3888 turbatus
769 3830 961 3896 fuerit,
985 3829 1071 3884 vel
1099 3828 1173 3883 ad
1200 3834 1410 3883 terram
1440 3829 1611 3884 elisus
1638 3845 1667 3881 a
1700 3832 1862 3899 tergo
1892 3844 2119 3898 semper

484 3927 708 3993 habeat,
739 3923 836 3995 qui
866 3924 988 3994 ejus
1016 3924 1196 3978 vicem
1225 3926 1568 3994 exsequatur
1595 3920 1943 4015 intrepidus!

558 4020 663 4074 XV.
687 4018 931 4072 Peractis
955 4018 1221 4072 omnibus
1248 4034 1373 4088 quae
1400 4017 1470 4071 ad
1496 4015 1911 4070 correctionem
1937 4016 2119 4070 nostri

487 4112 698 4169 ordinis
745 4111 804 4166 in
854 4111 959 4166 hoc
1000 4111 1239 4166 concilio
1293 4110 1659 4181 promulgata
1709 4111 1859 4177 sunt,
1905 4109 2121 4178 placuit

489 4206 746 4273 deﬁnire,
797 4212 859 4262 ut
912 4207 1166 4278 paternis
1221 4203 1669 4259 institutionibus
1719 4202 2116 4274 obsequentes,

487 4303 643 4357 omni
670 4318 819 4356 anno
845 4300 920 4356 ad
942 4298 1341 4372 peragendum
1388 4297 1773 4352 celebritatem
1816 4297 2034 4351 concilii
2059 4298 2119 4352 in

486 4396 927 4468 metropolitana
951 4394 1104 4461 sede,
1136 4400 1393 4463 tempore
1419 4407 1531 4461 quo
1575 4390 1847 4462 principis
1878 4392 1964 4445 vel
1993 4408 2119 4446 me-

487 4490 820 4563 tropolitani
847 4486 1042 4544 electio
1072 4484 1370 4553 deﬁnierit,
1402 4484 1613 4539 devotis
1652 4500 1875 4555 semper
1899 4486 2118 4540 animo-

489 4602 619 4641 rum
652 4583 853 4639 studiis
879 4580 1267 4646 conferamus,
1301 4594 1407 4633 nec
1449 4577 1792 4649 quibuslibet
1839 4579 2123 4651 requisitis

2214 548 2496 617 judicium
2555 550 2745 619 fuerit,
2807 550 3070 605 adunatis
3119 550 3174 604 in
3229 550 3670 623 metropolitana
3719 550 3856 604 sede

2219 642 2487 696 omnibus
2512 644 2814 713 provincias
2841 644 3223 714 pontiﬁcibus,
3244 645 3545 700 concilium
3573 646 3691 699 Deo
3713 660 3859 715 prm-

2217 736 2337 790 sule
2351 736 2685 792 celebretur.
2705 738 2969 810 Quisquis
2984 743 3176 793 autem
3195 739 3593 811 episcoporum
3615 743 3855 812 excepta

2216 830 2531 884 inevitabili
2575 848 2738 886 causa
2780 833 2867 886 vel
2917 833 3251 888 necessitate
3298 834 3369 888 de
3408 833 3738 905 peragendo
3794 851 3854 888 se

2216 923 2454 978 concilio
2484 925 2883 995 absentaverit,
2919 944 3024 997 per
3049 927 3219 981 unius
3245 928 3381 981 anni
3405 930 3585 982 metas
3615 928 3725 982 erit
3750 945 3852 982 ex-

2217 1018 2736 1074 communicatione
2752 1020 3104 1091 plectendas.
3119 1021 3276 1085 Quod
3294 1021 3339 1075 si
3354 1020 3619 1092 deinceps
3638 1021 3855 1092 absque

2217 1112 2595 1167 celebratione
2639 1114 2865 1168 concilii
2909 1114 3046 1168 anni
3094 1115 3265 1168 unius
3312 1117 3493 1169 metas
3538 1114 3853 1180 transierit,

2217 1206 2479 1259 omnium
2494 1205 2553 1260 in
2570 1223 2691 1261 com
2701 1224 2873 1262 mune
2899 1208 3229 1278 pontificum
3251 1208 3609 1280 Carthaginis
3630 1208 3860 1280 provin-

2218 1298 2319 1354 ciae
2347 1300 2650 1370 superioris
2678 1318 2932 1356 censurae
2962 1303 3310 1357 sententiam
3335 1302 3609 1357 obnoxius
3636 1301 3855 1356 retine-

2216 1393 2317 1458 bit,
2347 1393 2401 1447 id
2435 1398 2538 1459 est,
2569 1394 2615 1447 si
2641 1396 2798 1449 nulla
2824 1412 2957 1450 eum
2989 1396 3339 1467 impediente
3370 1395 3644 1468 principis
3669 1400 3860 1466 potes-

2215 1490 2330 1540 tate
2361 1488 2447 1541 vel
2479 1487 2829 1555 inﬁrmitate,
2867 1494 2965 1543 aut
2993 1489 3301 1544 inevitabili
3329 1506 3512 1557 causa,
3545 1490 3641 1544 sed
3678 1490 3858 1544 solius

2214 1580 2466 1652 pr0prize
2490 1583 2798 1637 voluntatis
2819 1582 2980 1637 libitu
2996 1600 3115 1638 sese
3132 1584 3201 1639 ad
3228 1584 3638 1639 celebrandum
3660 1584 3853 1639 conci-

2216 1674 2357 1727 lium
2382 1690 2499 1729 non
2527 1676 2840 1746 collegerit.
2867 1665 2883 1718 ί

2286 1768 2414 1822 XVI.
2452 1768 2543 1822 His
2580 1785 2717 1839 ergo
2765 1770 3267 1825 constitutionibus
3314 1770 3520 1825 nostris
3566 1786 3705 1841 quas
3745 1788 3855 1825 ne-

2216 1861 2459 1916 cessario
2482 1863 2760 1932 gerendas
2778 1863 3148 1931 credidimus,
3169 1864 3400 1919 ﬁnalem
3424 1881 3623 1919 manus
3641 1869 3859 1919 nostra;

2217 1955 2691 2025 subscriptionem
2723 1956 3061 2026 adjecimus,
3082 1958 3399 2012 immortali
3427 1959 3541 2012 Deo
3570 1960 3769 2012 nostro
3800 1963 3861 2013 et

2217 2048 2458 2102 Domino
2487 2048 2726 2119 gloriam
2755 2054 2809 2103 et
2841 2051 3121 2105 honorem
3170 2051 3492 2119 reddentes,
3525 2052 3623 2122 qui
3650 2068 3759 2105 nos
3785 2052 3859 2106 de

2216 2146 2493 2196 conventu
2508 2143 2744 2197 alternae
2760 2144 2988 2199 visionis
3007 2146 3167 2198 laetos
3185 2145 3374 2213 efﬁcit,
3395 2145 3491 2216 qui
3509 2162 3572 2199 os
3591 2148 3862 2200 nostrum

2215 2236 2277 2290 in
2309 2236 2664 2291 confessione
2690 2237 2868 2291 laudis
2890 2255 3006 2292 suae
3033 2239 3275 2309 aperuit,
3306 2239 3403 2310 qui
3429 2238 3601 2293 etiam
3630 2239 3863 2294 decreta

2216 2329 2387 2400 hujus
2416 2330 2595 2384 nostri
2622 2330 2843 2384 concilii
2871 2330 3170 2386 honestate
3198 2333 3523 2404 complevit.
3567 2334 3696 2387 Post
3732 2333 3863 2388 haec

2216 2422 2479 2494 religioso
2510 2423 2749 2478 Domino
2777 2430 2993 2493 nostro,
3026 2429 3081 2479 et
3112 2426 3342 2480 amabili
3382 2427 3624 2497 principi
3655 2433 3862 2483 nostro

2216 2517 2548 2571 Vuambano
2602 2517 2722 2588 regi
2775 2518 3093 2588 gratiarum
3150 2519 3401 2574 actiones
3451 2520 3861 2591 persolvimus,

2216 2610 2374 2680 cujus
2404 2614 2462 2664 et
2485 2610 2676 2666 studio
2721 2612 3022 2682 aggregati
3065 2629 3283 2667 sumus.
3325 2613 3433 2678 Qui
3459 2613 3863 2669 ecclesiasticae

2217 2704 2531 2774 discipline
2558 2705 2764 2759 nostris
2791 2706 3011 2759 saeculis
3030 2724 3211 2761 novus
3239 2713 3534 2779 reparator
3553 2724 3864 2764 occurrens

2217 2798 2452 2852 omissos
2483 2799 2851 2853 conciliorum
2888 2799 3112 2855 ordines
3144 2818 3258 2855 non
3302 2802 3489 2856 solum
3534 2806 3864 2858 restaurare

2214 2891 2476 2957 intendit,
2504 2892 2604 2945 sed
2649 2892 2817 2946 etiam
2866 2894 3071 2947 annuis
3115 2894 3435 2949 recursibus
3484 2894 3865 2951 celebrandos

2214 2983 2473 3049 instituit,
2507 2989 2564 3039 et
2588 2986 2811 3039 alterna
2838 3003 3064 3040 morum
3093 2988 3440 3043 correctione
3484 3004 3674 3042 annuo
3703 2993 3863 3044 tem-

2214 3093 2351 3148 pore
2378 3077 2641 3132 alacriter
2669 3083 3094 3147 concurrentes,
3118 3081 3284 3150 juxta
3330 3083 3626 3152 prophetae
3652 3083 3864 3137 vatici-

2215 3171 2398 3239 nium,
2432 3172 2586 3242 quod
2633 3172 2689 3225 in
2736 3173 2900 3227 nobis
2931 3195 2957 3223 ‹‹
2991 3174 3303 3229 defractum
3340 3179 3444 3241 est,
3476 3175 3769 3246 alligetur,
3804 3185 3869 3232 et

2215 3265 2368 3335 quod
2413 3265 2699 3335 abjectum
2743 3273 2846 3335 est,
2882 3267 3186 3322 reducatur
3224 3268 3435 3340 (Ezech.
3484 3286 3680 3338 xxx1v,
3717 3271 3795 3334 4).
3831 3294 3860 3319 n

2214 3359 2319 3412 Det
2345 3375 2481 3430 ergo
2507 3358 2689 3413 eidem
2736 3359 2981 3431 principi
3024 3361 3303 3416 Dominus
3332 3379 3435 3433 pro
3479 3362 3648 3433 hujus
3679 3380 3865 3419 sacrae

2215 3451 2607 3506 sollicitudinis
2632 3457 2759 3507 voto
2788 3458 2845 3508 et
2871 3470 3100 3508 cursum
3143 3455 3439 3526 praesentis
3467 3455 3596 3510 vitae
3627 3455 3689 3511 in
3716 3474 3867 3528 pace

2215 3545 2479 3611 transire,
2511 3550 2567 3599 et
2592 3551 2720 3616 post
2748 3546 3016 3601 diuturna
3042 3552 3299 3619 tempora
3321 3549 3392 3604 ad
3424 3565 3482 3604 se
3514 3549 3573 3603 in
3602 3566 3746 3621 pace
3775 3567 3869 3605 re—

2216 3639 2403 3693 missis
2432 3638 2825 3710 iniquitatibus
2857 3640 3172 3710 pervenire,
3196 3642 3444 3713 qualiter
3469 3647 3525 3698 et
3550 3643 3646 3697 ille
3669 3643 3866 3699 felicia

2216 3738 2470 3804 tempora
2502 3732 2687 3799 ducat,
2715 3738 2771 3787 et
2796 3734 2930 3788 felix
2965 3751 3094 3789 cum
3124 3736 3386 3791 omnibus
3416 3735 3622 3808 quibus
3648 3737 3868 3809 princi-

2216 3832 2385 3897 patur
2400 3826 2474 3880 ad
2492 3826 2779 3882 Christum
2807 3827 2926 3883 sine
2943 3830 3078 3883 conf
3081 3830 3277 3884 usioue
3298 3830 3613 3902 perveniat,
3638 3836 3700 3886 ut
3718 3833 3866 3902 quia

2219 3936 2321 3991 per
2337 3937 2469 3974 eum
2494 3937 2705 3975 corona
2725 3922 2907 3977 nostri
2930 3923 3150 3977 ordinis
3165 3923 3223 3977 in
3250 3924 3457 3979 melius
3477 3928 3863 3997 restauratur,

2220 4030 2489 4069 coronam
2519 4014 2698 4069 futuri
2725 4016 2891 4086 regni
2918 4016 3103 4087 capiat
3129 4033 3194 4072 ex
3221 4018 3326 4072 hoc
3351 4018 3412 4072 in
3441 4019 3677 4090 regione
3699 4019 3864 4075 vivo-

2220 4125 2349 4163 rum
2391 4124 2637 4179 regnans
2684 4125 2816 4163 cum
2863 4110 3085 4167 Christo
3133 4111 3193 4166 in
3243 4112 3446 4167 saecula
3493 4114 3866 4171 swculorum.

2220 4206 2421 4257 Amen.
2444 4202 2827 4258 Interfuerunt
2846 4204 2977 4258 huic
2993 4204 3233 4260 concilio
3259 4205 3558 4277 pontiﬁces
3579 4207 3782 4262 decem
3808 4214 3871 4264 et

2222 4300 2458 4367 septem.
2492 4297 2606 4367 Ego
2641 4297 2925 4365 Quiricus,
2954 4298 3112 4353 urbis
3154 4299 3331 4370 regiae
3377 4300 3871 4372 metropolitanus

2222 4389 2538 4462 episcopus,
2565 4391 2687 4445 haec
2714 4398 2875 4463 gesta
2901 4392 3170 4464 synodica
3200 4409 3232 4446 a
3258 4393 3423 4449 nobis
3448 4394 3706 4463 deﬁnita,
3733 4397 3873 4451 sub-

2222 4484 2439 4555 scripsi.
2474 4484 2753 4541 Similiter
2777 4490 2834 4542 et
2861 4485 2956 4541 alii
2989 4486 3241 4558 episcopi
3267 4487 3730 4560 subscripserunt
3761 4490 3870 4545 de-

2224 4595 2349 4632 cem
2386 4581 2444 4633 et
2473 4583 2712 4650 septem.

803 4900 1220 4995 INCIPIT
1289 4898 1908 4993 CONCILIUM
1978 4898 2673 4995 TOLETANUM
2740 4898 3542 4995 DUODECIMUM.

924 5077 1243 5142 Habitum
1272 5096 1407 5141 aera
1436 5097 1665 5141 nccx1x
1693 5097 1867 5141 anno
1892 5079 2111 5161 primo
2142 5078 2413 5160 Erz'ngz'z'
2438 5078 2634 5159 regis,
2666 5079 2892 5160 quinto
2921 5077 3081 5142 ldus
3107 5078 3439 5142 Januarii.

568 5248 710 5310 Cum
773 5268 844 5305 ex
907 5249 1147 5322 glorioso
1201 5248 1458 5323 praedicti
1510 5214 1786 5323 principis
1841 5250 2005 5322 jussu
2064 5251 2123 5306 in
2144 5266 2203 5339 D
2228 5248 2419 5324 134
2445 5248 2787 5321 multiplices
2810 5248 3186 5321 omnipotenti
3218 5248 3456 5318 Domino
3486 5248 3604 5319 egit
3635 5249 3706 5305 de
3733 5266 3885 5307 cono

492 5362 679 5406 linum
699 5346 997 5401 fuissemus
1022 5345 1314 5417 aggregati
1342 5348 1705 5412 conventum,
1738 5348 1795 5401 et
1814 5345 1873 5400 in
1897 5345 2128 5401 basilica

498 5446 830 5503 sanctorum
870 5439 1249 5511 apostolorum
1297 5438 1502 5494 debitis
1543 5440 1604 5493 in
1634 5439 1867 5494 sedibus
1912 5440 2123 5495 locare-

499 5556 650 5606 mur,
673 5534 851 5592 adfuit
876 5549 1070 5589 coram
1096 5532 1260 5588 nobis
1290 5533 1443 5588 idem
1476 5533 1952 5588 clementissimus
1976 5534 2129 5605 prin-

500 5651 649 5708 ceps,
692 5626 1072 5687 humanitatis
1113 5627 1295 5699 gratia
1340 5627 1556 5698 plenus,
1599 5633 1657 5683 et
1707 5628 1858 5683 claro
1902 5627 2127 5699 pietatis

499 5728 655 5786 cultu
682 5723 1039 5800 perspicuus,
1068 5720 1165 5792 qui
1204 5723 1397 5775 nostro
1425 5737 1482 5775 se
1511 5720 1680 5775 coetui
1720 5721 1988 5776 reclivem
2031 5739 2125 5776 ex-

496 5823 701 5878 hibens
732 5837 795 5876 ac
820 5818 1103 5884 devotum,
1137 5812 1418 5886 imprimis
1465 5814 1726 5869 omnium
1768 5815 2126 5870 sacerdotum

502 5933 559 5972 se
600 5913 885 5969 commisit
932 5908 1193 5983 precibus
1239 5907 1642 5980 adjuvandum,
1691 5908 1891 5962 deinde
1938 5914 2125 5978 grates

2225 5350 2399 5400 ventu
2419 5344 2641 5400 concilii
2672 5344 2866 5413 totius,
2896 5349 2958 5398 ut
2982 5360 3097 5399 sua:
3130 5343 3386 5415 gloriosa
3410 5343 3705 5414 jussionis,
3728 5362 3878 5401 cum

2226 5439 2287 5495 iu
2327 5455 2510 5493 unum
2553 5438 2838 5505 adessent,
2867 5438 3227 5509 impleverint
3270 5440 3483 5507 votum,
3526 5441 3582 5493 et
3621 5437 3880 5495 alternae

2225 5533 2459 5587 visionis
2501 5532 2930 5586 innovationem
2974 5531 3212 5587 fecerint
3253 5530 3619 5602 gaudiorum,
3651 5531 3883 5589 deinde

2228 5626 2497 5698 adjiciens
2540 5627 2618 5681 sic
2665 5642 2834 5681 omne
2877 5625 3180 5680 concilium
3233 5628 3317 5680 est
3365 5626 3691 5680 allocutus:
3741 5627 3882 5684 Non

2227 5719 2466 5775 dubium
2494 5725 2596 5789 est,
2627 5719 2963 5775 sanctissimi
3002 5720 3214 5787 Patres,
3245 5716 3397 5791 quod
3428 5719 3643 5790 optima
3671 5722 3882 5776 conci-

2224 5815 2432 5870 liorum
2461 5814 2743 5886 adjutoria
2772 5813 2962 5869 ruenti
2999 5812 3222 5868 mundo
3261 5811 3618 5881 subveniant,
3649 5812 3695 5867 si
3735 5813 3880 5870 ofﬁ-

2224 5909 2388 5965 ciosis
2426 5926 2558 5982 quas
2601 5908 2939 5981 corrigenda
2966 5911 3101 5964 sunt
3138 5905 3341 5964 studiis
3392 5909 3765 5990 peraguntur.
3804 5911 3886 5971 Et
