4032 6340
148 370 234 429 549

1364 365 1855 428 ΒΕΟΒΕῚΑῙΛῸΜ
1884 368 2268 427 COLLECTIO.

3394 374 3497 429 i350

142 481 258 537 ideo
286 480 494 553 quibus
518 480 677 553 pagis
704 497 808 552 pro
840 483 1048 535 eventu
1075 478 1301 535 dierum
1327 479 1757 535 succedentium
1785 493 1843 564 Α
1862 496 2036 551 super
2062 482 2275 534 terram
2306 478 2375 534 de
2407 478 2563 533 omni
2597 494 2659 534 re
2696 494 3036 552 quacunque
3080 481 3374 552 petierint,
3400 483 3501 537 ﬁet

144 591 433 648 pereamus
458 574 790 646 paternitati
816 579 1014 629 vestrm
1046 590 1165 629 non
1191 590 1324 629 reor
1349 589 1470 628 esse
1496 573 1761 644 incogni-

144 676 274 724 tum.
306 668 390 724 0b
416 668 553 723 inde
582 669 717 740 quia
749 674 973 723 certum
1003 668 1153 739 apud
1190 684 1295 722 nos
1327 667 1575 739 gerimus
1615 668 1763 739 quod

145 779 237 835 pro
262 765 597 834 contemptu
629 762 953 817 divinorum
972 767 1395 834 prmceptorum
1414 764 1565 816 terra
1579 761 1767 832 perni-

143 858 275 912 ciem
292 856 998 928 sustineatpressurarum,
1014 856 1238 910 dicente
1257 855 1501 910 Domino
1517 872 1623 927 per
1642 871 1766 926 pro-

143 952 365 1022 phetam
394 968 408 1005 :
437 970 465 1002 α
487 952 730 1023 Propter
749 951 857 1005 hoc
879 950 1105 1020 lugebit
1116 952 1289 1019 terra,
1309 953 1364 1003 et
1380 948 1767 1003 inﬁrmabitur

144 1048 316 1101 omnis
345 1047 445 1118 qui
472 1046 698 1101 habitat
721 1047 780 1101 in
810 1064 878 1101 ea
908 1048 1031 1117 (Jer.
1065 1063 1139 1116 1v,
1163 1047 1269 1116 28).
1301 1067 1328 1096 ››
1364 1045 1495 1099 ldeo
1517 1048 1763 1116 oportet,

143 1146 201 1196 ut
221 1142 354 1214 quia
381 1158 443 1195 os
475 1140 775 1195 Salvatoris
807 1141 1008 1209 nostri,
1035 1143 1092 1194 et
1124 1139 1352 1194 Domini
1392 1139 1620 1194 oracula
1645 1155 1764 1193 esse

138 1233 479 1306 probamini,
510 1251 616 1304 per
642 1250 744 1288 vos
767 1233 1090 1288 salvationis
1126 1232 1379 1287 obtineat
1416 1233 1636 1286 lucrum
1662 1247 1768 1303 per

144 1346 273 1399 quos
302 1328 759 1399 regenerationis
792 1327 1049 1399 percepit
1080 1331 1522 1396 sacramentum,
1548 1328 1609 1379 ut
1638 1324 1764 1380 dili-

143 1417 321 1488 gentia
350 1416 700 1488 dignationis
728 1420 932 1471 vestrm
978 1416 1049 1470 ab
1081 1415 1240 1470 omni
1271 1415 1546 1469 mundata
1572 1418 1764 1468 conta—

143 1513 301 1582 gione
330 1516 389 1565 et
416 1511 490 1565 ab
518 1510 865 1565 infirmitatis
892 1515 1045 1581 peste
1077 1510 1148 1564 sit
1170 1509 1371 1577 libera,
1398 1513 1457 1563 et
1480 1509 1767 1563 bonorum

144 1606 391 1661 omnium
411 1604 787 1676 proventibus
809 1605 1058 1675 gratiosa
1074 1603 1162 1658 sit.
1185 1605 1308 1658 Jam
1327 1618 1477 1657 nunc
1492 1601 1768 1674 quidquid

142 1716 226 1753 me
240 1700 428 1754 adhuc
444 1700 631 1753 dicere
651 1703 979 1769 opportuna
990 1697 1131 1751 ratio
1144 1696 1578 1768 sinit,quidquid
1595 1696 1767 1751 etiam

143 1793 487 1847 narrandum
518 1793 753 1847 auribus
781 1792 983 1847 vestris
1027 1791 1310 1859 convenit,
1341 1793 1439 1844 aut
1475 1791 1768 1845 memoriae

1864 573 1976 627 illis
2003 590 2037 627 a
2062 575 2225 628 Patre
2256 589 2385 627 meo
2419 573 2517 644 qui
2537 573 2596 626 in
2618 574 2774 628 caelis
2802 578 2887 629 est
2912 576 3128 644 (Matth.
3163 578 3442 647 xvm,19).
3467 597 3493 627 ι)

1865 666 1951 721 Oh
1980 667 2085 720 hoc
2113 666 2495 720 venerabilem
2525 667 2882 738 paternitatis
2906 674 3105 724 vestrm
3129 675 3336 725 coetum
3368 689 3499 726 curn

1863 760 2247 831 lacrymarum
2269 760 2545 814 effusione
2571 761 2827 829 conveni,
2842 766 2907 816 ut
2924 762 3043 816 zelo
3063 763 3234 836 vestri
3262 766 3496 836 regimi-

1866 854 1953 907 nis
1979 825 2257 925 purgetur
2284 857 2435 907 terra
2463 825 3495 955 contagionepravitatisiExsurgite,

1868 946 2750 1018 qumso,exsurgite,eulpatorum
2771 948 2966 1003 solvite
2983 946 3503 1023 nodos,transgres-

1866 1058 2059 1095 serum
2080 1058 2268 1095 mores
2288 1040 2552 1112 corrigite
2570 1041 2921 1110 inhonestos,
2937 1049 2994 1098 et
3009 1045 3245 1100 excitate
3266 1046 3369 1100 zeli
3389 1046 3499 1100 dis-

1866 1135 2133 1206 ciplinam
2146 1135 2203 1189 in
2217 1135 2484 1206 perﬁdos,
2499 1136 2875 1205 superborum
2888 1138 3050 1192 mord
3058 1137 3287 1193 acitates
3298 1141 3501 1195 exstin-

1869 1229 2448 1300 guite,oppressorum
2466 1228 2809 1299 ponderibus
2821 1230 3194 1299 subvenite,et
3205 1234 3355 1304 quod
3372 1235 3500 1305 plus

1869 1340 1961 1377 om
1972 1324 2136 1378 nibus
2150 1323 2581 1393 estgludmorum
2598 1329 2810 1394 pestem
2821 1340 2970 1394 ,qum
2982 1325 3041 1378 in
3054 1341 3258 1380 novam
3272 1344 3500 1400 semper

1867 1417 2213 1472 recrudescit
2239 1417 2520 1471 insaniam
2552 1417 2823 1471 radicitus
2849 1419 3346 1492 exstirpate,leges
3363 1439 3501 1494 quo-

1867 1528 1977 1582 que
2000 1528 2126 1582 qum
2150 1512 2209 1564 in
2234 1511 2569 1565 eorumdem
2596 1511 2920 1566 Judmorum
2940 1513 3242 1583 perﬁdiam
3268 1520 3503 1587 propter

1866 1621 2075 1659 vanam
2091 1604 2332 1676 gloriam
2350 1605 2571 1660 noviter
2583 1607 2965 1677 promulgatm
2976 1612 3107 1661 sunt
3122 1609 3277 1662 omni
3292 1612 3505 1665 exami-

1866 1699 2115 1753 nationis
2139 1698 2423 1771 probitate
2450 1699 2784 1770 percurrite,
2813 1703 2870 1754 et
2898 1703 3017 1755 tam
3043 1700 3255 1757 eisdem
3283 1704 3506 1775 legibus

1866 1796 2126 1847 tenorem
2161 1793 2552 1847 inconvulsum
2580 1792 2825 1864 adjicite,
2845 1810 3019 1865 quam
3048 1810 3151 1866 pro
3172 1797 3507 1853 eorumdem

143 1887 429 1942 titulorum
468 1887 836 1958 intercapedo
866 1886 1147 1952 subducit,
1182 1890 1279 1939 aut
1321 1884 1611 1939 fastidium
1636 1901 1766 1956 pro-
1788 1891 1845 1963 B
1868 1886 2222 1958 perﬁdorum
2239 1887 2559 1942 excessibus
2584 1888 2983 1958 complexasin
2999 1905 3180 1945 unum
3199 1891 3507 1946 sententias

141 1982 260 2035 lixae
299 1980 582 2035 orationis
631 1980 937 2052 intercipit,
985 1996 1112 2035 ecce
1160 1980 1221 2033 in
1269 1980 1428 2033 brevi
1475 1981 1772 2050 complexa

142 2076 220 2129 vel
248 2079 478 2129 exarata
502 2074 816 2129 devotionis
845 2092 990 2129 mem
1031 2075 1278 2145 negotia,
1310 2074 1372 2128 in
1410 2073 1579 2144 hujus
1610 2078 1769 2127 temo

143 2167 579 2240 complicationis
599 2169 962 2239 agnoscenda
989 2157 1563 2238 perlegite,\perlecta
1593 2167 1771 2221 discu-

144 2264 250 2330 tite,
282 2263 539 2317 discussa
570 2262 813 2317 elimatis
843 2279 906 2316 ac
936 2261 1193 2316 discretis
1219 2258 1517 2317 titulorum
1546 2266 1772 2316 senten-

143 2356 223 2410 tiis
252 2356 515 2426 deﬁnite,
543 2359 608 2410 ut
636 2373 781 2427 pura
812 2360 869 2409 et
911 2356 1141 2426 placens
1173 2357 1289 2410 Deo
1329 2360 1643 2410 vestrarum
1668 2355 1769 2409 de-

142 2449 458 2505 ﬁnitionum
487 2449 730 2504 valitura
758 2449 1020 2504 discretio
1051 2452 1107 2503 et
1135 2449 1298 2521 regni
1323 2449 1502 2503 nostri
1525 2449 1767 2520 primor-

143 2545 221 2599 dia
268 2544 506 2599 decoret
554 2544 947 2599 exhortatione
983 2544 1219 2620 justitim
1264 2548 1321 2599 et
1358 2549 1610 2598 terrores
1647 2544 1769 2615 ple-

140 2639 285 2693 bium
317 2638 496 2709 digna
542 2637 801 2692 cohibeat
846 2638 1142 2697 severitate
1191 2654 1464 2707 censurae,
1497 2637 1773 2708 scriptum

142 2739 215 2787 est
230 2733 389 2788 enim
419 2749 433 2787 :
472 2752 499 2781 ‹‹
526 2731 749 2787 Iustitia
776 2732 957 2786 elevet
984 2736 1237 2803 gentem,
1258 2733 1495 2787 miseros
1518 2732 1654 2786 facit
1681 2748 1772 2802 po-

140 2827 295 2897 pulos
342 2829 644 2898 peceatum
687 2825 861 2893 (Prov.
910 2842 1019 2894 ΧΠ,
1052 2828 1158 2897 34).
1191 2848 1218 2875 ››
1251 2828 1407 2880 Tunc
1449 2830 1707 2896 suscepto
1740 2842 1773 2879 a

139 2921 380 2991 glorioso
411 2920 673 2991 principe
706 2920 812 2975 hoc
840 2923 996 2975 torno
1032 2937 1137 2991 pro
1164 2923 1281 2974 tam
1306 2919 1515 2974 salubri
1564 2918 1769 2973 invita-

140 3018 352 3081 mento,
389 3020 447 3068 ct
487 3014 736 3084 copiosas
789 3017 977 3085 grates
1023 3013 1322 3068 retulimus
1367 3014 1610 3068 Domino
1645 3014 1773 3067 .lesu

138 3108 377 3175 Christo,
409 3110 465 3161 et
499 3107 634 3162 item
666 3108 1063 3163 benediximus
1092 3106 1337 3178 principi
1359 3108 1625 3178 glorioso.
1645 3109 1776 3161 Post

136 3218 425 3272 egressum
480 3218 618 3271 ergo
652 3202 908 3272 ejusdem
950 3201 1294 3255 serenissimi
1346 3201 1618 3273 principis
1650 3202 1771 3256 hmc

136 3296 187 3347 in
217 3303 338 3351 tam
372 3297 524 3351 dicto
555 3302 709 3350 tonio
736 3297 944 3366 scripta
970 3286 1352 3386 reperimus.’

346 3391 698 3459 Compellatio
721 3394 861 3459 regis
888 3392 1108 3459 Eringii
1141 3391 1214 3444 ad
1250 3392 1554 3444 concilium.

199 3488 261 3541 In
286 3483 526 3539 nomine
563 3484 790 3539 Domini
817 3485 1052 3539 FLAVIUS
1083 3485 1347 3539 ERINGIUS
1376 3500 1497 3554 rex,
1528 3483 1767 3538 sanctis-

135 3578 584 3647 simis_Patribus
610 3577 669 3631 in
711 3578 815 3632 hac
864 3583 1056 3632 sancta
1099 3578 1319 3649 synodo
1364 3577 1766 3645 residentibus,

132 3672 616 3729 Reverendissimi
642 3673 851 3741 Patres,
884 3671 932 3726 si
957 3675 1148 3728 Patres
1180 3676 1237 3726 et
1264 3672 1626 3726 honorabiles
1654 3671 1766 3725 mi-

133 3767 499 3821 nisteriorum
541 3765 851 3820 ccelestium
894 3766 1219 3820 sacerdotes
1250 3766 1593 3821 soliditatem
1635 3783 1765 3820 san-

134 3867 229 3915 ctae
254 3860 394 3915 ﬁdei
425 3860 705 3914 veraciter
732 3861 1222 3929 teneant,sincera
1252 3861 1438 3915 cordis
1468 3860 1768 3915 devotione

134 3956 577 4025 amplectantur,
610 3953 998 4009 testimonium
1030 3955 1387 4024 paternitatis
1425 3958 1625 4009 vestrm
1648 3956 1766 4009 for-

131 4050 412 4103 tissimum
446 4048 507 4102 in
537 4048 734 4103 salutis
762 4053 972 4103 nostra:
1001 4048 1213 4103 advoco
1256 4049 1672 4119 adjumentum,
1705 4054 1769 4103 ut

134 4144 223 4213 qui
256 4159 506 4215 regnum
546 4142 757 4196 factore
807 4143 918 4196 Deo
957 4143 1026 4197 ad
1057 4143 1452 4197 salutationem
1488 4148 1677 4210 terrm,
1712 4147 1769 4196 et

132 4238 584 4291 sublevationem
633 4236 885 4306 plebium
932 4237 1243 4308 suscepisse
1303 4255 1406 4291 nos
1460 4237 1762 4306 credimus,

132 4330 531 4387 sanctitudinis
556 4336 759 4384 vestrm
789 4331 1037 4385 conciliis
1061 4331 1418 4401 adjuvemur.
1440 4318 1609 4479 Vnde
1637 4331 1768 4386 licet

132 4424 549 4479 sublimationis
580 4428 789 4479 nostrae
832 4425 1141 4479 primordia
1177 4425 1464 4479 naternita
1494 4426 1537 4479 is
1567 4430 1766 4479 vestrm

132 4424 549 4479 sublimationis
580 4428 789 4479 nostrae
832 4425 1141 4496 primordia
1177 4424 1537 4496 paternitatis
1567 4430 1766 4480 vestrm

132 4524 334 4574 emtum
364 4519 645 4590 opinabili
674 4519 948 4575 relatione
974 4537 1088 4574 non
1119 4521 1349 4589 lateant,
1383 4520 1591 4590 quibus
1619 4521 1763 4575 clara

1870 1981 2269 2051 promulgatae.
2304 1981 2526 2035 Etenim
2554 1981 2719 2035 valde
2770 1982 2934 2036 nobis
2960 1984 3275 2038 cavendum
3309 2000 3381 2039 ne
3424 1988 3512 2039 tot

1869 2075 2238 2145 antiquorum
2276 2091 2558 2129 canonum
2585 2077 2799 2146 regulm
2828 2092 2956 2147 qum
2988 2093 3091 2148 pro
3115 2093 3314 2132 eorum
3346 2094 3509 2133 erro-

1871 2169 2026 2223 ribus
2055 2173 2189 2223 sunt
2216 2170 2613 2240 promulgatm,
2639 2187 2741 2223 nos
2769 2169 2998 2225 illorum
3027 2172 3204 2243 culpis
3234 2172 3509 2228 obnoxius

1870 2264 2132 2330 reddant,
2163 2263 2210 2317 si
2235 2263 2415 2318 nostri
2451 2263 2615 2335 regni
2642 2264 2997 2336 temporibus
3043 2268 3379 2322 earumdem
3414 2285 3506 2322 ca-

1871 2373 2087 2412 nonum
2113 2358 2456 2412 constructio
2482 2358 2752 2413 dissoluta
2776 2362 3151 2430 pertranseat.
3185 2352 3508 2416 Praesertim

1873 2451 1917 2504 si
1945 2450 2089 2520 legis
2120 2450 2267 2505 illius
2294 2450 2463 2522 (quod
2494 2451 2658 2522 absit)
2691 2452 3013 2508 serenitatis
3034 2459 3245 2509 nostrm
3274 2455 3331 2508 in
3357 2460 3508 2510 tem-

1873 2561 2009 2615 pore
2038 2544 2131 2597 illa
2171 2546 2316 2599 clara
2356 2544 2483 2599 ﬁdei
2521 2545 2799 2600 institutio
2826 2550 3026 2616 cesset,
3059 2547 3153 2601 ubi
3198 2548 3338 2603 divm
3381 2565 3506 2603 me-

1871 2638 2072 2693 morim
2117 2638 2388 2692 Dominus
2414 2644 2583 2709 atque
2624 2656 2932 2710 praecessor
2970 2643 3183 2712 noster,
3216 2641 3510 2698 Sisebutus

1873 2749 1968 2786 rex
2000 2749 2198 2786 omnes
2250 2749 2599 2787 successores
2628 2750 2759 2788 suos
2791 2734 2894 2788 sub
2925 2740 3203 2806 perpetua
3242 2736 3508 2791 maledic-

1872 2826 2042 2880 tionis
2079 2843 2318 2881 censura
2363 2827 2683 2897 obstrinxit,
2714 2828 3041 2899 quicunque
3092 2846 3297 2901 regum
3344 2848 3510 2886 man-

1873 2920 2083 2992 cipium
2112 2920 2499 2975 Christianum
2524 2921 2720 2977 Judmo
2749 2922 2960 2977 servire
2994 2929 3050 2977 et
3079 2924 3342 2979 famulari
3378 2941 3510 2997 per-

1872 3014 2114 3084 miserit,
2145 3019 2252 3068 etc.
2281 3015 2537 3069 Posthmc
2568 3015 2707 3070 illud
2743 3032 2972 3088 quoque
3016 3017 3213 3073 vestris
3238 3020 3348 3073 Deo
3389 3019 3510 3091 pla-

1874 3108 1999 3161 citis
2044 3108 2226 3162 infero
2271 3110 2529 3163 sensibus
2573 3110 2975 3181 corrigendum
3016 3111 3169 3182 quod
3207 3112 3529 3168 decessoris

1880 3203 2057 3255 nostri
2083 3204 2390 3274 praeceptio
2419 3205 2785 3275 promulgata
2810 3204 2938 3275 lege
2968 3205 3222 3278 sancivit,
3240 3210 3306 3261 ut
3324 3207 3513 3263 omnis

1791 3266 1847 3339 Ο
1872 3301 1970 3349 aut
1995 3297 2053 3349 in
2086 3297 2512 3367 expeditionem
2540 3297 2822 3351 exercitus
2843 3315 2960 3353 non
2987 3301 3380 3371 progrediens,
3416 3306 3514 3357 aut

1874 3389 1942 3443 de
1966 3390 2215 3444 exercitu
2230 3391 2285 3444 fu
2294 3390 2474 3461 giens,
2497 3390 2813 3445 testimonio
2833 3391 2985 3463 digni
2999 3393 3124 3447 tatis
3144 3411 3258 3450 sum
3276 3395 3347 3450 sit
3362 3395 3509 3450 irre-

1869 3484 2199 3538 vocabiliter
2229 3501 2446 3538 carens.
2477 3484 2649 3554 Cujus
2679 3485 2990 3540 severitatis
3036 3487 3335 3558 institutio,
3370 3489 3509 3545 dum

1871 3595 1980 3632 non
2010 3594 2111 3648 per
2142 3581 2289 3631 totos
2318 3578 2599 3648 Hispanim
2634 3579 2776 3631 ﬁnes
2816 3579 3076 3635 ordinata
3117 3582 3386 3651 decurrit,
3416 3583 3505 3637 di-

1871 3671 2111 3725 midiam
2152 3672 2271 3725 fere
2316 3675 2536 3742 partem
2586 3672 2783 3743 populi
2827 3673 3165 3743 ignobilitati
3214 3681 3506 3749 perpetum

1870 3764 2209 3835 subjugavit,
2240 3764 2312 3818 ita
2353 3768 2436 3832 ut,
2471 3763 2603 3835 quia
2648 3765 2703 3819 in
2749 3764 3086 3837 quibusdam
3126 3767 3372 3837 villulis,
3415 3771 3503 3825 vel

1866 3858 2166 3912 territoriis
2195 3858 2310 3913 sive
2338 3858 2490 3926 vicis,
2520 3860 2701 3930 portis
2725 3859 2896 3930 hujus
2925 3859 3313 3917 infamationis
3346 3863 3504 3918 habi-

1868 3957 2079 4007 tatores
2114 3953 2369 4023 ipsorum
2397 3954 2653 4008 locorum
2699 3954 2815 4008 sint
2844 3954 3159 4025 degeneres
3189 3957 3414 4026 redditi,
3447 3963 3508 4013 et

1868 4049 1998 4119 quia
2018 4048 2357 4102 testiﬁcandi
2382 4048 2595 4101 nullam
2614 4048 2833 4102 habent
2852 4047 3142 4103 licentiam
3160 4046 3506 4122 veritatis,ex

1866 4146 1985 4196 toto
2014 4142 2272 4196 videatur
2297 4141 2574 4197 interiisse
2606 4158 2866 4212 censura,
2890 4142 3083 4213 sicque
3106 4145 3338 4215 gemino
3356 4147 3502 4203 male

1866 4238 2022 4289 terra
2049 4236 2330 4303 atteritur,
2361 4237 2499 4289 dum
2526 4238 2583 4290 et
2611 4237 2739 4306 lege
2775 4241 2831 4290 et
2868 4236 3221 4307 reperiendae
3252 4241 3505 4296 veritatis

1867 4330 2195 4384 destituitur
2227 4329 2581 4400 adjumento.
2621 4330 2779 4385 Unde
2825 4330 2955 4384 licet
3000 4332 3266 4388 eamdem
3312 4336 3501 4407 legem
3538 4364 3543 4371 -

1865 4427 2071 4478 nostrm
2098 4424 2292 4494 glorim
2338 4424 2710 4477 mansuetudo
2739 4430 3058 4496 temperare
3095 4426 3376 4499 disponat,
3406 4447 3497 4484 ve-

1864 4524 1994 4572 strm
2019 4523 2211 4571 tamen
2242 4517 2598 4588 paternitatis
2625 4518 2903 4573 sententia
2930 4519 3036 4573 bos
3073 4521 3173 4590 qui
3199 4539 3303 4591 per
3339 4523 3497 4579 illam

132 4613 453 4669 divinorum
483 4613 832 4684 judiciorum
862 4614 1228 4685 dispositione
1254 4617 1581 4685 proventus,
1602 4618 1659 4668 et
1685 4633 1765 4669 re-
1783 4642 1844 4715 D
1864 4612 2117 4666 infamim
2132 4614 2328 4665 notam
2347 4610 2577 4664 titulum
2599 4611 2891 4681 dignitatis
2904 4613 3226 4682 amiserant,
3242 4618 3498 4672 revestiri

133 4709 338 4774 gnandi
389 4707 824 4763 conscenderim
868 4708 1086 4776 sedem,
1120 4711 1179 4763 et
1217 4709 1553 4763 sacrosancti
1601 4709 1763 4779 regni

130 4803 488 4873 perceperim
518 4802 868 4873 unctionem,
903 4819 1053 4857 nunc
1083 4807 1279 4858 tamen
1307 4803 1513 4857 melius
1537 4802 1594 4857 id
1614 4806 1765 4874 pote-

130 4895 245 4951 ritis
273 4903 330 4951 et
361 4896 563 4967 scripti
587 4897 863 4952 relatione
891 4901 1328 4968 cognoscere,et
1347 4897 1760 4968 promulgatio-

129 4991 212 5044 nis
242 4998 449 5046 vestrm
479 4990 778 5045 sententiis
804 4991 1188 5061 publicare,ut
1211 4991 1354 5046 sicut
1372 4992 1571 5046 eadem
1598 4991 1762 5061 regni

129 5086 299 5139 nostri
350 5084 677 5157 primordia
733 5090 1041 5141 conventus
1108 5090 1312 5141 vestrm
1369 5086 1762 5141 sanctitudinis

129 5179 410 5250 comperit
434 5178 709 5233 divinitus
737 5179 1110 5247 ordinata,ita
1132 5180 1192 5234 in
1218 5180 1308 5235 his
1336 5185 1392 5234 et
1411 5180 1763 5235 orationibus

126 5274 379 5328 solamen
405 5272 724 5343 impendat,
759 5278 816 5327 et
840 5273 1157 5328 salubrium
1184 5273 1558 5329 conciliorum
1588 5275 1765 5330 nutri-

126 5371 321 5422 menta
349 5366 660 5438 impertiat,
692 5382 805 5438 quo
832 5371 1156 5439 susceptum
1185 5385 1430 5440 regnum
1478 5369 1621 5424 sicut
1638 5370 1761 5440 jam

125 5462 320 5516 vestris
352 5459 777 5516 assensionibus
820 5466 990 5517 teneo
1020 5465 1273 5534 gratum,
1300 5464 1382 5518 ita
1408 5463 1759 5519 benedictio.

123 5570 262 5610 num
292 5561 614 5611 vestrarum
644 5554 912 5626 perfruar
952 5557 1380 5613 definitionibus
1419 5575 1757 5614 consecran-

126 5647 248 5716 dus,
278 5653 348 5704 ut
387 5648 679 5704 innovatio
706 5649 1128 5720 quodammodo
1159 5652 1338 5707 nostri
1364 5651 1629 5707 videatur
1650 5652 1757 5707 im—

124 5742 266 5811 perii
290 5744 418 5799 hmo
445 5742 828 5799 numerositas
872 5745 1047 5801 vestri
1088 5745 1304 5801 ordinis
1330 5752 1663 5819 aggregata.
1695 5747 1765 5803 Et

123 5834 249 5893 ideo
277 5838 416 5911 quia
458 5837 738 5895 Dominus
765 5839 1033 5911 praecepit
1064 5839 1124 5895 in
1168 5841 1493 5913 Evangelia,
1527 5841 1717 5898 dicens
1744 5858 1757 5897 :

126 5932 374 5991 «.Amen
404 5931 535 5990 dico
564 5931 726 5990 vobis
760 5949 773 5988 :
819 5933 875 5989 Si
907 5934 1021 5990 duo
1063 5950 1133 5992 ex
1172 5935 1327 5992 vobis
1375 5936 1762 5992 consenserint

1866 4707 2077 4761 iterum
2113 4705 2267 4759 claro
2311 4705 2565 4776 pristinm
2596 4705 2992 4775 generositatis
3032 4708 3360 4764 testimonio
3392 4711 3492 4765 de-

1865 4800 2153 4854 votissime
2186 4802 2363 4870 optat.
2392 4800 2551 4853 Nunc
2591 4814 2726 4852 vero
2775 4798 3166 4855 misericordia
3202 4810 3523 4873 praeeunte"

1867 4894 2054 4948 taliter
2080 4894 2201 4947 hmc
2231 4892 2517 4963 disponite
2548 4892 2789 4964 qualiter
2827 4908 2930 4946 nec
2958 4898 3148 4948 nostra
3178 4896 3357 4966 gloria
3380 4899 3493 4953 mi-

1864 4987 2161 5042 nisterium
2205 4987 2558 5042 credulitatis
2607 4986 2892 5055 adhibeat,
2921 5004 3026 5041 nec
3057 4991 3245 5050 tamen
3300 5008 3496 5048 severa

1863 5082 2166 5154 praeceptio
2194 5088 2408 5137 terram
2451 5082 2554 5136 sub
2601 5080 2821 5135 diutino
2859 5081 3241 5140 infamationis
3287 5087 3494 5161 jugulo

1863 5180 2104 5249 premat.
2122 5178 2268 5232 Nam
2295 5182 2350 5231 et
2375 5177 2479 5230 hoc
2502 5174 2844 5247 generaliter
2858 5176 3108 5246 obsecro,
3126 5183 3189 5234 ut
3215 5174 3496 5256 quidquid

1863 5271 1923 5326 in
1948 5277 2159 5327 nostrm
2190 5271 2387 5342 glorim
2412 5270 2632 5341 legibus
2655 5269 2984 5340 absurdum,
3017 5273 3299 5346 quidquid
3320 5279 3490 5349 justi-

1861 5367 1954 5423 tim
1984 5366 2241 5420 videatur
2268 5364 2639 5431 contrarium,
2662 5364 3033 5420 humanitatis
3054 5373 3254 5425 vestrm
3276 5373 3493 5443 judicio
3522 5381 3527 5385 ’

1862 5460 2197 5531 corrigatur.
2227 5460 2303 5515 De
2342 5456 2558 5513 cmteris
2588 5460 2780 5512 autem
2819 5460 3002 5514 causis
3045 5466 3219 5535 atque
3250 5470 3492 5538 negotiis

1861 5571 1989 5627 qum
2013 5553 2236 5610 novella
2263 5554 2598 5623 competunt
2620 5551 2976 5608 institutione
3002 5555 3260 5626 formari,
3291 5561 3485 5617 viden.

1861 5651 2062 5704 darum
2092 5646 2503 5703 sententiarum
2532 5645 2710 5700 titulis
2733 5649 3017 5704 exaranda
3050 5652 3401 5724 conscribite,
3426 5661 3490 5711 ut

1861 5744 1991 5817 quia
2019 5747 2218 5815 praesto
2243 5746 2375 5796 sunt
2398 5740 2650 5811 religiosi
2676 5741 3099 5812 provinciarum
3131 5752 3393 5816 rectores,
3424 5753 3487 5804 et

1862 5837 2299 5896 clarissimorum
2330 5834 2598 5891 ordinum
2634 5835 2809 5891 totius
2839 5835 3117 5908 Hispaniae
3148 5837 3320 5893 duces
3344 5857 3482 5913 pro.

1861 5929 2228 6007 mulgationis
2258 5932 2458 5985 vestrm
2486 5929 2794 5986 sententias
2821 5945 3012 5985 coram
3054 5930 3224 6003 positi
3246 5947 3483 6006 prmno.
