4032 6308
517 341 612 396 551

514 539 888 597 ἱηοῐῐθηόὼίιὶ
919 542 1155 594 exerant
1173 536 1516 608 judiciorum
1544 536 1832 602 instantia,
1863 554 1974 608 quo
2005 554 2146 608 prac-

515 636 829 693 sentialiter
857 633 1182 688 assistentes
1209 631 1508 702 perspicua
1534 631 1647 686 oris
1679 631 1857 685 nostri
1885 646 2147 702 percepe-

514 731 632 786 rint
669 727 942 783 instituta.
974 726 1183 781 Omnes
1209 730 1400 779 tamen
1429 725 1489 779 in
1537 741 1842 780 commune
1872 724 2147 780 convenio

516 831 573 880 et
598 839 715 889 vos,
748 823 938 876 Patres
966 819 1366 885 sanctissimos,
1396 823 1471 886 et,
1498 836 1591 872 vos
1617 818 1863 874 illustres
1890 819 2038 873 aulae
2067 835 2148 872 re-

514 919 625 990 gia:
655 916 824 984 viros,
861 931 1004 986 quos
1037 914 1308 968 interesse
1339 913 1470 967 huic
1501 919 1694 968 sancto
1725 913 1961 967 concilio
1991 913 2146 967 dele-

515 1011 599 1084 git
622 1013 816 1066 nostra
847 1007 1165 1062 sublimitas
1190 1024 1292 1078 per
1319 1007 1496 1062 divini
1525 1006 1692 1061 nobis
1726 1007 2148 1061 attestationem

515 1112 571 1161 et
596 1103 907 1160 terribilem
932 1101 1148 1158 cunctis
1177 1101 1356 1155 futuri
1378 1101 1582 1171 judicii
1609 1100 1782 1163 diem.
1802 1105 1867 1154 ut
1884 1101 2002 1154 sine
2024 1117 2150 1171 per-

513 1215 780 1254 sonarum
807 1197 1132 1268 acceptione
1157 1194 1429 1265 aliquam,
1459 1195 1543 1248 vel
1572 1196 1783 1260 favore,
1813 1193 1932 1248 sine
1957 1194 2148 1264 aliquo

512 1309 738 1367 quoque
766 1296 866 1346 aut
893 1290 1165 1360 malignae
1191 1288 1575 1343 contentionis
1595 1289 1882 1359 scrupulo,
1903 1293 2003 1343 aut
2023 1287 2150 1342 sub-

513 1387 799 1442 vertendaa
828 1384 1076 1439 veritatis
1115 1382 1321 1451 studio,
1352 1399 1480 1453 quae
1523 1382 1719 1436 vestris
1751 1382 2007 1436 sensibus
2045 1399 2146 1436 au-

514 1480 723 1536 dienda
753 1476 1126 1549 ingresserint
1147 1493 1281 1530 sana
1310 1476 1612 1530 verborum
1629 1475 2050 1529 examinatione
2071 1475 2150 1530 di-

515 1575 738 1641 scutite,
761 1571 1082 1642 saniorique
1096 1569 1312 1640 judicio
1330 1570 1716 1640 comprobate,
1739 1573 1798 1623 ut
1813 1570 2148 1624 collatarum

516 1668 708 1723 habita
737 1665 895 1738 prius
927 1664 1342 1719 deliberatione
1369 1679 1669 1718 causarum
1702 1663 1941 1717 discreta
1968 1663 2150 1718 nostri

516 1762 730 1818 ordinis
780 1758 1061 1814 condatur
1102 1756 1359 1828 probitas
1389 1757 1702 1824 titulorum,
1734 1757 1974 1828 qualiter
2020 1774 2148 1811 cum

1401 334 1687 392 APPEND.
1729 333 1818 390 AD
1857 331 2020 389 SEC.
2053 333 2141 390 IX.
2175 360 2246 375 —
2276 332 2520 390 ISIDORI
2555 329 2983 390 MERCATORIS

513 450 766 513 scentes;
791 461 859 501 eo
875 443 1000 500 illas
1012 443 1404 499 incommissas
1416 443 1523 498 sibi
1543 447 1821 498 terrarum
1842 441 2141 497 latitudine
2165 456 2224 528 Α

3780 336 3887 388 552

2318 446 2400 498 l2.
2452 444 2525 498 De
2568 442 2784 497 indicto
2831 441 3102 512 temporis
3149 439 3438 494 constituti
3483 441 3635 512 quod
3665 440 3886 496 :debeat

2246 536 2548 591 concilium
2577 537 2870 590 celebrari.

2322 633 2405 685 l3.
2439 631 2729 686 Conclusio
2758 629 3178 697 deﬁnitionum,
3214 630 3270 683 in
3301 647 3409 702 qua
3437 634 3495 684 et
3539 631 3654 684 Deo
3682 627 3884 699 gratiae

2247 724 2575 778 referuntur
2603 731 2659 778 et
2685 741 2786 796 pro
2812 723 3065 794 principe
3089 730 3376 779 exoratur.

2332 834 2600 874 lNClPlUNT
2639 835 2874 873 DECRETA
2915 834 3144 873 CONlZlLll
3183 833 3439 874 TOLETANI
3478 833 3800 873 DUODECIMI.

2318 912 2508 967 Primo
2537 912 2628 966 die
2660 911 2950 983 synodalis
2976 912 3190 966 exordii
3223 912 3635 967 conlidentibus
3662 911 3885 982 episco-

2247 1007 2335 1078 pis
2387 1013 2558 1078 atque
2599 1007 2917 1061 senioribus
2974 1007 3169 1078 palatii
3233 1005 3511 1061 universis
3553 1005 3746 1060 habita
3801 1010 3891 1059 est

2248 1101 2435 1172 primo
2465 1101 2534 1154 de
2565 1104 2752 1154 sancta
2780 1100 3055 1154 Trinitate
3081 1100 3327 1168 collatio,
3355 1116 3470 1154 non
3499 1116 3626 1170 quas
3657 1099 3890 1153 novello

2212 1262 2222 1278 ‘
2251 1194 2561 1249 exactionis
2588 1195 2731 1266 stylo
2759 1194 2991 1248 deﬁnita
3025 1200 3358 1265 patesceret,
3391 1193 3490 1247 sed
3518 1210 3648 1265 quin
3693 1192 3890 1247 verbis

2198 1286 2221 1382 Ι
2249 1289 2685 1360 simplicioribus
2710 1306 2827 1343 sese
2856 1289 3037 1359 pigris
3082 1288 3342 1341 sensibus
3386 1288 3668 1359 patefacta
3715 1303 3885 1340 mon-

2249 1386 2476 1450 straret,
2539 1377 2636 1437 ubi
2681 1382 2970 1453 praemissa
3034 1398 3260 1452 semper
3302 1381 3468 1436 lectio
3512 1380 3886 1452 prmcederet,

2251 1480 2403 1552 quod
2436 1495 2677 1550 sequens
2728 1478 3002 1550 expositio
3032 1479 3299 1549 aperiret.
3328 1479 3629 1532 Credentes
3668 1476 3891 1548 pariter

2249 1584 2306 1627 et
2336 1574 2603 1628 docentes
2629 1573 2700 1627 de
2727 1573 2927 1626 eadem
2956 1577 3159 1626 sanctas
3188 1571 3317 1626 fidei
3341 1571 3586 1642 puritate
3606 1570 3892 1642 quidquid

2249 1667 2575 1738 evangelica
2622 1670 2681 1721 et
2721 1666 3022 1737 apostolica
3075 1665 3300 1720 traditio
3349 1665 3554 1732 sanxit,
3598 1663 3892 1735 quidquid

2250 1767 2444 1816 sancta
2461 1760 2713 1832 synodus
2740 1761 2961 1814 Nicaena
2983 1759 3294 1828 constituit,
3315 1758 3590 1831 quidquid
3611 1758 3895 1813 Constan-

518 1873 621 1911 nos
647 1871 807 1910 amor
829 1851 1109 1924 aequitatis
1128 1850 1188 1904 in
1209 1851 1573 1922 negotiorum
1590 1851 2004 1906 acceleratione
2025 1851 2150 1906 red-
2169 1832 2225 1905 Β
2250 1856 2625 1926 tinopolitana
2650 1856 2876 1908 Patrum
2901 1857 3173 1925 agregata
3197 1852 3453 1908 collectio
3481 1851 3889 1922 promulgavit,

518 1949 730 2006 diderit
750 1945 1020 2013 fervidos,
1034 1944 1334 2000 efﬁcientia
1354 1961 1579 2016 quoque
1595 1945 1882 2016 justorum
1906 1961 2141 2017 operum

518 2046 820 2100 connectat
866 2041 978 2095 Deo
1025 2038 1354 2110 perenniter
1397 2038 1715 2106 sociandos,
1748 2043 1813 2092 ut
1858 2039 2145 2094 bonorum

513 2141 829 2194 vestrorum
858 2133 1076 2189 actibus
1103 2132 1460 2187 letabundus
1491 2136 1548 2188 et
1574 2133 1869 2204 prmsentis
1898 2133 2026 2187 vitae
2053 2149 2143 2186 ca-

514 2232 671 2304 piam
694 2231 938 2295 lucrum,
958 2232 1014 2281 et
1043 2231 1390 2281 aeternarum
1416 2227 1676 2298 perfruar
1697 2227 1988 2281 vobiscum
2015 2243 2148 2298 gau-

515 2325 624 2381 diis
642 2323 1022 2379 mansionum.
1038 2322 1262 2390 Datum,
1281 2320 1384 2375 sub
1406 2320 1497 2375 die
1518 2321 1718 2392 quinto
1736 2320 2144 2390 ldusJanuarii,

517 2435 668 2475 anno
697 2417 938 2473 feliciter
984 2415 1174 2487 primo
1203 2413 1366 2486 regni
1392 2415 1710 2470 serenitatis
1742 2421 1797 2471 et
1826 2415 2145 2487 tranquilli-

513 2514 640 2570 tatis
663 2514 872 2568 nostrae
903 2511 964 2566 in
993 2509 1096 2565 Dei
1127 2509 1384 2576 nomine,
1422 2510 1634 2564 Toleto.

1159 2632 1515 2703 Subscriptio.

583 2748 644 2804 In
669 2747 909 2803 nomine
937 2744 1166 2801 Domini
1191 2743 1413 2798 Flavius
1437 2743 1702 2815 Eringius
1725 2759 1819 2798 rex
1831 2759 2040 2814 magna
2067 2760 2148 2798 sa-

515 2843 602 2898 lus
632 2841 832 2914 populi
864 2839 1163 2912 gentisque
1207 2841 1413 2892 nostrae
1447 2853 1510 2890 ac
1539 2836 1702 2908 regni
1753 2837 2145 2907 conscribitur,

513 2935 558 2992 si
586 2937 709 2992 haec
735 2933 1096 3006 synodalium
1134 2932 1358 2986 decreta
1389 2936 1701 3002 gestorum,
1734 2930 1879 2986 sicut
1920 2931 2012 3002 pio
2045 2931 2146 2985 de-

516 3027 757 3086 votionis
781 3030 993 3083 nostra;
1019 3025 1208 3080 studio
1254 3032 1380 3080 acta
1407 3029 1557 3094 sunt,
1590 3025 1668 3079 ita
1709 3024 2148 3079 inconvulsibilis

513 3125 658 3196 legis
680 3125 889 3178 nostra:
906 3119 1087 3176 valido
1110 3121 1338 3175 oraculo
1358 3120 1786 3189 conﬁrmentur,
1811 3124 1872 3174 ut
1889 3119 2043 3192 quod
2067 3135 2148 3174 se-

515 3217 815 3274 renissimo
841 3214 1188 3271 celsitudinis
1209 3217 1418 3268 nostrae
1437 3214 1602 3285 jussu
1626 3214 1960 3269 venerandis
1976 3212 2148 3284 patri-
2168 3213 2223 3287 Ο

514 3312 621 3367 bus
653 3314 711 3366 et
736 3308 1058 3366 clarissimis
1084 3307 1279 3380 palatii
1308 3308 1486 3362 nostri
1506 3308 1825 3363 senioribus
1846 3309 2069 3363 decreta
2083 3306 2148 3362 ti-

514 3407 766 3462 tulorum
786 3403 1108 3460 exaratione
1121 3405 1207 3458 est
1220 3401 1491 3470 edictum,
1507 3402 1802 3474 praesentis
1813 3402 1983 3473 hujus
2003 3401 2147 3473 legis

517 3504 726 3556 nostrte
747 3498 930 3554 edicto
946 3497 1016 3552 ab
1033 3496 1255 3552 aemulis
1271 3496 1630 3551 defendatur.
1646 3497 1740 3551 Est
1759 3497 1913 3551 enim
1927 3496 2048 3550 haac
2066 3493 2147 3567 ip-

517 3611 580 3651 sa
591 3593 844 3651 definitio
855 3606 1140 3648 canonum
1161 3591 1265 3646 sub
1284 3591 1390 3645 isto
1406 3594 1602 3646 notata
1616 3591 1817 3645 ordine
1829 3590 2144 3646 titulorum.

793 3717 1068 3785 Incipiunt
1097 3714 1341 3784 capitula
1375 3713 1614 3782 ejusdem
1640 3714 1874 3768 concilii.

593 3837 642 3888 l.
667 3833 743 3888 De
767 3829 964 3901 agnita
983 3834 1039 3884 et
1059 3828 1394 3883 confirmata
1413 3828 1747 3900 prelatione
1766 3828 1977 3900 fastigii
2001 3827 2153 3900 prin-

519 3925 714 3999 cipalis
741 3924 800 3978 in
830 3921 1066 3978 nomine
1093 3927 1298 3976 sanctae
1325 3921 1633 3976 Trinitatis.

590 4022 646 4075 2.
665 4018 741 4073 De
761 4017 850 4072 his
875 4015 974 4088 qui
994 4014 1388 4088 pa-nitentiam
1408 4016 1823 4071 consentientes
1845 4017 2149 4089 accipiunt.

595 4115 647 4169 3.
702 4111 778 4166 De
818 4110 1168 4182 culpatorum
1218 4109 1567 4180 receptione,
1612 4109 1702 4163 vel
1754 4111 2152 4168 communione

524 4206 674 4281 apud
704 4203 1030 4261 Ecclesiam.

593 4302 646 4359 4.
675 4301 747 4358 Ut
769 4299 830 4354 in
859 4299 998 4354 locis
1037 4296 1134 4352 ubi
1164 4295 1462 4368 episcopus
1490 4314 1607 4353 non
1653 4298 1825 4354 fuerit
1854 4316 2152 4372 nunquam

522 4397 818 4470 episcopus
849 4391 1165 4448 ordinetur.

597 4494 646 4546 5.
663 4489 740 4544 De
766 4484 1130 4559 quorundam
1155 4485 1568 4541 consuetudine
1589 4488 1942 4544 sacerdotum
1966 4489 2152 4544 fcedis-

2245 1949 2523 2022 quidquid
2547 1949 2819 2020 Ephesini
2847 1954 3021 2002 coetus
3052 1947 3308 2002 deﬁnitio
3339 1946 3546 2012 docuit,
3566 1946 3712 2000 sicut
3741 1945 3896 1999 mul-

2245 2047 2432 2098 torum
2465 2043 2876 2097 catholicorum
2922 2044 3150 2096 Patrum
3181 2041 3522 2096 documento
3561 2039 3891 2110 expositum

2246 2137 2638 2209 traditumque
2666 2136 2834 2191 nobis
2857 2135 3203 2208 accepimus,
3229 2135 3374 2189 sicut
3400 2134 3575 2188 etiam
3599 2133 3658 2187 in
3688 2133 3891 2187 missa-

2247 2247 2379 2286 rum
2408 2230 2698 2285 solemniis
2723 2231 2932 2302 patulis
2951 2229 3375 2285 confessionum
3405 2227 3634 2283 vocibus
3662 2227 3888 2298 procla-

2248 2341 2501 2380 mamus.

2318 2420 2614 2478 Credimus
2643 2419 2700 2474 in
2729 2435 2908 2474 unum
2935 2420 3137 2486 Deum,
3156 2421 3382 2474 Patrem
3403 2417 3886 2489 omnipotentem,

2247 2515 2520 2570 factorem
2547 2513 2672 2569 coeli
2689 2519 2744 2568 et
2764 2517 2950 2580 terrae,
2964 2513 3267 2568 visibilium
3285 2519 3341 2568 et
3359 2511 3730 2567 invisibilium
3754 2528 3891 2566 con-

2248 2608 2643 2670 ditorem,etin
2659 2625 2840 2664 unum
2856 2608 3159 2662 Dominum
3175 2609 3200 2662 J
3205 2623 3368 2662 esum
3377 2607 3664 2662 Christum
3680 2606 3890 2660 Filium

2249 2702 2348 2757 Dei
2366 2703 2748 2774 unigenitum,
2773 2719 2838 2756 ex
2865 2704 3026 2756 Patre
3057 2706 3254 2756 natum
3282 2707 3412 2757 ante
3442 2701 3634 2756 omnia
3655 2701 3888 2755 saecula.

2249 2797 2432 2850 Deum
2461 2813 2528 2851 ex
2580 2798 2712 2864 Deo,
2744 2798 2943 2851 lumen
2973 2814 3042 2851 ex
3073 2796 3313 2865 lumine,
3348 2797 3527 2850 Deum
3569 2811 3772 2849 verum
3823 2811 3893 2848 ex

2250 2891 2366 2944 Deo
2413 2907 2570 2960 vero,
2602 2897 2800 2945 natum
2845 2908 2959 2944 non
3009 2892 3248 2958 factum,
3275 2893 3549 2945 omousion
3576 2888 3748 2956 Patri,
3781 2889 3895 2944 hoc

2249 2987 2334 3038 est
2357 2984 2616 3055 ejusdem
2647 3001 2780 3039 cum
2802 2986 2967 3039 Patre
2996 2985 3342 3055 substantiae,
3363 3000 3467 3056 per
3491 2999 3661 3055 quem
3690 2982 3895 3037 omnia

2250 3078 2398 3133 facta
2444 3083 2596 3145 sunt,
2624 3095 2752 3150 qua:
2796 3078 2851 3133 in
2879 3079 3016 3133 coelo
3057 3082 3115 3132 et
3140 3095 3266 3150 quae
3315 3078 3375 3132 in
3409 3081 3582 3133 terra.
3611 3077 3719 3142 Qui
3751 3093 3895 3148 pro-

2249 3177 2375 3243 pter
2400 3189 2524 3239 nos,
2559 3183 2614 3228 et
2643 3176 2878 3244 propter
2905 3177 3157 3227 nostram
3204 3173 3443 3227 salutem
3488 3171 3802 3238 descendit,
3835 3175 3900 3226 et

2248 3267 2576 3321 incarnatus
2631 3270 2715 3321 est
2781 3267 2851 3323 de
2906 3267 3124 3339 Spiritu
3181 3271 3371 3322 sancto
3423 3283 3494 3320 ex
3538 3266 3712 3320 Maria
3757 3264 3895 3319 Vir-

2251 3360 2407 3432 gine,
2459 3361 2610 3416 homo
2647 3364 2827 3430 factus
2851 3367 2949 3426 est,
2994 3379 3188 3433 passus
3231 3361 3334 3416 sub
3366 3359 3562 3415 Pontio
3597 3359 3800 3429 Pilato,
3833 3363 3900 3414 et

2250 3456 2522 3526 sepultus,
2561 3457 2731 3510 tertia
2780 3455 2872 3510 die
2917 3455 3244 3525 resurrexit,
3290 3454 3542 3509 ascendit
3588 3453 3648 3508 in
3691 3454 3893 3523 caelos,

2251 3549 2409 3604 sedet
2444 3550 2514 3604 ad
2560 3549 2842 3605 dexteram
2877 3550 3075 3605 Patris.
3105 3551 3313 3605 Iterum
3339 3554 3608 3604 venturus
3651 3547 3713 3602 in
3759 3548 3892 3618 glo-

2250 3643 2338 3697 ria
2355 3643 2616 3714 judicare
2643 3643 2796 3698 vivos
2823 3646 2880 3698 et
2913 3649 3189 3712 mortuos,
3221 3642 3382 3714 cujus
3408 3642 3572 3714 regni
3615 3657 3730 3695 non
3778 3640 3897 3696 erit

2251 3737 2401 3792 ﬁnis.
2434 3737 2731 3792 Credimus
2777 3738 2835 3793 in
2877 3738 3146 3809 Spiritum
3189 3742 3449 3792 sanctum
3491 3735 3800 3790 Dominum
3832 3741 3897 3789 et

2251 3831 2695 3900 viviﬁcatorem,
2750 3849 2816 3887 ex
2865 3833 3026 3887 Patre
3054 3873 3068 3899 ,
3129 3835 3186 3886 et
3237 3830 3375 3886 Filio
3427 3830 3840 3903 procedentem
3875 3871 3890 3896 ,

2252 3942 2381 3980 cum
2425 3927 2587 3980 Patre
2632 3929 2689 3981 et
2736 3925 2871 3981 Filio
2909 3925 3266 3981 adorandum
3308 3929 3366 3980 et
3419 3923 3892 3996 gloriﬁcandum,

2255 4018 2444 4093 135
2477 4020 2576 4092 qui
2601 4021 2826 4076 locutus
2856 4025 2942 4076 est
2970 4037 3072 4092 per
3121 4019 3444 4092 prophetas.
3474 4019 3657 4074 Unam
3684 4017 3888 4072 catho-

2252 4113 2417 4169 licam
2442 4121 2498 4170 et
2531 4115 2896 4186 apostolicam
2943 4115 3265 4170 Ecclesiam.
3311 4114 3662 4171 Conﬁtemur
3699 4127 3894 4166 unum

2251 4209 2601 4281 baptismum
2627 4209 2686 4264 in
2716 4209 3113 4265 remissionem
3156 4211 3541 4280 peccatorum.
3581 4208 3896 4278 Exspecta‘

2254 4321 2382 4358 mus
2434 4304 2908 4359 resurrectionem
2951 4310 3310 4359 mortuorum
3333 4345 3348 4370 ,
3402 4308 3459 4357 et
3494 4301 3669 4357 vitam
3706 4299 3897 4355 futuri

2252 4397 2463 4452 saeculi.
2489 4400 2694 4452 Amen.

2324 4495 2450 4548 CAP.
2477 4493 2516 4545 Ι.
2533 4493 2665 4546 Post
2681 4493 2910 4563 paciﬁca
2924 4509 3060 4565 ergo
3080 4493 3248 4564 hujus
3264 4495 3476 4547 sanctae
3495 4490 3625 4546 fidei
3639 4487 3899 4545 collatio-

525 4587 669 4641 sima
694 4581 791 4654 qui
822 4579 1027 4635 oblatis
1061 4579 1173 4634 Deo
1218 4579 1502 4634 sacriﬁciis
1544 4598 1656 4635 non
1704 4584 2148 4639 communicant.
2172 4595 2232 4667 D
2257 4603 2394 4640 num
2409 4585 2613 4653 studia,
2629 4586 2722 4640 illa
2737 4603 2794 4641 se
2807 4587 3060 4658 primum
3077 4587 3282 4641 nostris
3302 4585 3556 4642 sensibus
3577 4584 3894 4640 Salvatoris

599 4681 651 4733 6.
682 4678 758 4731 De
804 4689 1070 4729 concessa
1121 4673 1388 4728 Toletano
1435 4676 1686 4746 pontiﬁci
1732 4679 2014 4749 generalis
2061 4696 2151 4750 sy-

525 4771 664 4828 nodi
693 4771 987 4841 potestate,
1019 4771 1084 4822 ut
1107 4767 1398 4840 episcopus
1428 4770 1658 4825 alterius
1682 4773 1989 4842 provinciae
2019 4790 2154 4828 con-

528 4863 781 4922 niventia
810 4861 1134 4934 principum
1163 4861 1222 4917 in
1251 4863 1386 4917 urbe
1415 4863 1574 4934 regia
1604 4865 1919 4921 ordinetur.

596 4963 650 5014 7.
687 4959 764 5013 De
793 4961 1019 5028 recepto
1046 4957 1367 5012 testimonio
1399 4975 1770 5028 personarum
1790 4978 1917 5032 quae
1944 4977 2050 5032 per
2075 4962 2156 5014 le-

528 5069 661 5127 gem
689 5068 816 5126 quae
843 5052 912 5106 de
955 5051 1311 5122 promotione
1338 5053 1615 5107 exercitus
1655 5054 1804 5108 facta
1847 5061 1931 5109 est
1958 5054 2156 5109 testifi-

526 5147 692 5204 candi
722 5146 1004 5201 licentiam
1032 5145 1406 5217 prodiderint.

597 5246 650 5298 8.
679 5243 753 5297 De
783 5241 871 5295 his
900 5240 999 5312 qui
1049 5257 1249 5296 uxores
1299 5259 1428 5295 suas
1476 5241 1714 5296 divortio
1765 5242 2157 5300 intercedente

523 5337 875 5409 relinquunt.

597 5435 650 5488 9.
683 5433 759 5486 De
787 5427 1223 5486 conﬁrmatione
1250 5428 1440 5498 legum
1471 5444 1598 5500 qua:
1625 5429 1682 5484 in
1713 5430 2039 5486 Juda'ornm
2064 5449 2158 5488 ne-

528 5525 714 5600 quitia
742 5525 1116 5596 promulgatas
1145 5524 1294 5587 sunt,
1319 5523 1766 5596 earumdemque
1786 5525 1980 5596 legum
2011 5543 2156 5598 prte-

522 5620 636 5678 ﬁxo
659 5620 861 5675 ordine
887 5615 1182 5672 titulorum
1227 5613 1324 5685 qui
1366 5614 1424 5670 in
1465 5617 1666 5672 eodem
1713 5633 1931 5675 canone
1971 5638 2156 5678 annu-

523 5717 840 5770 morantur.

599 5809 686 5861 t0.
714 5806 794 5860 De
825 5803 912 5859 his
967 5801 1066 5873 qui
1105 5799 1176 5855 ad
1214 5802 1509 5858 ecclesiam
1553 5805 1886 5880 confugium
1921 5810 2154 5867 faciunt.

601 5899 686 5956 tl.
719 5897 798 5952 De
825 5893 1135 5954 cultoribus
1167 5893 1468 5950 idolorum.

2256 4679 2507 4752 cognitio
2524 4681 2982 4752 cognoscendam
3011 4681 3220 4736 invexit
3239 4697 3368 4753 quae
3393 4685 3549 4736 tanto
3573 4679 3739 4734 corda
3759 4694 3890 4733 om-

2257 4775 2416 4829 nium
2470 4775 2675 4830 ardore
2735 4775 3022 4830 charitatis
3074 4774 3359 4843 astrinxit,
3415 4780 3625 4846 quanto
3673 4790 3731 4828 se
3781 4790 3894 4845 per

2258 4869 2510 4924 eamdem
2546 4869 2665 4940 ipsa
2690 4870 2936 4941 cognitio
2963 4870 3021 4923 in
3043 4875 3325 4941 conventu
3352 4869 3631 4940 generalis
3656 4867 3894 4924 concilii

2258 4887 2510 4924 eamdem
2546 4887 2665 4940 ipsa
2690 4887 2936 4941 cognitio
2963 4887 3021 4923 in
3111 4887 3325 4924 nventu
3352 4887 3631 4940 generatis
3656 4887 3893 4924 concnu

2256 4964 2705 5034 pernoscendam
2754 4887 3273 5052 exsiluitgienim
3317 4964 3420 5018 sub
3449 4980 3560 5035 qua
3612 4977 3748 5033 pace
3797 4963 3893 5018 vel

2257 5056 2456 5112 ordine
2496 5058 2889 5113 serenissimus
2939 5058 3202 5130 Eringius
3234 5059 3497 5130 princeps
3539 5055 3706 5128 regni
3746 5072 3891 5111 con-

2258 5151 2544 5206 scenderit
2578 5153 2825 5219 culmen,
2875 5153 3269 5224 regnandique
3317 5169 3423 5225 per
3471 5153 3894 5207 sacrosanctam

2256 5245 2589 5301 unctionem
2634 5247 2946 5318 susceperit
2998 5251 3378 5320 potestatem,
3430 5251 3658 5301 ostensa
3722 5245 3897 5300 nobis

2259 5339 2676 5411 Scripturarum
2705 5340 2989 5395 evidentia
3013 5342 3195 5408 docet,
3223 5339 3282 5395 in
3311 5340 3518 5412 quibus
3547 5347 3603 5394 et
3628 5353 3893 5410 praecep-

2258 5435 2348 5502 tis,
2373 5440 2427 5490 et
2457 5434 2720 5489 Vuambae
2741 5435 3012 5506 principis
3029 5435 3378 5507 pmnitentiaa
3397 5433 3678 5506 susceptio
3704 5433 3897 5488 nosci-

2257 5532 2370 5595 tur,
2386 5533 2444 5583 et
2459 5529 2767 5584 translatus
2791 5529 2951 5600 regni
2967 5531 3150 5586 honor
3166 5530 3222 5584 in
3241 5530 3410 5600 hujus
3424 5529 3602 5584 nostri
3617 5526 3895 5599 principis

2258 5622 2490 5678 nomine
2521 5623 2829 5679 derivatur.
2855 5624 3006 5678 Idem
3026 5623 3272 5679 Vuamba
3297 5623 3434 5678 dum
3462 5621 3769 5677 inevitabili
3795 5639 3896 5677 ne—

2257 5717 2612 5773 cessitudinis
2625 5721 2917 5773 teneretur
2929 5722 3420 5789 eventu,suscepto
3436 5715 3724 5788 religionis
3737 5713 3898 5770 debi.

2257 5815 2316 5866 to
2346 5811 2522 5879 cultu,
2544 5816 2602 5865 et
2627 5813 2932 5866 venerabili
2959 5819 3211 5868 tonsurae
3235 5828 3408 5867 sacrae
3437 5810 3728 5883 signaculo
3756 5826 3895 5866 mox

2259 5921 2363 5975 per
2381 5905 2717 5976 scripturam
2740 5906 3086 5964 deﬁnitionis
3107 5922 3223 5961 sua!
3243 5907 3394 5962 hunc
3418 5905 3692 5979 inclytum
3709 5904 3899 5967 domi.
