4032 6304
165 384 260 438 553

1396 368 1870 444 DECRETALIUM
1906 386 2294 446 COLLECTIO.

3427 392 3528 450 534

166 491 1794 568 numnostrumEringiumpostseperelegitregnaturum,
1818 497 2137 584 Aforsitan
2177 497 2516 568 respiciente
2559 498 2796 555 Domino
2834 495 2998 556 saluti
3043 495 3298 572 pristinae
3344 500 3526 556 refor-

167 586 563 642 etsacerdotali
577 587 971 644 benedictione
987 590 1312 660 ungendum
1324 633 1336 645 .
1352 591 1607 646 Vidimus
1619 592 1792 657 enim,

165 685 218 734 et
240 680 457 751 pariter
476 681 671 753 patulo
701 683 934 739 alterna
964 683 1191 740 visionis
1220 685 1429 740 intuitu
1453 687 1796 756 pralucente

165 774 580 846 perspeximus,
596 777 764 848 hujus
777 778 1056 849 praemissi
1071 779 1286 834 ordinis
1299 779 1621 850 scripturas,
1640 779 1698 833 id
1714 783 1797 834 est

166 869 420 924 notitiam
432 886 610 926 manu
621 870 909 928 seniorum
923 872 1110 944 palatii
1125 873 1664 940 roboratam,coram
1679 874 1798 944 qui-

163 962 264 1018 bus
282 964 636 1019 antecedens
655 966 917 1038 princeps
943 970 999 1021 et
1017 967 1306 1038 religionis
1332 969 1566 1032 cultum,
1593 973 1650 1022 et
1676 971 1798 1021 ton-

165 1073 306 1111 sura
319 1073 498 1112 sacra
516 1058 756 1130 adeptus
771 1064 854 1114 est
866 1061 1183 1115 venerabile
1197 1061 1421 1131 signum
1432 1104 1445 1128 ,
1461 1061 1730 1131 scriptura
1740 1077 1796 1115 m

164 1167 388 1222 quoque
405 1151 758 1208 definitionis
772 1154 842 1208 ab
859 1155 1060 1210 eodem
1076 1154 1346 1224 edictam,
1367 1155 1465 1209 ubi
1487 1155 1793 1226 gloriosum

164 1244 464 1300 dominum
493 1250 756 1303 nostrum
776 1247 1072 1319 Eringium
1100 1255 1230 1321 post
1250 1267 1309 1303 se
1335 1249 1460 1304 ﬁeri
1487 1266 1683 1322 regem
1708 1267 1798 1304 ex-

166 1343 342 1410 cptat,
375 1339 546 1395 aliam
588 1357 813 1413 quoque
850 1342 1316 1398 informationem
1355 1345 1478 1414 jam
1524 1345 1659 1399 dicti
1690 1345 1795 1400 viri

165 1435 218 1490 in
259 1434 502 1489 nomine
548 1435 892 1491 honorabilis
919 1441 975 1492 et
1009 1433 1348 1492 sanctissimi
1393 1439 1583 1494 fratris
1619 1439 1797 1494 nostri

163 1529 372 1584 Iuliani
417 1529 702 1584 Toletana
743 1530 888 1586 sedis
931 1531 1198 1603 episcopi,
1228 1532 1326 1586 ubi
1351 1548 1482 1587 eum
1522 1533 1798 1604 separavit

164 1624 377 1696 pariter
397 1627 454 1678 et
478 1623 766 1694 instruxit,
788 1628 854 1679 ut
883 1641 1014 1680 cum
1035 1625 1194 1680 omni
1225 1626 1520 1697 diligentia
1542 1627 1664 1697 jam
1688 1626 1798 1682 dic-

163 1723 283 1772 tum
311 1718 615 1773 dominum
645 1722 903 1774 nostrum
948 1720 1245 1791 Eringium
1278 1720 1337 1774 in
1364 1737 1546 1792 regno
1577 1738 1796 1792 ungere

163 1812 412 1878 deberet,
442 1817 500 1867 et
525 1813 682 1868 omni
708 1813 1004 1884 diligentia
1031 1814 1313 1869 unctionis
1339 1814 1514 1885 ipsius
1557 1815 1794 1870 celebri-

1898 599 2147 659 mentur,
2172 597 2353 664 agunt
2385 593 2741 648 cautionibus
2771 595 2932 648 vanis
2978 601 3033 649 et
3079 595 3528 666 oppositionibus

1898 686 2274 753 exsecrandis,
2320 688 2562 758 qualiter
2609 705 2643 742 a
2677 705 2737 742 se
2781 691 3031 744 tonsura
3082 690 3406 744 venerabile
3450 690 3527 744 si-

1898 796 2076 851 gnum
2108 781 2413 850 expellant,
2435 787 2601 853 atque
2627 782 2886 837 habitum
2917 781 3209 852 religionis
3233 782 3526 853 abjiciant,

1897 872 2421 943 imprudentissime
2448 881 2762 930 asserentes
2782 876 2907 930 ideo
2930 892 2987 930 se
3010 877 3180 930 nullis
3199 876 3414 947 regulis
3433 893 3526 931 ec-

1897 965 2216 1021 clesiastica
2245 967 2561 1038 disciplina
2593 969 2696 1023 sub
2725 969 2835 1024 hoc
2869 974 2998 1024 voto
3027 969 3232 1038 teneri,
3253 969 3386 1041 quia
3407 987 3525 1041 poe-

1895 1060 2213 1126 nitentiam,
2244 1077 2349 1115 nec
2378 1061 2486 1132 ipsi
2517 1063 2823 1133 petierunt,
2859 1079 2963 1118 nec
2993 1062 3411 1118 consentientes
3441 1080 3528 1119 ac-

1897 1157 2192 1225 ceperunt,
2212 1171 2458 1225 quorum
2490 1155 2844 1226 impudentia
2872 1156 3076 1212 divina
3105 1156 3379 1212 bonitatis
3399 1173 3527 1229 qua

1896 1264 1992 1302 eos
2016 1247 2089 1300 ad
2111 1252 2227 1302 tam
2255 1248 2572 1303 venerabile
2604 1265 2668 1303 ac
2695 1250 2922 1305 fecundi
2946 1250 3163 1305 fructus
3192 1251 3409 1306 vocavit
3432 1268 3524 1307 sa-

1895 1346 2250 1396 cramentum
2276 1342 2520 1413 turpiter
2543 1341 2874 1409 immemor,
2898 1347 2955 1398 et
2982 1344 3264 1399 obstinata
3282 1344 3529 1416 procaci-

1894 1439 1978 1489 tas
2003 1451 2119 1489 non
2147 1435 2455 1507 aliquando
2482 1435 2695 1491 diceret
2718 1437 2872 1504 talia,
2907 1436 2952 1491 si
2978 1438 3224 1509 qualiter
3249 1437 3322 1492 ad
3351 1438 3527 1494 vitam

1895 1545 2000 1600 per
2027 1529 2365 1584 sacrosancti
2396 1530 2601 1585 lavacri
2642 1532 2886 1602 gratiam
2911 1531 3148 1598 veniret,
3177 1531 3530 1587 meminisset

1897 1622 2109 1678 etenim
2141 1624 2501 1695 parvulorem
2527 1625 2834 1680 infantium
2860 1625 2977 1680 vita
3005 1624 3272 1697 originali
3303 1628 3529 1697 peccato

1898 1717 2160 1785 obnoxia,
2197 1734 2324 1789 qua
2355 1719 2500 1773 nulli
2528 1722 2761 1790 propter
2785 1724 3013 1774 atatem
3059 1718 3418 1774 discernendi
3445 1720 3530 1774 vel

1897 1811 2201 1882 expetendi
2227 1813 2416 1867 sensui
2452 1813 2637 1884 aptior
2654 1812 2963 1883 judicetur,
2995 1812 3101 1868 nisi
3129 1829 3196 1868 ex
3226 1813 3529 1886 sponsione

163 1912 246 1961 tas
277 1907 463 1962 ﬁeret.
497 1909 559 1961 In
583 1924 696 1979 qua
727 1907 1004 1979 scriptura
1031 1911 1087 1962 et
1112 1908 1448 1979 subscriptio
1473 1909 1638 1964 nobis
1655 1892 1873 1980 ejus-B
1897 1904 2150 1960 fidelium
2216 1906 2485 1978 baptismi
2555 1906 2837 1978 accipiant
2888 1912 3329 1978 sacramentum,
3377 1908 3556 1976 nullo,

167 2000 294 2055 dem
321 2001 597 2055 Vuamba
641 2001 913 2073 principis
943 2001 1160 2068 claruit,
1189 2005 1245 2056 et
1281 2002 1468 2057 omnis
1514 2002 1798 2059 evidentia

165 2094 614 2166 conﬁrmationis
638 2094 974 2150 earumdem
995 2094 1402 2166 scripturarum
1419 2112 1478 2151 se
1498 2097 1796 2153 manifeste

157 2187 744 2254 ,umnstraviLQuibus
755 2188 1018 2242 omnibus
1030 2189 1358 2260 approbatis
1369 2193 1542 2261 atque
1555 2191 1799 2262 amplec-

165 2283 230 2336 tis
252 2281 501 2353 dignum
522 2298 659 2336 sane
680 2287 876 2338 nostro
904 2283 1071 2338 coetui
1093 2283 1274 2338 visum
1303 2288 1406 2351 est,
1430 2287 1493 2338 ut
1509 2285 1797 2355 praedictis

166 2375 1024 2448 definitionibus,scripturarum
1044 2381 1373 2432 nostrorum
1394 2379 1652 2434 omnium
1668 2397 1797 2435 con-

163 2469 284 2524 ﬁrm
295 2471 414 2526 atio
431 2474 769 2541 apponatur,
785 2477 850 2526 ut
865 2488 1040 2542 quam
1060 2477 1192 2527 ante
1212 2475 1473 2544 tempora
1491 2473 1550 2528 in
1566 2475 1797 2529 occultis

157 2563 386 2634 judiciis
414 2564 705 2635 prascitus
733 2568 817 2619 est
837 2567 923 2620 est
946 2570 1306 2637 regnaturus,
1326 2583 1478 2622 nunc
1498 2567 1797 2622 manifesto

160 2657 214 2712 in
227 2663 494 2728 tempore
521 2659 859 2730 generaliter
869 2659 1126 2714 omnium
1144 2660 1500 2715 sacerdotum
1523 2661 1799 2718 habeatur

161 2752 587 2807 deﬁnitionibus
611 2757 986 2808 consecratus.
1008 2754 1074 2808 Et
1099 2754 1228 2808 ideo
1255 2755 1444 2809 soluta
1470 2772 1674 2810 manus
1691 2773 1792 2828 po-

159 2847 278 2918 puli
302 2846 376 2900 ab
403 2847 562 2902 omni
589 2847 812 2902 vinculo
853 2848 1194 2919 juramenti,
1221 2865 1348 2920 qua
1374 2850 1642 2920 pradicto
1671 2850 1794 2906 viro

162 2941 454 3007 Vuamba,
485 2942 622 2996 dum
648 2958 893 3012 regnum
926 2942 1110 2996 adhuc
1148 2945 1389 3012 teneret,
1421 2944 1650 3014 alligata
1689 2949 1791 3012 est,

161 3035 313 3089 hunc
340 3037 529 3091 solum
562 3035 658 3106 qui
691 3037 1001 3106 permansit
1042 3036 1469 3092 serenissimum
1497 3037 1795 3110 Eringium

161 3130 478 3201 principem
545 3131 876 3184 ohsecutura
936 3135 1110 3200 grata
1169 3132 1454 3186 servitutis
1516 3133 1794 3188 famulatu

163 3229 452 3294 sequatur,
488 3226 544 3277 et
573 3223 769 3291 libera,
801 3240 972 3294 quem
1017 3227 1074 3278 et
1115 3225 1369 3279 divinum
1413 3226 1693 3295 judicium
1731 3226 1790 3282 in
1813 3265 1869 3342 Ο

163 3334 337 3342 ..-κ-Α
371 3317 664 3342 -Α-..ΑΑιΛκει
721 3322 771 3342 ,ι
817 3317 1076 3342 .1---......_
1106 3319 1365 3342 _..:_.-.._-
1412 3337 1784 3342 _---_-__-_-___

159 3334 341 3387 regno
371 3317 686 3388 praeelegit,
718 3322 775 3372 et
814 3317 1076 3372 decessor
1106 3319 1367 3390 princeps
1410 3337 1793 3376 successorem

161 3411 262 3465 sibi
300 3411 569 3477 instituit,
599 3415 655 3465 et
683 3411 836 3482 quod
866 3415 1145 3483 superest,
1174 3430 1350 3484 quem
1389 3413 1560 3468 totius
1595 3416 1792 3486 populi

159 3505 474 3559 amabilitas
523 3505 837 3576 exquisivit.
883 3507 1041 3562 Unde
1086 3507 1174 3560 his
1222 3508 1582 3577 pracognitis
1620 3514 1791 3585 atque

158 3597 435 3669 prascitis
461 3597 820 3653 serviendum
851 3603 935 3654 est
958 3602 1070 3655 Deo
1101 3600 1244 3668 coeli,
1263 3603 1319 3653 et
1347 3600 1614 3670 pradicto
1641 3602 1792 3672 prin-

159 3692 267 3762 cipi
298 3695 498 3746 nostro
545 3691 773 3763 Eringio
802 3693 940 3764 regi,
975 3693 1140 3765 eique
1169 3693 1262 3764 pia
1287 3694 1592 3750 devotione
1625 3695 1788 3751 obse-

159 3785 458 3858 quendum
491 3789 550 3840 et
595 3785 1019 3859 promptissima
1059 3789 1350 3842 voluntate
1393 3789 1703 3859 agendum,
1735 3793 1794 3845 et

160 3879 498 3936 enitendum
525 3879 803 3952 quidquid
832 3880 954 3951 ejus
990 3880 1158 3935 saluti
1202 3881 1475 3952 prbficiat,
1509 3883 1792 3954 quidquid

161 3974 348 4046 gentis
377 3990 497 4028 sua
523 3973 864 4029 utilitatibus
890 3979 946 4030 et
985 3975 1183 4045 patria
1229 3975 1599 4032 consuluerit.
1631 3978 1790 4033 Unde

159 4086 271 4124 non
299 4068 411 4123 erit
427 4068 550 4139 jam
578 4067 841 4140 deinceps
865 4069 935 4124 ab
956 4069 1337 4124 anathematis
1358 4071 1643 4126 sententia
1663 4072 1791 4126 alie-

155 4179 281 4231 nus,
337 4165 439 4216 aut
489 4161 694 4216 divina
745 4162 1254 4219 animadversionis
1307 4164 1518 4220 ultione
1561 4181 1791 4220 securus

157 4257 400 4329 quisque
437 4260 638 4311 contra
677 4257 916 4312 salutem
963 4258 1083 4327 ejus
1124 4257 1386 4329 deinceps
1417 4263 1517 4312 aut
1544 4260 1792 4315 erexerit

155 4368 356 4407 vocem
403 4354 506 4405 aut
555 4351 925 4407 commoverit
975 4352 1212 4420 cadem,
1250 4355 1351 4408 aut
1386 4369 1790 4426 quamcunque

159 4445 467 4518 exquiserit
499 4444 747 4500 ladendi
781 4445 1076 4502 ultionem.

225 4543 292 4596 ll.
319 4541 668 4612 Plerumque
694 4540 800 4608 his,
823 4541 1031 4614 quibus
1050 4541 1334 4597 miseratio
1365 4543 1599 4598 Domini
1619 4544 1790 4599 etiam

1897 2020 2086 2070 sensu,
2113 2004 2270 2058 nulla
2299 2004 2469 2058 etiam
2496 2004 2855 2059 discretionis
2883 2004 3158 2060 industria
3177 2005 3233 2060 id
3260 2010 3529 2077 appetere

1897 2099 2152 2169 possunt.
2211 2097 2371 2153 Unde
2438 2099 2582 2152 sicut
2645 2097 2945 2169 baptisma,
2999 2097 3154 2170 quod
3225 2099 3527 2155 nescienti-

1895 2191 2001 2245 bus
2036 2191 2285 2263 parvulis
2328 2192 2448 2246 sine
2481 2192 2593 2246 ulla
2623 2192 2984 2247 contentione
3031 2192 3090 2246 in
3145 2192 3256 2247 fide
3304 2196 3528 2248 tantum

1894 2285 2291 2357 proximorum
2316 2286 2608 2356 accipitur,
2637 2286 2716 2340 ita
2734 2285 3085 2357 poenitentia
3116 2285 3351 2357 donum,
3374 2285 3530 2358 quod

1899 2379 2276 2434 nescientibus
2325 2372 2595 2447 illabitur,
2627 2380 2862 2451 aliisque
2906 2380 3308 2451 impugnantia
3352 2380 3525 2436 viola-

1894 2472 2083 2540 tionis,
2113 2473 2172 2527 hi
2200 2473 2297 2545 qui
2332 2473 2474 2527 illud
2504 2473 2844 2545 exceperint,
2879 2473 3278 2528 observabunt.
3312 2474 3372 2529 Si
3401 2473 3528 2545 quis

1895 2570 2088 2621 autem
2131 2567 2384 2638 quolibet
2429 2567 2599 2621 modo
2642 2566 3035 2638 paenitentiam
3083 2566 3387 2638 accipiens,
3422 2567 3528 2622 hoc

1895 2661 2188 2715 violaverit
2221 2661 2488 2731 synodale
2532 2659 2876 2728 institutum,
2901 2663 2964 2714 ut
2989 2676 3120 2715 vere
3147 2665 3529 2732 transgressor

1894 2755 2145 2826 paternis
2185 2755 2396 2826 regulis
2443 2755 2699 2809 ferietur.
2740 2755 2852 2808 Nec
2881 2753 3035 2809 enim
3076 2753 3186 2808 ista
3215 2759 3530 2810 statuentes

1896 2849 2235 2916 sacerdotes,
2270 2865 2528 2920 quosque
2563 2851 2630 2902 ut
2667 2848 2880 2920 passim
2925 2851 2983 2903 et
3023 2847 3267 2903 licenter
3311 2848 3526 2904 donum

1894 2941 2241 3013 poenitentia
2256 2959 2370 2997 non
2394 2942 2804 3015 pauitantibus
2825 2941 3070 2996 audeant
3086 2957 3413 3013 prorogare,
3436 2942 3530 2997 ab-

1894 3036 2186 3105 solvimus,
2226 3037 2325 3091 sed
2350 3036 2457 3092 hos
2502 3035 2598 3108 qui
2643 3035 2899 3108 qualibet
2941 3039 3092 3091 sorte
3138 3035 3529 3107 paenitentiam

1895 3130 2270 3202 susceperint,
2289 3147 2360 3185 ne
2382 3131 2618 3186 ulterius
2631 3130 2702 3185 ad
2723 3129 2968 3184 militare
2985 3129 3282 3202 cingulum
3293 3128 3533 3185 redeant

1893 3224 2230 3296 religamus.
2265 3225 2588 3280 Sacerdotes
2613 3228 2806 3280 tamen
2839 3223 2939 3295 qui
2958 3240 3075 3278 non
3101 3223 3526 3291 consentiendo,

1893 3335 2081 3391 neque
2094 3318 2462 3390 pauitantia,
2479 3335 2620 3373 ausu
2638 3318 2947 3373 temerario
2957 3317 3351 3388 pauitantiam
3365 3317 3531 3371 dede-

1894 3411 2030 3479 rint,
2060 3428 2245 3483 neque
2276 3428 2335 3465 se
2367 3412 2666 3466 exhortatu
2695 3412 2815 3482 ejus
2838 3410 2936 3481 qui
2965 3409 3360 3481 paenitentiam
3383 3410 3528 3464 acci-

1893 3505 2080 3577 pitvel
2107 3521 2387 3559 manuum
2417 3504 2660 3571 indiciis,
2679 3505 2765 3557 vel
2796 3502 3143 3574 quibuslibet
3161 3503 3283 3557 aliis
3304 3503 3530 3558 eviden-

1893 3600 2044 3654 tibus
2067 3598 2572 3670 signiﬁcationibus
2611 3596 2908 3652 invitatum
2957 3595 3130 3651 fuisse
3180 3595 3524 3668 probaverit,

1891 3692 2060 3747 unius
2079 3692 2214 3746 anni
2235 3685 2840 3746 excommunicationis
2860 3689 3160 3745 sententia
3189 3688 3522 3761 subjacebit.

1961 3788 2045 3842 Ill.
2092 3785 2346 3840 Vidimus
2398 3784 2696 3856 quosdam,
2744 3786 2801 3839 et
2850 3782 3108 3838 flevimus
3161 3799 3225 3838 ex
3280 3797 3522 3838 numero

1891 3881 2250 3952 culpatorum
2287 3882 2560 3950 receptos,
2595 3879 2654 3932 in
2685 3878 2928 3950 gratiam
2970 3877 3296 3949 principum
3334 3881 3522 3932 extor-

1891 3992 1980 4030 res
2026 3974 2304 4029 exstitisse
2369 3990 2403 4028 a
2455 3972 2693 4044 collegio
2768 3971 3152 4040 sacerdotum,
3203 3972 3356 4044 quod
3424 3971 3526 4025 de-

1893 4069 2142 4124 notabile
2185 4069 2400 4123 malum
2455 4067 2548 4122 illa
2597 4083 2685 4121 res
2739 4066 2880 4137 agit,
2923 4066 3055 4138 quia
3097 4065 3324 4122 licentia
3373 4065 3528 4136 prin-

1890 4163 2083 4236 cipalis
2133 4163 2194 4217 in
2253 4179 2366 4234 quo
2417 4178 2474 4216 se
2534 4161 2670 4215 solvi
2719 4160 2980 4215 licentius
3032 4163 3213 4228 curat,
3261 4160 3338 4214 ibi
3386 4161 3523 4213 alios

1893 4256 2103 4328 alligat,
2147 4261 2202 4311 et
2249 4272 2389 4326 quos
2439 4255 2497 4309 in
2551 4271 2715 4309 suam
2768 4253 3236 4309 communionem
3296 4253 3520 4307 videtur

1891 4350 2195 4421 suscipere,
2245 4367 2278 4402 a
2325 4349 2731 4403 communione
2773 4352 2829 4402 et
2870 4364 3008 4419 pace
3056 4346 3317 4402 Ecclesia
3368 4346 3525 4400 vidc-

1891 4447 1985 4498 tur
2011 4459 2298 4514 separare,
2330 4445 2393 4496 ut
2427 4442 2526 4513 qui
2574 4458 2706 4496 cum
2751 4441 2848 4496 illo
2893 4444 3302 4495 convescuntur
3346 4456 3527 4494 sacer-

1892 4537 2086 4592 dotum
2132 4535 2536 4591 communione
2582 4535 2701 4589 sola
2742 4536 3054 4606 priventur.
3100 4535 3167 4588 Et
3211 4533 3343 4588 ideo
3388 4532 3524 4604 quia

159 4635 482 4691 volentibus
535 4634 814 4700 subvenit,
870 4635 1160 4690 beneﬁciis
1211 4635 1307 4690 Dei
1359 4635 1626 4692 videntur
1678 4630 2152 4712 esseDremissiO
2201 4629 2421 4698 talium,
2470 4629 2569 4700 qui
2617 4633 2818 4684 contra
2867 4629 3078 4699 legem,
3134 4630 3387 4698 gentem,
3438 4626 3526 4681 νεὶ

159 4729 390 4800 ingrati,
417 4734 476 4784 et
511 4727 664 4783 abuti
696 4728 873 4800 gratia
900 4729 1187 4802 largitoris
1215 4747 1325 4802 qua
1355 4730 1500 4785 bene
1527 4731 1614 4785 usi
1640 4735 1795 4802 pote-

156 4828 285 4878 rant
327 4821 606 4893 consequi
650 4822 1065 4879 absolutionem
1118 4824 1400 4879 facinoris.
1450 4825 1796 4896 lmpugnant

158 4933 303 4988 sape
334 4916 491 4988 quod
507 4915 792 4972 honorare
818 4916 1155 4980 debuerunt,
1180 4924 1236 4972 et
1260 4917 1512 4989 profanis
1532 4918 1795 4990 quastio-

156 5012 322 5066 nibus
344 5010 586 5064 indulta
607 5009 803 5082 gratia
823 5027 1032 5066 munus
1053 5028 1085 5066 a
1106 5027 1164 5066 se
1187 5011 1454 5082 rejiciunt
1474 5011 1627 5084 quod
1647 5029 1793 5068 sum-

157 5105 263 5159 mis
288 5104 439 5160 votis
466 5104 732 5175 amplecti
761 5104 1103 5160 debuerunt.
1153 5106 1374 5160 Etenim
1411 5107 1620 5162 multos
1647 5123 1792 5179 sape

157 5199 487 5271 aspeximus
515 5198 577 5252 in
613 5198 789 5253 salute
828 5199 1063 5270 positos,
1091 5199 1360 5255 ultimum
1407 5200 1795 5256 desiderantes

157 5292 514 5364 panitentia
537 5291 810 5361 fructum,
825 5297 888 5347 ut
907 5309 1103 5348 rursus
1131 5293 1422 5349 nimietate
1442 5294 1796 5366 agritudinis

158 5386 235 5442 ita
247 5386 531 5459 loquendi
548 5391 605 5442 et
619 5385 902 5442 sentiendi
923 5389 1181 5443 naturale
1195 5387 1509 5460 prodidisse
1521 5388 1792 5456 officium,
1814 5431 1820 5460 ,

158 5484 222 5535 ut
237 5481 404 5543 nulla
428 5481 543 5536 illis
559 5497 694 5536 cura
720 5481 914 5536 salutis
942 5498 1057 5536 sua
1087 5482 1381 5536 videretur
1413 5482 1614 5550 inesse,
1640 5465 1816 5536 nullo‘

163 5575 330 5630 etiam
361 5575 618 5648 pristina
641 5575 961 5632 devotionis
985 5581 1358 5631 noscerentur
1382 5576 1659 5632 desiderio
1689 5592 1794 5631 an-

160 5667 372 5725 helare.
394 5671 651 5734 Ouorum
673 5672 863 5724 tamen
884 5670 1100 5725 casibus
1122 5670 1446 5726 fraternitas
1466 5670 1794 5738 condolens,

161 5762 238 5818 ita
261 5764 465 5819 talium
493 5763 852 5819 necessitates
877 5763 936 5818 in
963 5764 1077 5820 fide
1120 5764 1434 5836 susceperit
1459 5781 1581 5831 sua,
1615 5768 1678 5819 ut
1706 5765 1794 5819 ul-

165 5856 367 5912 timum
392 5855 506 5912 illis
545 5857 828 5912 tribuatur
852 5857 1139 5927 viaticum,
1167 5859 1381 5913 scilicet
1404 5875 1478 5913 ne
1514 5859 1634 5914 sine
1674 5858 1795 5913 fru-

166 5953 252 6004 ctu
279 5950 635 6024 pauitantia
665 5951 966 6010 videantur
994 5952 1235 6009 transire
1262 5969 1293 6008 e
1317 5952 1542 6010 saculo.
1573 5951 1731 6018 Quod
1752 5951 1800 6008 si

1894 4724 2137 4797 patriam
2178 4726 2376 4801 agunt,
2412 4739 2516 4794 per
2541 4722 2904 4777 deﬁnitiones
2939 4737 3220 4776 canonum
3264 4719 3527 4792 antiquo.

1895 4834 2024 4872 rum
2069 4821 2344 4889 potestate
2375 4816 2560 4872 solum
2592 4815 2754 4886 regia
2781 4815 3035 4888 punitur,
3066 4813 3156 4868 cui
3185 4818 3242 4869 et
3265 4829 3525 4885 peccasse

1895 4919 2207 4968 noscuntur
2241 4911 2311 4966 ab
2353 4911 2432 4966 eis
2477 4911 2635 4965 nulla
2679 4926 2737 4964 se
2785 4909 3052 4979 deinceps
3092 4907 3401 4964 abstinebit
3442 4925 3528 4964 sa-

1895 5007 2186 5062 cerdotum
2217 5007 2566 5073 communio,
2601 5004 2699 5059 sed
2743 5021 2883 5076 quos
2915 5002 3075 5074 regia
3119 5007 3391 5074 potestas,
3430 5005 3530 5058 aut

1895 5101 1956 5156 in
2002 5100 2246 5172 gratiam
2299 5099 2672 5172 benignitatis
2720 5096 3028 5170 receperit,
3077 5102 3175 5151 aut
3223 5097 3528 5170 participes

1896 5211 2108 5250 mensa
2173 5211 2290 5249 sua
2339 5193 2609 5262 effecerit,
2665 5193 2768 5248 hos
2820 5192 2990 5247 etiam
3054 5191 3420 5247 sacerdotum
3474 5198 3531 5248 et

1896 5289 2237 5361 populorum
2290 5293 2598 5342 conventus
2653 5287 2934 5359 suscipere
2983 5285 3043 5341 in
3099 5286 3530 5342 ecclesiasticam

1897 5382 2368 5438 communionem
2412 5380 2657 5448 debebit,
2695 5385 2757 5435 ut
2786 5381 2940 5452 quod
2978 5379 3308 5452 principalis
3354 5381 3531 5453 pietas

1896 5476 2066 5532 habet
2128 5478 2422 5546 acceptum
2486 5490 2602 5529 non
2666 5490 2699 5528 a
2761 5474 3141 5530 sacerdotibus
3205 5474 3300 5530 Dei
3362 5473 3530 5528 debet

1897 5587 2016 5626 esse
2045 5576 2396 5625 extraneum.

1965 5664 2050 5720 IV.
2085 5664 2358 5736 Majorum
2387 5663 2835 5719 institutionibus
2864 5680 3007 5719 ausu
3048 5661 3352 5718 temerario
3389 5675 3526 5714 con-

1896 5760 2090 5825 traire,
2119 5763 2176 5813 et
2216 5761 2538 5813 sanctorum
2586 5760 2817 5814 Patrum
2858 5759 3080 5813 decreta
3128 5753 3443 5809 convellere
3472 5759 3529 5810 et

1899 5855 2257 5927 superiorum
2280 5869 2511 5908 suorum
2533 5853 2743 5908 effrena
2754 5857 2809 5907 ta
2833 5851 3062 5906 libidine
3083 5853 3278 5903 contra
3298 5849 3529 5904 sanctis-

1899 5951 2103 6007 simam
2133 5949 2385 6025 Apostoli
2412 5949 2729 6006 doctrinam
2760 5943 3141 6003 sanctionibus
3167 5941 3360 6010 reniti,
3390 5941 3528 6018 quid
