4032 6308
500 358 616 412 .553

1411 359 1693 414 APPEND.
1735 359 1826 413 AD
1861 359 2023 414 8445C.
2066 360 2154 415 Hi.
2176 386 2245 400 ---
2284 356 2528 415 lSlDORl
2550 357 2993 414 ~MERCATORIS

3772 362 3890 418 556

501 463 669 540 aliud
725 469 829 536 est,
880 482 1055 539 quam
1113 488 1140 518 ει
1189 466 1476 522 vinculum
1525 467 1807 522 societatis
1862 467 2069 523 Christi
2113 488 2140 522 »
2167 474 2303 554 Aet
2332 470 2616 523 facturum
2653 484 2775 522 esse
2802 468 3092 538 proﬁteor.
3132 468 3273 521 item
3306 483 3370 522 ex
3417 468 3654 523 concilio
3694 471 3888 525 Sardi-

518 558 568 631 (I
609 562 767 616 Joan.
820 578 858 630 1,
904 562 957 632 3)
1010 562 1369 632 abrumpere,
1420 566 1476 616 et
1527 566 1809 633 usurpatae
1865 578 2143 633 praesum-

504 653 733 730 _ptionis
756 654 984 710 licentia
1021 658 1233 709 statum
1276 656 1535 710 Ecclesiae
1578 656 1854 727 dissipare
1872 656 1899 711 ‘?
1944 658 2144 711 Prose-

519 751 727 819 quente
770 748 948 819 igitur
991 748 1318 818 venerabili,
1353 752 1409 803 et
1455 749 1805 804 sanctissimo
1851 750 1993 817 viro,
2029 750 2144 809 fra—

515 845 601 895 tre
633 843 825 896 nostro
856 842 1161 913 Stephano,
1186 842 1547 898 Emeritensis
1567 843 1717 898 sedis
1742 844 2030 915 episcopo,
2059 861 2148 899 res

502 934 681 1008 nobis
714 935 951 990 novellae
982 937 1445 1008 praesumptionis
1490 937 1856 1009 usurpatione
1900 955 2019 992 sese
2056 939 2145 992 in-

498 1029 645 1103 .tulit
685 1031 1103 1102 pertractanda,
1147 1034 1306 1085 tanto
1355 1031 1649 1086 communi
1694 1035 1890 1086 nostro
1929 1032 2146 1103 judicio

515 1123 898 1192 convellenda,
957 1128 1168 1194 quanto
1233 1128 1289 1179 et
1341 1124 1637 1197 pravitatis
1699 1142 1841 1180 ausu
1897 1125 2150 1180 noscitur

513 1219 855 1289 perpetrata.
905 1217 1055 1273 Dixit
1083 1218 1239 1273 enim
1276 1218 1546 1274 violentia
1594 1219 1893 1290 principali
1938 1237 1996 1274 se
2040 1219 2144 1273 im-

498 1312 742 1384 pulsam
777 1311 949 1367 fuisse
979 1316 1039 1367 ut
1066 1311 1126 1367 in
1167 1312 1514 1367 monasterio
1558 1314 1783 1383 villulas,
1816 1313 1875 1368 in
1908 1330 2019 1385 quo
2048 1330 2146 1366 ve-

515 1406 765 1462 nerabile
840 1422 1046 1477 corpus
1107 1405 1448 1461 sanctissimi
1521 1407 1739 1462 Pinevii
1813 1408 2148 1462 confessoris

515 1501 709 1556 debito
750 1499 990 1572 quiescit
1032 1500 1267 1579 honore,
1294 1518 1500 1556 novam
1538 1501 1871 1572 episcopalis
1913 1501 2150 1555 honoris

476 1594 937 1667 \ordinationem
1000 1594 1269 1662 efﬁceret,
1323 1598 1380 1649 et
1435 1595 1564 1649 ideo
1617 1612 1683 1650 ex
1736 1595 2039 1650 indiscrete
2095 1600 2151 1649 et

490 1670 780 1743 ‘facillimo
830 1704 1065 1742 assensu
1118 1687 1345 1758 injustis
1393 1689 1661 1744 Vuambae
1706 1688 1979 1760 principis
2022 1690 2149 1760 jus-

514 1782 767 1837 sionibus
819 1798 1043 1853 parens,
1089 1798 1296 1836 novam
1352 1785 1409 1838 et
1469 1782 1741 1853 injustam
1793 1783 1907 1837 illic
1958 1783 2150 1854 ponti-

2247 562 2399 616 ccnsi
2432 562 2529 615 ubi
2559 562 2704 616 inter
2741 564 2942 615 caetera
2972 560 3304 632 praecipitur
3338 578 3350 617 :
3383 562 3637 617 Licentia
3668 564 3890 634 passim

2247 656 2432 710 danda
2459 673 2575 709 non
2607 659 2709 709 est.
2738 654 2796 709 Si
2822 654 2977 708 enim
3007 654 3195 709 subito
3220 662 3318 710 aut
3348 656 3502 709 vicus
3531 656 3753 728 aliquis,
3788 662 3891 712 aut

2245 749 2467 804 modica
2498 749 2708 815 civitas,
2732 748 2819 802 cui
2850 747 2981 802 satis
3013 753 3098 802 est
3127 765 3275 802 unus
3304 750 3620 820 presbyter,
3641 752 3892 805 voluerit

2247 844 2352 898 sibi
2380 844 2712 915 episcopum
2748 841 2998 896 ordinari
3036 843 3108 896 ad
3138 843 3245 897 hoc
3291 848 3356 898 ut
3394 844 3620 899 vilescat
3669 862 3889 900 nomen

2248 938 2496 1008 episcopi
2509 941 2565 991 et
2580 936 2903 1003 auctoritas,
2922 952 3035 989 non
3062 935 3269 991 debent
3284 936 3364 990 illi
3384 954 3450 991 ex
3466 938 3577 991 alia
3593 939 3890 1009 provincia

2248 1031 2469 1086 invitati
2494 1032 2678 1085 facere
2707 1030 3040 1100 episcopum
3079 1029 3137 1083 in
3170 1030 3374 1101 quibus
3414 1037 3582 1086 antea
3609 1048 3725 1086 non
3757 1033 3886 1086 fuit.

2251 1128 2389 1181 ltem
2409 1126 2479 1180 de
2501 1124 2781 1179 sententia
2809 1140 3011 1178 eorum
3031 1124 3130 1194 qui
3150 1124 3247 1194 huj
3259 1125 3478 1180 usmodi
3496 1126 3888 1182 ordinationes

2250 1220 2484 1286 faciunt,
2501 1220 2587 1273 vel
2608 1219 2675 1273 de
2702 1217 2791 1273 his
2822 1217 2919 1289 qui
2946 1221 3143 1272 contra
3168 1219 3289 1273 haec
3320 1218 3582 1273 instituta
3600 1237 3889 1275 canonum

2249 1314 2602 1381 ordinantur,
2617 1330 2686 1367 ex
2700 1311 2936 1366 concilio
2949 1311 3273 1381 Tauritano,
3288 1312 3452 1367 titulo
3466 1313 3562 1368 ubi
3577 1314 3713 1368 dicit
3728 1332 3740 1368 :
3757 1316 3891 1369 Ges-

2250 1411 2440 1461 torum
2468 1423 2697 1477 quoque
2726 1405 2931 1460 seriem
2961 1406 3474 1477 conscribi'placuit
3491 1408 3561 1461 ad
3591 1414 3889 1479 perpetem

2251 1501 2604 1572 disciplinam
2625 1500 2775 1571 quod
2791 1500 2935 1554 circa
2959 1503 3223 1554 octavum
3242 1502 3538 1555 Ursionem
3560 1502 3885 1572 Remigium

2250 1595 2531 1666 Adreplue
2583 1594 2911 1677 episcopum
2962 1594 3211 1665 synodus
3256 1599 3452 1649 sancta
3495 1595 3760 1663 decrevit,
3790 1596 3891 1667 qui

2252 1689 2311 1744 in
2340 1687 2765 1760 usurpationem
2794 1689 3102 1759 quamdam
3130 1688 3202 1743 de
3235 1688 3601 1743 ordinatione
3634 1691 3892 1745 sacerdo-

2251 1789 2372 1837 tum
2400 1783 2470 1837 ad
2500 1781 2772 1836 invidiam
2798 1783 3125 1849 vocabatur,
3155 1782 3314 1853 quod
3338 1782 3419 1836 ita
3448 1782 3537 1836 his
3565 1782 3787 1837 videtur
3808 1785 3892 1838 in-

516 1876 689 1930 ﬁcalis
737 1875 885 1931 sedis
938 1876 1366 1947 praelectionem
1427 1875 1667 1945 induxit,
1726 1876 1824 1931 ubi
1883 1866 2496 1942 canonicaBdultum,
2527 1879 2590 1929 ut
2638 1876 2706 1930 de
2754 1880 2966 1930 caetero
3012 1876 3115 1929 hac
3164 1876 3500 1931 auctoritate
3549 1877 3890 1931 commoniti

517 1969 848 2025 constitutio
874 1969 933 2024 id
960 1970 1086 2023 ﬁeri
1117 1970 1448 2025 omnimoda
1478 1969 1700 2024 ratione
1742 1970 1965 2037 refellit,
2000 1988 2145 2041 prae-

515 2063 694 2118 dictus
718 2063 873 2119 idem
898 2063 984 2117 vir
1008 2066 1326 2135 prostratus
1358 2064 1521 2118 humi
1550 2064 1938 2118 medicamine
1970 2064 2147 2119 nostri

513 2156 807 2230 prazcepti,
837 2162 895 2212 et
944 2157 1051 2211 sibi
1098 2157 1235 2212 dare
1278 2157 1505 2213 veniam
1553 2158 1696 2228 petit
1743 2164 1801 2212 et
1846 2159 1996 2228 quod
2040 2175 2145 2229 po-

513 2250 796 2306 tissimum
840 2250 965 2305 ﬁeri
1019 2254 1274 2322 Oporteat
1323 2252 1392 2306 de
1447 2268 1685 2323 persona
1735 2252 1856 2322 ejus
1898 2251 1996 2323 qui
2038 2252 2149 2306 illic

506 2343 810 2419 ordinatus
851 2345 1039 2400 fuerat
1080 2345 1257 2399 nostri
1299 2345 1414 2400 oris
1454 2345 1742 2401 sententia
1787 2346 2015 2401 decerni
2048 2362 2147 2416 po-

512 2438 711 2511 poscit.
744 2438 850 2494 Sed
877 2439 1012 2510 quia
1036 2438 1334 2509 veraciter,
1359 2440 1476 2494 imo
1504 2439 1883 2495 communiter
1905 2456 2145 2494 novera-

512 2550 639 2588 mus
660 2532 994 2604 praedictum
1014 2533 1330 2605 principem
1354 2534 1591 2589 concilio
1613 2534 1856 2588 levitatis
1880 2537 2148 2606 agentem

514 2644 632 2683 non
659 2626 847 2682 solum
882 2628 1238 2699 praecepisse,
1270 2631 1333 2682 ut
1370 2628 1430 2683 in
1469 2629 1737 2700 praedicto
1781 2630 1905 2683 loco
1945 2628 2150 2699 aliquis

515 2721 811 2794 episcopus
836 2720 1018 2788 ﬁeret,
1047 2722 1146 2777 sed
1178 2722 1354 2777 etiam
1384 2722 1466 2776 ita
1498 2739 1629 2777 cum
1662 2722 1941 2777 consuetis
1974 2722 2148 2776 obsti-

515 2814 844 2871 nationibus
887 2814 1203 2886 desinisset,
1248 2820 1309 2869 ut
1348 2816 1407 2869 in
1454 2816 1724 2870 suburbio
1772 2816 2042 2870 Toletano
2091 2816 2151 2870 in

504 2908 757 2981 ecclesia
830 2908 1187 2964 Praetoriensi
1250 2915 1578 2964 sanctorum
1660 2909 1811 2964 Petri
1874 2913 1933 2963 et
1994 2908 2150 2963 Pauli

520 3001 851 3075 episcoPum
895 3002 1207 3071 ordinaret,
1253 3020 1474 3058 necnon
1516 3006 1574 3058 et
1616 3003 1676 3057 in
1723 3003 1845 3057 aliis
1888 3002 2025 3056 vicis
2064 3004 2152 3056 vel

520 3095 731 3151 villulis
779 3095 1038 3150 similiter
1086 3096 1318 3152 faceret.
1377 3097 1507 3151 ldeo
1563 3114 1664 3168 pro
1715 3100 1830 3151 tam
1888 3096 2153 3152 insolenti

520 3189 850 3260 hujusmodi
898 3190 1317 3261 exstirpationis
1360 3190 1608 3259 licentia,
1648 3192 1797 3262 quod
1835 3192 1903 3245 de
1942 3191 2049 3245 hac
2090 3207 2152 3244 re

522 3284 734 3338 habent
764 3283 1024 3339 instituta
1054 3301 1341 3340 canonum
1368 3285 1425 3339 in
1455 3285 1718 3340 medium
1747 3284 1992 3356 proferri
2010 3302 2153 3356 prae-

520 3377 794 3450 cepimus.
824 3379 978 3433 Tunc
1024 3379 1146 3434 haec
1191 3380 1252 3433 in
1298 3379 1501 3435 ordine
1544 3379 1853 3434 constituta
1902 3380 2154 3449 perlecta

520 3476 671 3527 sunt.
721 3474 783 3527 In
823 3472 1040 3544 primis,
1084 3489 1149 3529 ex
1192 3474 1438 3545 Epistola
1480 3474 1639 3529 Pauli
1684 3474 1807 3529 Tito
1853 3472 2148 3543 discipulo,

520 3570 582 3621 ut
608 3565 895 3639 episcopos
938 3583 1038 3639 per
1061 3567 1313 3623 civitates
1351 3568 1696 3623 constituere
1741 3568 1951 3622 debeat
2002 3582 2149 3637 prae-

520 3661 684 3732 cepit.
753 3663 895 3717 ltem
953 3679 1021 3717 ex
1081 3661 1320 3717 concilio
1392 3662 1646 3729 Nieaano,
1704 3661 1871 3717 titulo
1935 3663 2151 3727 octavo,

520 3754 618 3809 ubi
672 3755 820 3810 inter
867 3758 1073 3810 caetera
1147 3755 1476 3827 praecipitur
1524 3761 1586 3810 ut
1644 3756 1702 3809 in
1756 3755 1983 3810 civitate
2040 3771 2155 3807 una

520 3864 639 3902 non
682 3847 982 3902 videantur
1032 3848 1146 3902 duo
1200 3848 1454 3919 episcopi
1507 3864 1649 3901 esse.
1709 3849 1849 3901 ltem
1894 3864 1960 3901 ex
2015 3863 2152 3901 con-

523 3940 651 3995 cilio
679 3942 1030 4009 Laodicarno,
1062 3941 1224 3996 titulo
1252 3940 1728 4012 quinquagesimo
1762 3941 2026 4011 septimo,
2057 3940 2157 3994 ubi

527 4035 702 4091 dicit:
749 4036 871 4090 Non
919 4038 1142 4106 oportet
1188 4035 1247 4090 in
1294 4033 1428 4089 vicis
1477 4040 1534 4089 et
1580 4034 1640 4088 in
1681 4033 1888 4088 villulis
1939 4034 2152 4104 episco-

519 4148 628 4202 pos
654 4129 926 4197 ordinari,
957 4132 1015 4183 et
1038 4133 1258 4183 caetera.
1290 4129 1430 4182 Item
1473 4144 1537 4183 ex
1572 4128 1807 4183 concilio
1835 4127 2037 4182 Africae
2068 4144 2155 4182 se-

525 4224 731 4291 cundo,
776 4224 941 4278 titulo
985 4223 1206 4294 quinto,
1251 4221 1348 4275 ubi
1391 4222 1541 4277 Felix
1592 4222 1894 4293 episcopus
1939 4222 2154 4277 Selem-

524 4319 795 4375 selitanus
849 4317 987 4372 dixit
1031 4333 1043 4371 :
1097 4315 1280 4371 Etiam
1338 4315 1385 4370 si
1440 4317 1548 4371 hoc
1597 4316 1808 4387 placuit
1871 4316 2157 4371 sanctitati

525 4418 748 4479 vestrae,
796 4410 1021 4465 insinuo
1074 4412 1138 4464 ut
1195 4409 1460 4464 dioecescs
1513 4426 1639 4482 quae
1691 4427 1986 4483 nunquam
2053 4411 2153 4464 ha-

527 4508 776 4562 buerunt
816 4505 1106 4575 episcopos
1156 4521 1271 4558 non
1314 4504 1583 4575 habeant,
1616 4504 1867 4559 diceeesis
1897 4522 2027 4576 quae
2054 4505 2156 4559 ali-

2170 3234 2226 3310 C

2250 1970 2393 2025 nihil
2424 1986 2695 2040 usurpare
2738 1975 3032 2039 conentur,
3064 1969 3351 2040 siquidem
3382 1987 3441 2023 se
3473 1970 3543 2024 ab
3585 1971 3693 2025 hac
3726 1988 3894 2025 causa

2248 2064 2347 2119 tali
2425 2063 2784 2118 excusatione
2858 2063 3245 2129 defenderint,
3316 2080 3431 2134 qua
3507 2064 3770 2118 dicerent
3837 2083 3893 2119 se

2248 2175 2362 2213 non
2389 2175 2508 2212 esse
2527 2158 2686 2229 prius
2713 2160 3036 2212 conventus.
3061 2157 3303 2212 Proinde
3321 2158 3598 2228 judicavit
3617 2159 3891 2230 synodus,

2249 2258 2313 2306 ut
2338 2252 2384 2306 si
2410 2252 2533 2324 quis
2563 2270 2633 2306 ex
2658 2253 2769 2307 hoc
2808 2251 3007 2307 fecerit
3042 2256 3234 2307 contra
3281 2251 3542 2307 instituta
3576 2253 3893 2322 majorum,

2250 2347 2386 2401 sciat
2426 2346 2494 2413 is,
2524 2345 2622 2417 qui
2651 2345 2948 2401 ordinatus
2994 2345 3189 2413 fuerit,
3224 2345 3532 2400 sacerdotis
3578 2364 3635 2400 se
3669 2348 3895 2402 honore

2248 2440 2612 2512 privandum,
2643 2444 2698 2494 et
2745 2440 2837 2493 ille
2873 2439 2973 2510 qui
3004 2439 3351 2494 ordinaverit
3380 2439 3717 2495 auctoritate
3747 2458 3807 2495 se
3837 2442 3898 2496 in

2251 2533 2720 2602 ordinationibus,
2749 2533 2837 2586 vel
2869 2533 2926 2586 in
2960 2533 3207 2587 conciliis
3244 2532 3480 2587 minime
3510 2539 3894 2590 retenturum.

2248 2629 2373 2683 Non
2394 2628 2583 2682 solum
2608 2632 2801 2681 autem
2823 2627 2971 2681 circa
2996 2633 3377 2682 memoratum
3410 2628 3741 2699 episcopum
3770 2630 3898 2684 haec

2251 2722 2529 2777 sententia
2546 2722 2893 2792 praevalebit,
2911 2721 3009 2775 sed
3038 2726 3095 2775 et
3114 2721 3262 2775 circa
3279 2738 3473 2776 omnes
3498 2722 3667 2777 simili
3692 2740 3894 2778 errore

2252 2816 2514 2886 deceptos
2542 2816 2637 2886 qui
2667 2815 3052 2870 ordinationes
3092 2815 3423 2885 hujusmodi
3465 2819 3897 2887 perpetrarunt.

2252 2909 2347 2963 His
2370 2926 2506 2979 ergo
2524 2908 2847 2963 fortissimis
2872 2909 3089 2980 regulis
3117 2909 3384 2963 effectum
3409 2910 3487 2980 pii
3510 2910 3697 2980 operis
3718 2928 3903 2982 oppo-

2251 3008 2471 3072 nentes,
2502 3002 2561 3056 in
2594 3002 2888 3056 communi
2913 3002 3245 3057 deﬁnitione
3278 3004 3575 3075 elegimus,
3601 3009 3661 3058 ut
3681 3004 3740 3058 in
3772 3006 3901 3059 loco

2251 3096 2462 3150 villulae
2495 3096 2831 3167 supradicta:
2877 3095 3142 3167 deinceps
3186 3097 3346 3151 sedes
3395 3098 3731 3169 episcopalis
3776 3117 3901 3154 non

2254 3194 2573 3259 remaneat,
2600 3206 2787 3261 neque
2816 3190 3111 3261 episcopus
3137 3190 3249 3244 illic
3280 3191 3430 3245 ultra
3459 3192 3902 3247 constituendus

2254 3285 2475 3354 cxistat,
2510 3284 2599 3338 hic
2647 3287 2835 3338 tamen
2880 3284 3192 3340 Convildus
3223 3284 3318 3355 qui
3364 3290 3561 3339 contra
3602 3286 3898 3356 majorum

2252 3378 2474 3433 decreta
2540 3378 2652 3431 illic
2704 3377 2924 3433 videtur
2973 3378 3267 3432 institutus
3335 3379 3507 3433 fuisse
3566 3380 3896 3451 episcopus,

2254 3472 2420 3526 nullis
2464 3488 2753 3526 canonum
2786 3472 2893 3526 erit
2922 3472 2995 3525 ad
3035 3472 3579 3527 condemnationem
3631 3473 3721 3527 sui
3762 3491 3896 3528 sen-

2252 3565 2443 3620 tentiis
2473 3566 2849 3635 ulciscendus,
2882 3566 3014 3637 quia
3048 3583 3162 3620 non
3191 3566 3520 3635 ambitione,
3552 3567 3646 3622 sed
3676 3567 3898 3639 princi-

2253 3659 2338 3731 pis
2360 3659 2699 3730 impulsione
2727 3660 2976 3714 constitit
3005 3660 3317 3714 ordinatus.
3347 3663 3410 3715 Et
3429 3661 3555 3715 ideo
3577 3661 3685 3715 hoc
3700 3662 3791 3716 illi
3811 3680 3902 3716 re-

2254 3754 2505 3807 medium
2520 3753 2858 3807 humilitatis
2880 3754 3241 3808 concedimus
3258 3755 3389 3809 utin
3408 3755 3599 3809 sedem
3614 3754 3787 3809 aliam
3804 3756 3902 3812 dc—
3972 3792 3975 3793 ν

2256 3847 2504 3901 cedentis
2517 3848 2602 3918 cuj
2614 3847 2868 3918 uslibet'l
2885 3846 3271 3920 36episeopi
3284 3850 3741 3916 transferatur,ct
3753 3868 3903 3921 prae-

2256 3940 2436 3995 dictus
2455 3941 2609 3995 locus
2631 3942 2732 3995 sub
2755 3942 3063 3995 monastica
3081 3942 3347 4013 deinceps
3368 3942 3718 3998 institutione
3738 3960 3902 3999 man-

2258 4051 2420 4088 surus
2446 4052 2561 4088 non
2589 4035 2889 4106 episcopali
2915 4036 3066 4090 ultra
3093 4036 3388 4106 privilegio
3430 4039 3628 4105 fretus,
3660 4053 3763 4091 nec
3791 4039 3900 4093 sub

2256 4128 2536 4199 regimine
2564 4129 2780 4182 abbatis
2800 4130 2967 4200 (sicut
2987 4130 3279 4200 hucusque
3304 4130 3424 4200 fuit)
3445 4131 3553 4184 erit
3576 4130 3763 4186 modis
3780 4149 3901 4187 om—

2256 4222 2423 4276 nibus
2446 4222 2872 4292 mancipandus.
2888 4224 2914 4277 ,Ι
2921 4239 3012 4277 am
3032 4240 3165 4277 vero
3186 4224 3254 4278 de
3274 4229 3478 4279 caetero
3502 4225 3773 4295 generale
3798 4243 3902 4297 po-

2257 4320 2459 4370 nentes
2492 4315 2760 4370 edictum.
2780 4317 2835 4370 Si
2864 4316 2991 4387 quis
3018 4320 3216 4371 contra
3244 4318 3365 4372 haec
3396 4334 3686 4373 canonum
3715 4319 3900 4374 inter-

2257 4409 2405 4463 dicta
2424 4408 2618 4462 venire
2640 4412 2877 4463 conatus
2901 4410 3087 4477 fuerit,
3109 4416 3172 4464 ut
3198 4411 3256 4464 in
3276 4410 3413 4465 locis
3435 4412 3544 4466 illis
3565 4411 3903 4483 episcopum

2257 4502 2429 4573 eligat
2449 4501 2575 4556 ﬁeri
2597 4502 2692 4556 ubi
2716 4502 3009 4575 episcopus
3034 4520 3329 4575 nunquam
3349 4504 3473 4571 fuit,
3498 4506 3807 4561 anathema
3826 4509 3907 4563 sit

526 4599 757 4673 quando
778 4598 994 4668 habuit,
1018 4598 1224 4653 habeat
1254 4597 1549 4670 proprium
1577 4598 1925 4670 episcopum.
1950 4599 2158 4653 Secun-
2176 4596 2318 4683 Din
2345 4600 2650 4667 conspectu
2676 4597 2772 4651 Dei
2798 4597 3221 4667 omnipotentis,
3249 4604 3305 4652 et
3332 4598 3564 4669 insuper
3588 4602 3704 4654 tam
3734 4602 3902 4656 ordi-

528 4693 667 4749 dum
684 4696 878 4746 autem
898 4692 1040 4747 hanc
1057 4693 1511 4764 prosecutionem
1526 4692 1836 4747 sanctitatis
1858 4697 2056 4747 vestrae
2075 4694 2161 4745 est

528 4787 830 4842 aestimare.
848 4786 1009 4850 Quod
1027 4786 1147 4840 ﬁeri
1164 4786 1666 4841 debeatGenedius
1684 4785 1977 4857 episcopus
1995 4785 2152 4839 dixit:

528 4880 581 4937 Si
613 4880 797 4951 placet
825 4880 1134 4935 insinuatio
1162 4880 1350 4935 fratris
1389 4884 1445 4934 et
1486 4878 1806 4949 coepiscopi
1834 4879 2015 4933 nostri
2057 4880 2155 4933 Fe-

526 4973 665 5041 licis,
685 4975 754 5030 ab
776 4974 1037 5030 omnibus
1068 4976 1457 5030 confirmetur.
1477 4972 1560 5026 Ab
1580 4972 1862 5025 universis
1883 4971 2161 5043 episcopis

529 5068 744 5124 dictum
771 5074 855 5123 est
888 5086 900 5124 :
933 5070 1142 5124 Placet.
1175 5071 1313 5123 item
1346 5084 1414 5121 cx
1454 5065 1693 5120 concilio
1736 5065 1938 5119 Africre
1971 5083 2050 5133 in,
2084 5066 2156 5120 ti-

531 5164 646 5217 tulo
688 5163 777 5232 42,
806 5164 903 5218 ubi
930 5164 1085 5231 dicit,
1117 5168 1177 5218 ut
1215 5178 1329 5216 non
1375 5158 1613 5229 accipiat
1654 5160 1894 5213 alterum
1940 5159 2156 5230 episco-

527 5274 667 5329 pum
696 5257 854 5327 plcbs
881 5274 1009 5328 quas
1035 5257 1094 5310 in
1141 5254 1370 5311 diceeesi
1411 5269 1577 5324 seper
1613 5252 1915 5325 subjacuit.
1946 5255 2157 5325 Epigo-

526 5351 656 5406 nius
687 5351 982 5422 episcopus
1012 5350 1162 5404 inter
1190 5352 1395 5402 caetera
1420 5348 1498 5401 sic
1529 5347 1671 5402 dixit
1698 5365 1711 5402 :
1738 5348 1849 5402 Hoc
1883 5347 2006 5402 dico
2041 5364 2158 5402 non

529 5446 736 5501 debere
767 5447 1049 5499 rectorem
1082 5442 1338 5513 accipere
1369 5459 1493 5498 eam
1523 5442 1752 5513 plebem
1783 5459 1909 5514 qua;
1940 5442 1999 5496 in
2028 5442 2161 5497 dioe-

527 5539 636 5595 cesi
670 5554 899 5608 semper
927 5536 1228 5606 subjacuit,
1259 5553 1363 5590 nec
1398 5553 1652 5607 unquam
1682 5537 1982 5609 proprium
2017 5537 2161 5606 epis-

514 5649 738 5704 copum
780 5629 994 5685 habuit.
1034 5629 1391 5701 Quapropter
1419 5631 1463 5684 si
1503 5630 1761 5686 universo
1803 5629 2158 5685 sanctissimo

527 5725 692 5780 coetui
723 5725 910 5797 placet
939 5725 1064 5792 hoc,
1094 5724 1246 5796 quod
1283 5724 1549 5796 praefatus
1589 5741 1736 5792 sum,
1760 5724 2154 5779 conﬁrmetur.

526 5817 785 5872 Aurelius
818 5818 1113 5890 episcopus
1160 5818 1337 5873 dixit:
1382 5818 1588 5873 Fratris
1632 5820 1688 5873 et
1739 5817 2158 5872 consacerdotis

520 5910 693 5960 nostri
726 5911 1102 5978 prosecutioni
1130 5929 1243 5967 non
1274 5910 1501 5980 obsisto,
1532 5911 1627 5965 sed
1658 5912 1761 5965 hoc
1802 5928 1890 5965 me
1930 5909 2155 5978 fecisse,

2261 4694 2424 4744 nator
2464 4707 2636 4762 quam
2684 4691 2977 4745 ordinatus
3024 4692 3233 4762 gradus
3276 4692 3363 4745 sui
3411 4692 3626 4747 ordinis
3671 4696 3901 4766 perdat,

2262 4784 2394 4854 quia
2436 4801 2550 4838 non
2597 4785 2781 4838 solum
2823 4784 3190 4855 antiquorum
3233 4787 3465 4841 Patrum
3517 4786 3741 4843 decreta
3793 4791 3904 4845 sed

2261 4878 2566 4947 apostolica
2594 4895 2762 4932 ausus
2788 4881 2872 4932 est
2898 4878 3220 4933 convellere
3255 4879 3529 4934 instituta.

2333 4972 2393 5026 V.
2422 4972 2685 5025 Relatum
2731 4971 2892 5025 nobis
2936 4977 3021 5026 est
3061 4972 3341 5043 quosdam
3385 4974 3453 5028 de
3502 4975 3904 5033 sacerdotibus

2262 5082 2375 5119 non
2416 5069 2497 5119 tot
2528 5065 2739 5118 vicibus
2786 5065 3205 5120 communionis
3252 5072 3458 5123 sanctae
3508 5068 3752 5139 gratiam
3800 5088 3904 5125 su-

2262 5175 2415 5212 mere
2435 5162 2577 5230 quot
2590 5158 2856 5213 sacriﬁcia
2872 5159 2931 5213 in
2953 5176 3069 5213 una
3085 5159 3173 5214 die
3190 5160 3453 5215 videntur
3473 5162 3699 5231 offerre,
3717 5164 3816 5219 sed
3836 5166 3904 5221 in

2258 5269 2373 5307 uno
2405 5252 2513 5319 die,
2546 5252 2590 5305 si
2622 5252 2868 5323 plurima
2892 5270 2996 5324 per
3021 5270 3078 5309 se
3104 5254 3219 5309 Deo
3253 5254 3492 5310 offerant
3515 5256 3812 5324 sacriﬁcia,
3840 5259 3906 5315 in

2262 5346 2531 5401 omnibus
2553 5364 2611 5401 se
2635 5347 3013 5401 oblationibus
3028 5365 3061 5401 a
3080 5349 3486 5404 communione
3514 5350 3903 5422 suspendtmt,

2262 5446 2319 5495 et
2348 5441 2404 5495 in
2435 5441 2556 5496 sola
2594 5444 2784 5495 tamen
2818 5441 3052 5496 extremi
3098 5442 3357 5497 sacriﬁcii
3404 5444 3688 5499 oblatione
3733 5462 3905 5501 com-

2244 5535 2551 5593 .munionis
2601 5538 2807 5590 sanctae
2858 5535 3100 5607 gratiam
3154 5540 3405 5605 sumunt,
3452 5538 3614 5609 quasi
3658 5555 3775 5593 non
3828 5541 3909 5597 sit

2259 5628 2422 5683 toties
2456 5629 2534 5683 illi
2564 5646 2694 5683 vero
2724 5634 2780 5683 et
2804 5629 3080 5700 singulari
3121 5630 3394 5685 sacriﬁcio
3436 5631 3903 5703 participandum

2259 5722 2477 5793 quoties
2531 5723 2783 5794 corporis
2832 5727 2889 5777 et
2931 5723 3225 5795 sanguinis
3271 5726 3496 5781 Domini
3540 5726 3724 5781 nostri
3763 5729 3906 5784 Jesu

2258 5816 2464 5871 Christi
2493 5816 2807 5871 immolatio
2852 5818 2995 5872 facta
3039 5818 3377 5874 constiterit.
3411 5820 3553 5874 Nam
3580 5836 3710 5875 ecce
3739 5823 3902 5893 Apo-

2260 5912 2434 5965 stolus
2463 5910 2597 5965 dicit
2626 5927 2637 5965 :
2675 5932 2701 5958 ‹‹
2728 5912 2927 5965 Nonne
2971 5910 3067 5983 qui
3116 5913 3293 5967 edunt
3325 5913 3555 5982 hostias,
3588 5915 3903 5989 participes
