4032 6290
217 362 319 414 557

1446 356 1923 420 DECRETALIUM
1958 352 2344 417 COLLECTIO.

3486 352 3589 411 558

218 472 352 523 sunt
378 469 619 525 altaris?
648 490 675 522 «
708 470 753 539 (Ι
779 473 897 529 Cor.
932 490 986 539 x,
1026 472 1131 544 18).
1165 475 1393 530 Certum
1440 478 1523 528 est
1567 472 1723 545 quod
1772 474 1850 540 hi,
1877 469 2217 554 Abentibus
2249 471 2569 536 arceantur,
2605 467 2712 520 hoc
2756 464 3023 521 videlicet
3053 460 3388 535 adjicientes
3432 466 3513 532 ut,
3546 463 3591 520 si

218 563 313 634 qui
340 564 720 620 sacriﬁcantes
763 583 879 620 non
909 566 1108 633 edunt,
1140 568 1222 621 rei
1248 572 1381 622 sunt
1411 564 1723 622 Dominicis
1768 585 1854 621 sa-

221 658 553 713 cramentis.
598 660 932 731 Quicunque
985 678 1124 732 ergo
1179 662 1541 727 sacerdotum
1594 662 1859 733 deinceps

218 751 411 805 divino
458 754 661 809 altario
707 755 1044 810 sacriﬁcium
1098 757 1386 811 oblaturus
1438 756 1757 826 accesserit,
1803 759 1859 810 et

219 862 278 898 se
304 862 336 899 a
368 848 772 903 communione
811 849 1189 921 suspenderit,
1242 851 1312 905 ab
1360 851 1501 922 ipsa,
1534 867 1646 921 qua
1684 867 1740 905 se
1772 850 1855 904 in-

220 940 494 995 decenter
539 942 796 1013 privavit,
838 944 1016 1013 gratia
1060 945 1480 999 communionis
1536 961 1688 999 anno
1741 960 1858 999 uno

218 1036 521 1106 repulsum
570 1053 627 1090 se
672 1038 905 1092 noverit.
959 1040 1102 1093 Nam
1147 1040 1311 1110 quale
1339 1038 1447 1093 erit
1475 1039 1614 1093 illud
1645 1039 1855 1093 sacriﬁ-

220 1129 394 1198 cium,
442 1130 533 1184 cui
579 1147 684 1185 nec
723 1132 846 1204 ipse
890 1132 1210 1187 sacriﬁcans
1260 1133 1546 1205 particeps
1593 1150 1713 1187 esse
1762 1150 1853 1187 co-

220 1224 563 1292 gnoscitur?
602 1226 748 1295 Ergo
798 1227 983 1282 modis
1028 1227 1293 1281 omnibus
1324 1232 1407 1282 est
1436 1228 1751 1282 tenendum
1795 1231 1861 1282 ut

220 1319 680 1391 quotiescunque
704 1320 1022 1377 sacriﬁcans
1042 1338 1266 1393 corpus,
1292 1326 1350 1377 et
1378 1322 1715 1392 sanguinem
1731 1324 1859 1377 Iesu

221 1412 434 1467 Christi
489 1414 716 1469 Domini
769 1417 953 1470 nostri
1004 1417 1064 1470 in
1118 1416 1319 1471 altario
1364 1416 1641 1483 immolat,
1689 1416 1860 1470 toties

218 1508 613 1578 perceptionis
631 1509 881 1581 corporis
907 1513 964 1564 et
982 1510 1275 1581 sanguinis
1295 1510 1500 1565 Christi
1519 1509 1859 1581 participem

222 1616 279 1654 se
316 1602 591 1672 prabeat.
1572 1618 1597 1635 ε

292 1696 381 1749 VI.
417 1697 561 1751 Illud
591 1712 817 1770 quoque
844 1699 1149 1753 collatione
1194 1701 1395 1753 mutua
1436 1698 1861 1754 decernendum

222 1789 390 1843 nobis
451 1792 715 1860 occurrit,
773 1793 923 1863 quod
982 1793 1041 1847 in
1104 1793 1442 1864 quibusdam
1495 1792 1815 1847 civitatibus
1844 1834 1858 1859 ,

1957 564 2094 635 quid
2133 563 2193 617 in
2238 561 2541 634 praeteritis
2581 559 2867 615 testiﬁcari
2909 558 3209 628 voluerint,
3243 558 3289 612 si
3327 573 3430 630 pro
3472 558 3591 612 sola

1956 657 2127 727 hujus
2164 657 2250 711 rei
2292 654 2699 710 informatione
2729 653 2924 724 rejecti
2955 658 3108 722 sunt,
3136 652 3463 708 testimonio
3489 668 3591 707 suo

1959 766 2144 821 nuper
2189 750 2543 820 conquirant.
2568 747 2754 821 [Quod
2802 746 2862 803 in
2904 746 3209 819 praeteritis
3251 746 3592 817 conquirere

1957 847 2282 917 potuerant,
2314 848 2504 897 tamen
2542 839 2588 896 s‘i
2625 841 2724 896 illo
2748 846 3027 913 tempore,
3062 856 3177 913 quo
3205 839 3263 894 in
3291 839 3596 910 praeteritis

1959 939 2030 993 ad
2059 937 2451 993 testimonium
2479 936 2785 991 dicendum
2810 935 2991 989 vocati
3009 940 3142 990 sunt
3171 939 3228 989 et
3252 933 3594 1005 supradicta

1959 1032 2102 1101 legis
2166 1030 2616 1085 institutionibus
2680 1029 2989 1100 reprobati,
3025 1032 3081 1084 et
3120 1028 3286 1082 aliam
3341 1025 3593 1081 criminis

1957 1129 2158 1181 notam
2202 1141 2298 1179 eos
2347 1130 2481 1178 tunc
2510 1140 2630 1178 non
2660 1123 2919 1178 habuisse
2950 1121 3215 1193 patuerit,
3252 1125 3355 1176 aut
3378 1121 3590 1176 tricen-

1958 1220 2124 1274 nium
2156 1225 2289 1274 tunc
2318 1217 2624 1283 efﬂuxisse,
2668 1233 2798 1271 cum
2828 1217 2900 1271 ad
2928 1216 3321 1271 testimonium
3366 1215 3599 1270 fuerant

1959 1313 2184 1385 prolati,
2217 1313 2284 1368 hi
2306 1312 2403 1384 qui
2433 1327 2528 1367 eos
2560 1311 3019 1382 reprobaverant,
3053 1309 3350 1365 manifeste
3397 1308 3590 1365 convi-

1960 1407 2158 1462 cerint.

2030 1503 2164 1556 VIII.
2210 1503 2565 1572 Praeceptum
2615 1497 2846 1554 Domini
2896 1501 2980 1552 est
3024 1497 3106 1566 ut,
3142 1498 3375 1568 excepta
3426 1512 3597 1552 causa

1960 1595 2370 1662 fornicationis,
2418 1609 2558 1647 uxor
2602 1609 2635 1647 a
2680 1593 2799 1646 viro
2840 1590 3049 1645 dimitti
3094 1608 3207 1644 non
3257 1588 3477 1645 debeat.
3531 1592 3598 1645 Et

1960 1689 2090 1744 ideo
2112 1689 2442 1760 quicunque
2458 1687 2595 1742 citra
2612 1687 2835 1758 culpam
2854 1684 3107 1739 criminis
3123 1684 3447 1755 supradicti,
3465 1700 3599 1740 uxo-

1961 1800 2086 1837 rem
2108 1799 2271 1837 suam
2289 1797 2626 1853 quacunque
2646 1780 2944 1835 occasione
2965 1778 3266 1846 dimiserit,
3295 1778 3433 1850 quia
3447 1779 3599 1850 quod

222 1883 628 1939 decedentibus
655 1854 933 1958 episeopis
963 1854 1227 1958 ριιοριῖίίε,
1277 1887 1415 1941 dum
1460 1886 1722 1941 differtur
1766 1854 1941 1940 didB
1965 1878 2110 1930 Deus
2130 1874 2319 1947 junxit
2343 1875 2438 1929 ille
2471 1890 2739 1945 separare
2771 1872 3068 1943 disposuit,
3084 1871 3288 1926 tandiu
3315 1871 3385 1926 ab
3423 1872 3597 1926 eccle-

224 1978 512 2033 ordinatio
553 1982 910 2048 successoris,
939 1998 1058 2036 non
1102 1981 1344 2036 minima
1375 1984 1606 2036 creatur
1647 1981 1860 2036 ofﬁcioa

223 2088 356 2126 rum
384 2073 713 2128 divinorum
743 2075 1000 2143 offensio,
1028 2076 1164 2130 dum
1180 2080 1369 2130 tractu
1390 2079 1673 2130 terrarum
1704 2093 1861 2131 com-

224 2167 541 2222 meantium
573 2168 887 2240 impeditur
931 2170 1191 2225 celeritas
1232 2170 1589 2237 nuntiorum,
1620 2186 1733 2241 quo
1767 2174 1867 2226 aut

224 2277 341 2315 non
382 2265 556 2332 queat
596 2263 746 2334 regis
776 2265 1008 2319 auribus
1036 2264 1364 2319 decedentis
1391 2264 1649 2334 praesulis
1676 2270 1859 2319 trans-

224 2356 338 2410 itus
366 2355 665 2423 innotesci,
697 2363 795 2412 aut
839 2359 907 2413 de
947 2375 1267 2413 successore
1294 2358 1591 2413 morientis
1619 2359 1866 2430 episcopi

224 2450 410 2505 libera
438 2451 713 2522 principis
739 2452 938 2507 electio
976 2454 1313 2525 praestolari.
1343 2453 1603 2507 Nascitur
1631 2469 1779 2524 saepe
1810 2458 1867 2507 et

224 2548 421 2599 nostro
452 2544 639 2600 ordini
685 2546 756 2600 de
801 2548 1074 2602 relatione
1103 2547 1299 2601 talium
1338 2547 1660 2615 difﬁcultas,
1694 2550 1748 2601 et
1771 2564 1861 2601 re-

229 2639 337 2709 gizr
359 2638 649 2710 potestati,
665 2641 800 2694 dum
817 2642 1137 2696 consultum
1152 2645 1415 2696 nostrum
1439 2658 1543 2712 pro
1557 2642 1871 2711 subrogan-r

229 2732 314 2787 dis
353 2732 717 2804 pontiﬁcibus
760 2735 1019 2802 sustinet,
1048 2736 1322 2806 injuriosa
1354 2736 1679 2791 necessitas.
1708 2736 1869 2791 Unde

226 2827 438 2898 placuit
464 2828 732 2883 omnibus
760 2829 1121 2900 pontiﬁcibus
1160 2829 1436 2901 Hispaniae
1467 2833 1635 2901 atque
1664 2830 1862 2885 Gallae-

227 2921 350 2988 ciae,
379 2921 533 2975 salvo
578 2923 870 2993 privilegio
919 2924 1361 2996 uniuscujusque
1390 2924 1712 2995 provinciae,
1745 2923 1863 2978 lici-

227 3018 353 3069 tum
383 3021 618 3071 maneat
640 3016 907 3089 deinceps
931 3019 1198 3073 Toletano
1214 3018 1473 3090 pontiﬁci
1495 3034 1867 3089 quoscunque

226 3110 436 3179 regalis
462 3115 711 3181 potestas
739 3112 996 3183 elegerit,
1019 3117 1074 3167 et
1086 3113 1207 3182 jam
1230 3112 1363 3167 dicti
1388 3112 1640 3166 Toletani
1675 3112 1862 3182 ponti-

227 3203 350 3257 ﬁcis
367 3204 652 3273 judicium
684 3206 888 3276 dignos
918 3222 1033 3260 esse
1057 3206 1396 3277 probaverit,
1433 3206 1490 3259 in
1522 3204 1944 3304 quibuslibet

225 3298 533 3368 provinciis
553 3300 998 3369 prmeedentium
1019 3300 1244 3355 sedibus
1265 3301 1555 3371 przeficere
1574 3300 1862 3371 praesules,

230 3393 287 3445 et
331 3391 735 3447 decedentibus
778 3394 1052 3465 episcopis
1097 3395 1305 3464 eligere
1358 3410 1736 3459 successores;
1790 3395 1866 3448 sic

225 3492 421 3541 tamen
472 3491 533 3541 ut
576 3488 831 3560 quisquis
875 3490 968 3543 ille
998 3490 1172 3543 fuerit
1213 3488 1527 3555 ordinatus,
1557 3491 1685 3558 post
1714 3488 1863 3542 ordi-

228 3580 479 3634 nationis
505 3598 621 3635 suaa
650 3584 873 3651 tempus
917 3583 1066 3637 infra
1095 3583 1269 3636 trium
1303 3582 1588 3636 mensium
1619 3581 1867 3652 spatium

231 3674 449 3744 proprii
496 3675 917 3745 metropolitani
958 3676 1326 3747 praesentiam
1371 3675 1591 3729 visurus
1640 3675 1870 3729 accedat

229 3768 482 3841 qualiter
525 3769 645 3838 ejus
691 3770 1021 3825 auctoritate
1070 3770 1160 3824 vel
1217 3768 1515 3839 disciplina
1561 3750 1892 3841 instructusi

230 3830 837 3935 condignmvsusceptaa
870 3864 1016 3932 sedis
1048 3830 1433 3936 gubernacula
1461 3868 1670 3918 teneat.
1706 3830 1885 3927 Quod!

232 3956 278 4009 si
305 3972 408 4026 per
435 3956 735 4025 desidiam,
782 3961 881 4012 aut
922 3959 1251 4029 neglectum
1294 3957 1535 4028 quilibet
1575 3957 1868 4011 constituti

232 4050 511 4121 temporis
538 4055 720 4105 metas
746 4052 1063 4120 excesserit,
1082 4052 1287 4123 quibus
1309 4056 1553 4123 nequeat
1584 4054 1870 4121 metropo-

229 4144 397 4199 litani
426 4144 509 4198 sui
531 4146 818 4201 obtutibus
844 4146 1200 4218 praesentari,
1229 4146 1790 4200 excommunicatum
1812 4162 1868 4199 se

229 4256 336 4311 per
375 4239 574 4294 omnia
619 4241 859 4308 noverit,
888 4245 1117 4312 excepto
1149 4241 1194 4295 si
1224 4240 1382 4311 regia
1400 4240 1656 4311 jussione
1687 4240 1865 4310 impe-

232 4333 419 4387 ditum
450 4350 508 4387 se
542 4350 661 4389 esse
702 4335 1042 4406 probaverit.
1077 4336 1226 4388 Hanc
1255 4351 1485 4406 quoque
1529 4333 1871 4389 deﬁnitioni-

227 4427 336 4482 bus
362 4428 672 4482 formulam
719 4428 863 4482 sicut
903 4429 970 4483 de
999 4427 1294 4499 episcopis,
1324 4427 1404 4481 ita
1433 4427 1501 4481 de
1527 4427 1742 4482 caeteris
1778 4444 1866 4481 ec-

230 4520 535 4576 clesiarum
562 4522 874 4577 rectoribus
899 4522 1113 4594 placuit
1147 4521 1586 4577 observandum.

1963 1970 2181 2025 siastica
2227 1968 2631 2024 communione
2684 1967 2951 2038 privatus,
2994 1972 3051 2021 et
3088 1981 3120 2019 a
3157 1970 3302 2021 coetu
3341 1966 3601 2021 omnium

1963 2064 2411 2121 Christianorum
2430 2067 2664 2117 maneat
2685 2061 2964 2115 alienatus
2984 2058 3238 2132 quandiu
3270 2059 3601 2115 societatem

1965 2158 2174 2214 relictw
2200 2157 2455 2229 conjugis
2485 2156 2779 2210 sinceriter
2812 2154 3190 2225 amplectatur
3217 2156 3275 2207 et
3294 2153 3497 2221 foveat,
3522 2153 3599 2208 ita

1964 2257 2160 2308 tamen
2197 2257 2276 2319 ut,
2322 2250 2440 2323 qui,
2484 2250 2608 2321 jam
2647 2247 2930 2303 admoniti
2976 2264 3009 2301 a
3058 2248 3344 2302 sacerdote
3398 2248 3593 2313 semel,

1964 2346 2069 2413 bis,
2101 2349 2299 2417 terque
2326 2350 2390 2398 ut
2412 2343 2857 2414 corrigerentur,
2881 2341 2953 2396 ad
2983 2344 3177 2395 torum
3206 2357 3322 2395 suae
3343 2340 3602 2413 conjugis

1964 2440 2255 2494 noluerint
2297 2438 2501 2506 redire,
2532 2437 2640 2508 ipsi
2684 2453 2742 2490 se
2781 2435 2896 2490 suis
2934 2434 3156 2489 meritis
3186 2438 3244 2489 et
3274 2452 3306 2489 a
3336 2435 3601 2506 palatina;

1967 2533 2260 2605 dignitatis
2307 2531 2489 2607 ofﬁcio
2536 2530 2904 2601 separabant,
2938 2531 2996 2582 et
3034 2528 3269 2599 insuper
3313 2544 3604 2599 generosae

1966 2626 2262 2698 dignitatis
2278 2623 2675 2680 testimonium
2686 2621 2938 2694 quandiu
2950 2622 3007 2675 in
3024 2623 3192 2692 culpa
3207 2621 3424 2676 fuerint
3435 2622 3603 2677 amis-

1968 2721 2085 2776 suri
2112 2723 2263 2790 sunt,
2310 2719 2446 2791 quia
2489 2733 2719 2773 carnem
2751 2732 2914 2771 suam
2946 2715 3165 2770 dissidii
3187 2715 3390 2787 jugulo
3424 2715 3601 2771 tradi-

1967 2817 2192 2871 derunt.

2038 2911 2122 2964 IX.
2174 2910 2249 2961 De
2298 2906 2629 2962 Iudaeorum
2678 2908 2870 2959 autem
2921 2903 3270 2959 exsecranda
3320 2901 3598 2974 perﬁdia,

1968 3003 2220 3059 discretis
2256 3001 2553 3056 titulorum
2581 2998 2894 3066 sententiis,
2927 2997 3145 3052 deditas
3176 2996 3394 3052 noviter
3422 3014 3456 3051 a
3483 2998 3601 3069 glo-

1967 3099 2117 3153 rioso
2167 3096 2421 3168 principe
2468 3095 2625 3166 leges
2667 3092 2933 3165 vigilanti
2981 3108 3256 3147 sensuum
3291 3091 3604 3147 intentione

1969 3191 2361 3264 perlegimus,
2427 3188 2684 3244 districto
2753 3187 2925 3241 etiam
2994 3186 3287 3257 gravitatis
3349 3186 3605 3257 pondere

1969 3302 2167 3342 earum
2210 3284 2469 3338 instituta
2507 3282 2892 3353 probavimus.
2948 3280 3190 3335 Proinde
3229 3296 3357 3352 quae
3398 3280 3604 3334 debitae

1967 3380 2199 3434 rationis
2236 3376 2453 3449 judicio
2492 3376 2662 3430 editae
2690 3375 2953 3446 synodali
2988 3374 3319 3445 dignatione
3350 3374 3605 3444 probatae

1968 3477 2119 3541 sunt,
2164 3469 2519 3525 irrevocabili
2562 3468 2828 3538 deinceps
2867 3467 3216 3539 judiciorum
3263 3467 3461 3522 ordine
3498 3484 3603 3537 pro

1969 3583 2167 3622 eorum
2214 3563 2532 3619 excessibus
2570 3563 2937 3630 tenebuntur,
2971 3560 3029 3615 id
3057 3565 3159 3627 est,
3193 3561 3347 3633 leges
3376 3577 3504 3632 quae
3533 3561 3614 3615 de‘

1968 3658 2508 3716 commemoratione
2534 3656 2849 3728 priscarum
2878 3655 3347 3710 caeremoniarum
3375 3654 3600 3710 Iudaeo-

1968 3773 2099 3811 rum
2142 3750 2686 3824 transgressionibus
2729 3750 3106 3821 promulgatae
3140 3753 3291 3816 sunt,
3331 3752 3501 3820 atque
3534 3749 3603 3803 de

1970 3850 2189 3905 novella
2215 3844 2650 3903 conﬁrmatione
2685 3860 2908 3899 earum.
2942 3846 3085 3899 Item
3127 3843 3197 3897 de
3240 3843 3601 3914 blasphema-

1970 3943 2188 3999 toribus
2217 3944 2428 3997 sanctae
2454 3938 2763 3994 Trinitatis.
2793 3940 2934 3993 Item
2963 3954 3035 3992 ne
3065 3937 3247 3992 Judaei
3274 3941 3373 3992 aut
3400 3953 3479 4006 se,
3508 3941 3608 3992 aut

1970 4039 2117 4093 ﬁlios
2157 4054 2305 4103 suos,
2350 4036 2440 4090 vel
2483 4034 2727 4089 famulos
2772 4050 2805 4087 a
2852 4032 3122 4103 baptismi
3163 4032 3343 4103 gratia
3383 4031 3603 4086 subtra-

1970 4133 2133 4187 hant.
2181 4133 2320 4186 Item
2363 4145 2434 4184 ne
2475 4127 2658 4184 Judaei
2705 4142 2867 4181 more
2913 4143 3013 4180 suo
3056 4126 3602 4192 celebrentPascha,

1970 4227 2057 4281 vel
2091 4225 2276 4280 carnis
2307 4222 2763 4277 circumcisiones
2795 4223 3113 4288 exerceant,
3146 4238 3208 4273 ac
3233 4237 3303 4274 ne
3336 4219 3603 4274 Christia-

1970 4337 2111 4374 num
2142 4333 2490 4390 quemquam
2544 4332 2577 4369 a
2619 4314 2731 4369 ﬁde
2757 4313 2961 4369 Christi
2992 4313 3338 4367 dimoveant.
3366 4314 3506 4367 Item
3536 4328 3607 4368 ne

1969 4413 2146 4469 Judaei
2176 4412 2421 4467 Sabbata
2448 4412 2801 4480 ceeterasque
2828 4407 3159 4462 festivitates
3174 4406 3317 4461 ritus
3347 4406 3434 4461 sui
3461 4407 3606 4462 cele-

1970 4508 2133 4561 brare
2165 4508 2531 4577 praesumant.
2587 4504 2727 4556 Item
2780 4507 2841 4556 ut
2887 4501 3077 4557 omnis
3128 4500 3355 4555 Iudaeus
3410 4499 3610 4555 diebus

300 4617 411 4671 vn_
445 4615 642 4670 omnis
668 4616 967 4687 disciplina
988 4616 1065 4671 sic
1093 4616 1379 4686 subjectos
1409 4615 1580 4669 debet
1606 4629 1865 4684 arguere,
1889 4607 1949 4679 D
1970 4600 2296 4667 Dominicis,
2327 4603 2385 4653 et
2413 4597 2472 4652 in
2502 4596 2838 4668 praenotatis
2866 4595 3067 4648 diebus
3098 4594 3168 4647 ab
3206 4608 3376 4664 opere
3407 4598 3605 4648 cesset.

234 4715 293 4765 ut
337 4727 504 4781 spem
532 4710 711 4765 venire
758 4727 871 4764 non
908 4710 1170 4765 videatur
1196 4711 1443 4776 auferre,
1477 4725 1584 4761 nec
1616 4707 1872 4762 funditus

234 4803 583 4859 curvationis
626 4804 878 4859 indicere
901 4803 1132 4875 jugum,
1169 4804 1267 4857 sed
1294 4801 1691 4872 temperantiae
1723 4817 1871 4855 sem-

234 4915 338 4969 per
366 4897 643 4952 adhibere
669 4898 1009 4952 consultum.
1038 4899 1105 4952 Et
1132 4898 1263 4952 ideo
1288 4897 1421 4967 quia
1441 4896 1632 4965 legem
1658 4894 1819 4948 illam
1843 4911 1875 4948 a

236 4992 475 5047 domino
500 4991 832 5047 Vuambano
857 4991 1111 5063 principe
1141 4992 1411 5056 edictam,
1437 5006 1563 5060 quae
1584 4989 1653 5043 de
1679 4988 1875 5059 prodi-

233 5087 389 5140 tione
440 5087 525 5140 est
567 5085 858 5152 adnotata,
907 5086 1078 5156 hujus
1120 5084 1396 5156 principis
1436 5082 1615 5138 nostri
1661 5081 1877 5137 domini

237 5179 456 5251 Eringii
504 5179 880 5235 mansuetudo
916 5183 1235 5251 temperare
1264 5177 1559 5249 disposuit,
1600 5176 1748 5243 ideo,
1775 5192 1875 5229 an-

240 5277 454 5328 nuente
497 5273 664 5328 nobis
714 5274 987 5343 glorioso,
1038 5278 1094 5329 et
1144 5272 1572 5343 religiosissimo
1624 5270 1875 5340 Eringio,

239 5367 500 5439 principe
547 5371 762 5435 nostro,
794 5367 1112 5423 necessarie
1141 5368 1248 5421 hoc
1278 5370 1539 5421 sanctum
1577 5363 1879 5418 concilium

242 5461 521 5530 deﬁnivit,
539 5465 603 5515 ut
618 5460 811 5532 hi,qui
827 5479 932 5533 per
944 5461 1293 5533 superiorem
1321 5461 1512 5530 legem
1540 5454 1883 5512 testiﬁcandi

238 5554 579 5625 dignitatem
606 5555 981 5626 perdiderint,
1018 5559 1246 5627 recepto
1269 5552 1595 5609 testimonio
1628 5549 1883 5623 pristinae

242 5648 559 5719 dignitatis,
603 5665 796 5704 causas
836 5649 1073 5721 exsequi
1120 5648 1343 5721 possint
1382 5646 1589 5702 debitae
1622 5643 1880 5714 actionis,

241 5742 541 5813 aequaliter
581 5742 891 5798 nobilitatis
934 5743 1127 5799 solidae
1157 5742 1389 5798 titulum
1415 5741 1800 5812 reportantes,
1830 5741 1887 5791 et

243 5852 484 5907 quaeque
532 5835 601 5891 de
629 5836 937 5908 praeteritis
966 5835 1222 5907 legitime
1261 5833 1551 5890 testiﬁcari
1579 5831 1883 5893 voluerint,

246 5928 501 5985 licentiae
528 5928 822 5987 obtineant
851 5932 1067 5999 votum,
1101 5930 1160 5986 et
1177 5927 1469 6002 judicibus
1493 5926 1662 5984 nullis
1688 5923 1883 5999 prohi-

1972 4698 2114 4751 Item
2142 4711 2216 4748 ne
2257 4692 2437 4748 Judaei
2476 4706 2636 4745 more
2666 4706 2766 4743 suo
2795 4688 3113 4759 dijudicent
3141 4703 3314 4741 escas.
3353 4687 3493 4741 Item
3534 4704 3609 4751 ne

1974 4789 2151 4845 Judaei
2178 4805 2248 4842 ex
2277 4784 2700 4859 propinquitate
2732 4782 2817 4837 sui
2847 4781 3139 4853 sanguinis
3180 4779 3466 4835 connubia
3503 4780 3606 4835 du-

1977 4886 2129 4950 cant,
2183 4885 2239 4937 et
2292 4885 2354 4936 ut
2407 4881 2530 4934 sine
2582 4876 2986 4933 benedictione
3036 4874 3340 4930 sacerdotis
3392 4875 3611 4930 nubere

1979 4995 2095 5034 non
2144 4977 2414 5032 audeant.
2462 4978 2603 5031 Item
2649 4989 2722 5028 ne
2752 4970 2932 5027 Judaei
2973 4968 3239 5041 religioni
3281 4972 3495 5025 nostra
3522 4948 3617 5026 in:

1980 5074 2258 5127 saltantes
2289 5076 2495 5126 sectam
2522 5084 2676 5122 suam
2713 5065 3018 5121 defendere
3039 5063 3308 5132 audeant,
3334 5065 3615 5122 necaﬁde

1980 5165 2334 5237 refugientes
2352 5163 2485 5218 alibi
2511 5179 2569 5216 se
2589 5160 2978 5215 transducant.
3009 5159 3074 5213 Et
3101 5172 3175 5212 ne
3201 5157 3443 5230 quilibet
3466 5160 3618 5215 refu-

1983 5261 2204 5332 gientes
2228 5275 2322 5313 eos
2354 5256 2639 5327 suscipiat.
2673 5256 2816 5308 Item
2855 5269 2929 5308 ne
2963 5251 3317 5309 Christianus
3346 5270 3380 5309 a
3408 5253 3616 5309 Iudaeis

1982 5354 2364 5426 quodcunque
2390 5348 2649 5405 muneris
2694 5352 2891 5403 contra
2928 5347 3099 5402 ﬁdem
3129 5347 3337 5403 Christi
3360 5348 3614 5420 accipiat.

1980 5450 2121 5504 Item
2140 5464 2213 5501 ne
2239 5444 2420 5500 Judaei
2445 5444 2619 5498 libros
2643 5443 2834 5514 legere
2856 5441 3121 5511 audeant,
3141 5458 3282 5514 quos
3302 5441 3620 5497 Christiana

1983 5541 2124 5595 ﬁdes
2156 5539 2439 5611 repudiat.
2467 5540 2609 5593 Item
2636 5553 2710 5591 ne
2735 5536 2946 5592 Iudaeis
2967 5535 3255 5608 mancipia
3280 5533 3615 5602 deserviant,

1983 5635 2071 5688 vel
2090 5635 2418 5689 adhaereant
2434 5631 2768 5686 Christiana.
2786 5631 2927 5685 Item
2950 5630 2996 5683 si
3012 5629 3242 5685 Iudaeus
3267 5644 3325 5681 se
3345 5626 3615 5682 Christia-

1987 5743 2128 5783 num
2159 5744 2279 5782 esse
2311 5730 2568 5795 testetur,
2597 5729 2653 5781 et
2682 5726 2753 5781 ob
2782 5725 2891 5781 hoc
2916 5741 3030 5779 non
3064 5722 3193 5776 velit
3219 5737 3252 5774 a
3278 5736 3337 5773 se
3380 5718 3617 5790 rejicere

1987 5821 2335 5893 mancipium
2362 5820 2770 5877 Christianum.
2798 5820 2936 5874 Item
2965 5812 3237 5888 professio
3265 5812 3619 5881 Iudaeorum,

1986 5914 2278 5992 quomodo
2304 5914 2699 5988 unusquisque
2725 5912 2794 5967 ad
2823 5911 2992 5967 fidem
3018 5906 3273 5975 veniens,
3304 5905 3629 5964 indiculum‘
