4032 6304
409 352 512 406 559

1311 352 1594 406 APPEND.
1637 352 1724 407 AD
1768 351 1933 407 SEC.
1976 351 2065 407 IX.
2091 379 2160 391 —
2197 351 2444 408 ISIDORI
2479 350 2903 410 MERCATORIS

3682 359 3791 414 560

405 454 769 529 professionis
797 473 914 512 sua
945 456 1299 515 conscribere
1329 458 1552 513 debeat.
1583 461 1743 526 Item,
1771 459 2046 514 conditio-
2066 470 2124 544 Α
2144 421 2425 570 fecerint,‘
2444 459 2491 513 si
2521 459 2684 530 juxta
2723 460 3040 531 priscorum
3077 475 3358 516 canonum
3406 461 3683 530 instituta,
3725 463 3790 518 hi

411 569 515 607 nes
543 551 867 606 Judaorum
896 567 1035 623 quas
1051 552 1246 622 jurare
1271 551 1516 608 debeant
1533 552 1614 620 hi,
1641 552 1740 626 qui
1765 569 1833 608 ex
1862 553 1944 608 eis
1969 553 2045 608 ad

409 645 582 702 ﬁdem
626 645 936 715 venientes,
967 645 1350 718 professiones
1395 663 1523 701 suas
1567 646 1852 702 dederint.
1899 648 2044 702 Item

411 739 482 794 de
513 739 846 796 Christianis
868 738 1161 810 mancipiis
1184 739 1512 795 Judaorum
1531 757 1660 812 qua
1689 756 1747 795 se
1775 757 1892 796 non
1917 757 2046 813 pro-

409 832 659 890 diderint
703 832 1053 888 Christianos
1083 832 1199 888 sive
1245 833 1314 888 de
1345 833 1790 905 publicatoribus
1819 851 2042 890 eorum.

413 927 552 982 Item
595 942 669 980 ne
698 926 876 981 Judai
925 944 958 981 a
999 926 1256 998 quolibet
1283 929 1565 999 potestate
1613 933 1844 1000 accepta
1884 933 2046 984 extra

410 1020 634 1092 regiam
660 1020 1070 1076 ordinationem
1102 1021 1488 1077 Christianum
1531 1039 1822 1094 quemque
1859 1023 2042 1094 impe-

409 1117 550 1184 tere,
582 1115 827 1186 plectere
857 1115 946 1169 vel
988 1113 1332 1187 distringere
1373 1116 1642 1172 audeant.
1697 1119 1856 1185 Item,
1900 1120 1967 1171 ut
2000 1116 2046 1172 si

407 1209 736 1263 Judaorum
763 1208 930 1278 servi,
959 1209 1206 1266 necdum
1235 1208 1425 1264 adhuc
1451 1210 1710 1265 conversi
1742 1210 1812 1265 ad
1838 1209 2046 1266 Christi

411 1302 654 1374 gratiam
699 1301 1134 1359 convolaverint
1163 1303 1414 1358 libertati
1443 1303 1749 1360 donentur.
1786 1305 1944 1371 Item,
1971 1321 2046 1359 ne

408 1396 588 1451 Judai
639 1395 1116 1452 administratorio
1153 1414 1262 1452 usu
1311 1397 1372 1452 in
1424 1397 1682 1454 ordinem
1729 1397 2046 1454 villicorum

410 1495 580 1562 atque
620 1495 876 1546 actorum
921 1491 1306 1546 Christianam
1331 1491 1610 1547 familiam
1650 1491 1908 1564 redigere
1940 1509 2044 1548 au-

408 1584 597 1654 deant,
628 1589 686 1640 et
723 1584 793 1639 de
833 1585 1058 1640 damnis
1082 1602 1282 1640 eorum
1325 1585 1421 1658 qui
1462 1585 1594 1640 talia
1621 1586 1931 1641 ordinanda
1957 1587 2042 1642 in-

403 1677 724 1749 junxerint.
771 1680 909 1734 Item
935 1679 1164 1734 Judaus
1196 1696 1262 1733 ex
1288 1678 1412 1733 aliis
1441 1679 1744 1752 provinciis
1770 1680 1857 1735 vel
1881 1680 2042 1735 terri-

408 1771 570 1827 toriis
597 1772 668 1827 ad
693 1772 847 1843 regis
861 1773 1043 1828 nostri
1069 1773 1343 1829 ditionem
1370 1773 1786 1844 pertinentibus
1811 1775 2047 1830 veniens

410 1865 680 1938 episcopo
711 1865 837 1935 loci,
865 1868 953 1921 vel
980 1866 1261 1922 sacerdoti
1281 1883 1340 1922 se
1360 1870 1710 1939 prasentare
1735 1885 1851 1924 non
1882 1868 2043 1924 diffe-

410 1963 521 2028 rat,
568 1962 631 2014 ut
659 1959 793 2032 quid
840 1960 977 2014 sciat
1003 1977 1135 2016 eum
1164 1961 1224 2016 in
1254 1964 1372 2016 toto
1400 1961 1700 2016 observare
1727 1963 2043 2018 conveniat.

407 2055 569 2123 Item,
616 2058 678 2109 ut
717 2071 1025 2109 concursus
1063 2055 1399 2110 Judaorum
1429 2055 1632 2110 diebus
1678 2055 1949 2111 institutis
1975 2057 2046 2112 ad

408 2147 741 2219 episcopum
792 2147 918 2202 fieri
977 2147 1243 2205 debeant.
1291 2150 1429 2204 Item
1472 2153 1538 2204 ut
1575 2149 1900 2222 quicunque
1948 2152 2044 2206 Ju-

408 2241 597 2296 daum
630 2258 823 2296 secum
850 2247 1252 2315 assequentem
1297 2243 1581 2311 habuerit,
1625 2247 1923 2316 expetente
1957 2262 2044 2299 sa-

410 2335 642 2390 cerdote
671 2351 804 2390 eum
841 2337 990 2407 apud
1016 2353 1074 2391 se
1101 2336 1349 2392 retinere
1379 2353 1492 2392 non
1532 2338 1758 2393 audeat.
1795 2339 1954 2406 Item,
1983 2341 2049 2393 ut

409 2445 541 2484 cura
581 2431 766 2484 omnis
811 2429 1193 2501 distringendi
1222 2431 1446 2486 Judaos
1483 2431 1614 2487 solis
1657 2433 2047 2488 sacerdotibus

409 2522 704 2578 debeatur.
739 2525 894 2594 Item,
926 2525 996 2579 de
1025 2524 1246 2579 damnis
1267 2526 1646 2593 sacerdotum,
1674 2527 1761 2581 vel
1781 2527 2044 2598 judicnm

409 2616 505 2688 qui
549 2617 754 2672 Judais
802 2617 1056 2673 instituta
1105 2619 1299 2690 legum
1341 2619 1652 2690 adimplere
1698 2621 2045 2676 distulerint.

413 2711 574 2777 Item,
602 2727 677 2764 ne
696 2711 918 2782 judices
946 2711 1224 2783 quidquid
1252 2712 1320 2766 de
1347 2713 1698 2783 perfidorum
1727 2714 2048 2768 excessibus

411 2808 567 2857 extra
619 2803 978 2858 sacerdotum
1038 2804 1458 2860 conniventiam
1504 2806 1766 2876 judicare
1828 2824 2045 2878 prasu-

411 2902 589 2951 mant.
638 2898 799 2964 Item,
843 2902 906 2953 ut
944 2898 1188 2970 episcopi
1232 2903 1371 2953 tunc
1413 2899 1699 2955 immunes
1727 2883 2050 2956 habeantur

409 3008 442 3044 ει
461 2990 705 3060 damnis,
735 3007 866 3045 cum
897 3008 1099 3046 eorum
1123 2993 1484 3063 presbyteros
1497 2994 1566 3048 ad
1582 3009 1647 3048 ea
1662 3011 1789 3066 qua
1806 2995 1912 3067 ipsi
1931 3013 2044 3050 non

411 3083 784 3152 correxerint,
809 3084 1131 3140 remiserint
1151 3086 1512 3158 corrigenda.
1540 3089 1705 3158 Item,
1734 3088 1803 3144 de
1825 3092 2048 3144 servata

409 3177 762 3250 principibus
809 3179 1121 3235 miserendi
1177 3183 1456 3251 potestate
1508 3181 1567 3236 in
1622 3181 1710 3237 his
1758 3183 1856 3254 qui
1909 3199 2042 3238 con-

409 3271 559 3326 versi
603 3271 676 3327 ad
720 3271 896 3328 ﬁdem
937 3273 1142 3328 Christi
1191 3273 1466 3330 veraciter
1505 3275 1735 3331 fuerint.
1781 3277 1943 3344 Item,
1986 3281 2048 3332 nt

410 3365 660 3437 episcopi
689 3382 889 3421 omnes
913 3367 1120 3422 Judais
1149 3368 1220 3423 ad
1251 3386 1310 3424 se
1348 3369 1763 3441 pertinentibus
1791 3370 2046 3426 libellum

411 3459 482 3513 de
511 3459 626 3516 suis
652 3460 869 3517 editum
901 3462 1187 3518 erroribus
1220 3464 1466 3531 tradant,
1499 3467 1556 3520 et
1582 3468 1645 3519 ut
1669 3465 2046 3536 professiones

410 3570 630 3624 eorum,
668 3555 756 3610 vel
786 3555 1125 3612 conditones
1152 3557 1211 3613 in
1237 3557 1458 3614 scriniis
1486 3559 1734 3614 ecclesia
1776 3560 2044 3615 condant.

411 3646 666 3710 Quarum
709 3649 969 3704 omnium
997 3649 1193 3721 legum
1221 3651 1608 3723 promulgatio
1637 3652 1875 3723 gravida
1903 3653 2049 3708 sicut

410 3741 672 3811 synodali
706 3742 923 3812 judicio
967 3744 1356 3815 comprobata,
1385 3745 1464 3800 ita
1489 3746 1741 3815 generali
1783 3745 2044 3802 omnium

408 3837 741 3888 nostrorum
769 3835 1098 3910 deﬁnitione
1125 3835 1185 3891 in
1212 3853 1410 3892 eorum
1439 3838 1546 3892 erit
1575 3838 1842 3910 deinceps
1862 3857 2048 3896 exces-

412 3945 505 3982 sus
535 3928 874 3983 exercenda.
891 3912 912 3996 ἱ

481 4021 542 4074 Χ.
566 4021 674 4075 Pro
703 4021 800 4075 his
816 4020 915 4092 qui
940 4022 1196 4093 quolibet
1224 4029 1379 4079 metu
1399 4024 1486 4079 vel
1513 4027 1730 4082 terrore
1756 4027 2048 4083 ecclesiam

408 4116 706 4185 appetunt,
729 4115 1122 4171 consentiente
1144 4118 1362 4187 pariter
1383 4119 1789 4190 gloriosissimo
1811 4121 2048 4176 Domino

412 4213 603 4262 nostro
653 4206 888 4280 Eringio
933 4225 1091 4281 rege,
1118 4210 1224 4266 hoc
1267 4216 1526 4268 sanctum
1572 4213 1877 4270 concilium
1907 4215 2044 4270 defi-

411 4301 573 4371 nivit,
604 4305 670 4356 ut
709 4303 897 4357 nullus
941 4303 1155 4360 audeat
1184 4305 1578 4378 confugientes
1624 4309 1698 4363 ad
1730 4309 2045 4379 ecclesiam,

409 4395 500 4449 vel
531 4395 841 4452 residentes
874 4397 1225 4468 abstrahere,
1259 4406 1356 4457 aut
1382 4402 1757 4475 quodcunque
1785 4405 2046 4460 nocibili-

410 4489 542 4545 tatis
562 4491 648 4546 vel
676 4490 894 4560 damni,
911 4509 1010 4548 seu
1031 4495 1195 4564 spolii
1218 4496 1600 4552 residentibus
1625 4498 1682 4552 in
1710 4498 1831 4554 loco
1852 4502 2046 4554 sancto

2145 551 2242 623 qui
2291 569 2386 607 eos
2414 551 2717 624 'repetunt
2754 569 2976 608 sacram
3012 553 3390 622 reddiderint,
3430 559 3488 610 et
3525 556 3790 612 sacerdos

2145 645 2395 700 ecclesia
2436 646 2636 717 ipsius,
2679 647 2748 700 ab
2779 646 3013 702 ecclesia
3045 664 3158 702 non
3203 647 3536 704 abstraxerit
3563 649 3788 706 foribus

2144 745 2243 794 aut
2266 740 2425 810 fuga,
2456 739 2660 794 talium
2687 739 2731 794 si
2760 741 3014 796 evenerit
3038 741 3318 796 sacerdoti
3339 744 3646 814 quarenda
3675 749 3785 813 est,

2143 836 2244 888 aut
2261 833 2608 888 damnorum
2636 833 2918 891 sententia
2937 835 3255 890 secundum
3274 835 3610 892 electionem
3631 838 3790 910 prin-

2145 927 2283 999 cipis
2309 926 2638 998 hujusmodi
2670 928 3056 983 sacerdotibus
3080 928 3402 1000 irroganda.

2215 1022 2300 1077 XI.
2333 1023 2622 1092 Pracepta
2664 1020 2893 1076 Domini
2917 1027 3052 1077 sunt
3076 1022 3313 1078 dicentis
3347 1040 3360 1078 :
3397 1045 3424 1073 «
3456 1023 3576 1078 Non
3611 1024 3787 1079 facies

2147 1113 2253 1168 tibi
2279 1114 2555 1186 sculptile,
2598 1130 2784 1186 neque
2817 1131 3053 1170 omnem
3080 1115 3510 1172 similitudinem
3544 1133 3670 1189 qua
3698 1122 3788 1172 est

2146 1208 2205 1262 in
2235 1208 2374 1263 coelo
2407 1208 2672 1280 desuper,
2701 1211 2757 1263 et
2781 1225 2909 1280 qua
2935 1208 2995 1263 in
3025 1212 3200 1278 terra,
3235 1209 3525 1279 deorsum,
3553 1227 3660 1268 nec
3683 1229 3784 1267 eo-

2145 1319 2275 1357 rum
2303 1318 2431 1373 qua
2462 1305 2594 1357 sunt
2635 1301 2694 1356 in
2736 1303 2900 1374 aquis
2925 1302 3029 1357 sub
3057 1307 3370 1374 terra,,nec
3407 1303 3668 1361 adorabis
3697 1321 3786 1374 ea,

2144 1412 2331 1468 neque
2377 1395 2526 1452 coles
2571 1396 2768 1467 (Exod.
2801 1413 2893 1464 xx,
2924 1397 2957 1451 4
2999 1401 3051 1453 et
3095 1397 3167 1467 5).
3198 1395 3400 1468 »Ιιιθω
3429 1415 3442 1454 :
3475 1420 3504 1449 ‹‹
3531 1399 3634 1464 Qui
3673 1399 3783 1455 im-

2145 1490 2328 1545 molat
2353 1489 2478 1559 diis,
2497 1489 2805 1557 occidetur,
2821 1495 3206 1561 praeterquam
3217 1491 3458 1548 Domino
3469 1493 3571 1548 soli
3584 1492 3784 1564 (Exod.

2146 1600 2279 1653 xxn,
2308 1585 2418 1656 20).
2449 1605 2478 1633 »
2508 1585 2651 1639 Item
2679 1601 2693 1639 :
2733 1607 2760 1634 ‹‹
2784 1583 2882 1639 Vir
2908 1589 3008 1640 aut
3031 1585 3239 1642 mulier
3280 1586 3380 1659 qui
3405 1586 3621 1644 faciunt
3657 1604 3785 1644 ma-

2145 1677 2268 1733 lum
2297 1681 2430 1732 ante
2462 1683 2829 1750 conspectum
2869 1677 3097 1734 Domini
3139 1678 3239 1735 Dei
3275 1680 3381 1750 sui,
3412 1685 3470 1736 et
3491 1684 3784 1754 transgre-

2148 1771 2384 1826 diuntur
2432 1775 2663 1843 pactum
2704 1771 2876 1841 illius,
2921 1777 2987 1826 ut
3031 1773 3259 1844 vadant,
3302 1777 3359 1830 et
3397 1774 3642 1831 serviant
3677 1776 3787 1832 diis

2148 1865 2367 1935 alienis,
2419 1869 2476 1920 et
2529 1865 2767 1920 adorent
2813 1883 2928 1936 eos,
2982 1867 3070 1921 vel
3122 1867 3302 1922 solem
3356 1872 3414 1923 et
3465 1869 3684 1938 lunam,
3729 1875 3789 1926 et

2149 1975 2380 2016 omnem
2409 1958 2672 2014 militiam
2703 1959 2850 2029 coeli,
2879 1976 3006 2032 qua
3036 1977 3149 2015 non
3180 1961 3429 2032 percepi,
3457 1965 3514 2018 et
3541 1963 3649 2018 hoc
3676 1963 3787 2020 tibi

2145 2053 2322 2108 fuerit
2357 2052 2708 2122 nuntiatum,
2738 2052 3096 2125 audiensque
3121 2054 3452 2126 inquisieris
3481 2055 3788 2128 diligenter

2147 2151 2203 2202 et
2229 2161 2430 2201 verum
2458 2161 2576 2202 esse
2619 2146 2923 2218 repereris,
2953 2152 3009 2202 et
3038 2147 3388 2204 abominatio
3431 2149 3581 2204 facta
3608 2155 3692 2206 est
3725 2151 3787 2207 in

2148 2241 2312 2296 Israel
2342 2257 2356 2294 :
2389 2239 2593 2296 educes
2619 2239 2803 2296 virum
2834 2258 2900 2295 ac
2930 2240 3235 2297 mulierem
3263 2243 3360 2316 qui
3395 2259 3519 2298 rem
3547 2244 3790 2300 scelera-

2144 2333 2420 2390 tissimam
2452 2339 2931 2406 perpetraverunt
2957 2335 3031 2390 ad
3058 2341 3254 2406 portas
3283 2337 3540 2407 civitatis,
3569 2343 3626 2394 et
3649 2339 3792 2412 lapi-

2147 2428 2312 2484 dibus
2357 2427 2674 2484 obruentur
2715 2428 2890 2501 (Deut.
2943 2446 3074 2498 xvu,
3104 2433 3136 2485 2
3167 2435 3217 2486 et
3239 2430 3393 2504 seq.).
3428 2453 3456 2482 »
3498 2433 3793 2505 Pracepta

2146 2521 2371 2577 Domini
2390 2522 2513 2577 hac
2539 2538 2654 2576 non
2671 2522 2730 2576 in
2746 2522 2987 2590 ultione,
3010 2524 3109 2579 sed
3125 2523 3185 2578 in
3203 2529 3422 2581 terrore
3449 2525 3793 2598 delinquen-

2146 2615 2294 2671 tium
2319 2619 2671 2688 apponentes
2699 2633 2816 2672 non
2841 2616 3040 2671 mortis
3083 2618 3419 2674 sententiam
3449 2620 3787 2692 promulga-

2145 2726 2294 2780 mus,
2327 2708 2428 2764 sed
2470 2709 2714 2765 cultores
2756 2710 3058 2780 idolorum,
3099 2715 3462 2769 veneratores
3501 2713 3786 2786 lapidum,

2147 2819 2478 2860 accensores
2499 2803 2842 2875 facularum,
2878 2809 2935 2860 et
2961 2807 3282 2861 excultores
3308 2807 3555 2863 fontium
3585 2808 3788 2864 admo-

2145 2914 2370 2966 nemus,
2402 2900 2465 2951 ut
2493 2903 2810 2968 agnoscant
2839 2901 2990 2971 quod
3019 2900 3126 2971 ipsi
3165 2905 3489 2971 spontanea
3517 2918 3574 2958 se
3611 2903 3789 2958 morti

2147 2987 2473 3059 subjiciunt,
2508 2987 2606 3060 qui
2646 2987 2876 3044 diabolo
2916 2990 3233 3045 sacriﬁcare
3265 2990 3552 3061 videntur,
3582 2993 3791 3047 mortis

2147 3081 2302 3137 enim
2332 3080 2565 3136 nomine
2596 3081 2857 3137 diabolus
2899 3084 3236 3156 appellatur,
3268 3083 3414 3140 sicut
3439 3085 3508 3141 de
3538 3102 3604 3140 eo
3645 3086 3788 3141 scri-

2146 3179 2308 3247 ptum
2336 3180 2438 3243 est,
2471 3177 2529 3230 et
2558 3181 2682 3230 erat
2707 3175 2788 3230 illi
2814 3193 3028 3232 nomen
3051 3195 3228 3233 mors.
3257 3179 3331 3232 Ac
3357 3179 3591 3250 provide
3612 3195 3792 3236 omne

2146 3268 2508 3340 sacrilegium
2538 3269 2838 3339 idolatriae,
2868 3272 2957 3326 vel
2987 3270 3266 3342 quidquid
3302 3271 3444 3328 illud
3474 3275 3559 3327 est
3587 3279 3792 3328 contra

2145 3367 2396 3418 sanctam
2415 3361 2464 3435 1
2482 3361 2604 3436 37
2626 3364 2817 3432 ﬁdem,
2837 3364 2898 3419 in
2916 3381 3031 3436 quo
3060 3365 3395 3436 insipientes
3414 3367 3680 3422 homines
3699 3385 3792 3422 ca-

2144 3456 2342 3529 ptivati
2365 3457 2655 3512 diabolicis
2673 3459 2908 3512 culturis
2926 3459 3261 3530 inserviunt,
3281 3461 3592 3516 sacerdotis
3603 3462 3688 3516 vel
3695 3462 3790 3533 ju-

2148 3549 2286 3605 dicis
2311 3550 2586 3605 instantia
2611 3551 2907 3608 inventum
2931 3555 2992 3607 ut
3011 3553 3309 3625 sacrilegia
3323 3555 3704 3626 eradicantur,
3728 3562 3791 3612 et

2146 3644 2527 3700 exterminata
2546 3649 2904 3701 truncentur.
2929 3647 3036 3701 Eos
3054 3664 3187 3701 vero
3217 3647 3314 3719 qui
3339 3649 3412 3703 ad
3428 3649 3605 3719 talem
3633 3667 3792 3704 erro-

2146 3653 2527 3700 exterminata
2546 3653 2904 3701 truncentur.
2929 3653 3036 3701 Eos
3054 3664 3187 3701 vero
3217 3653 3314 3719 qui
3339 3653 3412 3703 ad
3457 3653 3605 3704 alem
3633 3667 3788 3704 erro-

2145 3754 2270 3794 rem
2299 3743 2620 3807 accurrunt,
2655 3744 2712 3794 et
2739 3739 3067 3795 verberibus
3092 3747 3408 3811 coerceant,
3428 3653 3512 3840 ‘Ft
3551 3747 3788 3799 onustos

2147 3831 2299 3886 ferro
2327 3832 2575 3887 dominis
2603 3833 2719 3887 suis
2747 3834 2997 3901 tradant,
3037 3835 3084 3889 si
3111 3839 3304 3890 tamen
3334 3831 3556 3891 domini
3581 3853 3786 3893 eorum

2146 3942 2250 3998 per
2286 3925 2691 3997 jusjurandum
2741 3907 3160 3984 attestationem
3205 3930 3544 4000 promittant
3586 3948 3644 3986 se
3688 3949 3788 3987 eos

2146 4023 2262 4075 tam
2285 4018 2521 4074 sollicite
2548 4020 2853 4092 custodire,
2885 4026 2952 4077 ut
2993 4022 3139 4077 ultra
3181 4023 3262 4078 eis
3304 4040 3420 4078 non
3464 4025 3630 4080 liceat
3669 4026 3786 4081 tale

2149 4113 2308 4168 nefas
2334 4112 2720 4170 committere.
2751 4115 2911 4180 Quod
2932 4115 2978 4170 si
2995 4116 3214 4171 domini
3242 4133 3441 4173 eorum
3470 4119 3654 4174 nolint
3684 4120 3790 4174 hu-

2141 4206 2394 4278 jusmodi
2441 4223 2566 4262 reos
2610 4207 2670 4262 in
2707 4207 2822 4263 fide
2865 4226 2966 4264 sua
3006 4211 3314 4281 suscipere,
3347 4214 3486 4267 tunc
3534 4212 3604 4267 ab
3645 4213 3726 4267 eis
3750 4231 3789 4268 a

2148 4301 2353 4372 quibus
2383 4301 2610 4356 coerciti
2639 4306 2774 4357 sunt
2793 4304 2967 4374 regiis
2994 4305 3316 4376 aspectibus
3342 4309 3785 4377 prasententur,

2149 4398 2212 4450 ut
2248 4395 2514 4468 princeps
2557 4397 2953 4452 auctoritatem
2982 4415 3045 4453 ac
3076 4399 3318 4454 liberam
3345 4400 3415 4455 de
3442 4399 3650 4456 talibus
3678 4402 3781 4456 do-

2149 4489 2404 4544 minandi
2427 4494 2773 4561 potestatem
2803 4491 3075 4547 obtineat.
3110 4493 3339 4548 Domini
3367 4498 3560 4550 tamen
3585 4512 3788 4551 eorum

408 4583 644 4650 inferre,
689 4585 787 4640 sed
835 4602 956 4642 esse
985 4588 1176 4658 potius
1202 4589 1290 4644 his
1317 4590 1454 4661 ipsis
1496 4591 1594 4662 qui
1624 4592 1916 4647 ecclesiam
1952 4609 2046 4664 pe-
2069 4595 2129 4668 D
2152 4582 2249 4655 qui
2275 4582 2568 4638 nuntiatos
2614 4584 2720 4639 sibi
2760 4585 2964 4640 talium
2995 4603 3294 4642 servorum
3341 4604 3563 4644 errores
3593 4590 3792 4645 ulcisci

409 4683 556 4746 tunt,
581 4695 684 4750 per
699 4680 898 4735 omnia
914 4681 1133 4737 licitum
1156 4683 1216 4737 in
1239 4683 1478 4755 triginta
1499 4701 1693 4754 passus
1713 4686 1781 4739 ab
1799 4687 2049 4741 ecclesia

403 4767 596 4836 janius
623 4770 912 4840 progredi.
942 4772 1003 4825 In
1030 4772 1239 4842 quibus
1265 4772 1548 4843 tringinta
1579 4774 1838 4844 passibus
1864 4776 2051 4829 unius-

409 4861 682 4933 cujusque
707 4863 958 4918 ecclesia
988 4863 1048 4918 in
1077 4869 1198 4918 toto
1227 4865 1465 4918 circuitu
1504 4867 1826 4921 reverentia
1853 4868 2046 4922 defen-

411 4952 602 5023 datur,
630 4955 706 5008 sic
755 4959 949 5010 tamen
989 4959 1054 5010 ut
1099 4956 1158 5010 hi
1189 4956 1288 5026 qui
1325 4957 1398 5010 ad
1447 4973 1573 5011 eam
1617 4959 1953 5029 confugiunt
1988 4961 2049 5016 in

409 5047 692 5101 extraneis
729 5049 812 5102 vel
857 5049 1031 5119 longe
1079 5049 1354 5119 separatis
1391 5049 1462 5104 ab
1502 5051 1738 5106 ecclesia
1765 5052 2044 5123 domibus,

409 5141 568 5194 nullo
601 5139 770 5195 modo
793 5140 1120 5210 abscedant,
1144 5142 1244 5196 sed
1271 5142 1329 5197 in
1347 5143 1451 5199 hoc
1472 5143 1751 5217 tringinta
1775 5163 2047 5218 passuum

407 5247 651 5287 numero
681 5233 894 5303 absque
929 5233 1235 5290 domorum
1261 5242 1659 5294 extranearum
1687 5242 2044 5312 receptaculo

406 5325 846 5398 progredientes
885 5327 1105 5383 aditum
1151 5329 1536 5401 obstinebunt,
1569 5337 1630 5388 ut
1659 5334 1730 5388 ad
1758 5336 2045 5407 requisita

405 5423 630 5474 natura
675 5435 839 5475 usum
880 5420 1082 5477 debitis
1128 5430 1329 5482 exeant
1367 5426 1523 5482 locis.
1564 5429 1633 5484 Et
1674 5429 1831 5484 nullo
1876 5430 2044 5484 modo

405 5516 718 5569 teneantur
746 5520 953 5570 eventu
988 5519 1442 5588 necessitudinis,
1487 5521 1585 5592 qui
1627 5522 1935 5578 Dominicis
1983 5541 2042 5579 se

406 5607 750 5667 difﬁdendos
776 5610 1171 5668 commiserint
1191 5613 1469 5668 claustris.
1501 5616 1555 5670 Si
1576 5616 1702 5686 quis
1723 5621 1916 5671 autem
1936 5617 2044 5672 hoc

404 5699 698 5756 decretum
725 5704 1031 5761 tentaverit
1054 5705 1285 5773 violare,
1310 5712 1367 5761 et
1391 5707 1778 5764 ecclesiastica
1808 5726 2038 5764 excom-

404 5793 776 5850 municationi
807 5797 1114 5868 subjaceat,
1148 5801 1207 5853 et
1243 5799 1560 5854 severitatis
1593 5801 1766 5873 regia
1809 5803 2043 5858 feriatur

402 5887 708 5955 sententia,
741 5889 894 5960 ipsos
918 5896 1112 5948 tamen
1136 5891 1232 5962 qui
1265 5892 1336 5946 ad
1368 5893 1676 5974 Ecclesiam
1705 5894 2041 5965 confugium

2149 4676 2478 4744 noluerunt,
2508 4682 2565 4732 et
2593 4679 3192 4734 excommunicationis
3222 4683 3566 4738 sententiam
3594 4684 3790 4755 prefe-

2149 4773 2297 4839 rant,
2319 4773 2378 4825 et
2397 4771 2531 4842 jura
2557 4771 2703 4826 servi
2722 4771 2872 4827 illius
2894 4789 3068 4845 quem
3089 4791 3354 4830 coercere
3378 4777 3703 4842 noluerunt,
3729 4795 3791 4833 se

2148 4863 2401 4919 amisisse
2433 4870 2807 4937 cognoscant.
2838 4867 2998 4931 Quod
3037 4867 3081 4922 si
3110 4869 3498 4941 ingenuorum
3524 4887 3792 4943 personas

2149 4957 2237 5012 his
2259 4957 2547 5014 erroribus
2572 4960 2788 5015 fuerint
2815 4960 3141 5032 implicata,
3171 4969 3228 5018 et
3256 4968 3530 5037 perpetua
3553 4981 3788 5020 excom—

2149 5051 2551 5108 municationis
2579 5053 2859 5109 sententia
2905 5055 3203 5128 feriantur,
3233 5063 3291 5114 et
3333 5058 3559 5114 arctiori
3587 5058 3790 5114 exsilio

2149 5145 2514 5202 ulciscantur.

2217 5239 2324 5293 XII.
2377 5239 2594 5296 Placuit
2636 5240 2768 5296 huic
2809 5246 3005 5298 sancto
3048 5244 3307 5312 concilio,
3335 5249 3400 5300 ut
3436 5246 3603 5317 juxta
3629 5245 3785 5316 prio-

2145 5350 2273 5388 rum
2303 5331 2699 5405 episcoporum
2745 5335 3126 5408 Singularium
3159 5339 3576 5410 provinciarum
3604 5355 3784 5394 cano-

2144 5444 2285 5482 num
2314 5426 2575 5482 instituta
2602 5427 2766 5483 annis
2793 5430 3032 5503 singulis
3052 5432 3111 5486 in
3129 5449 3467 5505 unaquaque
3489 5433 3786 5504 provincia

2145 5521 2409 5576 Kalendis
2458 5522 2787 5578 Novembris
2831 5524 3135 5581 concilium
3184 5526 3526 5582 celebraturi
3571 5543 3783 5582 conveo

2141 5614 2322 5681 niant,
2350 5614 2604 5687 quisquis
2633 5620 2826 5673 autem
2856 5618 2917 5672 in
2946 5620 3230 5691 pradictis
3252 5621 3525 5676 Kalendis
3547 5621 3784 5676 Novem-

2141 5707 2259 5762 bris
2295 5723 2399 5778 pro
2440 5709 2818 5766 celebratione
2865 5714 3066 5784 synodi
3109 5713 3300 5769 venire
3345 5714 3648 5783 distulerit,
3688 5731 3785 5770 ex-

2142 5801 2651 5858 communicationi
2679 5804 2866 5861 debite
2895 5807 3230 5878 subjacebit.

2179 5895 2342 5953 'XIII.
2384 5895 2693 5953 Pramissis
2736 5898 2823 5956 his
2877 5901 3146 5959 omnibus
3188 5902 3555 5976 synodalibus
3597 5903 3779 5976 gestis
