  <div class='ocr_page' id='page_1' title='image "/cluster/home/n/w/nwhite01/storage/ocr_20150623/130/umn.319510024774230/354.png"; bbox 0 0 4032 6304; ppageno 0'>
   <div class='ocr_carea' id='block_1_1' title="bbox 168 359 3536 422">
    <p class='ocr_par' dir='ltr' id='par_1_1' title="bbox 168 359 3536 422">
     <span class='ocr_line' id='line_1_1' title="bbox 168 359 3536 422; baseline 0.002 -7"><span class='ocrx_word' id='word_1_1' title='bbox 168 363 252 415; x_wconf 80' lang='grc'>561</span> <span class='ocrx_word' id='word_1_2' title='bbox 1375 359 1848 418; x_wconf 81' lang='lat' dir='ltr'>DECRETALIUM</span> <span class='ocrx_word' id='word_1_3' title='bbox 1883 359 2270 418; x_wconf 86' lang='lat' dir='ltr'>COLLECTIO.</span> <span class='ocrx_word' id='word_1_4' title='bbox 3434 367 3536 422; x_wconf 80' lang='lat'>562</span> 
     </span>
    </p>
   </div>
   <div class='ocr_carea' id='block_1_2' title="bbox 165 466 3533 553">
    <p class='ocr_par' dir='ltr' id='par_1_2' title="bbox 165 466 3533 553">
     <span class='ocr_line' id='line_1_2' title="bbox 165 466 3533 553; baseline 0.003 -31"><span class='ocrx_word' id='word_1_5' title='bbox 165 485 282 541; x_wconf 86' lang='lat' dir='ltr'>qua</span> <span class='ocrx_word' id='word_1_6' title='bbox 307 468 550 524; x_wconf 85' lang='lat' dir='ltr'>honesto</span> <span class='ocrx_word' id='word_1_7' title='bbox 577 466 940 523; x_wconf 81' lang='lat' dir='ltr'>decretorum</span> <span class='ocrx_word' id='word_1_8' title='bbox 967 469 1082 524; x_wconf 88' lang='lat' dir='ltr'>ﬁne</span> <span class='ocrx_word' id='word_1_9' title='bbox 1129 467 1540 539; x_wconf 88' lang='lat' dir='ltr'>complevimus</span> <span class='ocrx_word' id='word_1_10' title='bbox 1586 483 1791 540; x_wconf 92' lang='lat' dir='ltr'>perpe-</span> <span class='ocrx_word' id='word_1_11' title='bbox 1815 477 1876 553; x_wconf 75' lang='grc' dir='ltr'><strong>Α</strong></span> <span class='ocrx_word' id='word_1_12' title='bbox 1897 468 2220 524; x_wconf 81' lang='lat' dir='ltr'>Antoninus</span> <span class='ocrx_word' id='word_1_13' title='bbox 2242 468 2484 525; x_wconf 85' lang='lat' dir='ltr'>Bastina</span> <span class='ocrx_word' id='word_1_14' title='bbox 2511 469 2762 526; x_wconf 80' lang='lat' dir='ltr'>ecclesiae</span> <span class='ocrx_word' id='word_1_15' title='bbox 2784 469 3103 543; x_wconf 90' lang='lat' dir='ltr'>episcopus,</span> <span class='ocrx_word' id='word_1_16' title='bbox 3123 471 3384 529; x_wconf 80' lang='lat' dir='ltr'>similiter</span> <span class='ocrx_word' id='word_1_17' title='bbox 3409 475 3533 532; x_wconf 87' lang='lat' dir='ltr'>sub.</span> 
     </span>
    </p>
   </div>
   <div class='ocr_carea' id='block_1_3' title="bbox 166 561 3540 638">
    <p class='ocr_par' dir='ltr' id='par_1_3' title="bbox 166 561 3540 638">
     <span class='ocr_line' id='line_1_3' title="bbox 166 561 3540 638; baseline 0.002 -21"><span class='ocrx_word' id='word_1_18' title='bbox 166 567 322 618; x_wconf 89' lang='lat' dir='ltr'>tuum</span> <span class='ocrx_word' id='word_1_19' title='bbox 369 561 460 617; x_wconf 90' lang='lat' dir='ltr'>his</span> <span class='ocrx_word' id='word_1_20' title='bbox 500 561 678 616; x_wconf 91' lang='lat' dir='ltr'>robur</span> <span class='ocrx_word' id='word_1_21' title='bbox 721 577 822 633; x_wconf 90' lang='lat' dir='ltr'>per</span> <span class='ocrx_word' id='word_1_22' title='bbox 847 577 1126 617; x_wconf 89' lang='lat' dir='ltr'>manuum</span> <span class='ocrx_word' id='word_1_23' title='bbox 1175 565 1503 618; x_wconf 89' lang='lat' dir='ltr'>nostrarum</span> <span class='ocrx_word' id='word_1_24' title='bbox 1545 561 1792 617; x_wconf 88' lang='lat' dir='ltr'>subscri-</span> <span class='ocrx_word' id='word_1_25' title='bbox 1895 563 2164 618; x_wconf 91' lang='lat' dir='ltr'>Proculus</span> <span class='ocrx_word' id='word_1_26' title='bbox 2193 563 2576 634; x_wconf 84' lang='lat' dir='ltr'>Jugastrensis</span> <span class='ocrx_word' id='word_1_27' title='bbox 2619 563 2872 620; x_wconf 86' lang='lat' dir='ltr'>ecclesia</span> <span class='ocrx_word' id='word_1_28' title='bbox 2915 564 3235 638; x_wconf 91' lang='lat' dir='ltr'>episcopus,</span> <span class='ocrx_word' id='word_1_29' title='bbox 3279 567 3540 625; x_wconf 83' lang='lat' dir='ltr'>similiter</span> 
     </span>
    </p>
   </div>
   <div class='ocr_carea' id='block_1_4' title="bbox 164 655 3538 732">
    <p class='ocr_par' dir='ltr' id='par_1_4' title="bbox 164 655 3538 732">
     <span class='ocr_line' id='line_1_4' title="bbox 164 655 3538 732; baseline 0.003 -22"><span class='ocrx_word' id='word_1_30' title='bbox 164 656 412 729; x_wconf 87' lang='lat' dir='ltr'>ptionem</span> <span class='ocrx_word' id='word_1_31' title='bbox 427 655 805 725; x_wconf 89' lang='lat' dir='ltr'>annectimus,</span> <span class='ocrx_word' id='word_1_32' title='bbox 829 655 1029 711; x_wconf 85' lang='lat' dir='ltr'>dantes</span> <span class='ocrx_word' id='word_1_33' title='bbox 1050 672 1155 728; x_wconf 89' lang='lat' dir='ltr'>pro</span> <span class='ocrx_word' id='word_1_34' title='bbox 1171 656 1260 711; x_wconf 91' lang='lat' dir='ltr'>his</span> <span class='ocrx_word' id='word_1_35' title='bbox 1281 655 1526 728; x_wconf 83' lang='lat' dir='ltr'>gloriam</span> <span class='ocrx_word' id='word_1_36' title='bbox 1548 661 1605 712; x_wconf 87' lang='lat' dir='ltr'>et</span> <span class='ocrx_word' id='word_1_37' title='bbox 1622 658 1799 713; x_wconf 84' lang='lat' dir='ltr'>hono-</span> <span class='ocrx_word' id='word_1_38' title='bbox 1896 656 2020 711; x_wconf 88' lang='lat' dir='ltr'>sub.</span> <span class='ocrx_word' id='word_1_39' title='bbox 2041 657 2200 713; x_wconf 84' lang='lat' dir='ltr'>Atala</span> <span class='ocrx_word' id='word_1_40' title='bbox 2246 656 2570 713; x_wconf 87' lang='lat' dir='ltr'>Cauriensis</span> <span class='ocrx_word' id='word_1_41' title='bbox 2617 657 2864 715; x_wconf 90' lang='lat' dir='ltr'>ecclesia</span> <span class='ocrx_word' id='word_1_42' title='bbox 2911 658 3231 732; x_wconf 89' lang='lat' dir='ltr'>episc0pus,</span> <span class='ocrx_word' id='word_1_43' title='bbox 3273 660 3538 719; x_wconf 88' lang='lat' dir='ltr'>similiter</span> 
     </span>
    </p>
   </div>
   <div class='ocr_carea' id='block_1_5' title="bbox 163 749 3538 827">
    <p class='ocr_par' dir='ltr' id='par_1_5' title="bbox 163 749 3538 827">
     <span class='ocr_line' id='line_1_5' title="bbox 163 749 3538 827; baseline 0.002 -21"><span class='ocrx_word' id='word_1_44' title='bbox 163 768 281 806; x_wconf 89' lang='lat' dir='ltr'>rem</span> <span class='ocrx_word' id='word_1_45' title='bbox 327 750 648 806; x_wconf 82' lang='lat' dir='ltr'>immortali</span> <span class='ocrx_word' id='word_1_46' title='bbox 676 753 789 806; x_wconf 92' lang='lat' dir='ltr'>Deo</span> <span class='ocrx_word' id='word_1_47' title='bbox 838 753 896 806; x_wconf 92' lang='lat' dir='ltr'>et</span> <span class='ocrx_word' id='word_1_48' title='bbox 942 750 1183 806; x_wconf 91' lang='lat' dir='ltr'>Domino</span> <span class='ocrx_word' id='word_1_49' title='bbox 1209 756 1425 821; x_wconf 91' lang='lat' dir='ltr'>nostro,</span> <span class='ocrx_word' id='word_1_50' title='bbox 1458 768 1572 823; x_wconf 87' lang='lat' dir='ltr'>quo</span> <span class='ocrx_word' id='word_1_51' title='bbox 1625 751 1799 824; x_wconf 88' lang='lat' dir='ltr'>inspi-</span> <span class='ocrx_word' id='word_1_52' title='bbox 1898 749 2024 806; x_wconf 86' lang='lat' dir='ltr'>sub.</span> <span class='ocrx_word' id='word_1_53' title='bbox 2061 749 2368 822; x_wconf 87' lang='lat' dir='ltr'>Separatus</span> <span class='ocrx_word' id='word_1_54' title='bbox 2415 752 2672 807; x_wconf 82' lang='lat' dir='ltr'>Vesensis</span> <span class='ocrx_word' id='word_1_55' title='bbox 2724 752 2979 808; x_wconf 90' lang='lat' dir='ltr'>ecclesia</span> <span class='ocrx_word' id='word_1_56' title='bbox 3034 755 3348 827; x_wconf 89' lang='lat' dir='ltr'>episcopus,</span> <span class='ocrx_word' id='word_1_57' title='bbox 3379 755 3538 812; x_wconf 86' lang='lat' dir='ltr'>simi-</span> 
     </span>
    </p>
   </div>
   <div class='ocr_carea' id='block_1_6' title="bbox 162 843 3538 928">
    <p class='ocr_par' dir='ltr' id='par_1_6' title="bbox 162 843 3538 928">
     <span class='ocr_line' id='line_1_6' title="bbox 162 843 3538 928; baseline 0.002 -28"><span class='ocrx_word' id='word_1_58' title='bbox 162 850 338 913; x_wconf 88' lang='lat' dir='ltr'>rante,</span> <span class='ocrx_word' id='word_1_59' title='bbox 375 848 435 900; x_wconf 92' lang='lat' dir='ltr'>et</span> <span class='ocrx_word' id='word_1_60' title='bbox 476 843 974 901; x_wconf 87' lang='lat' dir='ltr'>determinationis</span> <span class='ocrx_word' id='word_1_61' title='bbox 1021 849 1229 900; x_wconf 88' lang='lat' dir='ltr'>nostra</span> <span class='ocrx_word' id='word_1_62' title='bbox 1272 845 1557 900; x_wconf 76' lang='lat' dir='ltr'>sententia</span> <span class='ocrx_word' id='word_1_63' title='bbox 1595 845 1794 918; x_wconf 80' lang='lat' dir='ltr'>viguit,</span> <span class='ocrx_word' id='word_1_64' title='bbox 1833 919 1840 928; x_wconf 32' lang='grc' dir='ltr'><strong><em>ν</em></strong></span> <span class='ocrx_word' id='word_1_65' title='bbox 1895 843 2028 899; x_wconf 89' lang='lat' dir='ltr'>liter</span> <span class='ocrx_word' id='word_1_66' title='bbox 2087 843 2211 900; x_wconf 87' lang='lat' dir='ltr'>sub.</span> <span class='ocrx_word' id='word_1_67' title='bbox 2260 844 2658 901; x_wconf 85' lang='lat' dir='ltr'>Providentius</span> <span class='ocrx_word' id='word_1_68' title='bbox 2715 847 3208 904; x_wconf 89' lang='lat' dir='ltr'>Salamanticensis</span> <span class='ocrx_word' id='word_1_69' title='bbox 3285 851 3538 908; x_wconf 87' lang='lat' dir='ltr'>ecclesia</span> 
     </span>
    </p>
   </div>
   <div class='ocr_carea' id='block_1_7' title="bbox 163 931 3536 1017">
    <p class='ocr_par' dir='ltr' id='par_1_7' title="bbox 163 931 3536 1017">
     <span class='ocr_line' id='line_1_7' title="bbox 163 931 3536 1017; baseline 0.002 -24"><span class='ocrx_word' id='word_1_70' title='bbox 163 945 215 995; x_wconf 89' lang='lat' dir='ltr'>et</span> <span class='ocrx_word' id='word_1_71' title='bbox 259 938 518 1011; x_wconf 86' lang='lat' dir='ltr'>probitas</span> <span class='ocrx_word' id='word_1_72' title='bbox 569 955 867 994; x_wconf 88' lang='lat' dir='ltr'>causarum</span> <span class='ocrx_word' id='word_1_73' title='bbox 911 939 1154 994; x_wconf 89' lang='lat' dir='ltr'>honesto</span> <span class='ocrx_word' id='word_1_74' title='bbox 1197 956 1257 994; x_wconf 91' lang='lat' dir='ltr'>se</span> <span class='ocrx_word' id='word_1_75' title='bbox 1304 938 1417 994; x_wconf 85' lang='lat' dir='ltr'>ﬁne</span> <span class='ocrx_word' id='word_1_76' title='bbox 1473 940 1794 1012; x_wconf 76' lang='lat' dir='ltr'>complevit.</span> <span class='ocrx_word' id='word_1_77' title='bbox 1827 931 1850 1015; x_wconf 58' lang='lat' dir='ltr'>fi</span> <span class='ocrx_word' id='word_1_78' title='bbox 1897 937 2215 1009; x_wconf 89' lang='lat' dir='ltr'>episc0pus,</span> <span class='ocrx_word' id='word_1_79' title='bbox 2238 937 2497 994; x_wconf 90' lang='lat' dir='ltr'>similiter</span> <span class='ocrx_word' id='word_1_80' title='bbox 2535 939 2660 995; x_wconf 87' lang='lat' dir='ltr'>sub.</span> <span class='ocrx_word' id='word_1_81' title='bbox 2700 940 2990 1013; x_wconf 85' lang='lat' dir='ltr'>Argibado</span> <span class='ocrx_word' id='word_1_82' title='bbox 3019 941 3382 999; x_wconf 87' lang='lat' dir='ltr'>Eliberitana</span> <span class='ocrx_word' id='word_1_83' title='bbox 3413 945 3536 1017; x_wconf 90' lang='lat' dir='ltr'>epi-</span> 
     </span>
    </p>
   </div>
   <div class='ocr_carea' id='block_1_8' title="bbox 162 1033 1797 1104">
    <p class='ocr_par' dir='ltr' id='par_1_8' title="bbox 162 1033 1797 1104">
     <span class='ocr_line' id='line_1_8' title="bbox 162 1033 1797 1104; baseline 0.001 -16"><span class='ocrx_word' id='word_1_84' title='bbox 162 1033 313 1089; x_wconf 76' lang='lat' dir='ltr'>Unde</span> <span class='ocrx_word' id='word_1_85' title='bbox 339 1037 547 1088; x_wconf 84' lang='lat' dir='ltr'>sancta</span> <span class='ocrx_word' id='word_1_86' title='bbox 572 1033 860 1090; x_wconf 87' lang='lat' dir='ltr'>Trinitatis</span> <span class='ocrx_word' id='word_1_87' title='bbox 879 1033 1164 1104; x_wconf 90' lang='lat' dir='ltr'>poscimus</span> <span class='ocrx_word' id='word_1_88' title='bbox 1185 1033 1560 1090; x_wconf 87' lang='lat' dir='ltr'>inenarrabile</span> <span class='ocrx_word' id='word_1_89' title='bbox 1582 1050 1797 1090; x_wconf 91' lang='lat' dir='ltr'>nomen</span> 
     </span>
    </p>
   </div>
   <div class='ocr_carea' id='block_1_9' title="bbox 163 1126 1798 1199">
    <p class='ocr_par' dir='ltr' id='par_1_9' title="bbox 163 1126 1798 1199">
     <span class='ocr_line' id='line_1_9' title="bbox 163 1126 1798 1199; baseline -0.001 -15"><span class='ocrx_word' id='word_1_90' title='bbox 163 1130 216 1184; x_wconf 86' lang='lat' dir='ltr'>et</span> <span class='ocrx_word' id='word_1_91' title='bbox 241 1127 553 1198; x_wconf 84' lang='lat' dir='ltr'>gloriosam</span> <span class='ocrx_word' id='word_1_92' title='bbox 581 1126 884 1182; x_wconf 80' lang='lat' dir='ltr'>ineﬂ&#39;abilis</span> <span class='ocrx_word' id='word_1_93' title='bbox 914 1127 1183 1198; x_wconf 88' lang='lat' dir='ltr'>potentia</span> <span class='ocrx_word' id='word_1_94' title='bbox 1212 1128 1594 1199; x_wconf 88' lang='lat' dir='ltr'>majestatem,</span> <span class='ocrx_word' id='word_1_95' title='bbox 1619 1131 1682 1183; x_wconf 90' lang='lat' dir='ltr'>ut</span> <span class='ocrx_word' id='word_1_96' title='bbox 1701 1129 1798 1184; x_wconf 91' lang='lat' dir='ltr'>det</span> 
     </span>
    </p>
   </div>
   <div class='ocr_carea' id='block_1_10' title="bbox 160 1219 1797 1293">
    <p class='ocr_par' dir='ltr' id='par_1_10' title="bbox 160 1219 1797 1293">
     <span class='ocr_line' id='line_1_10' title="bbox 160 1219 1797 1293; baseline 0.001 -19"><span class='ocrx_word' id='word_1_97' title='bbox 160 1220 394 1276; x_wconf 83' lang='lat' dir='ltr'>amatori</span> <span class='ocrx_word' id='word_1_98' title='bbox 441 1219 651 1276; x_wconf 87' lang='lat' dir='ltr'>Christi</span> <span class='ocrx_word' id='word_1_99' title='bbox 699 1219 1062 1276; x_wconf 90' lang='lat' dir='ltr'>serenissimo</span> <span class='ocrx_word' id='word_1_100' title='bbox 1094 1221 1331 1276; x_wconf 89' lang='lat' dir='ltr'>Domino</span> <span class='ocrx_word' id='word_1_101' title='bbox 1381 1225 1578 1276; x_wconf 85' lang='lat' dir='ltr'>nostro</span> <span class='ocrx_word' id='word_1_102' title='bbox 1623 1224 1797 1293; x_wconf 89' lang='lat' dir='ltr'>atque</span> 
     </span>
    </p>
   </div>
   <div class='ocr_carea' id='block_1_11' title="bbox 161 1313 1797 1386">
    <p class='ocr_par' dir='ltr' id='par_1_11' title="bbox 161 1313 1797 1386">
     <span class='ocr_line' id='line_1_11' title="bbox 161 1313 1797 1386; baseline 0.002 -18"><span class='ocrx_word' id='word_1_103' title='bbox 161 1313 553 1370; x_wconf 87' lang='lat' dir='ltr'>amantissimo</span> <span class='ocrx_word' id='word_1_104' title='bbox 582 1313 813 1386; x_wconf 83' lang='lat' dir='ltr'>Eringio</span> <span class='ocrx_word' id='word_1_105' title='bbox 842 1313 1106 1386; x_wconf 88' lang='lat' dir='ltr'>principi,</span> <span class='ocrx_word' id='word_1_106' title='bbox 1149 1315 1311 1386; x_wconf 88' lang='lat' dir='ltr'>cujus</span> <span class='ocrx_word' id='word_1_107' title='bbox 1332 1315 1495 1386; x_wconf 89' lang='lat' dir='ltr'>jussu</span> <span class='ocrx_word' id='word_1_108' title='bbox 1523 1314 1597 1371; x_wconf 91' lang='lat' dir='ltr'>ad</span> <span class='ocrx_word' id='word_1_109' title='bbox 1641 1315 1797 1371; x_wconf 91' lang='lat' dir='ltr'>hunc</span> 
     </span>
    </p>
   </div>
   <div class='ocr_carea' id='block_1_12' title="bbox 157 1407 1792 1480">
    <p class='ocr_par' dir='ltr' id='par_1_12' title="bbox 157 1407 1792 1480">
     <span class='ocr_line' id='line_1_12' title="bbox 157 1407 1792 1480; baseline 0.001 -18"><span class='ocrx_word' id='word_1_110' title='bbox 157 1407 473 1463; x_wconf 91' lang='lat' dir='ltr'>meruimus</span> <span class='ocrx_word' id='word_1_111' title='bbox 503 1408 770 1464; x_wconf 88' lang='lat' dir='ltr'>advocari</span> <span class='ocrx_word' id='word_1_112' title='bbox 799 1407 1131 1476; x_wconf 87' lang='lat' dir='ltr'>adventum,</span> <span class='ocrx_word' id='word_1_113' title='bbox 1155 1407 1444 1480; x_wconf 88' lang='lat' dir='ltr'>imperare</span> <span class='ocrx_word' id='word_1_114' title='bbox 1466 1409 1792 1480; x_wconf 90' lang='lat' dir='ltr'>clementer,</span> 
     </span>
    </p>
   </div>
   <div class='ocr_carea' id='block_1_13' title="bbox 157 1502 1792 1575">
    <p class='ocr_par' dir='ltr' id='par_1_13' title="bbox 157 1502 1792 1575">
     <span class='ocr_line' id='line_1_13' title="bbox 157 1502 1792 1575; baseline 0.002 -19"><span class='ocrx_word' id='word_1_115' title='bbox 157 1519 398 1574; x_wconf 88' lang='lat' dir='ltr'>regnare</span> <span class='ocrx_word' id='word_1_116' title='bbox 458 1502 725 1572; x_wconf 84' lang='lat' dir='ltr'>feliciter,</span> <span class='ocrx_word' id='word_1_117' title='bbox 783 1502 998 1558; x_wconf 89' lang='lat' dir='ltr'>habere</span> <span class='ocrx_word' id='word_1_118' title='bbox 1055 1503 1126 1558; x_wconf 90' lang='lat' dir='ltr'>de</span> <span class='ocrx_word' id='word_1_119' title='bbox 1173 1503 1476 1558; x_wconf 88' lang='lat' dir='ltr'>clementia</span> <span class='ocrx_word' id='word_1_120' title='bbox 1522 1504 1792 1575; x_wconf 88' lang='lat' dir='ltr'>fructum,</span> 
     </span>
    </p>
   </div>
   <div class='ocr_carea' id='block_1_14' title="bbox 159 1595 1792 1670">
    <p class='ocr_par' dir='ltr' id='par_1_14' title="bbox 159 1595 1792 1670">
     <span class='ocr_line' id='line_1_14' title="bbox 159 1595 1792 1670; baseline 0 -18"><span class='ocrx_word' id='word_1_121' title='bbox 159 1595 412 1652; x_wconf 86' lang='lat' dir='ltr'>obtinere</span> <span class='ocrx_word' id='word_1_122' title='bbox 433 1596 534 1653; x_wconf 89' lang='lat' dir='ltr'>Dei</span> <span class='ocrx_word' id='word_1_123' title='bbox 555 1595 778 1668; x_wconf 87' lang='lat' dir='ltr'>justitia</span> <span class='ocrx_word' id='word_1_124' title='bbox 802 1596 1128 1668; x_wconf 87' lang='lat' dir='ltr'>pramium,</span> <span class='ocrx_word' id='word_1_125' title='bbox 1159 1597 1228 1653; x_wconf 91' lang='lat' dir='ltr'>de</span> <span class='ocrx_word' id='word_1_126' title='bbox 1253 1597 1462 1669; x_wconf 87' lang='lat' dir='ltr'>pietate</span> <span class='ocrx_word' id='word_1_127' title='bbox 1490 1600 1792 1670; x_wconf 86' lang='lat' dir='ltr'>tropaum,</span> 
     </span>
    </p>
   </div>
   <div class='ocr_carea' id='block_1_15' title="bbox 157 1689 1797 1763">
    <p class='ocr_par' dir='ltr' id='par_1_15' title="bbox 157 1689 1797 1763">
     <span class='ocr_line' id='line_1_15' title="bbox 157 1689 1797 1763; baseline 0.001 -18"><span class='ocrx_word' id='word_1_128' title='bbox 157 1707 264 1762; x_wconf 91' lang='lat' dir='ltr'>quo</span> <span class='ocrx_word' id='word_1_129' title='bbox 287 1695 344 1745; x_wconf 90' lang='lat' dir='ltr'>et</span> <span class='ocrx_word' id='word_1_130' title='bbox 369 1691 466 1745; x_wconf 92' lang='lat' dir='ltr'>hic</span> <span class='ocrx_word' id='word_1_131' title='bbox 496 1689 741 1745; x_wconf 90' lang='lat' dir='ltr'>invictus</span> <span class='ocrx_word' id='word_1_132' title='bbox 769 1689 948 1746; x_wconf 89' lang='lat' dir='ltr'>victor</span> <span class='ocrx_word' id='word_1_133' title='bbox 974 1691 1231 1746; x_wconf 88' lang='lat' dir='ltr'>hostium</span> <span class='ocrx_word' id='word_1_134' title='bbox 1267 1707 1498 1761; x_wconf 89' lang='lat' dir='ltr'>semper</span> <span class='ocrx_word' id='word_1_135' title='bbox 1527 1695 1797 1763; x_wconf 86' lang='lat' dir='ltr'>appareat</span> 
     </span>
    </p>
   </div>
   <div class='ocr_carea' id='block_1_16' title="bbox 159 1783 1794 1857">
    <p class='ocr_par' dir='ltr' id='par_1_16' title="bbox 159 1783 1794 1857">
     <span class='ocr_line' id='line_1_16' title="bbox 159 1783 1794 1857; baseline 0 -17"><span class='ocrx_word' id='word_1_136' title='bbox 159 1788 212 1840; x_wconf 88' lang='lat' dir='ltr'>et</span> <span class='ocrx_word' id='word_1_137' title='bbox 237 1787 369 1855; x_wconf 89' lang='lat' dir='ltr'>post</span> <span class='ocrx_word' id='word_1_138' title='bbox 406 1783 682 1840; x_wconf 88' lang='lat' dir='ltr'>diuturna</span> <span class='ocrx_word' id='word_1_139' title='bbox 722 1784 892 1855; x_wconf 91' lang='lat' dir='ltr'>hujus</span> <span class='ocrx_word' id='word_1_140' title='bbox 919 1783 1111 1839; x_wconf 90' lang='lat' dir='ltr'>saculi</span> <span class='ocrx_word' id='word_1_141' title='bbox 1139 1783 1423 1839; x_wconf 91' lang='lat' dir='ltr'>curricula</span> <span class='ocrx_word' id='word_1_142' title='bbox 1451 1785 1521 1840; x_wconf 92' lang='lat' dir='ltr'>ad</span> <span class='ocrx_word' id='word_1_143' title='bbox 1553 1801 1794 1857; x_wconf 81' lang='lat' dir='ltr'>regnum</span> 
     </span>
    </p>
   </div>
   <div class='ocr_carea' id='block_1_17' title="bbox 1897 1032 3536 1104">
    <p class='ocr_par' dir='ltr' id='par_1_17' title="bbox 1897 1032 3536 1104">
     <span class='ocr_line' id='line_1_17' title="bbox 1897 1032 3536 1104; baseline 0.005 -18"><span class='ocrx_word' id='word_1_144' title='bbox 1897 1047 2101 1104; x_wconf 91' lang='lat' dir='ltr'>scopus</span> <span class='ocrx_word' id='word_1_145' title='bbox 2155 1032 2428 1102; x_wconf 90' lang='lat' dir='ltr'>ecclesia,</span> <span class='ocrx_word' id='word_1_146' title='bbox 2491 1033 2753 1090; x_wconf 89' lang='lat' dir='ltr'>similiter</span> <span class='ocrx_word' id='word_1_147' title='bbox 2800 1035 2926 1090; x_wconf 90' lang='lat' dir='ltr'>sub.</span> <span class='ocrx_word' id='word_1_148' title='bbox 2989 1035 3253 1092; x_wconf 88' lang='lat' dir='ltr'>Sisebado</span> <span class='ocrx_word' id='word_1_149' title='bbox 3319 1038 3536 1095; x_wconf 90' lang='lat' dir='ltr'>Ducita</span> 
     </span>
    </p>
   </div>
   <div class='ocr_carea' id='block_1_18' title="bbox 1898 1125 3531 1203">
    <p class='ocr_par' dir='ltr' id='par_1_18' title="bbox 1898 1125 3531 1203">
     <span class='ocr_line' id='line_1_18' title="bbox 1898 1125 3531 1203; baseline 0.005 -23"><span class='ocrx_word' id='word_1_150' title='bbox 1898 1125 2149 1181; x_wconf 89' lang='lat' dir='ltr'>ecclesia</span> <span class='ocrx_word' id='word_1_151' title='bbox 2179 1127 2325 1182; x_wconf 85' lang='lat' dir='ltr'>sedis</span> <span class='ocrx_word' id='word_1_152' title='bbox 2351 1125 2669 1199; x_wconf 80' lang='lat' dir='ltr'>episCOpus,</span> <span class='ocrx_word' id='word_1_153' title='bbox 2686 1128 2810 1184; x_wconf 88' lang='lat' dir='ltr'>sub.</span> <span class='ocrx_word' id='word_1_154' title='bbox 2828 1128 3286 1201; x_wconf 89' lang='lat' dir='ltr'>Ellasegotiensis</span> <span class='ocrx_word' id='word_1_155' title='bbox 3313 1131 3531 1203; x_wconf 91' lang='lat' dir='ltr'>episco-</span> 
     </span>
    </p>
   </div>
   <div class='ocr_carea' id='block_1_19' title="bbox 1894 1219 3533 1298">
    <p class='ocr_par' dir='ltr' id='par_1_19' title="bbox 1894 1219 3533 1298">
     <span class='ocr_line' id='line_1_19' title="bbox 1894 1219 3533 1298; baseline 0.005 -24"><span class='ocrx_word' id='word_1_156' title='bbox 1894 1236 2025 1292; x_wconf 89' lang='lat' dir='ltr'>pus,</span> <span class='ocrx_word' id='word_1_157' title='bbox 2055 1219 2322 1276; x_wconf 87' lang='lat' dir='ltr'>similiter</span> <span class='ocrx_word' id='word_1_158' title='bbox 2361 1220 2486 1276; x_wconf 92' lang='lat' dir='ltr'>sub.</span> <span class='ocrx_word' id='word_1_159' title='bbox 2517 1221 2859 1278; x_wconf 84' lang='lat' dir='ltr'>Sebarianus</span> <span class='ocrx_word' id='word_1_160' title='bbox 2897 1222 3188 1278; x_wconf 82' lang='lat' dir='ltr'>Noxiensis</span> <span class='ocrx_word' id='word_1_161' title='bbox 3217 1225 3533 1298; x_wconf 90' lang='lat' dir='ltr'>episcopus,</span> 
     </span>
    </p>
   </div>
   <div class='ocr_carea' id='block_1_20' title="bbox 1895 1312 3538 1389">
    <p class='ocr_par' dir='ltr' id='par_1_20' title="bbox 1895 1312 3538 1389">
     <span class='ocr_line' id='line_1_20' title="bbox 1895 1312 3538 1389; baseline 0.004 -21"><span class='ocrx_word' id='word_1_162' title='bbox 1895 1312 2157 1369; x_wconf 89' lang='lat' dir='ltr'>similiter</span> <span class='ocrx_word' id='word_1_163' title='bbox 2182 1313 2307 1370; x_wconf 88' lang='lat' dir='ltr'>sub.</span> <span class='ocrx_word' id='word_1_164' title='bbox 2334 1314 2582 1370; x_wconf 83' lang='lat' dir='ltr'>Joannes</span> <span class='ocrx_word' id='word_1_165' title='bbox 2620 1316 2883 1371; x_wconf 88' lang='lat' dir='ltr'>Pacensis</span> <span class='ocrx_word' id='word_1_166' title='bbox 2928 1316 3247 1389; x_wconf 87' lang='lat' dir='ltr'>episcopus,</span> <span class='ocrx_word' id='word_1_167' title='bbox 3277 1318 3538 1376; x_wconf 87' lang='lat' dir='ltr'>similiter</span> 
     </span>
    </p>
   </div>
   <div class='ocr_carea' id='block_1_21' title="bbox 1895 1407 3528 1482">
    <p class='ocr_par' dir='ltr' id='par_1_21' title="bbox 1895 1407 3528 1482">
     <span class='ocr_line' id='line_1_21' title="bbox 1895 1407 3528 1482; baseline 0.004 -21"><span class='ocrx_word' id='word_1_168' title='bbox 1895 1407 2020 1462; x_wconf 88' lang='lat' dir='ltr'>sub.</span> <span class='ocrx_word' id='word_1_169' title='bbox 2047 1407 2413 1480; x_wconf 91' lang='lat' dir='ltr'>Teudulphus</span> <span class='ocrx_word' id='word_1_170' title='bbox 2441 1409 2776 1481; x_wconf 83' lang='lat' dir='ltr'>Astigitana</span> <span class='ocrx_word' id='word_1_171' title='bbox 2801 1409 3104 1482; x_wconf 90' lang='lat' dir='ltr'>episcopus</span> <span class='ocrx_word' id='word_1_172' title='bbox 3131 1412 3257 1467; x_wconf 88' lang='lat' dir='ltr'>sub.</span> <span class='ocrx_word' id='word_1_173' title='bbox 3277 1412 3528 1482; x_wconf 88' lang='lat' dir='ltr'>Samuel,</span> 
     </span>
    </p>
   </div>
   <div class='ocr_carea' id='block_1_22' title="bbox 1895 1500 3535 1574">
    <p class='ocr_par' dir='ltr' id='par_1_22' title="bbox 1895 1500 3535 1574">
     <span class='ocr_line' id='line_1_22' title="bbox 1895 1500 3535 1574; baseline 0.004 -18"><span class='ocrx_word' id='word_1_174' title='bbox 1895 1500 2294 1574; x_wconf 88' lang='lat' dir='ltr'>Gundulphus,</span> <span class='ocrx_word' id='word_1_175' title='bbox 2358 1501 2728 1574; x_wconf 89' lang='lat' dir='ltr'>Euphrasius,</span> <span class='ocrx_word' id='word_1_176' title='bbox 2791 1503 3154 1572; x_wconf 88' lang='lat' dir='ltr'>Terdoratus,</span> <span class='ocrx_word' id='word_1_177' title='bbox 3224 1506 3535 1562; x_wconf 87' lang='lat' dir='ltr'>Bateradus</span> 
     </span>
    </p>
   </div>
   <div class='ocr_carea' id='block_1_23' title="bbox 1893 1594 3537 1670">
    <p class='ocr_par' dir='ltr' id='par_1_23' title="bbox 1893 1594 3537 1670">
     <span class='ocr_line' id='line_1_23' title="bbox 1893 1594 3537 1670; baseline 0.004 -21"><span class='ocrx_word' id='word_1_178' title='bbox 1893 1594 2064 1650; x_wconf 89' lang='lat' dir='ltr'>abbas</span> <span class='ocrx_word' id='word_1_179' title='bbox 2094 1595 2570 1668; x_wconf 88' lang='lat' dir='ltr'>subscripserunt.</span> <span class='ocrx_word' id='word_1_180' title='bbox 2601 1595 2961 1652; x_wconf 87' lang='lat' dir='ltr'>Annibonius</span> <span class='ocrx_word' id='word_1_181' title='bbox 3001 1597 3294 1670; x_wconf 85' lang='lat' dir='ltr'>presbyter</span> <span class='ocrx_word' id='word_1_182' title='bbox 3334 1603 3537 1656; x_wconf 86' lang='lat' dir='ltr'>tenens</span> 
     </span>
    </p>
   </div>
   <div class='ocr_carea' id='block_1_24' title="bbox 1895 1688 3536 1765">
    <p class='ocr_par' dir='ltr' id='par_1_24' title="bbox 1895 1688 3536 1765">
     <span class='ocr_line' id='line_1_24' title="bbox 1895 1688 3536 1765; baseline 0.003 -21"><span class='ocrx_word' id='word_1_183' title='bbox 1895 1688 2074 1744; x_wconf 82' lang='lat' dir='ltr'>vicem</span> <span class='ocrx_word' id='word_1_184' title='bbox 2125 1689 2344 1745; x_wconf 89' lang='lat' dir='ltr'>domini</span> <span class='ocrx_word' id='word_1_185' title='bbox 2393 1689 2572 1745; x_wconf 87' lang='lat' dir='ltr'>nostri</span> <span class='ocrx_word' id='word_1_186' title='bbox 2618 1690 2954 1746; x_wconf 90' lang='lat' dir='ltr'>Subdemeri</span> <span class='ocrx_word' id='word_1_187' title='bbox 2983 1691 3231 1747; x_wconf 88' lang='lat' dir='ltr'>ecclesia</span> <span class='ocrx_word' id='word_1_188' title='bbox 3266 1695 3536 1765; x_wconf 89' lang='lat' dir='ltr'>Complu-</span> 
     </span>
    </p>
   </div>
   <div class='ocr_carea' id='block_1_25' title="bbox 1895 1783 3540 1860">
    <p class='ocr_par' dir='ltr' id='par_1_25' title="bbox 1895 1783 3540 1860">
     <span class='ocr_line' id='line_1_25' title="bbox 1895 1783 3540 1860; baseline 0.004 -22"><span class='ocrx_word' id='word_1_189' title='bbox 1895 1783 2072 1838; x_wconf 88' lang='lat' dir='ltr'>tensis</span> <span class='ocrx_word' id='word_1_190' title='bbox 2100 1784 2348 1856; x_wconf 83' lang='lat' dir='ltr'>episcopi</span> <span class='ocrx_word' id='word_1_191' title='bbox 2391 1783 2516 1839; x_wconf 88' lang='lat' dir='ltr'>sub.</span> <span class='ocrx_word' id='word_1_192' title='bbox 2548 1783 2857 1856; x_wconf 90' lang='lat' dir='ltr'>Sesulphus</span> <span class='ocrx_word' id='word_1_193' title='bbox 2892 1784 3017 1840; x_wconf 86' lang='lat' dir='ltr'>hac</span> <span class='ocrx_word' id='word_1_194' title='bbox 3045 1784 3301 1843; x_wconf 89' lang='lat' dir='ltr'>instituta</span> <span class='ocrx_word' id='word_1_195' title='bbox 3332 1787 3540 1860; x_wconf 88' lang='lat' dir='ltr'>quibus</span> 
     </span>
    </p>
   </div>
   <div class='ocr_carea' id='block_1_26' title="bbox 158 1855 3538 1950">
    <p class='ocr_par' dir='ltr' id='par_1_26' title="bbox 158 1855 3538 1950">
     <span class='ocr_line' id='line_1_26' title="bbox 158 1855 3538 1950; baseline 0.001 -18"><span class='ocrx_word' id='word_1_196' title='bbox 158 1883 435 1932; x_wconf 85' lang='lat' dir='ltr'>aternum</span> <span class='ocrx_word' id='word_1_197' title='bbox 479 1894 608 1933; x_wconf 91' lang='lat' dir='ltr'>cum</span> <span class='ocrx_word' id='word_1_198' title='bbox 637 1876 754 1932; x_wconf 87' lang='lat' dir='ltr'>suis</span> <span class='ocrx_word' id='word_1_199' title='bbox 780 1877 1045 1932; x_wconf 90' lang='lat' dir='ltr'>omnibus</span> <span class='ocrx_word' id='word_1_200' title='bbox 1080 1879 1442 1934; x_wconf 90' lang='lat' dir='ltr'>coronandus</span> <span class='ocrx_word' id='word_1_201' title='bbox 1479 1879 1792 1950; x_wconf 87' lang='lat' dir='ltr'>perveniat,</span> <span class='ocrx_word' id='word_1_202' title='bbox 1817 1855 1872 1928; x_wconf 83' lang='grc' dir='ltr'><strong>Β</strong></span> <span class='ocrx_word' id='word_1_203' title='bbox 1897 1876 2129 1932; x_wconf 87' lang='lat' dir='ltr'>interfui</span> <span class='ocrx_word' id='word_1_204' title='bbox 2180 1894 2441 1934; x_wconf 87' lang='lat' dir='ltr'>annuens</span> <span class='ocrx_word' id='word_1_205' title='bbox 2484 1878 2609 1934; x_wconf 92' lang='lat' dir='ltr'>sub.</span> <span class='ocrx_word' id='word_1_206' title='bbox 2659 1878 3011 1934; x_wconf 83' lang='lat' dir='ltr'>Raccaredus</span> <span class='ocrx_word' id='word_1_207' title='bbox 3039 1921 3056 1948; x_wconf 93' lang='lat'>,</span> <span class='ocrx_word' id='word_1_208' title='bbox 3105 1878 3365 1936; x_wconf 90' lang='lat' dir='ltr'>similiter</span> <span class='ocrx_word' id='word_1_209' title='bbox 3409 1882 3538 1938; x_wconf 91' lang='lat' dir='ltr'>sub.</span> 
     </span>
    </p>
   </div>
   <div class='ocr_carea' id='block_1_27' title="bbox 158 1971 1795 2044">
    <p class='ocr_par' dir='ltr' id='par_1_27' title="bbox 158 1971 1795 2044">
     <span class='ocr_line' id='line_1_27' title="bbox 158 1971 1795 2044; baseline 0.001 -18"><span class='ocrx_word' id='word_1_210' title='bbox 158 1974 464 2043; x_wconf 82' lang='lat' dir='ltr'>prastante</span> <span class='ocrx_word' id='word_1_211' title='bbox 484 1972 599 2027; x_wconf 92' lang='lat' dir='ltr'>Deo</span> <span class='ocrx_word' id='word_1_212' title='bbox 627 1973 686 2026; x_wconf 92' lang='lat' dir='ltr'>et</span> <span class='ocrx_word' id='word_1_213' title='bbox 710 1971 996 2027; x_wconf 89' lang='lat' dir='ltr'>Salvatore</span> <span class='ocrx_word' id='word_1_214' title='bbox 1022 1974 1156 2027; x_wconf 75' lang='lat' dir='ltr'>Iesu</span> <span class='ocrx_word' id='word_1_215' title='bbox 1179 1971 1397 2027; x_wconf 88' lang='lat' dir='ltr'>Christo</span> <span class='ocrx_word' id='word_1_216' title='bbox 1418 1971 1674 2043; x_wconf 81' lang='lat' dir='ltr'>Domino,</span> <span class='ocrx_word' id='word_1_217' title='bbox 1697 1973 1795 2044; x_wconf 88' lang='lat' dir='ltr'>qui</span> 
     </span>
    </p>
   </div>
   <div class='ocr_carea' id='block_1_28' title="bbox 159 2064 1820 2136">
    <p class='ocr_par' dir='ltr' id='par_1_28' title="bbox 159 2064 1820 2136">
     <span class='ocr_line' id='line_1_28' title="bbox 159 2064 1820 2136; baseline 0.001 -15"><span class='ocrx_word' id='word_1_218' title='bbox 159 2081 283 2122; x_wconf 91' lang='lat' dir='ltr'>cum</span> <span class='ocrx_word' id='word_1_219' title='bbox 315 2067 488 2120; x_wconf 87' lang='lat' dir='ltr'>Patre</span> <span class='ocrx_word' id='word_1_220' title='bbox 543 2069 600 2120; x_wconf 91' lang='lat' dir='ltr'>et</span> <span class='ocrx_word' id='word_1_221' title='bbox 641 2064 857 2136; x_wconf 84' lang='lat' dir='ltr'>Spiritu</span> <span class='ocrx_word' id='word_1_222' title='bbox 902 2067 1095 2121; x_wconf 88' lang='lat' dir='ltr'>sancto</span> <span class='ocrx_word' id='word_1_223' title='bbox 1144 2064 1204 2120; x_wconf 93' lang='lat' dir='ltr'>in</span> <span class='ocrx_word' id='word_1_224' title='bbox 1248 2064 1520 2122; x_wconf 89' lang='lat' dir='ltr'>Trinitate</span> <span class='ocrx_word' id='word_1_225' title='bbox 1565 2066 1701 2122; x_wconf 87' lang='lat' dir='ltr'>vivit</span> <span class='ocrx_word' id='word_1_226' title='bbox 1740 2072 1820 2124; x_wconf 64' lang='lat' dir='ltr'>et“</span> 
     </span>
    </p>
   </div>
   <div class='ocr_carea' id='block_1_29' title="bbox 156 2158 1477 2230">
    <p class='ocr_par' dir='ltr' id='par_1_29' title="bbox 156 2158 1477 2230">
     <span class='ocr_line' id='line_1_29' title="bbox 156 2158 1477 2230; baseline 0.001 -16"><span class='ocrx_word' id='word_1_227' title='bbox 156 2165 358 2230; x_wconf 85' lang='lat' dir='ltr'>regnat</span> <span class='ocrx_word' id='word_1_228' title='bbox 380 2161 527 2214; x_wconf 90' lang='lat' dir='ltr'>Deus</span> <span class='ocrx_word' id='word_1_229' title='bbox 552 2158 612 2214; x_wconf 90' lang='lat' dir='ltr'>in</span> <span class='ocrx_word' id='word_1_230' title='bbox 641 2159 846 2214; x_wconf 88' lang='lat' dir='ltr'>sacula</span> <span class='ocrx_word' id='word_1_231' title='bbox 874 2159 1236 2215; x_wconf 89' lang='lat' dir='ltr'>saculorum.</span> <span class='ocrx_word' id='word_1_232' title='bbox 1271 2162 1477 2215; x_wconf 83' lang='lat' dir='ltr'>Amen.</span> 
     </span>
    </p>
   </div>
   <div class='ocr_carea' id='block_1_30' title="bbox 223 2252 1791 2322">
    <p class='ocr_par' dir='ltr' id='par_1_30' title="bbox 223 2252 1791 2322">
     <span class='ocr_line' id='line_1_30' title="bbox 223 2252 1791 2322; baseline 0.001 -13"><span class='ocrx_word' id='word_1_233' title='bbox 223 2252 637 2309; x_wconf 85' lang='lat' dir='ltr'>Conﬁrmatum</span> <span class='ocrx_word' id='word_1_234' title='bbox 665 2256 750 2308; x_wconf 91' lang='lat' dir='ltr'>est</span> <span class='ocrx_word' id='word_1_235' title='bbox 779 2253 886 2307; x_wconf 91' lang='lat' dir='ltr'>hoc</span> <span class='ocrx_word' id='word_1_236' title='bbox 913 2255 1173 2308; x_wconf 88' lang='lat' dir='ltr'>sanctum</span> <span class='ocrx_word' id='word_1_237' title='bbox 1217 2253 1542 2322; x_wconf 90' lang='lat' dir='ltr'>concilium,</span> <span class='ocrx_word' id='word_1_238' title='bbox 1577 2253 1670 2310; x_wconf 91' lang='lat' dir='ltr'>die</span> <span class='ocrx_word' id='word_1_239' title='bbox 1695 2270 1791 2310; x_wconf 87' lang='lat' dir='ltr'>oc-</span> 
     </span>
    </p>
   </div>
   <div class='ocr_carea' id='block_1_31' title="bbox 157 2346 1797 2420">
    <p class='ocr_par' dir='ltr' id='par_1_31' title="bbox 157 2346 1797 2420">
     <span class='ocr_line' id='line_1_31' title="bbox 157 2346 1797 2420; baseline 0 -18"><span class='ocrx_word' id='word_1_240' title='bbox 157 2350 276 2402; x_wconf 84' lang='lat' dir='ltr'>tava</span> <span class='ocrx_word' id='word_1_241' title='bbox 304 2346 692 2402; x_wconf 84' lang='lat' dir='ltr'>Kalendarum</span> <span class='ocrx_word' id='word_1_242' title='bbox 722 2346 1164 2402; x_wconf 87' lang='lat' dir='ltr'>Februariarum</span> <span class='ocrx_word' id='word_1_243' title='bbox 1209 2364 1360 2403; x_wconf 91' lang='lat' dir='ltr'>anno</span> <span class='ocrx_word' id='word_1_244' title='bbox 1401 2347 1642 2404; x_wconf 86' lang='lat' dir='ltr'>feliciter</span> <span class='ocrx_word' id='word_1_245' title='bbox 1683 2348 1797 2420; x_wconf 90' lang='lat' dir='ltr'>pri-</span> 
     </span>
    </p>
   </div>
   <div class='ocr_carea' id='block_1_32' title="bbox 156 2439 1795 2514">
    <p class='ocr_par' dir='ltr' id='par_1_32' title="bbox 156 2439 1795 2514">
     <span class='ocr_line' id='line_1_32' title="bbox 156 2439 1795 2514; baseline 0.001 -18"><span class='ocrx_word' id='word_1_246' title='bbox 156 2457 246 2496; x_wconf 89' lang='lat' dir='ltr'>mo</span> <span class='ocrx_word' id='word_1_247' title='bbox 291 2439 655 2498; x_wconf 88' lang='lat' dir='ltr'>serenissimi</span> <span class='ocrx_word' id='word_1_248' title='bbox 704 2440 919 2496; x_wconf 90' lang='lat' dir='ltr'>domini</span> <span class='ocrx_word' id='word_1_249' title='bbox 974 2441 1153 2496; x_wconf 89' lang='lat' dir='ltr'>nostri</span> <span class='ocrx_word' id='word_1_250' title='bbox 1194 2440 1408 2514; x_wconf 88' lang='lat' dir='ltr'>Eringii</span> <span class='ocrx_word' id='word_1_251' title='bbox 1452 2441 1631 2513; x_wconf 89' lang='lat' dir='ltr'>regis,</span> <span class='ocrx_word' id='word_1_252' title='bbox 1679 2459 1795 2498; x_wconf 88' lang='lat' dir='ltr'>ara</span> 
     </span>
    </p>
   </div>
   <div class='ocr_carea' id='block_1_33' title="bbox 157 2550 409 2592">
    <p class='ocr_par' dir='ltr' id='par_1_33' title="bbox 157 2550 409 2592">
     <span class='ocr_line' id='line_1_33' title="bbox 157 2550 409 2592; baseline -0.008 0"><span class='ocrx_word' id='word_1_253' title='bbox 157 2550 341 2592; x_wconf 75' lang='lat' dir='ltr'>DCCXVI</span> <span class='ocrx_word' id='word_1_254' title='bbox 349 2552 409 2592; x_wconf 88' lang='lat' dir='ltr'>Il.</span> 
     </span>
    </p>
   </div>
   <div class='ocr_carea' id='block_1_34' title="bbox 609 2607 1337 2677">
    <p class='ocr_par' dir='ltr' id='par_1_34' title="bbox 609 2607 1337 2677">
     <span class='ocr_line' id='line_1_34' title="bbox 609 2607 1337 2677; baseline -0.003 -15"><span class='ocrx_word' id='word_1_255' title='bbox 609 2607 923 2677; x_wconf 80' lang='lat' dir='ltr'>Subsc-ripto</span> <span class='ocrx_word' id='word_1_256' title='bbox 950 2608 1337 2676; x_wconf 82' lang='lat' dir='ltr'>episcoporum.</span> 
     </span>
    </p>
   </div>
   <div class='ocr_carea' id='block_1_35' title="bbox 217 2721 1793 2794">
    <p class='ocr_par' dir='ltr' id='par_1_35' title="bbox 217 2721 1793 2794">
     <span class='ocr_line' id='line_1_35' title="bbox 217 2721 1793 2794; baseline -0.001 -16"><span class='ocrx_word' id='word_1_257' title='bbox 217 2723 477 2778; x_wconf 79' lang='lat' dir='ltr'>Julianus</span> <span class='ocrx_word' id='word_1_258' title='bbox 522 2722 626 2777; x_wconf 91' lang='lat' dir='ltr'>Dei</span> <span class='ocrx_word' id='word_1_259' title='bbox 666 2721 850 2794; x_wconf 85' lang='lat' dir='ltr'>gratia</span> <span class='ocrx_word' id='word_1_260' title='bbox 877 2721 1160 2794; x_wconf 88' lang='lat' dir='ltr'>Spalensis</span> <span class='ocrx_word' id='word_1_261' title='bbox 1191 2721 1443 2778; x_wconf 87' lang='lat' dir='ltr'>ecclesiae</span> <span class='ocrx_word' id='word_1_262' title='bbox 1473 2722 1622 2778; x_wconf 90' lang='lat' dir='ltr'>sedis</span> <span class='ocrx_word' id='word_1_263' title='bbox 1671 2723 1793 2794; x_wconf 88' lang='lat' dir='ltr'>epi-</span> 
     </span>
    </p>
   </div>
   <div class='ocr_carea' id='block_1_36' title="bbox 154 2815 1792 2889">
    <p class='ocr_par' dir='ltr' id='par_1_36' title="bbox 154 2815 1792 2889">
     <span class='ocr_line' id='line_1_36' title="bbox 154 2815 1792 2889; baseline -0.001 -17"><span class='ocrx_word' id='word_1_264' title='bbox 154 2834 356 2889; x_wconf 89' lang='lat' dir='ltr'>sc0pus</span> <span class='ocrx_word' id='word_1_265' title='bbox 379 2817 506 2871; x_wconf 86' lang='lat' dir='ltr'>hac</span> <span class='ocrx_word' id='word_1_266' title='bbox 535 2815 806 2888; x_wconf 87' lang='lat' dir='ltr'>synodica</span> <span class='ocrx_word' id='word_1_267' title='bbox 824 2815 1088 2870; x_wconf 89' lang='lat' dir='ltr'>instituta</span> <span class='ocrx_word' id='word_1_268' title='bbox 1118 2832 1153 2871; x_wconf 90' lang='lat' dir='ltr'>a</span> <span class='ocrx_word' id='word_1_269' title='bbox 1177 2815 1344 2884; x_wconf 83' lang='lat' dir='ltr'>nobis</span> <span class='ocrx_word' id='word_1_270' title='bbox 1373 2815 1527 2870; x_wconf 85' lang='lat' dir='ltr'>edita</span> <span class='ocrx_word' id='word_1_271' title='bbox 1545 2816 1792 2871; x_wconf 82' lang='lat' dir='ltr'>subscri-</span> 
     </span>
    </p>
   </div>
   <div class='ocr_carea' id='block_1_37' title="bbox 153 2908 1794 2982">
    <p class='ocr_par' dir='ltr' id='par_1_37' title="bbox 153 2908 1794 2982">
     <span class='ocr_line' id='line_1_37' title="bbox 153 2908 1794 2982; baseline 0 -16"><span class='ocrx_word' id='word_1_272' title='bbox 153 2911 254 2982; x_wconf 92' lang='lat' dir='ltr'>psi.</span> <span class='ocrx_word' id='word_1_273' title='bbox 277 2912 398 2982; x_wconf 86' lang='lat' dir='ltr'>Ego</span> <span class='ocrx_word' id='word_1_274' title='bbox 418 2910 600 2965; x_wconf 84' lang='lat' dir='ltr'>Julius</span> <span class='ocrx_word' id='word_1_275' title='bbox 621 2909 893 2982; x_wconf 84' lang='lat' dir='ltr'>indignus</span> <span class='ocrx_word' id='word_1_276' title='bbox 937 2908 1090 2963; x_wconf 88' lang='lat' dir='ltr'>urbis</span> <span class='ocrx_word' id='word_1_277' title='bbox 1118 2910 1294 2981; x_wconf 87' lang='lat' dir='ltr'>regia</span> <span class='ocrx_word' id='word_1_278' title='bbox 1319 2911 1605 2965; x_wconf 87' lang='lat' dir='ltr'>Toletana</span> <span class='ocrx_word' id='word_1_279' title='bbox 1646 2911 1794 2966; x_wconf 90' lang='lat' dir='ltr'>sedis</span> 
     </span>
    </p>
   </div>
   <div class='ocr_carea' id='block_1_38' title="bbox 154 3003 1789 3076">
    <p class='ocr_par' dir='ltr' id='par_1_38' title="bbox 154 3003 1789 3076">
     <span class='ocr_line' id='line_1_38' title="bbox 154 3003 1789 3076; baseline 0 -17"><span class='ocrx_word' id='word_1_280' title='bbox 154 3006 448 3076; x_wconf 86' lang='lat' dir='ltr'>episcopus</span> <span class='ocrx_word' id='word_1_281' title='bbox 472 3005 595 3059; x_wconf 88' lang='lat' dir='ltr'>hac</span> <span class='ocrx_word' id='word_1_282' title='bbox 625 3004 891 3075; x_wconf 83' lang='lat' dir='ltr'>synodica</span> <span class='ocrx_word' id='word_1_283' title='bbox 916 3020 950 3058; x_wconf 89' lang='lat' dir='ltr'>a</span> <span class='ocrx_word' id='word_1_284' title='bbox 975 3003 1138 3058; x_wconf 91' lang='lat' dir='ltr'>nobis</span> <span class='ocrx_word' id='word_1_285' title='bbox 1166 3003 1427 3059; x_wconf 89' lang='lat' dir='ltr'>instituta</span> <span class='ocrx_word' id='word_1_286' title='bbox 1464 3005 1789 3076; x_wconf 89' lang='lat' dir='ltr'>subscripsi.</span> 
     </span>
    </p>
   </div>
   <div class='ocr_carea' id='block_1_39' title="bbox 152 3097 1795 3170">
    <p class='ocr_par' dir='ltr' id='par_1_39' title="bbox 152 3097 1795 3170">
     <span class='ocr_line' id='line_1_39' title="bbox 152 3097 1795 3170; baseline -0.001 -16"><span class='ocrx_word' id='word_1_287' title='bbox 152 3100 267 3170; x_wconf 83' lang='lat' dir='ltr'>Ego</span> <span class='ocrx_word' id='word_1_288' title='bbox 319 3098 502 3154; x_wconf 89' lang='lat' dir='ltr'>Liuba</span> <span class='ocrx_word' id='word_1_289' title='bbox 546 3097 816 3168; x_wconf 89' lang='lat' dir='ltr'>indignus</span> <span class='ocrx_word' id='word_1_290' title='bbox 868 3097 1256 3153; x_wconf 90' lang='lat' dir='ltr'>Braccarensis</span> <span class='ocrx_word' id='word_1_291' title='bbox 1302 3097 1451 3153; x_wconf 88' lang='lat' dir='ltr'>sedis</span> <span class='ocrx_word' id='word_1_292' title='bbox 1499 3097 1795 3170; x_wconf 90' lang='lat' dir='ltr'>episcopus</span> 
     </span>
    </p>
   </div>
   <div class='ocr_carea' id='block_1_40' title="bbox 1892 1971 3535 2048">
    <p class='ocr_par' dir='ltr' id='par_1_40' title="bbox 1892 1971 3535 2048">
     <span class='ocr_line' id='line_1_40' title="bbox 1892 1971 3535 2048; baseline 0.003 -22"><span class='ocrx_word' id='word_1_293' title='bbox 1892 1971 2129 2039; x_wconf 86' lang='lat' dir='ltr'>Vuitiza,</span> <span class='ocrx_word' id='word_1_294' title='bbox 2162 1971 2426 2027; x_wconf 90' lang='lat' dir='ltr'>similiter</span> <span class='ocrx_word' id='word_1_295' title='bbox 2452 1971 2576 2026; x_wconf 90' lang='lat' dir='ltr'>sub.</span> <span class='ocrx_word' id='word_1_296' title='bbox 2602 1971 2884 2043; x_wconf 87' lang='lat' dir='ltr'>Vuimars,</span> <span class='ocrx_word' id='word_1_297' title='bbox 2914 1971 3182 2028; x_wconf 89' lang='lat' dir='ltr'>similiter</span> <span class='ocrx_word' id='word_1_298' title='bbox 3208 1975 3535 2048; x_wconf 89' lang='lat' dir='ltr'>subscripsi.</span> 
     </span>
    </p>
   </div>
   <div class='ocr_carea' id='block_1_41' title="bbox 1893 2064 3537 2140">
    <p class='ocr_par' dir='ltr' id='par_1_41' title="bbox 1893 2064 3537 2140">
     <span class='ocr_line' id='line_1_41' title="bbox 1893 2064 3537 2140; baseline 0.003 -20"><span class='ocrx_word' id='word_1_299' title='bbox 1893 2065 2343 2135; x_wconf 88' lang='lat' dir='ltr'>Theuditendila,</span> <span class='ocrx_word' id='word_1_300' title='bbox 2399 2064 2660 2121; x_wconf 87' lang='lat' dir='ltr'>similiter</span> <span class='ocrx_word' id='word_1_301' title='bbox 2713 2065 3038 2138; x_wconf 90' lang='lat' dir='ltr'>subscripsi.</span> <span class='ocrx_word' id='word_1_302' title='bbox 3089 2067 3418 2140; x_wconf 91' lang='lat' dir='ltr'>Ostulphus,</span> <span class='ocrx_word' id='word_1_303' title='bbox 3460 2070 3537 2126; x_wconf 89' lang='lat' dir='ltr'>si-</span> 
     </span>
    </p>
   </div>
   <div class='ocr_carea' id='block_1_42' title="bbox 1894 2158 3536 2234">
    <p class='ocr_par' dir='ltr' id='par_1_42' title="bbox 1894 2158 3536 2234">
     <span class='ocr_line' id='line_1_42' title="bbox 1894 2158 3536 2234; baseline 0.002 -20"><span class='ocrx_word' id='word_1_304' title='bbox 1894 2158 2109 2215; x_wconf 89' lang='lat' dir='ltr'>militer</span> <span class='ocrx_word' id='word_1_305' title='bbox 2133 2159 2258 2215; x_wconf 93' lang='lat' dir='ltr'>sub.</span> <span class='ocrx_word' id='word_1_306' title='bbox 2282 2159 2641 2230; x_wconf 90' lang='lat' dir='ltr'>Salimurius,</span> <span class='ocrx_word' id='word_1_307' title='bbox 2664 2158 2928 2216; x_wconf 90' lang='lat' dir='ltr'>similiter</span> <span class='ocrx_word' id='word_1_308' title='bbox 2956 2160 3079 2216; x_wconf 92' lang='lat' dir='ltr'>sub.</span> <span class='ocrx_word' id='word_1_309' title='bbox 3103 2162 3536 2234; x_wconf 88' lang='lat' dir='ltr'>Theudefridus,</span> 
     </span>
    </p>
   </div>
   <div class='ocr_carea' id='block_1_43' title="bbox 1894 2252 3537 2326">
    <p class='ocr_par' dir='ltr' id='par_1_43' title="bbox 1894 2252 3537 2326">
     <span class='ocr_line' id='line_1_43' title="bbox 1894 2252 3537 2326; baseline 0.004 -19"><span class='ocrx_word' id='word_1_310' title='bbox 1894 2252 2157 2308; x_wconf 90' lang='lat' dir='ltr'>similiter</span> <span class='ocrx_word' id='word_1_311' title='bbox 2183 2253 2308 2309; x_wconf 91' lang='lat' dir='ltr'>sub.</span> <span class='ocrx_word' id='word_1_312' title='bbox 2340 2253 2668 2326; x_wconf 89' lang='lat' dir='ltr'>Hildigisus,</span> <span class='ocrx_word' id='word_1_313' title='bbox 2692 2253 2952 2310; x_wconf 86' lang='lat' dir='ltr'>similiter</span> <span class='ocrx_word' id='word_1_314' title='bbox 2970 2255 3093 2310; x_wconf 90' lang='lat' dir='ltr'>sub.</span> <span class='ocrx_word' id='word_1_315' title='bbox 3112 2255 3352 2325; x_wconf 87' lang='lat' dir='ltr'>Vitulus,</span> <span class='ocrx_word' id='word_1_316' title='bbox 3376 2256 3537 2313; x_wconf 90' lang='lat' dir='ltr'>simi-</span> 
     </span>
    </p>
   </div>
   <div class='ocr_carea' id='block_1_44' title="bbox 1893 2346 3538 2420">
    <p class='ocr_par' dir='ltr' id='par_1_44' title="bbox 1893 2346 3538 2420">
     <span class='ocr_line' id='line_1_44' title="bbox 1893 2346 3538 2420; baseline 0.004 -20"><span class='ocrx_word' id='word_1_317' title='bbox 1893 2346 2026 2402; x_wconf 91' lang='lat' dir='ltr'>liter</span> <span class='ocrx_word' id='word_1_318' title='bbox 2071 2347 2194 2402; x_wconf 90' lang='lat' dir='ltr'>sub.</span> <span class='ocrx_word' id='word_1_319' title='bbox 2228 2348 2403 2415; x_wconf 88' lang='lat' dir='ltr'>Edila,</span> <span class='ocrx_word' id='word_1_320' title='bbox 2432 2347 2698 2404; x_wconf 87' lang='lat' dir='ltr'>similiter</span> <span class='ocrx_word' id='word_1_321' title='bbox 2737 2348 2864 2404; x_wconf 92' lang='lat' dir='ltr'>sub.</span> <span class='ocrx_word' id='word_1_322' title='bbox 2907 2348 3239 2420; x_wconf 86' lang='lat' dir='ltr'>Adeluibus,</span> <span class='ocrx_word' id='word_1_323' title='bbox 3275 2349 3538 2408; x_wconf 85' lang='lat' dir='ltr'>similiter</span> 
     </span>
    </p>
   </div>
   <div class='ocr_carea' id='block_1_45' title="bbox 1894 2440 3016 2514">
    <p class='ocr_par' dir='ltr' id='par_1_45' title="bbox 1894 2440 3016 2514">
     <span class='ocr_line' id='line_1_45' title="bbox 1894 2440 3016 2514; baseline 0.003 -20"><span class='ocrx_word' id='word_1_324' title='bbox 1894 2440 2020 2495; x_wconf 90' lang='lat' dir='ltr'>sub.</span> <span class='ocrx_word' id='word_1_325' title='bbox 2052 2441 2377 2512; x_wconf 81' lang='lat' dir='ltr'>Attulphus,</span> <span class='ocrx_word' id='word_1_326' title='bbox 2408 2441 2669 2498; x_wconf 89' lang='lat' dir='ltr'>similiter</span> <span class='ocrx_word' id='word_1_327' title='bbox 2687 2441 3016 2514; x_wconf 89' lang='lat' dir='ltr'>subscripsi.</span> 
     </span>
    </p>
   </div>
   <div class='ocr_carea' id='block_1_46' title="bbox 1963 2534 3534 2612">
    <p class='ocr_par' dir='ltr' id='par_1_46' title="bbox 1963 2534 3534 2612">
     <span class='ocr_line' id='line_1_46' title="bbox 1963 2534 3534 2612; baseline 0.005 -23"><span class='ocrx_word' id='word_1_328' title='bbox 1963 2534 2176 2600; x_wconf 86' lang='lat' dir='ltr'>Quibus</span> <span class='ocrx_word' id='word_1_329' title='bbox 2204 2535 2468 2590; x_wconf 92' lang='lat' dir='ltr'>omnibus</span> <span class='ocrx_word' id='word_1_330' title='bbox 2495 2535 2865 2607; x_wconf 88' lang='lat' dir='ltr'>synodalibus</span> <span class='ocrx_word' id='word_1_331' title='bbox 2885 2535 3078 2608; x_wconf 88' lang='lat' dir='ltr'>gestis,</span> <span class='ocrx_word' id='word_1_332' title='bbox 3099 2537 3344 2593; x_wconf 82' lang='lat' dir='ltr'>decretis</span> <span class='ocrx_word' id='word_1_333' title='bbox 3362 2541 3534 2612; x_wconf 87' lang='lat' dir='ltr'>atque</span> 
     </span>
    </p>
   </div>
   <div class='ocr_carea' id='block_1_47' title="bbox 1893 2628 3531 2704">
    <p class='ocr_par' dir='ltr' id='par_1_47' title="bbox 1893 2628 3531 2704">
     <span class='ocr_line' id='line_1_47' title="bbox 1893 2628 3531 2704; baseline 0.004 -22"><span class='ocrx_word' id='word_1_334' title='bbox 1893 2628 2089 2700; x_wconf 86' lang='lat' dir='ltr'>pactis,</span> <span class='ocrx_word' id='word_1_335' title='bbox 2112 2631 2169 2683; x_wconf 90' lang='lat' dir='ltr'>et</span> <span class='ocrx_word' id='word_1_336' title='bbox 2197 2628 2448 2684; x_wconf 88' lang='lat' dir='ltr'>debitam</span> <span class='ocrx_word' id='word_1_337' title='bbox 2468 2629 2846 2686; x_wconf 88' lang='lat' dir='ltr'>reverentiam</span> <span class='ocrx_word' id='word_1_338' title='bbox 2866 2630 3104 2686; x_wconf 90' lang='lat' dir='ltr'>honoris</span> <span class='ocrx_word' id='word_1_339' title='bbox 3123 2631 3531 2704; x_wconf 89' lang='lat' dir='ltr'>impendimus,</span> 
     </span>
    </p>
   </div>
   <div class='ocr_carea' id='block_1_48' title="bbox 1894 2722 3532 2796">
    <p class='ocr_par' dir='ltr' id='par_1_48' title="bbox 1894 2722 3532 2796">
     <span class='ocr_line' id='line_1_48' title="bbox 1894 2722 3532 2796; baseline 0.004 -20"><span class='ocrx_word' id='word_1_340' title='bbox 1894 2727 1952 2777; x_wconf 92' lang='lat' dir='ltr'>et</span> <span class='ocrx_word' id='word_1_341' title='bbox 1977 2723 2235 2793; x_wconf 90' lang='lat' dir='ltr'>patulum</span> <span class='ocrx_word' id='word_1_342' title='bbox 2277 2722 2628 2779; x_wconf 86' lang='lat' dir='ltr'>auctoritatis</span> <span class='ocrx_word' id='word_1_343' title='bbox 2669 2725 2881 2778; x_wconf 89' lang='lat' dir='ltr'>nostra</span> <span class='ocrx_word' id='word_1_344' title='bbox 2931 2723 3186 2796; x_wconf 90' lang='lat' dir='ltr'>vigorem</span> <span class='ocrx_word' id='word_1_345' title='bbox 3233 2725 3322 2781; x_wconf 89' lang='lat' dir='ltr'>his</span> <span class='ocrx_word' id='word_1_346' title='bbox 3372 2726 3532 2784; x_wconf 90' lang='lat' dir='ltr'>inne-</span> 
     </span>
    </p>
   </div>
   <div class='ocr_carea' id='block_1_49' title="bbox 1892 2817 3533 2890">
    <p class='ocr_par' dir='ltr' id='par_1_49' title="bbox 1892 2817 3533 2890">
     <span class='ocr_line' id='line_1_49' title="bbox 1892 2817 3533 2890; baseline 0.002 -18"><span class='ocrx_word' id='word_1_347' title='bbox 1892 2819 2046 2872; x_wconf 87' lang='lat' dir='ltr'>ctere</span> <span class='ocrx_word' id='word_1_348' title='bbox 2072 2832 2467 2888; x_wconf 88' lang='lat' dir='ltr'>properamus.</span> <span class='ocrx_word' id='word_1_349' title='bbox 2497 2817 2744 2889; x_wconf 88' lang='lat' dir='ltr'>Ideoque</span> <span class='ocrx_word' id='word_1_350' title='bbox 2769 2817 3096 2890; x_wconf 88' lang='lat' dir='ltr'>pramissas</span> <span class='ocrx_word' id='word_1_351' title='bbox 3133 2819 3236 2874; x_wconf 89' lang='lat' dir='ltr'>has</span> <span class='ocrx_word' id='word_1_352' title='bbox 3259 2820 3533 2876; x_wconf 90' lang='lat' dir='ltr'>constitu-</span> 
     </span>
    </p>
   </div>
   <div class='ocr_carea' id='block_1_50' title="bbox 1894 2909 3539 2985">
    <p class='ocr_par' dir='ltr' id='par_1_50' title="bbox 1894 2909 3539 2985">
     <span class='ocr_line' id='line_1_50' title="bbox 1894 2909 3539 2985; baseline 0.003 -19"><span class='ocrx_word' id='word_1_353' title='bbox 1894 2909 2079 2966; x_wconf 90' lang='lat' dir='ltr'>tiones</span> <span class='ocrx_word' id='word_1_354' title='bbox 2105 2910 2404 2982; x_wconf 85' lang='lat' dir='ltr'>synodicas</span> <span class='ocrx_word' id='word_1_355' title='bbox 2434 2928 2467 2966; x_wconf 89' lang='lat' dir='ltr'>a</span> <span class='ocrx_word' id='word_1_356' title='bbox 2492 2911 2763 2983; x_wconf 82' lang='lat' dir='ltr'>prasenti</span> <span class='ocrx_word' id='word_1_357' title='bbox 2789 2912 2880 2966; x_wconf 90' lang='lat' dir='ltr'>die</span> <span class='ocrx_word' id='word_1_358' title='bbox 2915 2912 3003 2969; x_wconf 92' lang='lat' dir='ltr'>vel</span> <span class='ocrx_word' id='word_1_359' title='bbox 3034 2915 3316 2985; x_wconf 91' lang='lat' dir='ltr'>tempore,</span> <span class='ocrx_word' id='word_1_360' title='bbox 3347 2913 3407 2969; x_wconf 92' lang='lat' dir='ltr'>id</span> <span class='ocrx_word' id='word_1_361' title='bbox 3453 2918 3539 2972; x_wconf 91' lang='lat' dir='ltr'>est</span> 
     </span>
    </p>
   </div>
   <div class='ocr_carea' id='block_1_51' title="bbox 1895 3003 3536 3079">
    <p class='ocr_par' dir='ltr' id='par_1_51' title="bbox 1895 3003 3536 3079">
     <span class='ocr_line' id='line_1_51' title="bbox 1895 3003 3536 3079; baseline 0.003 -21"><span class='ocrx_word' id='word_1_362' title='bbox 1895 3003 1966 3059; x_wconf 89' lang='lat' dir='ltr'>ab</span> <span class='ocrx_word' id='word_1_363' title='bbox 1993 3007 2191 3059; x_wconf 90' lang='lat' dir='ltr'>octavo</span> <span class='ocrx_word' id='word_1_364' title='bbox 2223 3004 2467 3059; x_wconf 88' lang='lat' dir='ltr'>Kalend.</span> <span class='ocrx_word' id='word_1_365' title='bbox 2500 3004 2816 3073; x_wconf 88' lang='lat' dir='ltr'>Februarii,</span> <span class='ocrx_word' id='word_1_366' title='bbox 2839 3022 2992 3061; x_wconf 90' lang='lat' dir='ltr'>anno</span> <span class='ocrx_word' id='word_1_367' title='bbox 3032 3005 3220 3078; x_wconf 90' lang='lat' dir='ltr'>primo</span> <span class='ocrx_word' id='word_1_368' title='bbox 3246 3008 3409 3079; x_wconf 87' lang='lat' dir='ltr'>regni</span> <span class='ocrx_word' id='word_1_369' title='bbox 3433 3024 3536 3064; x_wconf 84' lang='lat' dir='ltr'>no-</span> 
     </span>
    </p>
   </div>
   <div class='ocr_carea' id='block_1_52' title="bbox 1893 3097 3538 3173">
    <p class='ocr_par' dir='ltr' id='par_1_52' title="bbox 1893 3097 3538 3173">
     <span class='ocr_line' id='line_1_52' title="bbox 1893 3097 3538 3173; baseline 0.004 -21"><span class='ocrx_word' id='word_1_370' title='bbox 1893 3097 1996 3152; x_wconf 91' lang='lat' dir='ltr'>stri</span> <span class='ocrx_word' id='word_1_371' title='bbox 2021 3097 2209 3152; x_wconf 90' lang='lat' dir='ltr'>nullus</span> <span class='ocrx_word' id='word_1_372' title='bbox 2237 3097 2444 3154; x_wconf 84' lang='lat' dir='ltr'>audeat</span> <span class='ocrx_word' id='word_1_373' title='bbox 2464 3102 2852 3169; x_wconf 89' lang='lat' dir='ltr'>contemnere,</span> <span class='ocrx_word' id='word_1_374' title='bbox 2881 3099 3073 3154; x_wconf 90' lang='lat' dir='ltr'>nullus</span> <span class='ocrx_word' id='word_1_375' title='bbox 3101 3100 3276 3156; x_wconf 87' lang='lat' dir='ltr'>etiam</span> <span class='ocrx_word' id='word_1_376' title='bbox 3307 3106 3538 3173; x_wconf 87' lang='lat' dir='ltr'>prater-</span> 
     </span>
    </p>
   </div>
   <div class='ocr_carea' id='block_1_53' title="bbox 149 3190 3538 3307">
    <p class='ocr_par' dir='ltr' id='par_1_53' title="bbox 149 3190 3538 3307">
     <span class='ocr_line' id='line_1_53' title="bbox 149 3190 3538 3307; baseline 0.001 -59"><span class='ocrx_word' id='word_1_377' title='bbox 149 3193 267 3248; x_wconf 79' lang='lat' dir='ltr'>hac</span> <span class='ocrx_word' id='word_1_378' title='bbox 341 3191 613 3264; x_wconf 80' lang='lat' dir='ltr'>synodica</span> <span class='ocrx_word' id='word_1_379' title='bbox 668 3209 700 3246; x_wconf 91' lang='lat' dir='ltr'>a</span> <span class='ocrx_word' id='word_1_380' title='bbox 760 3191 925 3246; x_wconf 87' lang='lat' dir='ltr'>nobis</span> <span class='ocrx_word' id='word_1_381' title='bbox 972 3191 1231 3246; x_wconf 88' lang='lat' dir='ltr'>instituta</span> <span class='ocrx_word' id='word_1_382' title='bbox 1269 3191 1422 3246; x_wconf 91' lang='lat' dir='ltr'>edita</span> <span class='ocrx_word' id='word_1_383' title='bbox 1457 3192 1786 3264; x_wconf 91' lang='lat' dir='ltr'>subscripsi.</span> <span class='ocrx_word' id='word_1_384' title='bbox 1810 3233 1866 3307; x_wconf 67' lang='grc' dir='ltr'>Ο</span> <span class='ocrx_word' id='word_1_385' title='bbox 1892 3190 1997 3258; x_wconf 92' lang='lat' dir='ltr'>ire,</span> <span class='ocrx_word' id='word_1_386' title='bbox 2040 3209 2213 3246; x_wconf 89' lang='lat' dir='ltr'>nemo</span> <span class='ocrx_word' id='word_1_387' title='bbox 2258 3192 2595 3248; x_wconf 88' lang='lat' dir='ltr'>earumdem</span> <span class='ocrx_word' id='word_1_388' title='bbox 2639 3193 3111 3248; x_wconf 89' lang='lat' dir='ltr'>constitutionum</span> <span class='ocrx_word' id='word_1_389' title='bbox 3155 3195 3368 3250; x_wconf 90' lang='lat' dir='ltr'>audeat</span> <span class='ocrx_word' id='word_1_390' title='bbox 3403 3196 3538 3267; x_wconf 87' lang='lat' dir='ltr'>jura</span> 
     </span>
     <span class='ocr_line' id='line_1_54' title="bbox 149 3285 3439 3307; baseline 0 0"><span class='ocrx_word' id='word_1_391' title='bbox 149 3288 254 3307; x_wconf 58' lang='grc' dir='ltr'>Υπμ-</span> <span class='ocrx_word' id='word_1_392' title='bbox 303 3287 629 3307; x_wconf 46' lang='grc' dir='ltr'>σιΑμι--..---</span> <span class='ocrx_word' id='word_1_393' title='bbox 677 3290 874 3307; x_wconf 64' lang='lat' dir='ltr'>-_._-L_</span> <span class='ocrx_word' id='word_1_394' title='bbox 909 3285 1342 3307; x_wconf 66' lang='lat' dir='ltr'>n___._:L2___._!_</span> <span class='ocrx_word' id='word_1_395' title='bbox 1388 3285 1628 3307; x_wconf 72' lang='lat' dir='ltr'>-__‘I__!_.</span> <span class='ocrx_word' id='word_1_396' title='bbox 1673 3286 1755 3307; x_wconf 66' lang='lat'>_..2</span> <span class='ocrx_word' id='word_1_397' title='bbox 1898 3285 2212 3307; x_wconf 58' lang='lat' dir='ltr'>-__-_--‘I__._</span> <span class='ocrx_word' id='word_1_398' title='bbox 2254 3285 2910 3307; x_wconf 55' lang='lat' dir='ltr'>___‘II___1___‘-_.-1-_LM-</span> <span class='ocrx_word' id='word_1_399' title='bbox 2947 3287 3156 3307; x_wconf 35' lang='lat' dir='ltr'>.‘l_____ln</span> <span class='ocrx_word' id='word_1_400' title='bbox 3195 3288 3439 3307; x_wconf 35' lang='lat'>_,,1_4___1_</span> 
     </span>
    </p>
   </div>
   <div class='ocr_carea' id='block_1_54' title="bbox 149 3285 1785 3358">
    <p class='ocr_par' dir='ltr' id='par_1_54' title="bbox 149 3285 1785 3358">
     <span class='ocr_line' id='line_1_55' title="bbox 149 3285 1785 3358; baseline -0.001 -16"><span class='ocrx_word' id='word_1_401' title='bbox 149 3288 263 3358; x_wconf 83' lang='lat' dir='ltr'>Ego</span> <span class='ocrx_word' id='word_1_402' title='bbox 303 3287 632 3358; x_wconf 87' lang='lat' dir='ltr'>Stephanus</span> <span class='ocrx_word' id='word_1_403' title='bbox 673 3290 880 3340; x_wconf 87' lang='lat' dir='ltr'>sancta</span> <span class='ocrx_word' id='word_1_404' title='bbox 909 3285 1345 3341; x_wconf 89' lang='lat' dir='ltr'>Emeritinensis</span> <span class='ocrx_word' id='word_1_405' title='bbox 1383 3285 1635 3341; x_wconf 82' lang='lat' dir='ltr'>ecclesia</span> <span class='ocrx_word' id='word_1_406' title='bbox 1667 3286 1785 3358; x_wconf 91' lang='lat' dir='ltr'>epi-</span> 
     </span>
    </p>
   </div>
   <div class='ocr_carea' id='block_1_55' title="bbox 149 3379 1791 3452">
    <p class='ocr_par' dir='ltr' id='par_1_55' title="bbox 149 3379 1791 3452">
     <span class='ocr_line' id='line_1_56' title="bbox 149 3379 1791 3452; baseline 0.001 -19"><span class='ocrx_word' id='word_1_407' title='bbox 149 3397 352 3452; x_wconf 87' lang='lat' dir='ltr'>scopus</span> <span class='ocrx_word' id='word_1_408' title='bbox 400 3380 524 3433; x_wconf 88' lang='lat' dir='ltr'>hac</span> <span class='ocrx_word' id='word_1_409' title='bbox 575 3379 844 3450; x_wconf 89' lang='lat' dir='ltr'>synodica</span> <span class='ocrx_word' id='word_1_410' title='bbox 882 3396 915 3434; x_wconf 88' lang='lat' dir='ltr'>a</span> <span class='ocrx_word' id='word_1_411' title='bbox 962 3379 1124 3434; x_wconf 91' lang='lat' dir='ltr'>nobis</span> <span class='ocrx_word' id='word_1_412' title='bbox 1168 3379 1426 3434; x_wconf 91' lang='lat' dir='ltr'>instituta</span> <span class='ocrx_word' id='word_1_413' title='bbox 1472 3379 1625 3434; x_wconf 90' lang='lat' dir='ltr'>edita</span> <span class='ocrx_word' id='word_1_414' title='bbox 1664 3380 1791 3434; x_wconf 93' lang='lat' dir='ltr'>sub-</span> 
     </span>
    </p>
   </div>
   <div class='ocr_carea' id='block_1_56' title="bbox 149 3472 1789 3544">
    <p class='ocr_par' dir='ltr' id='par_1_56' title="bbox 149 3472 1789 3544">
     <span class='ocr_line' id='line_1_57' title="bbox 149 3472 1789 3544; baseline 0.001 -17"><span class='ocrx_word' id='word_1_415' title='bbox 149 3474 373 3544; x_wconf 86' lang='lat' dir='ltr'>scripsi.</span> <span class='ocrx_word' id='word_1_416' title='bbox 408 3472 644 3528; x_wconf 79' lang='lat' dir='ltr'>Aﬁ&#39;alius</span> <span class='ocrx_word' id='word_1_417' title='bbox 670 3472 768 3527; x_wconf 91' lang='lat' dir='ltr'>Dei</span> <span class='ocrx_word' id='word_1_418' title='bbox 800 3472 1171 3528; x_wconf 87' lang='lat' dir='ltr'>miseratione</span> <span class='ocrx_word' id='word_1_419' title='bbox 1202 3472 1494 3528; x_wconf 85' lang='lat' dir='ltr'>Avelensis</span> <span class='ocrx_word' id='word_1_420' title='bbox 1537 3473 1789 3528; x_wconf 89' lang='lat' dir='ltr'>ecclesia</span> 
     </span>
    </p>
   </div>
   <div class='ocr_carea' id='block_1_57' title="bbox 147 3566 1791 3639">
    <p class='ocr_par' dir='ltr' id='par_1_57' title="bbox 147 3566 1791 3639">
     <span class='ocr_line' id='line_1_58' title="bbox 147 3566 1791 3639; baseline -0.001 -16"><span class='ocrx_word' id='word_1_421' title='bbox 147 3568 446 3639; x_wconf 88' lang='lat' dir='ltr'>episcopus</span> <span class='ocrx_word' id='word_1_422' title='bbox 507 3567 631 3621; x_wconf 87' lang='lat' dir='ltr'>hac</span> <span class='ocrx_word' id='word_1_423' title='bbox 684 3566 951 3637; x_wconf 80' lang='lat' dir='ltr'>synodica</span> <span class='ocrx_word' id='word_1_424' title='bbox 1006 3583 1040 3620; x_wconf 89' lang='lat' dir='ltr'>a</span> <span class='ocrx_word' id='word_1_425' title='bbox 1090 3566 1254 3622; x_wconf 89' lang='lat' dir='ltr'>nobis</span> <span class='ocrx_word' id='word_1_426' title='bbox 1328 3566 1591 3622; x_wconf 86' lang='lat' dir='ltr'>instituta</span> <span class='ocrx_word' id='word_1_427' title='bbox 1637 3566 1791 3622; x_wconf 90' lang='lat' dir='ltr'>edita</span> 
     </span>
    </p>
   </div>
   <div class='ocr_carea' id='block_1_58' title="bbox 149 3659 1792 3732">
    <p class='ocr_par' dir='ltr' id='par_1_58' title="bbox 149 3659 1792 3732">
     <span class='ocr_line' id='line_1_59' title="bbox 149 3659 1792 3732; baseline -0.001 -16"><span class='ocrx_word' id='word_1_428' title='bbox 149 3661 479 3732; x_wconf 89' lang='lat' dir='ltr'>subscripsi.</span> <span class='ocrx_word' id='word_1_429' title='bbox 513 3663 576 3716; x_wconf 89' lang='lat' dir='ltr'><strong>In</strong></span> <span class='ocrx_word' id='word_1_430' title='bbox 605 3660 812 3716; x_wconf 86' lang='lat' dir='ltr'>Christi</span> <span class='ocrx_word' id='word_1_431' title='bbox 846 3659 1081 3716; x_wconf 90' lang='lat' dir='ltr'>nomine</span> <span class='ocrx_word' id='word_1_432' title='bbox 1103 3661 1364 3716; x_wconf 88' lang='lat' dir='ltr'>Leander</span> <span class='ocrx_word' id='word_1_433' title='bbox 1391 3661 1702 3716; x_wconf 87' lang='lat' dir='ltr'>Hilicitana</span> <span class='ocrx_word' id='word_1_434' title='bbox 1733 3665 1792 3716; x_wconf 87' lang='lat' dir='ltr'>et</span> 
     </span>
    </p>
   </div>
   <div class='ocr_carea' id='block_1_59' title="bbox 150 3754 1792 3826">
    <p class='ocr_par' dir='ltr' id='par_1_59' title="bbox 150 3754 1792 3826">
     <span class='ocr_line' id='line_1_60' title="bbox 150 3754 1792 3826; baseline 0 -17"><span class='ocrx_word' id='word_1_435' title='bbox 150 3757 358 3811; x_wconf 84' lang='lat' dir='ltr'>lotana</span> <span class='ocrx_word' id='word_1_436' title='bbox 415 3754 717 3826; x_wconf 89' lang='lat' dir='ltr'>episcopus</span> <span class='ocrx_word' id='word_1_437' title='bbox 757 3755 876 3809; x_wconf 84' lang='lat' dir='ltr'>hac</span> <span class='ocrx_word' id='word_1_438' title='bbox 920 3755 1187 3826; x_wconf 84' lang='lat' dir='ltr'>synodica</span> <span class='ocrx_word' id='word_1_439' title='bbox 1239 3772 1274 3809; x_wconf 91' lang='lat' dir='ltr'>a</span> <span class='ocrx_word' id='word_1_440' title='bbox 1319 3754 1481 3810; x_wconf 90' lang='lat' dir='ltr'>nobis</span> <span class='ocrx_word' id='word_1_441' title='bbox 1536 3755 1792 3810; x_wconf 89' lang='lat' dir='ltr'>instituta</span> 
     </span>
    </p>
   </div>
   <div class='ocr_carea' id='block_1_60' title="bbox 148 3848 1786 3919">
    <p class='ocr_par' dir='ltr' id='par_1_60' title="bbox 148 3848 1786 3919">
     <span class='ocr_line' id='line_1_61' title="bbox 148 3848 1786 3919; baseline -0.001 -15"><span class='ocrx_word' id='word_1_442' title='bbox 148 3850 295 3904; x_wconf 85' lang='lat' dir='ltr'>edita</span> <span class='ocrx_word' id='word_1_443' title='bbox 347 3848 676 3919; x_wconf 88' lang='lat' dir='ltr'>subscripsi.</span> <span class='ocrx_word' id='word_1_444' title='bbox 705 3849 762 3902; x_wconf 89' lang='lat' dir='ltr'><strong>In</strong></span> <span class='ocrx_word' id='word_1_445' title='bbox 807 3848 1014 3904; x_wconf 86' lang='lat' dir='ltr'>Christi</span> <span class='ocrx_word' id='word_1_446' title='bbox 1045 3848 1280 3903; x_wconf 89' lang='lat' dir='ltr'>nomine</span> <span class='ocrx_word' id='word_1_447' title='bbox 1327 3848 1638 3903; x_wconf 87' lang='lat' dir='ltr'>Palinatius</span> <span class='ocrx_word' id='word_1_448' title='bbox 1687 3850 1786 3903; x_wconf 90' lang='lat' dir='ltr'>Ur-</span> 
     </span>
    </p>
   </div>
   <div class='ocr_carea' id='block_1_61' title="bbox 147 3941 1792 4014">
    <p class='ocr_par' dir='ltr' id='par_1_61' title="bbox 147 3941 1792 4014">
     <span class='ocr_line' id='line_1_62' title="bbox 147 3941 1792 4014; baseline -0.001 -15"><span class='ocrx_word' id='word_1_449' title='bbox 147 3945 350 3999; x_wconf 86' lang='lat' dir='ltr'>citana</span> <span class='ocrx_word' id='word_1_450' title='bbox 375 3942 628 3998; x_wconf 85' lang='lat' dir='ltr'>ecclesia</span> <span class='ocrx_word' id='word_1_451' title='bbox 657 3941 978 4014; x_wconf 91' lang='lat' dir='ltr'>episcopus,</span> <span class='ocrx_word' id='word_1_452' title='bbox 1007 3943 1130 3996; x_wconf 88' lang='lat' dir='ltr'>hac</span> <span class='ocrx_word' id='word_1_453' title='bbox 1181 3941 1448 4014; x_wconf 88' lang='lat' dir='ltr'>synodica</span> <span class='ocrx_word' id='word_1_454' title='bbox 1474 3941 1731 3998; x_wconf 89' lang='lat' dir='ltr'>instituta</span> <span class='ocrx_word' id='word_1_455' title='bbox 1759 3960 1792 3997; x_wconf 90' lang='lat' dir='ltr'>a</span> 
     </span>
    </p>
   </div>
   <div class='ocr_carea' id='block_1_62' title="bbox 146 4035 1786 4108">
    <p class='ocr_par' dir='ltr' id='par_1_62' title="bbox 146 4035 1786 4108">
     <span class='ocr_line' id='line_1_63' title="bbox 146 4035 1786 4108; baseline -0.001 -16"><span class='ocrx_word' id='word_1_456' title='bbox 146 4037 311 4093; x_wconf 90' lang='lat' dir='ltr'>nobis</span> <span class='ocrx_word' id='word_1_457' title='bbox 362 4035 693 4108; x_wconf 87' lang='lat' dir='ltr'>subscripsi.</span> <span class='ocrx_word' id='word_1_458' title='bbox 745 4035 1094 4092; x_wconf 89' lang='lat' dir='ltr'>Concordius</span> <span class='ocrx_word' id='word_1_459' title='bbox 1140 4035 1413 4091; x_wconf 88' lang='lat' dir='ltr'>Palatina</span> <span class='ocrx_word' id='word_1_460' title='bbox 1456 4036 1608 4091; x_wconf 90' lang='lat' dir='ltr'>sedis</span> <span class='ocrx_word' id='word_1_461' title='bbox 1668 4038 1786 4108; x_wconf 90' lang='lat' dir='ltr'>epi-</span> 
     </span>
    </p>
   </div>
   <div class='ocr_carea' id='block_1_63' title="bbox 146 4129 1792 4203">
    <p class='ocr_par' dir='ltr' id='par_1_63' title="bbox 146 4129 1792 4203">
     <span class='ocr_line' id='line_1_64' title="bbox 146 4129 1792 4203; baseline 0.001 -19"><span class='ocrx_word' id='word_1_462' title='bbox 146 4148 373 4203; x_wconf 88' lang='lat' dir='ltr'>scopus,</span> <span class='ocrx_word' id='word_1_463' title='bbox 405 4129 672 4185; x_wconf 90' lang='lat' dir='ltr'>similiter</span> <span class='ocrx_word' id='word_1_464' title='bbox 699 4129 1023 4201; x_wconf 91' lang='lat' dir='ltr'>subscripsi.</span> <span class='ocrx_word' id='word_1_465' title='bbox 1048 4129 1257 4185; x_wconf 80' lang='lat' dir='ltr'>Riccila</span> <span class='ocrx_word' id='word_1_466' title='bbox 1275 4129 1597 4185; x_wconf 85' lang='lat' dir='ltr'>Haecitana</span> <span class='ocrx_word' id='word_1_467' title='bbox 1622 4132 1792 4186; x_wconf 90' lang='lat' dir='ltr'>eccle-</span> 
     </span>
    </p>
   </div>
   <div class='ocr_carea' id='block_1_64' title="bbox 142 4223 1792 4297">
    <p class='ocr_par' dir='ltr' id='par_1_64' title="bbox 142 4223 1792 4297">
     <span class='ocr_line' id='line_1_65' title="bbox 142 4223 1792 4297; baseline 0 -19"><span class='ocrx_word' id='word_1_468' title='bbox 142 4225 237 4280; x_wconf 86' lang='lat' dir='ltr'>sia</span> <span class='ocrx_word' id='word_1_469' title='bbox 260 4225 563 4297; x_wconf 89' lang='lat' dir='ltr'>episcopus</span> <span class='ocrx_word' id='word_1_470' title='bbox 605 4223 867 4278; x_wconf 86' lang='lat' dir='ltr'>similiter</span> <span class='ocrx_word' id='word_1_471' title='bbox 886 4223 1010 4278; x_wconf 93' lang='lat' dir='ltr'>sub.</span> <span class='ocrx_word' id='word_1_472' title='bbox 1058 4223 1368 4295; x_wconf 91' lang='lat' dir='ltr'>Sinpernus</span> <span class='ocrx_word' id='word_1_473' title='bbox 1396 4224 1792 4295; x_wconf 87' lang='lat' dir='ltr'>Erpavicensis</span> 
     </span>
    </p>
   </div>
   <div class='ocr_carea' id='block_1_65' title="bbox 146 4299 1791 4390">
    <p class='ocr_par' dir='ltr' id='par_1_65' title="bbox 146 4299 1791 4390">
     <span class='ocr_line' id='line_1_66' title="bbox 146 4299 1791 4390; baseline 0 -17"><span class='ocrx_word' id='word_1_474' title='bbox 146 4299 460 4390; x_wconf 75' lang='lat' dir='ltr'>episcopus</span> <span class='ocrx_word' id='word_1_475' title='bbox 511 4317 772 4372; x_wconf 86' lang='lat' dir='ltr'>similiter</span> <span class='ocrx_word' id='word_1_476' title='bbox 825 4317 928 4371; x_wconf 90' lang='lat' dir='ltr'>sub</span> <span class='ocrx_word' id='word_1_477' title='bbox 975 4317 1302 4389; x_wconf 89' lang='lat' dir='ltr'>Sparendeo</span> <span class='ocrx_word' id='word_1_478' title='bbox 1344 4317 1644 4372; x_wconf 81' lang='lat' dir='ltr'>Talicensis</span> <span class='ocrx_word' id='word_1_479' title='bbox 1678 4319 1791 4390; x_wconf 91' lang='lat' dir='ltr'>epi-</span> 
     </span>
    </p>
   </div>
   <div class='ocr_carea' id='block_1_66' title="bbox 145 4410 1791 4484">
    <p class='ocr_par' dir='ltr' id='par_1_66' title="bbox 145 4410 1791 4484">
     <span class='ocr_line' id='line_1_67' title="bbox 145 4410 1791 4484; baseline 0.001 -18"><span class='ocrx_word' id='word_1_480' title='bbox 145 4430 354 4484; x_wconf 89' lang='lat' dir='ltr'>scopus</span> <span class='ocrx_word' id='word_1_481' title='bbox 393 4411 564 4479; x_wconf 88' lang='lat' dir='ltr'>sedis,</span> <span class='ocrx_word' id='word_1_482' title='bbox 596 4410 861 4465; x_wconf 87' lang='lat' dir='ltr'>similiter</span> <span class='ocrx_word' id='word_1_483' title='bbox 891 4411 1015 4466; x_wconf 91' lang='lat' dir='ltr'>sub.</span> <span class='ocrx_word' id='word_1_484' title='bbox 1054 4411 1190 4466; x_wconf 89' lang='lat' dir='ltr'>Geta</span> <span class='ocrx_word' id='word_1_485' title='bbox 1228 4411 1505 4482; x_wconf 92' lang='lat' dir='ltr'>Elipensis</span> <span class='ocrx_word' id='word_1_486' title='bbox 1543 4412 1791 4468; x_wconf 83' lang='lat' dir='ltr'>ecclesia</span> 
     </span>
    </p>
   </div>
   <div class='ocr_carea' id='block_1_67' title="bbox 147 4504 1792 4578">
    <p class='ocr_par' dir='ltr' id='par_1_67' title="bbox 147 4504 1792 4578">
     <span class='ocr_line' id='line_1_68' title="bbox 147 4504 1792 4578; baseline -0.001 -17"><span class='ocrx_word' id='word_1_487' title='bbox 147 4508 488 4578; x_wconf 83' lang='lat' dir='ltr'>episcopus,</span> <span class='ocrx_word' id='word_1_488' title='bbox 541 4504 800 4560; x_wconf 87' lang='lat' dir='ltr'>similiter</span> <span class='ocrx_word' id='word_1_489' title='bbox 866 4505 990 4560; x_wconf 91' lang='lat' dir='ltr'>sub.</span> <span class='ocrx_word' id='word_1_490' title='bbox 1062 4505 1366 4560; x_wconf 88' lang='lat' dir='ltr'>Memorius</span> <span class='ocrx_word' id='word_1_491' title='bbox 1417 4505 1792 4577; x_wconf 88' lang='lat' dir='ltr'>Egobinensis</span> 
     </span>
    </p>
   </div>
   <div class='ocr_carea' id='block_1_68' title="bbox 1892 3285 3533 3353">
    <p class='ocr_par' dir='ltr' id='par_1_68' title="bbox 1892 3285 3533 3353">
     <span class='ocr_line' id='line_1_69' title="bbox 1892 3285 3533 3353; baseline 0.004 -13"><span class='ocrx_word' id='word_1_492' title='bbox 1892 3285 2237 3353; x_wconf 89' lang='lat' dir='ltr'>convellere,</span> <span class='ocrx_word' id='word_1_493' title='bbox 2254 3285 2445 3340; x_wconf 91' lang='lat' dir='ltr'>nullus</span> <span class='ocrx_word' id='word_1_494' title='bbox 2465 3291 2779 3342; x_wconf 90' lang='lat' dir='ltr'>temerator</span> <span class='ocrx_word' id='word_1_495' title='bbox 2792 3288 2915 3341; x_wconf 87' lang='lat' dir='ltr'>hac</span> <span class='ocrx_word' id='word_1_496' title='bbox 2938 3287 3169 3344; x_wconf 89' lang='lat' dir='ltr'>decreta</span> <span class='ocrx_word' id='word_1_497' title='bbox 3187 3288 3533 3346; x_wconf 87' lang='lat' dir='ltr'>subvertere.</span> 
     </span>
    </p>
   </div>
   <div class='ocr_carea' id='block_1_69' title="bbox 1888 3378 3538 3453">
    <p class='ocr_par' dir='ltr' id='par_1_69' title="bbox 1888 3378 3538 3453">
     <span class='ocr_line' id='line_1_70' title="bbox 1888 3378 3538 3453; baseline 0.003 -20"><span class='ocrx_word' id='word_1_498' title='bbox 1888 3379 2068 3433; x_wconf 91' lang='lat' dir='ltr'>Nemo</span> <span class='ocrx_word' id='word_1_499' title='bbox 2105 3378 2391 3435; x_wconf 88' lang='lat' dir='ltr'>illicitator</span> <span class='ocrx_word' id='word_1_500' title='bbox 2416 3381 2504 3435; x_wconf 88' lang='lat' dir='ltr'>vel</span> <span class='ocrx_word' id='word_1_501' title='bbox 2529 3383 2892 3453; x_wconf 89' lang='lat' dir='ltr'>contemptor</span> <span class='ocrx_word' id='word_1_502' title='bbox 2917 3381 3178 3453; x_wconf 89' lang='lat' dir='ltr'>vigorem</span> <span class='ocrx_word' id='word_1_503' title='bbox 3205 3381 3295 3437; x_wconf 91' lang='lat' dir='ltr'>his</span> <span class='ocrx_word' id='word_1_504' title='bbox 3321 3382 3538 3438; x_wconf 85' lang='lat' dir='ltr'>institu-</span> 
     </span>
    </p>
   </div>
   <div class='ocr_carea' id='block_1_70' title="bbox 1888 3472 3535 3548">
    <p class='ocr_par' dir='ltr' id='par_1_70' title="bbox 1888 3472 3535 3548">
     <span class='ocr_line' id='line_1_71' title="bbox 1888 3472 3535 3548; baseline 0.002 -20"><span class='ocrx_word' id='word_1_505' title='bbox 1888 3472 2142 3528; x_wconf 90' lang='lat' dir='ltr'>tionibus</span> <span class='ocrx_word' id='word_1_506' title='bbox 2168 3472 2480 3543; x_wconf 88' lang='lat' dir='ltr'>subtrahat,</span> <span class='ocrx_word' id='word_1_507' title='bbox 2503 3474 2600 3529; x_wconf 91' lang='lat' dir='ltr'>sed</span> <span class='ocrx_word' id='word_1_508' title='bbox 2623 3475 2966 3546; x_wconf 85' lang='lat' dir='ltr'>generaliter</span> <span class='ocrx_word' id='word_1_509' title='bbox 2986 3490 3090 3546; x_wconf 92' lang='lat' dir='ltr'>per</span> <span class='ocrx_word' id='word_1_510' title='bbox 3119 3479 3353 3531; x_wconf 88' lang='lat' dir='ltr'>cunctas</span> <span class='ocrx_word' id='word_1_511' title='bbox 3370 3476 3535 3548; x_wconf 90' lang='lat' dir='ltr'>regni</span> 
     </span>
    </p>
   </div>
   <div class='ocr_carea' id='block_1_71' title="bbox 1891 3565 3538 3641">
    <p class='ocr_par' dir='ltr' id='par_1_71' title="bbox 1891 3565 3538 3641">
     <span class='ocr_line' id='line_1_72' title="bbox 1891 3565 3538 3641; baseline 0.002 -19"><span class='ocrx_word' id='word_1_512' title='bbox 1891 3565 2072 3622; x_wconf 89' lang='lat' dir='ltr'>nostri</span> <span class='ocrx_word' id='word_1_513' title='bbox 2097 3566 2415 3636; x_wconf 91' lang='lat' dir='ltr'>provincias</span> <span class='ocrx_word' id='word_1_514' title='bbox 2443 3567 2567 3622; x_wconf 84' lang='lat' dir='ltr'>hac</span> <span class='ocrx_word' id='word_1_515' title='bbox 2594 3583 2876 3622; x_wconf 90' lang='lat' dir='ltr'>canonum</span> <span class='ocrx_word' id='word_1_516' title='bbox 2901 3567 3158 3624; x_wconf 89' lang='lat' dir='ltr'>instituta</span> <span class='ocrx_word' id='word_1_517' title='bbox 3179 3573 3389 3624; x_wconf 89' lang='lat' dir='ltr'>nostra</span> <span class='ocrx_word' id='word_1_518' title='bbox 3415 3570 3538 3641; x_wconf 87' lang='lat' dir='ltr'>glo-</span> 
     </span>
    </p>
   </div>
   <div class='ocr_carea' id='block_1_72' title="bbox 1888 3659 3533 3735">
    <p class='ocr_par' dir='ltr' id='par_1_72' title="bbox 1888 3659 3533 3735">
     <span class='ocr_line' id='line_1_73' title="bbox 1888 3659 3533 3735; baseline 0.002 -20"><span class='ocrx_word' id='word_1_519' title='bbox 1888 3660 1990 3715; x_wconf 87' lang='lat' dir='ltr'>ria</span> <span class='ocrx_word' id='word_1_520' title='bbox 2031 3659 2385 3730; x_wconf 86' lang='lat' dir='ltr'>temporibus</span> <span class='ocrx_word' id='word_1_521' title='bbox 2417 3663 2562 3729; x_wconf 87' lang='lat' dir='ltr'>acta,</span> <span class='ocrx_word' id='word_1_522' title='bbox 2595 3663 2654 3715; x_wconf 91' lang='lat' dir='ltr'>et</span> <span class='ocrx_word' id='word_1_523' title='bbox 2679 3660 3034 3716; x_wconf 88' lang='lat' dir='ltr'>auctoritatis</span> <span class='ocrx_word' id='word_1_524' title='bbox 3069 3661 3278 3717; x_wconf 88' lang='lat' dir='ltr'>debita</span> <span class='ocrx_word' id='word_1_525' title='bbox 3307 3661 3533 3735; x_wconf 86' lang='lat' dir='ltr'>fastigio</span> 
     </span>
    </p>
   </div>
   <div class='ocr_carea' id='block_1_73' title="bbox 1888 3753 3534 3826">
    <p class='ocr_par' dir='ltr' id='par_1_73' title="bbox 1888 3753 3534 3826">
     <span class='ocr_line' id='line_1_74' title="bbox 1888 3753 3534 3826; baseline 0.003 -19"><span class='ocrx_word' id='word_1_526' title='bbox 1888 3753 2324 3826; x_wconf 85' lang='lat' dir='ltr'>prapollebunt,</span> <span class='ocrx_word' id='word_1_527' title='bbox 2344 3756 2403 3808; x_wconf 89' lang='lat' dir='ltr'>et</span> <span class='ocrx_word' id='word_1_528' title='bbox 2425 3753 2737 3809; x_wconf 90' lang='lat' dir='ltr'>inviolabili</span> <span class='ocrx_word' id='word_1_529' title='bbox 2774 3759 2965 3810; x_wconf 86' lang='lat' dir='ltr'>tenore</span> <span class='ocrx_word' id='word_1_530' title='bbox 2987 3755 3343 3826; x_wconf 88' lang='lat' dir='ltr'>judiciorum</span> <span class='ocrx_word' id='word_1_531' title='bbox 3363 3756 3534 3812; x_wconf 86' lang='lat' dir='ltr'>habe-</span> 
     </span>
    </p>
   </div>
   <div class='ocr_carea' id='block_1_74' title="bbox 1888 3846 3537 3920">
    <p class='ocr_par' dir='ltr' id='par_1_74' title="bbox 1888 3846 3537 3920">
     <span class='ocr_line' id='line_1_75' title="bbox 1888 3846 3537 3920; baseline 0.002 -18"><span class='ocrx_word' id='word_1_532' title='bbox 1888 3847 2120 3902; x_wconf 91' lang='lat' dir='ltr'>buntur.</span> <span class='ocrx_word' id='word_1_533' title='bbox 2145 3846 2201 3902; x_wconf 91' lang='lat' dir='ltr'>Si</span> <span class='ocrx_word' id='word_1_534' title='bbox 2225 3847 2351 3918; x_wconf 89' lang='lat' dir='ltr'>quis</span> <span class='ocrx_word' id='word_1_535' title='bbox 2379 3850 2574 3903; x_wconf 87' lang='lat' dir='ltr'>autem</span> <span class='ocrx_word' id='word_1_536' title='bbox 2605 3849 2728 3903; x_wconf 85' lang='lat' dir='ltr'>haec</span> <span class='ocrx_word' id='word_1_537' title='bbox 2753 3848 3010 3906; x_wconf 87' lang='lat' dir='ltr'>instituta</span> <span class='ocrx_word' id='word_1_538' title='bbox 3038 3853 3386 3920; x_wconf 90' lang='lat' dir='ltr'>contemnat,</span> <span class='ocrx_word' id='word_1_539' title='bbox 3404 3867 3537 3906; x_wconf 89' lang='lat' dir='ltr'>con-</span> 
     </span>
    </p>
   </div>
   <div class='ocr_carea' id='block_1_75' title="bbox 1889 3942 3535 4015">
    <p class='ocr_par' dir='ltr' id='par_1_75' title="bbox 1889 3942 3535 4015">
     <span class='ocr_line' id='line_1_76' title="bbox 1889 3942 3535 4015; baseline 0.004 -19"><span class='ocrx_word' id='word_1_540' title='bbox 1889 3943 2250 4014; x_wconf 90' lang='lat' dir='ltr'>temptorum</span> <span class='ocrx_word' id='word_1_541' title='bbox 2295 3958 2355 3997; x_wconf 90' lang='lat' dir='ltr'>se</span> <span class='ocrx_word' id='word_1_542' title='bbox 2406 3942 2628 3998; x_wconf 88' lang='lat' dir='ltr'>noverit</span> <span class='ocrx_word' id='word_1_543' title='bbox 2669 3942 2935 3998; x_wconf 88' lang='lat' dir='ltr'>damnari</span> <span class='ocrx_word' id='word_1_544' title='bbox 2967 3943 3280 4015; x_wconf 89' lang='lat' dir='ltr'>sententia,</span> <span class='ocrx_word' id='word_1_545' title='bbox 3320 3944 3379 3999; x_wconf 92' lang='lat' dir='ltr'>id</span> <span class='ocrx_word' id='word_1_546' title='bbox 3429 3949 3535 4015; x_wconf 90' lang='lat' dir='ltr'>est,</span> 
     </span>
    </p>
   </div>
   <div class='ocr_carea' id='block_1_76' title="bbox 1891 4035 3534 4109">
    <p class='ocr_par' dir='ltr' id='par_1_76' title="bbox 1891 4035 3534 4109">
     <span class='ocr_line' id='line_1_77' title="bbox 1891 4035 3534 4109; baseline 0.003 -20"><span class='ocrx_word' id='word_1_547' title='bbox 1891 4038 1954 4090; x_wconf 91' lang='lat' dir='ltr'>ut</span> <span class='ocrx_word' id='word_1_548' title='bbox 1975 4035 2138 4108; x_wconf 82' lang='lat' dir='ltr'>juxta</span> <span class='ocrx_word' id='word_1_549' title='bbox 2163 4036 2514 4091; x_wconf 84' lang='lat' dir='ltr'>voluntatem</span> <span class='ocrx_word' id='word_1_550' title='bbox 2548 4040 2758 4092; x_wconf 88' lang='lat' dir='ltr'>nostra</span> <span class='ocrx_word' id='word_1_551' title='bbox 2790 4036 3006 4109; x_wconf 87' lang='lat' dir='ltr'>gloria,</span> <span class='ocrx_word' id='word_1_552' title='bbox 3037 4041 3095 4093; x_wconf 90' lang='lat' dir='ltr'>et</span> <span class='ocrx_word' id='word_1_553' title='bbox 3139 4039 3534 4094; x_wconf 87' lang='lat' dir='ltr'>excommuni-</span> 
     </span>
    </p>
   </div>
   <div class='ocr_carea' id='block_1_77' title="bbox 1891 4130 3535 4204">
    <p class='ocr_par' dir='ltr' id='par_1_77' title="bbox 1891 4130 3535 4204">
     <span class='ocr_line' id='line_1_78' title="bbox 1891 4130 3535 4204; baseline 0.003 -20"><span class='ocrx_word' id='word_1_554' title='bbox 1891 4134 2047 4184; x_wconf 87' lang='lat' dir='ltr'>catus</span> <span class='ocrx_word' id='word_1_555' title='bbox 2076 4146 2110 4184; x_wconf 91' lang='lat' dir='ltr'>a</span> <span class='ocrx_word' id='word_1_556' title='bbox 2134 4132 2281 4184; x_wconf 83' lang='lat' dir='ltr'>catu</span> <span class='ocrx_word' id='word_1_557' title='bbox 2328 4134 2525 4185; x_wconf 89' lang='lat' dir='ltr'>nostro</span> <span class='ocrx_word' id='word_1_558' title='bbox 2569 4130 2800 4198; x_wconf 88' lang='lat' dir='ltr'>resiliat,</span> <span class='ocrx_word' id='word_1_559' title='bbox 2827 4136 2885 4186; x_wconf 90' lang='lat' dir='ltr'>et</span> <span class='ocrx_word' id='word_1_560' title='bbox 2911 4130 3148 4203; x_wconf 89' lang='lat' dir='ltr'>insuper</span> <span class='ocrx_word' id='word_1_561' title='bbox 3173 4135 3401 4204; x_wconf 89' lang='lat' dir='ltr'>partem</span> <span class='ocrx_word' id='word_1_562' title='bbox 3433 4133 3535 4189; x_wconf 90' lang='lat' dir='ltr'>de-</span> 
     </span>
    </p>
   </div>
   <div class='ocr_carea' id='block_1_78' title="bbox 1893 4222 3534 4298">
    <p class='ocr_par' dir='ltr' id='par_1_78' title="bbox 1893 4222 3534 4298">
     <span class='ocr_line' id='line_1_79' title="bbox 1893 4222 3534 4298; baseline 0.003 -21"><span class='ocrx_word' id='word_1_563' title='bbox 1893 4222 2101 4278; x_wconf 89' lang='lat' dir='ltr'>cimam</span> <span class='ocrx_word' id='word_1_564' title='bbox 2114 4223 2394 4278; x_wconf 87' lang='lat' dir='ltr'>facultatis</span> <span class='ocrx_word' id='word_1_565' title='bbox 2409 4240 2526 4278; x_wconf 88' lang='lat' dir='ltr'>sua</span> <span class='ocrx_word' id='word_1_566' title='bbox 2541 4224 2660 4278; x_wconf 88' lang='lat' dir='ltr'>fisci</span> <span class='ocrx_word' id='word_1_567' title='bbox 2673 4225 2931 4295; x_wconf 89' lang='lat' dir='ltr'>partibus</span> <span class='ocrx_word' id='word_1_568' title='bbox 2945 4225 3275 4281; x_wconf 90' lang='lat' dir='ltr'>sociandam</span> <span class='ocrx_word' id='word_1_569' title='bbox 3289 4227 3534 4298; x_wconf 85' lang='lat' dir='ltr'>amittat;</span> 
     </span>
    </p>
   </div>
   <div class='ocr_carea' id='block_1_79' title="bbox 1891 4317 3536 4392">
    <p class='ocr_par' dir='ltr' id='par_1_79' title="bbox 1891 4317 3536 4392">
     <span class='ocr_line' id='line_1_80' title="bbox 1891 4317 3536 4392; baseline 0.003 -21"><span class='ocrx_word' id='word_1_570' title='bbox 1891 4318 2042 4389; x_wconf 89' lang='lat' dir='ltr'>quod</span> <span class='ocrx_word' id='word_1_571' title='bbox 2074 4317 2118 4371; x_wconf 92' lang='lat' dir='ltr'>si</span> <span class='ocrx_word' id='word_1_572' title='bbox 2168 4317 2310 4371; x_wconf 92' lang='lat' dir='ltr'>nihil</span> <span class='ocrx_word' id='word_1_573' title='bbox 2355 4317 2620 4373; x_wconf 85' lang='lat' dir='ltr'>habuerit</span> <span class='ocrx_word' id='word_1_574' title='bbox 2665 4317 2952 4374; x_wconf 84' lang='lat' dir='ltr'>facultatis</span> <span class='ocrx_word' id='word_1_575' title='bbox 2999 4319 3156 4374; x_wconf 89' lang='lat' dir='ltr'>unde</span> <span class='ocrx_word' id='word_1_576' title='bbox 3201 4320 3536 4392; x_wconf 89' lang='lat' dir='ltr'>pradictam</span> 
     </span>
    </p>
   </div>
   <div class='ocr_carea' id='block_1_80' title="bbox 1893 4410 3536 4483">
    <p class='ocr_par' dir='ltr' id='par_1_80' title="bbox 1893 4410 3536 4483">
     <span class='ocr_line' id='line_1_81' title="bbox 1893 4410 3536 4483; baseline 0.002 -17"><span class='ocrx_word' id='word_1_577' title='bbox 1893 4410 2366 4481; x_wconf 90' lang='lat' dir='ltr'>compositionem</span> <span class='ocrx_word' id='word_1_578' title='bbox 2389 4411 2679 4466; x_wconf 86' lang='lat' dir='ltr'>exsolvere</span> <span class='ocrx_word' id='word_1_579' title='bbox 2708 4411 2906 4483; x_wconf 91' lang='lat' dir='ltr'>possit,</span> <span class='ocrx_word' id='word_1_580' title='bbox 2932 4411 3146 4483; x_wconf 82' lang='lat' dir='ltr'>absque</span> <span class='ocrx_word' id='word_1_581' title='bbox 3168 4413 3280 4467; x_wconf 90' lang='lat' dir='ltr'>alia</span> <span class='ocrx_word' id='word_1_582' title='bbox 3303 4413 3536 4469; x_wconf 86' lang='lat' dir='ltr'>infamia</span> 
     </span>
    </p>
   </div>
   <div class='ocr_carea' id='block_1_81' title="bbox 1893 4503 3538 4576">
    <p class='ocr_par' dir='ltr' id='par_1_81' title="bbox 1893 4503 3538 4576">
     <span class='ocr_line' id='line_1_82' title="bbox 1893 4503 3538 4576; baseline 0.003 -18"><span class='ocrx_word' id='word_1_583' title='bbox 1893 4504 1980 4558; x_wconf 89' lang='lat' dir='ltr'>sui</span> <span class='ocrx_word' id='word_1_584' title='bbox 2008 4503 2425 4576; x_wconf 87' lang='lat' dir='ltr'>quinquaginta</span> <span class='ocrx_word' id='word_1_585' title='bbox 2446 4504 2734 4576; x_wconf 91' lang='lat' dir='ltr'>oportebit</span> <span class='ocrx_word' id='word_1_586' title='bbox 2751 4521 2885 4560; x_wconf 92' lang='lat' dir='ltr'>eum</span> <span class='ocrx_word' id='word_1_587' title='bbox 2905 4504 3112 4560; x_wconf 91' lang='lat' dir='ltr'>ictibus</span> <span class='ocrx_word' id='word_1_588' title='bbox 3133 4504 3440 4574; x_wconf 91' lang='lat' dir='ltr'>verberari,</span> <span class='ocrx_word' id='word_1_589' title='bbox 3472 4511 3538 4564; x_wconf 86' lang='lat' dir='ltr'>ut</span> 
     </span>
    </p>
   </div>
   <div class='ocr_carea' id='block_1_82' title="bbox 155 4596 3532 4678">
    <p class='ocr_par' dir='ltr' id='par_1_82' title="bbox 155 4596 3532 4678">
     <span class='ocr_line' id='line_1_83' title="bbox 155 4596 3532 4678; baseline 0 -24"><span class='ocrx_word' id='word_1_590' title='bbox 155 4599 411 4655; x_wconf 88' lang='lat' dir='ltr'>ecclesia</span> <span class='ocrx_word' id='word_1_591' title='bbox 476 4598 792 4671; x_wconf 87' lang='lat' dir='ltr'>episcOpus,</span> <span class='ocrx_word' id='word_1_592' title='bbox 856 4597 1119 4653; x_wconf 88' lang='lat' dir='ltr'>similiter</span> <span class='ocrx_word' id='word_1_593' title='bbox 1177 4599 1302 4654; x_wconf 92' lang='lat' dir='ltr'>sub.</span> <span class='ocrx_word' id='word_1_594' title='bbox 1363 4599 1879 4678; x_wconf 85' lang='lat' dir='ltr'>TructimundusD</span> <span class='ocrx_word' id='word_1_595' title='bbox 1903 4613 2129 4668; x_wconf 91' lang='lat' dir='ltr'>semper</span> <span class='ocrx_word' id='word_1_596' title='bbox 2172 4596 2403 4651; x_wconf 91' lang='lat' dir='ltr'>infamis</span> <span class='ocrx_word' id='word_1_597' title='bbox 2447 4600 2806 4668; x_wconf 88' lang='lat' dir='ltr'>permaneat.</span> <span class='ocrx_word' id='word_1_598' title='bbox 2839 4597 2999 4652; x_wconf 87' lang='lat' dir='ltr'>Edita</span> <span class='ocrx_word' id='word_1_599' title='bbox 3028 4597 3114 4652; x_wconf 84' lang='lat' dir='ltr'>lex</span> <span class='ocrx_word' id='word_1_600' title='bbox 3141 4598 3200 4652; x_wconf 90' lang='lat' dir='ltr'>in</span> <span class='ocrx_word' id='word_1_601' title='bbox 3229 4599 3532 4655; x_wconf 86' lang='lat' dir='ltr'>conﬁrma-</span> 
     </span>
    </p>
   </div>
   <div class='ocr_carea' id='block_1_83' title="bbox 152 4692 1792 4765">
    <p class='ocr_par' dir='ltr' id='par_1_83' title="bbox 152 4692 1792 4765">
     <span class='ocr_line' id='line_1_84' title="bbox 152 4692 1792 4765; baseline -0.001 -15"><span class='ocrx_word' id='word_1_602' title='bbox 152 4693 478 4750; x_wconf 82' lang='lat' dir='ltr'>Elborensis</span> <span class='ocrx_word' id='word_1_603' title='bbox 535 4692 832 4765; x_wconf 90' lang='lat' dir='ltr'>episc0pus</span> <span class='ocrx_word' id='word_1_604' title='bbox 875 4692 1000 4747; x_wconf 89' lang='lat' dir='ltr'>sub.</span> <span class='ocrx_word' id='word_1_605' title='bbox 1046 4692 1289 4747; x_wconf 91' lang='lat' dir='ltr'>Isidorus</span> <span class='ocrx_word' id='word_1_606' title='bbox 1331 4692 1621 4748; x_wconf 88' lang='lat' dir='ltr'>Sitalensis</span> <span class='ocrx_word' id='word_1_607' title='bbox 1672 4695 1792 4764; x_wconf 89' lang='lat' dir='ltr'>epi-</span> 
     </span>
    </p>
   </div>
   <div class='ocr_carea' id='block_1_84' title="bbox 153 4786 1795 4861">
    <p class='ocr_par' dir='ltr' id='par_1_84' title="bbox 153 4786 1795 4861">
     <span class='ocr_line' id='line_1_85' title="bbox 153 4786 1795 4861; baseline -0.001 -17"><span class='ocrx_word' id='word_1_608' title='bbox 153 4805 374 4861; x_wconf 83' lang='lat' dir='ltr'>scopus,</span> <span class='ocrx_word' id='word_1_609' title='bbox 404 4786 670 4842; x_wconf 89' lang='lat' dir='ltr'>similiter</span> <span class='ocrx_word' id='word_1_610' title='bbox 706 4787 832 4841; x_wconf 92' lang='lat' dir='ltr'>sub.</span> <span class='ocrx_word' id='word_1_611' title='bbox 863 4786 1212 4842; x_wconf 88' lang='lat' dir='ltr'>Gendentius</span> <span class='ocrx_word' id='word_1_612' title='bbox 1241 4787 1563 4842; x_wconf 86' lang='lat' dir='ltr'>Valevensis</span> <span class='ocrx_word' id='word_1_613' title='bbox 1584 4788 1795 4859; x_wconf 80' lang='lat' dir='ltr'>episco-</span> 
     </span>
    </p>
   </div>
   <div class='ocr_carea' id='block_1_85' title="bbox 152 4880 1790 4953">
    <p class='ocr_par' dir='ltr' id='par_1_85' title="bbox 152 4880 1790 4953">
     <span class='ocr_line' id='line_1_86' title="bbox 152 4880 1790 4953; baseline 0 -17"><span class='ocrx_word' id='word_1_614' title='bbox 152 4899 276 4952; x_wconf 90' lang='lat' dir='ltr'>pus,</span> <span class='ocrx_word' id='word_1_615' title='bbox 308 4881 574 4936; x_wconf 86' lang='lat' dir='ltr'>similiter</span> <span class='ocrx_word' id='word_1_616' title='bbox 603 4880 728 4936; x_wconf 86' lang='lat' dir='ltr'>sub.</span> <span class='ocrx_word' id='word_1_617' title='bbox 759 4880 1043 4935; x_wconf 91' lang='lat' dir='ltr'>Deodatus</span> <span class='ocrx_word' id='word_1_618' title='bbox 1069 4880 1430 4952; x_wconf 88' lang='lat' dir='ltr'>Segoniensis</span> <span class='ocrx_word' id='word_1_619' title='bbox 1471 4881 1790 4953; x_wconf 91' lang='lat' dir='ltr'>episcopus,</span> 
     </span>
    </p>
   </div>
   <div class='ocr_carea' id='block_1_86' title="bbox 154 4973 1790 5046">
    <p class='ocr_par' dir='ltr' id='par_1_86' title="bbox 154 4973 1790 5046">
     <span class='ocr_line' id='line_1_87' title="bbox 154 4973 1790 5046; baseline 0.001 -19"><span class='ocrx_word' id='word_1_620' title='bbox 154 4975 414 5030; x_wconf 85' lang='lat' dir='ltr'>similiter</span> <span class='ocrx_word' id='word_1_621' title='bbox 439 4973 564 5029; x_wconf 91' lang='lat' dir='ltr'>sub.</span> <span class='ocrx_word' id='word_1_622' title='bbox 595 4973 874 5028; x_wconf 89' lang='lat' dir='ltr'>Gentinus</span> <span class='ocrx_word' id='word_1_623' title='bbox 903 4973 1174 5028; x_wconf 89' lang='lat' dir='ltr'>Tudensis</span> <span class='ocrx_word' id='word_1_624' title='bbox 1220 4973 1519 5046; x_wconf 88' lang='lat' dir='ltr'>episcopus</span> <span class='ocrx_word' id='word_1_625' title='bbox 1550 4974 1790 5029; x_wconf 88' lang='lat' dir='ltr'>subscri-</span> 
     </span>
    </p>
   </div>
   <div class='ocr_carea' id='block_1_87' title="bbox 154 5066 1795 5139">
    <p class='ocr_par' dir='ltr' id='par_1_87' title="bbox 154 5066 1795 5139">
     <span class='ocr_line' id='line_1_88' title="bbox 154 5066 1795 5139; baseline 0 -16"><span class='ocrx_word' id='word_1_626' title='bbox 154 5069 256 5139; x_wconf 88' lang='lat' dir='ltr'>psi.</span> <span class='ocrx_word' id='word_1_627' title='bbox 319 5068 616 5123; x_wconf 85' lang='lat' dir='ltr'>Eroaricus</span> <span class='ocrx_word' id='word_1_628' title='bbox 666 5066 1104 5122; x_wconf 88' lang='lat' dir='ltr'>Portucaliensis</span> <span class='ocrx_word' id='word_1_629' title='bbox 1152 5067 1482 5139; x_wconf 90' lang='lat' dir='ltr'>episcopus,</span> <span class='ocrx_word' id='word_1_630' title='bbox 1529 5068 1795 5123; x_wconf 91' lang='lat' dir='ltr'>similiter</span> 
     </span>
    </p>
   </div>
   <div class='ocr_carea' id='block_1_88' title="bbox 155 5159 1789 5233">
    <p class='ocr_par' dir='ltr' id='par_1_88' title="bbox 155 5159 1789 5233">
     <span class='ocr_line' id='line_1_89' title="bbox 155 5159 1789 5233; baseline 0 -17"><span class='ocrx_word' id='word_1_631' title='bbox 155 5163 274 5218; x_wconf 91' lang='lat' dir='ltr'>sub.</span> <span class='ocrx_word' id='word_1_632' title='bbox 292 5162 450 5219; x_wconf 80' lang='lat' dir='ltr'>Felix</span> <span class='ocrx_word' id='word_1_633' title='bbox 475 5160 736 5216; x_wconf 90' lang='lat' dir='ltr'>Irriensis</span> <span class='ocrx_word' id='word_1_634' title='bbox 762 5159 1010 5216; x_wconf 89' lang='lat' dir='ltr'>ecclesia</span> <span class='ocrx_word' id='word_1_635' title='bbox 1033 5161 1354 5233; x_wconf 90' lang='lat' dir='ltr'>episcopus,</span> <span class='ocrx_word' id='word_1_636' title='bbox 1371 5161 1640 5218; x_wconf 90' lang='lat' dir='ltr'>similiter</span> <span class='ocrx_word' id='word_1_637' title='bbox 1664 5161 1789 5217; x_wconf 92' lang='lat' dir='ltr'>sub.</span> 
     </span>
    </p>
   </div>
   <div class='ocr_carea' id='block_1_89' title="bbox 1895 4689 3531 4757">
    <p class='ocr_par' dir='ltr' id='par_1_89' title="bbox 1895 4689 3531 4757">
     <span class='ocr_line' id='line_1_90' title="bbox 1895 4689 3531 4757; baseline 0.002 -11"><span class='ocrx_word' id='word_1_638' title='bbox 1895 4691 2051 4746; x_wconf 89' lang='lat' dir='ltr'>tione</span> <span class='ocrx_word' id='word_1_639' title='bbox 2083 4689 2307 4746; x_wconf 91' lang='lat' dir='ltr'>concilii</span> <span class='ocrx_word' id='word_1_640' title='bbox 2335 4690 2610 4757; x_wconf 84' lang='lat' dir='ltr'>Toletani,</span> <span class='ocrx_word' id='word_1_641' title='bbox 2645 4690 2750 4745; x_wconf 90' lang='lat' dir='ltr'>sub</span> <span class='ocrx_word' id='word_1_642' title='bbox 2789 4690 2882 4745; x_wconf 90' lang='lat' dir='ltr'>die</span> <span class='ocrx_word' id='word_1_643' title='bbox 2925 4695 3118 4746; x_wconf 89' lang='lat' dir='ltr'>octava</span> <span class='ocrx_word' id='word_1_644' title='bbox 3148 4691 3388 4748; x_wconf 88' lang='lat' dir='ltr'>Kalend.</span> <span class='ocrx_word' id='word_1_645' title='bbox 3427 4694 3531 4749; x_wconf 74' lang='lat' dir='ltr'>Fe~</span> 
     </span>
    </p>
   </div>
   <div class='ocr_carea' id='block_1_90' title="bbox 1893 4783 3533 4856">
    <p class='ocr_par' dir='ltr' id='par_1_90' title="bbox 1893 4783 3533 4856">
     <span class='ocr_line' id='line_1_91' title="bbox 1893 4783 3533 4856; baseline 0.001 -16"><span class='ocrx_word' id='word_1_646' title='bbox 1893 4783 2128 4852; x_wconf 90' lang='lat' dir='ltr'>bruarii,</span> <span class='ocrx_word' id='word_1_647' title='bbox 2145 4800 2298 4839; x_wconf 86' lang='lat' dir='ltr'>anno</span> <span class='ocrx_word' id='word_1_648' title='bbox 2328 4783 2572 4840; x_wconf 87' lang='lat' dir='ltr'>feliciter</span> <span class='ocrx_word' id='word_1_649' title='bbox 2597 4783 2785 4856; x_wconf 90' lang='lat' dir='ltr'>primo</span> <span class='ocrx_word' id='word_1_650' title='bbox 2813 4783 2980 4856; x_wconf 91' lang='lat' dir='ltr'>regni</span> <span class='ocrx_word' id='word_1_651' title='bbox 3006 4783 3202 4856; x_wconf 84' lang='lat' dir='ltr'>gloria</span> <span class='ocrx_word' id='word_1_652' title='bbox 3230 4788 3533 4843; x_wconf 88' lang='lat' dir='ltr'>nostra.In</span> 
     </span>
    </p>
   </div>
   <div class='ocr_carea' id='block_1_91' title="bbox 1893 4878 3530 4952">
    <p class='ocr_par' dir='ltr' id='par_1_91' title="bbox 1893 4878 3530 4952">
     <span class='ocr_line' id='line_1_92' title="bbox 1893 4878 3530 4952; baseline 0.002 -18"><span class='ocrx_word' id='word_1_653' title='bbox 1893 4878 2128 4934; x_wconf 91' lang='lat' dir='ltr'>nomine</span> <span class='ocrx_word' id='word_1_654' title='bbox 2157 4878 2405 4949; x_wconf 90' lang='lat' dir='ltr'>Domini,</span> <span class='ocrx_word' id='word_1_655' title='bbox 2434 4878 2652 4934; x_wconf 86' lang='lat' dir='ltr'>Flavius</span> <span class='ocrx_word' id='word_1_656' title='bbox 2677 4879 2943 4951; x_wconf 90' lang='lat' dir='ltr'>Eringius</span> <span class='ocrx_word' id='word_1_657' title='bbox 2971 4895 3072 4933; x_wconf 90' lang='lat' dir='ltr'>rex</span> <span class='ocrx_word' id='word_1_658' title='bbox 3101 4878 3207 4932; x_wconf 90' lang='lat' dir='ltr'>hoc</span> <span class='ocrx_word' id='word_1_659' title='bbox 3247 4879 3392 4952; x_wconf 89' lang='lat' dir='ltr'>legis</span> <span class='ocrx_word' id='word_1_660' title='bbox 3425 4897 3530 4937; x_wconf 88' lang='lat' dir='ltr'>no-</span> 
     </span>
    </p>
   </div>
   <div class='ocr_carea' id='block_1_92' title="bbox 1895 4971 3530 5047">
    <p class='ocr_par' dir='ltr' id='par_1_92' title="bbox 1895 4971 3530 5047">
     <span class='ocr_line' id='line_1_93' title="bbox 1895 4971 3530 5047; baseline 0.002 -19"><span class='ocrx_word' id='word_1_661' title='bbox 1895 4977 2027 5028; x_wconf 87' lang='lat' dir='ltr'>stra</span> <span class='ocrx_word' id='word_1_662' title='bbox 2064 4971 2314 5028; x_wconf 90' lang='lat' dir='ltr'>edictum</span> <span class='ocrx_word' id='word_1_663' title='bbox 2349 4972 2406 5027; x_wconf 92' lang='lat' dir='ltr'>in</span> <span class='ocrx_word' id='word_1_664' title='bbox 2449 4971 2878 5030; x_wconf 87' lang='lat' dir='ltr'>confirmatione</span> <span class='ocrx_word' id='word_1_665' title='bbox 2918 4971 3089 5044; x_wconf 88' lang='lat' dir='ltr'>hujus</span> <span class='ocrx_word' id='word_1_666' title='bbox 3135 4971 3360 5029; x_wconf 90' lang='lat' dir='ltr'>concilii</span> <span class='ocrx_word' id='word_1_667' title='bbox 3383 4990 3530 5047; x_wconf 84' lang='lat' dir='ltr'>pro-</span> 
     </span>
    </p>
   </div>
   <div class='ocr_carea' id='block_1_93' title="bbox 1894 5065 2568 5139">
    <p class='ocr_par' dir='ltr' id='par_1_93' title="bbox 1894 5065 2568 5139">
     <span class='ocr_line' id='line_1_94' title="bbox 1894 5065 2568 5139; baseline -0.001 -16"><span class='ocrx_word' id='word_1_668' title='bbox 1894 5067 2216 5138; x_wconf 89' lang='lat' dir='ltr'>mulgatum</span> <span class='ocrx_word' id='word_1_669' title='bbox 2242 5065 2568 5139; x_wconf 89' lang='lat' dir='ltr'>subscripsi.</span> 
     </span>
    </p>
   </div>
   <div class='ocr_carea' id='block_1_94' title="bbox 275 5351 3398 5529">
    <p class='ocr_par' dir='ltr' id='par_1_94' title="bbox 275 5351 3398 5529">
     <span class='ocr_line' id='line_1_95' title="bbox 275 5351 3398 5529; baseline 0.001 -5"><span class='ocrx_word' id='word_1_670' title='bbox 275 5431 702 5525; x_wconf 87' lang='lat' dir='ltr'>INCIPIT</span> <span class='ocrx_word' id='word_1_671' title='bbox 787 5351 1400 5529; x_wconf 86' lang='lat' dir='ltr'>CONCILIUM</span> <span class='ocrx_word' id='word_1_672' title='bbox 1485 5431 2173 5528; x_wconf 83' lang='lat' dir='ltr'>TOLETANUM</span> <span class='ocrx_word' id='word_1_673' title='bbox 2256 5428 2768 5524; x_wconf 89' lang='lat' dir='ltr'>DECIMUM</span> <span class='ocrx_word' id='word_1_674' title='bbox 2865 5428 3398 5527; x_wconf 86' lang='lat' dir='ltr'>TERTIUM.</span> 
     </span>
    </p>
   </div>
   <div class='ocr_carea' id='block_1_95' title="bbox 497 5585 2688 5670">
    <p class='ocr_par' dir='ltr' id='par_1_95' title="bbox 497 5585 2688 5670">
     <span class='ocr_line' id='line_1_96' title="bbox 497 5585 2688 5670; baseline -0.002 -17"><span class='ocrx_word' id='word_1_675' title='bbox 497 5630 528 5639; x_wconf 55' lang='grc' dir='ltr'><strong>κ</strong></span> <span class='ocrx_word' id='word_1_676' title='bbox 1003 5589 1240 5652; x_wconf 81' lang='lat' dir='ltr'>Actum</span> <span class='ocrx_word' id='word_1_677' title='bbox 1277 5605 1415 5652; x_wconf 78' lang='lat' dir='ltr'>ara</span> <span class='ocrx_word' id='word_1_678' title='bbox 1444 5605 1694 5666; x_wconf 77' lang='lat' dir='ltr'>nccxxx,</span> <span class='ocrx_word' id='word_1_679' title='bbox 1727 5606 1902 5652; x_wconf 86' lang='lat' dir='ltr'>anno</span> <span class='ocrx_word' id='word_1_680' title='bbox 1931 5594 2167 5670; x_wconf 82' lang='lat' dir='ltr'>quarto</span> <span class='ocrx_word' id='word_1_681' title='bbox 2195 5585 2470 5667; x_wconf 73' lang='lat' dir='ltr'>Eringiz&#39;</span> <span class='ocrx_word' id='word_1_682' title='bbox 2494 5587 2688 5668; x_wconf 76' lang='lat' dir='ltr'>regis.</span> 
     </span>
    </p>
   </div>
   <div class='ocr_carea' id='block_1_96' title="bbox 216 5733 1790 5794">
    <p class='ocr_par' dir='ltr' id='par_1_96' title="bbox 216 5733 1790 5794">
     <span class='ocr_line' id='line_1_97' title="bbox 216 5733 1790 5794; baseline 0.003 -6"><span class='ocrx_word' id='word_1_683' title='bbox 216 5734 458 5790; x_wconf 86' lang='lat' dir='ltr'>Illibata</span> <span class='ocrx_word' id='word_1_684' title='bbox 483 5733 780 5790; x_wconf 86' lang='lat' dir='ltr'>charitatis</span> <span class='ocrx_word' id='word_1_685' title='bbox 804 5734 1078 5793; x_wconf 88' lang='lat' dir='ltr'>instinctu</span> <span class='ocrx_word' id='word_1_686' title='bbox 1112 5736 1346 5793; x_wconf 85' lang='lat' dir='ltr'>alternis</span> <span class='ocrx_word' id='word_1_687' title='bbox 1369 5736 1658 5794; x_wconf 87' lang='lat' dir='ltr'>visionum</span> <span class='ocrx_word' id='word_1_688' title='bbox 1687 5737 1790 5793; x_wconf 87' lang='lat' dir='ltr'>ob-</span> 
     </span>
    </p>
   </div>
   <div class='ocr_carea' id='block_1_97' title="bbox 146 5827 1794 5903">
    <p class='ocr_par' dir='ltr' id='par_1_97' title="bbox 146 5827 1794 5903">
     <span class='ocr_line' id='line_1_98' title="bbox 146 5827 1794 5903; baseline 0.004 -23"><span class='ocrx_word' id='word_1_689' title='bbox 146 5827 360 5882; x_wconf 85' lang='lat' dir='ltr'>tutibus</span> <span class='ocrx_word' id='word_1_690' title='bbox 387 5827 599 5883; x_wconf 86' lang='lat' dir='ltr'>redditi</span> <span class='ocrx_word' id='word_1_691' title='bbox 623 5833 681 5884; x_wconf 91' lang='lat' dir='ltr'>et</span> <span class='ocrx_word' id='word_1_692' title='bbox 697 5828 760 5884; x_wconf 90' lang='lat' dir='ltr'>in</span> <span class='ocrx_word' id='word_1_693' title='bbox 781 5845 963 5886; x_wconf 90' lang='lat' dir='ltr'>unum</span> <span class='ocrx_word' id='word_1_694' title='bbox 985 5833 1191 5886; x_wconf 78' lang='lat' dir='ltr'>catum</span> <span class='ocrx_word' id='word_1_695' title='bbox 1210 5830 1426 5886; x_wconf 89' lang='lat' dir='ltr'>factore</span> <span class='ocrx_word' id='word_1_696' title='bbox 1449 5831 1559 5887; x_wconf 91' lang='lat' dir='ltr'>Deo</span> <span class='ocrx_word' id='word_1_697' title='bbox 1579 5830 1794 5903; x_wconf 87' lang='lat' dir='ltr'>pariter</span> 
     </span>
    </p>
   </div>
   <div class='ocr_carea' id='block_1_98' title="bbox 145 5921 1785 5997">
    <p class='ocr_par' dir='ltr' id='par_1_98' title="bbox 145 5921 1785 5997">
     <span class='ocr_line' id='line_1_99' title="bbox 145 5921 1785 5997; baseline 0 -17"><span class='ocrx_word' id='word_1_698' title='bbox 145 5921 448 5997; x_wconf 79' lang='lat' dir='ltr'>aggregati</span> <span class='ocrx_word' id='word_1_699' title='bbox 475 5921 537 5979; x_wconf 91' lang='lat' dir='ltr'>in</span> <span class='ocrx_word' id='word_1_700' title='bbox 570 5922 821 5992; x_wconf 81' lang='lat' dir='ltr'>ecclesia,</span> <span class='ocrx_word' id='word_1_701' title='bbox 848 5924 1112 5983; x_wconf 84' lang='lat' dir='ltr'>videlicet</span> <span class='ocrx_word' id='word_1_702' title='bbox 1145 5927 1474 5984; x_wconf 89' lang='lat' dir='ltr'>sanctorum</span> <span class='ocrx_word' id='word_1_703' title='bbox 1505 5925 1785 5996; x_wconf 86' lang='lat' dir='ltr'>apostolo-</span> 
     </span>
    </p>
   </div>
   <div class='ocr_carea' id='block_1_99' title="bbox 1893 5728 3502 5805">
    <p class='ocr_par' dir='ltr' id='par_1_99' title="bbox 1893 5728 3502 5805">
     <span class='ocr_line' id='line_1_100' title="bbox 1893 5728 3502 5805; baseline -0.004 -14"><span class='ocrx_word' id='word_1_704' title='bbox 1893 5751 2021 5791; x_wconf 91' lang='lat' dir='ltr'>rum</span> <span class='ocrx_word' id='word_1_705' title='bbox 2051 5733 2204 5790; x_wconf 89' lang='lat' dir='ltr'>Petri</span> <span class='ocrx_word' id='word_1_706' title='bbox 2233 5737 2290 5790; x_wconf 89' lang='lat' dir='ltr'>et</span> <span class='ocrx_word' id='word_1_707' title='bbox 2316 5732 2498 5801; x_wconf 89' lang='lat' dir='ltr'>Pauli,</span> <span class='ocrx_word' id='word_1_708' title='bbox 2529 5749 2682 5789; x_wconf 90' lang='lat' dir='ltr'>anno</span> <span class='ocrx_word' id='word_1_709' title='bbox 2721 5731 2885 5805; x_wconf 88' lang='lat' dir='ltr'>regni</span> <span class='ocrx_word' id='word_1_710' title='bbox 2925 5733 2958 5789; x_wconf 73' lang='grc'>4</span> <span class='ocrx_word' id='word_1_711' title='bbox 2989 5728 3333 5787; x_wconf 87' lang='lat' dir='ltr'>serenissimi</span> <span class='ocrx_word' id='word_1_712' title='bbox 3364 5728 3502 5784; x_wconf 85' lang='lat' dir='ltr'>Erin</span> 
     </span>
    </p>
   </div>
   <div class='ocr_carea' id='block_1_100' title="bbox 1891 5819 3532 5903">
    <p class='ocr_par' dir='ltr' id='par_1_100' title="bbox 1891 5819 3532 5903">
     <span class='ocr_line' id='line_1_101' title="bbox 1891 5819 3532 5903; baseline -0.004 -17"><span class='ocrx_word' id='word_1_713' title='bbox 1891 5829 1970 5903; x_wconf 89' lang='lat' dir='ltr'>gii</span> <span class='ocrx_word' id='word_1_714' title='bbox 1998 5827 2292 5902; x_wconf 91' lang='lat' dir='ltr'>principis,</span> <span class='ocrx_word' id='word_1_715' title='bbox 2313 5827 2419 5884; x_wconf 89' lang='lat' dir='ltr'>sub</span> <span class='ocrx_word' id='word_1_716' title='bbox 2451 5826 2541 5884; x_wconf 91' lang='lat' dir='ltr'>die</span> <span class='ocrx_word' id='word_1_717' title='bbox 2565 5827 2814 5884; x_wconf 88' lang='lat' dir='ltr'>secunda</span> <span class='ocrx_word' id='word_1_718' title='bbox 2837 5827 3022 5882; x_wconf 86' lang='lat' dir='ltr'>Nonas</span> <span class='ocrx_word' id='word_1_719' title='bbox 3051 5819 3401 5892; x_wconf 85' lang='lat' dir='ltr'>Novembris,</span> <span class='ocrx_word' id='word_1_720' title='bbox 3417 5839 3532 5880; x_wconf 82' lang='lat' dir='ltr'>ara</span> 
     </span>
    </p>
   </div>
   <div class='ocr_carea' id='block_1_101' title="bbox 1890 5913 3530 5996">
    <p class='ocr_par' dir='ltr' id='par_1_101' title="bbox 1890 5913 3530 5996">
     <span class='ocr_line' id='line_1_102' title="bbox 1890 5913 3530 5996; baseline -0.005 -12"><span class='ocrx_word' id='word_1_721' title='bbox 1890 5940 2100 5995; x_wconf 70' lang='lat' dir='ltr'>cccxxx,</span> <span class='ocrx_word' id='word_1_722' title='bbox 2148 5939 2281 5982; x_wconf 88' lang='lat' dir='ltr'>cum</span> <span class='ocrx_word' id='word_1_723' title='bbox 2314 5921 2708 5996; x_wconf 85' lang='lat' dir='ltr'>unusquisque</span> <span class='ocrx_word' id='word_1_724' title='bbox 2749 5921 3012 5978; x_wconf 87' lang='lat' dir='ltr'>nostrum</span> <span class='ocrx_word' id='word_1_725' title='bbox 3059 5913 3268 5971; x_wconf 80' lang='lat' dir='ltr'>debitis</span> <span class='ocrx_word' id='word_1_726' title='bbox 3313 5914 3530 5975; x_wconf 82' lang='lat' dir='ltr'>locare-</span> 
     </span>
    </p>
   </div>
  </div>
