4032 6306
484 366 586 422 563

1378 366 1659 423 ΑΡΡΕΝΙ).
1699 368 1787 423 ΑΒ
1823 364 1981 422 SrEC.
2025 368 2111 423 IX.
2141 390 2209 408 -ι-
2248 368 2490 425 lSIDORl
2527 369 2950 426 MERCATORIS

3756 354 3865 429 564

481 479 578 529 tur
607 474 667 530 in
700 473 946 543 sedibus,
979 474 1161 530 adfuit
1186 474 1339 530 idem
1381 474 1644 547 princeps
1668 475 1838 547 pleno
1865 475 2003 532 ﬁdei
2027 493 2116 531 ar-
2140 491 2201 565 Α
2220 478 2487 545 referam,
2506 494 2754 549 quorum
2777 477 3185 533 redhibitiones
3215 478 3389 535 tantis
3416 479 3742 536 debitorum
3768 498 3867 537 cu-

486 569 628 624 dere
653 568 948 637 subnixus,
979 572 1037 623 et
1080 568 1418 623 humilitatis
1446 568 1626 639 gratia
1678 568 1993 638 decoratus,
2023 569 2120 642 qui

486 663 705 734 synodo
726 662 1144 717 deliberationis
1170 678 1286 716 sue
1315 666 1445 717 vota
1470 664 1896 733 commendans,
1930 668 1996 719 ut
2017 674 2120 735 pro

486 773 546 811 se
593 757 769 810 Deum
824 755 1231 811 instantissime
1286 756 1694 827 deprecaretur
1738 758 2118 829 expostulans,

484 849 595 904 hoc
621 849 942 921 prmsertim
975 854 1059 904 est
1087 851 1364 905 allocutus
1392 850 1698 905 sufﬁcienti
1726 852 2121 907 exhortatione

485 943 807 1010 concilium,
823 947 885 997 ut
906 943 1297 998 ecclesiastica:
1318 944 1629 1016 disciplina:
1651 962 1779 1016 quae
1798 949 2124 1017 congruunt

485 1043 541 1093 et
566 1037 921 1109 corrigendis
950 1038 1211 1092 moribus
1240 1055 1368 1109 quae
1405 1038 1754 1093 conveniunt
1780 1043 1989 1094 tractus
2016 1057 2118 1095 no-

484 1131 586 1186 stri
614 1131 896 1187 evidentia
916 1131 1291 1187 sancirentur.
1308 1133 1522 1188 Deinde
1542 1133 1819 1205 religiosis
1843 1133 1988 1189 votis
2006 1151 2122 1189 suae

481 1225 824 1296 clementiae,
859 1226 1067 1297 quibus
1108 1226 1567 1282 subveniendum
1596 1227 1817 1283 miseris
1847 1228 2120 1297 deﬁnivit,

485 1319 745 1391 synodali
785 1325 1069 1375 conventu
1107 1321 1500 1376 conﬁrmanda
1540 1323 1839 1390 commisit,
1884 1323 2126 1378 offerens

483 1413 750 1469 videlicet
775 1414 950 1469 sacris
975 1414 1337 1486 pontiﬁcibus
1366 1420 1613 1483 tomum,
1648 1416 1950 1472 obsecrans
1978 1416 2125 1489 pari-

486 1512 593 1575 ter,
624 1510 679 1562 et
704 1511 1050 1578 contestans,
1084 1512 1149 1563 ut
1172 1508 1447 1581 quidquid
1468 1508 1583 1564 illic
1609 1510 1949 1566 venustioris
1978 1515 2127 1565 esset

488 1601 696 1656 calami
733 1603 1094 1673 respersione
1119 1608 1473 1674 congestum,
1523 1604 1808 1675 synodalis
1852 1604 2127 1676 potentiae

489 1696 832 1751 conderetur
859 1696 1061 1751 ordine
1087 1696 1405 1753 titulorum.
1427 1699 1583 1753 Tunc
1607 1715 1710 1753 nos
1735 1715 1837 1770 pro
1865 1701 2125 1771 suscepto

488 1807 521 1843 a
547 1790 804 1862 principe
823 1794 982 1846 temo
1006 1792 1248 1863 gloriam
1268 1791 1528 1846 dedimus
1544 1793 1680 1862 Deo,
1695 1798 1751 1848 et
1767 1793 1953 1849 eidem
1973 1793 2128 1865 prin-

2219 571 2393 627 mulis
2410 572 2786 641 increverunt,
2804 575 2865 629 ut
2882 572 2925 626 si
2949 572 3099 643 exigi
3109 572 3337 644 penitus
3351 574 3667 644 jubeantur
3687 580 3743 630 et
3756 579 3868 630 sta-

2219 668 2310 719 tus
2336 665 2644 720 subruatur
2672 666 2928 720 funditus
2956 666 3320 737 populorum,
3349 672 3405 722 et
3432 667 3714 739 fragmine
3744 670 3864 724 col-

2221 758 2435 813 lisionis
2466 775 2669 814 eorum
2696 760 2963 815 ultimum
2995 764 3161 815 terrae
3188 761 3438 816 sentiant
3461 763 3707 834 proprias
3737 780 3869 834 pro-

2222 852 2490 924 lapsionis
2518 854 2795 908 excidium
2818 854 2845 908 ?
2874 854 3033 911 Unde
3062 854 3270 909 talibus
3299 872 3416 910 non
3463 856 3648 911 solum
3672 857 3863 928 priva-

2221 946 2311 1015 tis,
2333 947 2429 1002 sed
2460 947 2635 1002 etiam
2664 947 2949 1002 iiscalibus
2982 948 3154 1002 servis
3183 949 3427 1004 remedia
3458 950 3686 1023 pietatis
3713 968 3864 1021 prae-

2224 1046 2427 1111 optans
2456 1045 2653 1095 nostra
2674 1041 2850 1110 gloria
2877 1041 3178 1097 affluenter
3201 1042 3557 1114 impendere,
3578 1049 3643 1099 ut
3661 1060 3869 1099 omnes

2222 1134 2569 1189 tributorum
2597 1135 2917 1190 exactiones
2962 1152 3091 1207 quas
3120 1137 3269 1207 apud
3299 1136 3422 1190 illos
3466 1137 3536 1191 de
3565 1138 3869 1193 retroactis

2222 1228 2576 1299 temporibus
2593 1230 2875 1300 adjacent,
2896 1245 3075 1300 usque
3097 1230 3168 1284 ad
3194 1230 3444 1302 primum
3467 1248 3682 1286 annum
3704 1248 3869 1287 man-

2224 1324 2462 1377 suetudo
2492 1330 2683 1378 nostra
2714 1324 2820 1378 illis
2849 1323 3225 1378 remittendas
3250 1325 3472 1395 laxavit,
3490 1329 3547 1379 et
3564 1326 3708 1396 style
3727 1342 3864 1397 pro-

2224 1416 2363 1487 prias
2389 1417 2745 1471 auctoritatis
2778 1434 2938 1471 sacro
2965 1421 3160 1473 sancto
3188 1418 3357 1472 coetui
3382 1421 3573 1473 nostro
3601 1419 3869 1490 relegen-

2227 1510 2323 1564 das
2347 1511 2542 1581 elegit.
2575 1511 2717 1565 Illud
2751 1528 2982 1583 quoque
3009 1511 3280 1583 adjiciens
3308 1513 3511 1584 loquar
3540 1513 3692 1585 quod
3720 1515 3871 1568 votis

2228 1604 2432 1659 nostris
2473 1604 2745 1659 horribile
2774 1608 2830 1659 et
2859 1605 3067 1660 animis
3098 1606 3444 1661 exsecrabile
3489 1610 3575 1661 est
3616 1624 3867 1680 semper.

2183 1697 2604 1775 {Ignobilitatis
2648 1698 2895 1753 conditio
2939 1699 3280 1754 libertorum
3326 1699 3412 1754 vel
3463 1717 3776 1770 servorum,
3814 1705 3875 1754 et

2228 1791 2527 1863 adaequata
2553 1792 2738 1862 gentis
2766 1797 2977 1847 nostrae
3008 1797 3217 1848 statum
3241 1792 3570 1865 degenerat,
3593 1794 3665 1849 ob
3692 1811 3873 1866 quam

491 1884 604 1955 cipi
660 1884 1063 1941 benediximus
1115 1885 1383 1957 glorioso.
1424 1886 1581 1941 Idem
1624 1891 1819 1943 tamen
1866 1888 2129 1959 princeps
2147 1869 2204 1940 Β
2229 1901 2350 1940 rem
2382 1886 2486 1939 hoc
2513 1888 2720 1940 nostrae
2748 1886 2947 1957 gloria:
2967 1886 3174 1941 animis
3201 1886 3408 1958 placet,
3432 1891 3497 1941 ut
3512 1889 3762 1959 exceptis
3783 1889 3874 1942 ﬁs-

489 1983 791 2051 postquam
809 1984 1074 2035 votorum
1103 1997 1338 2037 suorum
1369 1983 1653 2037 actionem
1680 1982 1922 2054 peregit,
1943 2000 1976 2036 a
1996 1998 2126 2037 con-

488 2074 664 2126 ventu
693 2073 915 2128 concilii
938 2074 1220 2145 gratiosus
1250 2075 1438 2130 exivit.
1466 2077 1621 2130 Tunc
1648 2078 1779 2147 post
1802 2074 2124 2147 praasentiae

488 2166 824 2237 principalis
852 2168 1196 2238 abscessum,
1219 2170 1326 2224 hoc
1347 2169 1405 2225 in
1427 2170 1571 2224 tomi
1591 2169 1768 2242 ipsius
1784 2158 2125 2241 allegatione

492 2260 811 2331 reperimus
839 2267 1151 2318 exaratum.
1183 2250 1199 2345 ξ

565 2355 626 2408 In
653 2355 887 2410 nomine
915 2356 1143 2412 Domini
1173 2359 1391 2413 Flavius
1410 2358 1674 2429 Eringius
1702 2374 1822 2426 rex,
1853 2359 2128 2414 sanctissi-

493 2447 602 2502 mis
646 2449 903 2504 Patribus
954 2451 1011 2506 in
1050 2452 1155 2507 hac
1205 2456 1396 2507 sancta
1445 2453 1659 2524 synodo
1724 2453 2123 2508 residentibus.

490 2542 651 2609 Ecce,
686 2544 1022 2599 sanctissimi
1044 2546 1313 2618 religiosa
1340 2547 1549 2618 pietate
1577 2546 1871 2601 excolendi
1898 2547 2125 2617 pontiﬁ-

490 2652 581 2690 ees
616 2641 673 2692 et
700 2637 876 2692 divini
910 2640 1095 2694 cultus
1143 2640 1540 2696 instantissimi
1584 2645 1904 2709 sectatOres,
1933 2658 2127 2696 coram

493 2733 666 2785 coetus
693 2731 865 2786 vestri
892 2734 1209 2789 reverentia
1252 2735 1483 2789 humilis
1510 2735 1854 2806 devotusque
1879 2739 2127 2806 proster-

495 2840 617 2877 nor.
659 2825 897 2879 Beclivis
943 2826 1158 2895 assiste,
1210 2831 1512 2899 promptus
1552 2828 1847 2899 astipulor,
1876 2829 2129 2899 primum

497 2917 569 2971 de
615 2924 926 2973 conventus
968 2922 1141 2975 vestri
1184 2922 1595 2993 aggregatione
1650 2923 1799 2976 Patri
1846 2922 2129 2978 luminum

497 3011 811 3081 gratiarum
842 3013 1066 3084 copiam
1096 3015 1339 3083 solvens,
1356 3016 1562 3070 deinde
1582 3018 1843 3069 votorum
1866 3032 2131 3084 meorum

497 3034 811 3081 grauaI'UID
842 3034 1066 3084 coplam
1096 3034 1562 3083 sorvens,uemae
1582 3034 1843 3069 veterum
1866 3034 1997 3070 meo
2035 3034 2131 3071 um

497 3105 683 3158 studia
722 3106 922 3161 vestris
963 3108 1193 3178 judiciis
1240 3108 1563 3164 dirimenda
1607 3034 2132 3197 committensi‘Nec

499 3198 651 3252 enim
681 3199 765 3254 fas
792 3203 877 3254 est
904 3218 1275 3274 quemquam,
1306 3204 1476 3259 etiam
1524 3204 1570 3258 si
1600 3204 1816 3258 bonum
1866 3203 1939 3257 sit
1966 3222 2127 3275 opus,

496 3292 618 3347 sine
641 3294 877 3365 collegio
905 3312 1096 3367 agere,
1116 3314 1247 3352 cum
1274 3299 1453 3353 multa
1469 3301 1662 3354 tamen
1683 3298 1971 3369 permissit
1987 3300 2132 3353 Deus

497 3386 643 3441 bona
687 3405 817 3443 cum
846 3391 1082 3445 concilio
1124 3392 1409 3447 bonorum
1440 3392 1644 3463 egisse,
1678 3392 1829 3447 unde
1872 3396 1936 3447 ut
1974 3392 2133 3448 brevi

498 3481 890 3538 exhortatione
911 3502 1197 3557 perorem,
1213 3491 1339 3541 vota
1364 3503 1493 3541 mea
1518 3486 1724 3558 quibus
1743 3488 2001 3543 remedia
2022 3487 2134 3559 pie-

496 3578 679 3630 tatum
731 3594 993 3634 exercere
1043 3580 1296 3635 delector
1338 3581 1596 3635 sensibus
1637 3582 1992 3652 paternitatis
2042 3598 2129 3636 ve-

497 3674 628 3724 strae
678 3674 1036 3743 agnoscenda
1081 3674 1281 3729 innuo.
1315 3676 1451 3739 Quae
1486 3678 1684 3729 tamen
1736 3692 1806 3730 ne
1855 3675 2133 3730 oblivione

497 3765 750 3834 quadam
778 3766 1115 3820 memoriam
1145 3768 1389 3837 fugiant,
1411 3766 1748 3823 etrelationi
1777 3768 2023 3840 propriae
2043 3785 2135 3823 cu-

495 3872 691 3911 rarum
714 3858 1077 3929 intercapedo
1098 3860 1395 3927 subducat,
1410 3862 1468 3915 in
1491 3862 1660 3933 hujus
1678 3862 1817 3915 tomi
1834 3863 2133 3934 complica-

499 3950 651 4005 tione
681 3951 917 4022 accipite
945 3955 1236 4008 annotata.
1269 3954 1409 4009 Illud
1439 3954 1690 4025 primum
1722 3956 1965 4011 volventi
1992 3956 2133 4012 mihi

502 4043 722 4098 miseris
767 4060 1016 4115 parcere,
1048 4046 1314 4101 convenit
1344 4047 1629 4115 intimare,
1659 4049 1813 4120 quod
1859 4049 2134 4106 divulsam

500 4154 602 4209 per
626 4139 984 4209 tyrannidem
1016 4141 1196 4196 nostri
1222 4142 1473 4212 corporis
1500 4147 1723 4213 partem
1767 4143 1827 4198 in
1856 4144 2135 4201 societatis

502 4237 709 4286 nostrae
729 4233 1012 4303 gremium
1032 4252 1307 4291 conamur
1323 4237 1615 4293 reducere.
1635 4238 1861 4293 Etenim
1887 4242 2133 4295 retroac-

502 4326 573 4379 tis
618 4325 759 4382 divaa
786 4329 1077 4383 memoriae.
1126 4331 1482 4401 praacessoris
1511 4332 1688 4387 nostri
1728 4333 1959 4388 Uambae
1986 4334 2138 4404 regis

500 4421 882 4492 temporibus,
953 4440 1081 4495 quas
1146 4424 1203 4480 in
1256 4427 1716 4497 profanatoribus
1761 4427 1989 4498 patriae,
2042 4427 2139 4499 qui

500 4508 814 4571 cumPaulo
832 4518 1125 4588 quondam
1140 4521 1511 4591 tyrannidem
1533 4521 2141 4592 assumpserunt,illata

2225 1978 2437 2033 calibus
2464 1978 2637 2033 servis
2658 1980 2744 2034 vel
2771 1979 3005 2045 libertis,
3030 1980 3233 2035 abrasa
3260 1980 3527 2053 deinceps
3553 1981 3725 2053 hujus
3751 1999 3875 2037 ma-

2222 2073 2291 2126 lae
2324 2074 2788 2144 praesumptionis
2833 2073 3081 2140 licentia,
3111 2075 3301 2128 nullus
3328 2074 3427 2146 qui
3476 2092 3548 2129 ex
3596 2077 3872 2132 servitute

2225 2167 2614 2238 quorumlibet
2634 2184 2829 2222 servus
2859 2168 2931 2221 sit
2957 2168 3043 2223 vel
3066 2168 3302 2223 libertus
3324 2169 3394 2223 ad
3415 2170 3667 2240 palatina
3685 2170 3875 2225 ofﬁcia

2224 2265 2497 2315 transeat.
2516 2261 2675 2325 Quod
2693 2262 2737 2315 si
2754 2261 2952 2316 fecerit
2971 2261 3089 2316 illic
3104 2262 3449 2317 serviturum
3468 2263 3668 2335 procul
3693 2264 3871 2319 dubio

2224 2354 2631 2409 recludendum
2646 2372 2703 2410 se
2714 2354 3029 2423 noverit,ex
3042 2371 3155 2426 quo
3169 2361 3265 2410 aut
3276 2356 3611 2411 conditionis
3624 2358 3874 2429 prOpriae

2228 2446 2511 2518 originem
2541 2448 2803 2519 sumpsit,
2834 2452 2933 2503 aut
2958 2449 3229 2503 libertatis
3259 2449 3489 2504 titulum
3536 2452 3870 2522 reportavit.

2228 2542 2323 2595 His
2350 2547 2614 2597 votorum
2635 2558 2897 2597 meorum
2920 2542 3399 2597 insinuationibus
3423 2544 3703 2615 allegatis,
3722 2562 3879 2616 quae-

2200 2646 2289 2691 Iso
2316 2640 2380 2690 ut
2406 2635 2572 2690 fortia
2592 2635 2956 2707 paternitatis
2979 2639 3177 2691 vestrm
3203 2637 3488 2707 adjutoria
3512 2641 3873 2710 praerogetis.

2196 2714 2207 2737 ’
2229 2730 2374 2784 Luce
2402 2729 2555 2783 enim
2577 2729 2777 2783 clarius
2798 2733 3038 2795 constat,
3060 2730 3213 2801 quod
3233 2732 3566 2802 aggregatio
3589 2749 3877 2788 sacrosan-

2230 2827 2316 2877 cta
2343 2823 2677 2894 pontificum
2706 2823 2985 2895 quidquid
3011 2824 3298 2878 censuerit
3324 2824 3743 2879 observandum
3768 2844 3876 2898 per

2230 2918 2403 2972 sancti
2424 2917 2662 2988 Spiritus
2674 2918 2885 2972 donum
2905 2919 3138 2973 omnino
3152 2918 3316 2973 estad
3337 2919 3715 2974 mtcrnitatem
3734 2938 3882 2992 prae—

2230 3013 2423 3066 ﬁxum.
2442 3011 2651 3065 Etidco
2666 3012 3092 3067 universitatem
3112 3013 3465 3083 paternitatis
3481 3017 3682 3068 vestra}
3703 3018 3882 3087 atque

2234 3104 2426 3179 138
2456 3105 2783 3160 sublimium
2810 3106 3069 3160 vivorum
3100 3107 3479 3175 nobilitatem,
3504 3108 3598 3178 qui
3628 3124 3696 3162 ex
3729 3110 3879 3164 aulae

2234 3201 2440 3271 regalis
2465 3199 2651 3253 ofﬁcio
2678 3200 2736 3253 in
2785 3201 2889 3255 hac
2932 3204 3125 3254 sancta
3175 3202 3388 3271 synodo
3422 3201 3721 3256 nobiscum
3760 3220 3879 3257 ses-

2234 3294 2350 3347 suri
2382 3294 2667 3366 prmelecti
2697 3296 2828 3348 sunt
2856 3311 2869 3361 ;
2899 3293 3148 3349 obtestor
3176 3295 3392 3365 pariter
3439 3297 3496 3348 et
3521 3295 3762 3367 eonjuro
3789 3301 3877 3351 at-

2233 3405 2341 3459 que
2374 3403 2476 3459 per
2500 3386 2790 3443 ineffabile
2830 3388 2972 3443 illud
3023 3391 3445 3442 sacramentum
3476 3389 3780 3458 convenio,
3818 3395 3883 3444 ut

2235 3482 2490 3553 quisquis
2515 3481 2575 3536 in
2615 3481 2803 3536 medio
2844 3482 3015 3537 vestri
3063 3499 3122 3535 se
3161 3482 3535 3553 judicandum
3573 3484 3663 3538 vel
3692 3489 3879 3539 retra-

2234 3577 2499 3632 ctandum
2544 3575 2839 3646 invexerit,
2872 3581 2991 3630 tam
3020 3592 3149 3648 quas
3197 3593 3301 3647 per
3344 3593 3447 3631 nos
3491 3577 3662 3647 dicta,
3699 3595 3882 3649 quam

2235 3671 2403 3724 etiam
2434 3676 2634 3725 caetera
2673 3687 2799 3740 qua:
2849 3670 3047 3724 vestris
3097 3669 3382 3725 auditibus
3427 3687 3484 3725 se
3530 3670 3883 3743 ingesserint

2235 3764 2520 3819 audienda
2550 3763 2843 3818 communi
2868 3763 3060 3834 vigore
3074 3763 3313 3834 justitiae.
3340 3769 3397 3818 et
3415 3770 3881 3835 temperamento

2236 3858 2636 3912 misericordiae
2691 3858 2960 3912 dirimere
3005 3858 3338 3929 procuretis,
3368 3875 3482 3928 quo
3531 3875 3664 3913 cum
3711 3861 3876 3915 omni

2236 3951 2554 4005 reverentia
2582 3956 2805 4022 patrum
2838 3951 3286 4022 praecedentium
3318 3952 3531 4024 regulis
3555 3953 3764 4008 subditi
3791 3960 3879 4009 to-

2234 4046 2345 4099 tius
2370 4044 2764 4098 unanimitatis
2783 4050 2980 4100 vestrae
3009 4046 3291 4101 sententia
3309 4062 3425 4101 non
3443 4046 3669 4102 aliunde
3695 4063 3877 4118 quam

2237 4155 2301 4192 ex
2332 4138 2585 4192 veritatis
2614 4138 2773 4192 fonte
2806 4139 3095 4209 procedat.
3131 4139 3336 4211 Sicque
3364 4144 3420 4194 et
3448 4140 3535 4193 his
3563 4156 3690 4210 quae
3720 4156 3872 4211 prae-

2239 4232 2406 4287 missa
2435 4234 2569 4286 sunt
2596 4231 2841 4286 solidum
2866 4231 3286 4288 deliberationis
3324 4233 3532 4303 stylum
3561 4234 3878 4305 promptis-

2237 4326 2378 4381 sime
2413 4325 2734 4398 apponatis,
2787 4332 2842 4381 et
2882 4326 3100 4397 reliqua
3147 4327 3335 4381 adhuc
3382 4342 3511 4397 qua:
3558 4328 3882 4382 necessaria

2238 4423 2372 4475 sunt
2394 4420 2454 4474 in
2484 4420 2822 4491 peragendis
2847 4419 3235 4475 ecclesiasticae
3257 4421 3467 4491 regula:
3490 4419 3804 4491 disciplinis
3821 4428 3885 4477 et

2237 4514 2562 4570 dirimenda
2590 4513 2860 4581 tractatis,
2890 4520 2945 4569 et.
2975 4514 3256 4584 dirempta
3280 4513 3725 4585 religiosioribus
3754 4514 3885 4569 dili-

503 4612 588 4663 est
612 4610 897 4666 sententia
926 4613 1227 4683 ultionum,
1258 4614 1357 4686 qui
1407 4632 1512 4686 per
1549 4614 1754 4686 judicii
1799 4614 2137 4669 universalis
2156 4617 2214 4689 D
2240 4613 2439 4679 genter
2469 4608 2850 4675 conscribatis,
2876 4607 3124 4678 qualiter
3147 4608 3284 4662 dum
3318 4607 3632 4662 doctrinam
3662 4608 3887 4679 disper-

502 4702 751 4759 edictum
775 4706 1094 4762 amiserunt
1122 4708 1540 4777 testimonium,
1576 4709 1859 4779 rebusque
1894 4708 2136 4779 propriis

500 4804 828 4868 caruerunt,
843 4816 971 4871 quae
991 4805 1195 4856 cuneta
1214 4807 1416 4855 vestra:
1442 4801 1807 4855 sanctitudini
1829 4806 1963 4856 nota
1984 4806 2134 4869 sunt,
2147 4788 2174 4907 ί

501 4906 643 4963 quos
669 4895 867 4948 tamen
895 4898 951 4947 et
975 4895 1035 4948 in
1057 4895 1293 4965 collegio
1322 4892 1603 4948 societatis
1629 4899 1840 4948 nostrae
1863 4895 2135 4965 recipere,

504 4992 560 5040 et
585 4986 753 5041 rebus
783 4987 991 5057 quibus
1018 4988 1104 5041 fas
1130 4988 1301 5041 fuerit
1321 4986 1652 5042 devovimus
1673 4987 1968 5042 devestire.
1993 4989 2136 5042 Nam

504 5083 561 5133 et
590 5080 660 5134 de
687 5080 964 5134 accusatis
994 5080 1229 5134 modum
1254 5080 1514 5135 volumus
1554 5096 1767 5152 ponere
1809 5081 2140 5153 justissima:

506 5172 949 5244 perquisitionis,
981 5190 1094 5245 quo
1123 5174 1237 5229 sive
1286 5175 1356 5229 de
1403 5175 1704 5247 religiosis,
1738 5176 1853 5231 sive
1891 5176 1959 5231 de
1985 5176 2140 5230 laicis

508 5267 746 5337 quisque
778 5268 1158 5324 accusationes
1188 5269 1527 5342 cujusquam
1561 5270 1748 5325 studio
1790 5271 1960 5325 fuerit
2008 5286 2136 5341 pro-

507 5360 760 5431 pulsatus
789 5376 904 5415 non
932 5363 1165 5423 occultis
1197 5365 1511 5434 fraudibus,
1544 5366 1629 5419 vel
1674 5365 1955 5420 violentiis
1982 5380 2136 5420 com-

508 5453 811 5526 primatur,
844 5468 952 5511 nec
982 5457 1126 5512 clam
1170 5457 1519 5529 professione
1549 5452 1826 5514 violenter
1853 5464 2136 5530 arceatur,

505 5547 603 5604 sed
628 5547 687 5602 in
714 5551 1003 5604 communi
1048 5551 1307 5605 omnium
1348 5552 1613 5607 examine
1655 5552 1963 5623 judicetur,
2001 5569 2137 5624 quo,

506 5642 821 5697 secundum
858 5644 1099 5714 publica:
1143 5644 1506 5715 professienis
1552 5662 1668 5699 suae
1714 5651 1992 5712 tenorem,
2043 5649 2142 5701 aut

508 5735 838 5791 offensibilis
867 5737 1085 5792 debitas
1111 5737 1492 5793 damnationis
1536 5756 1729 5809 poenas
1757 5740 2017 5810 excipiat,
2044 5743 2143 5793 aut

508 5828 780 5883 innocens
809 5846 875 5885 ex
900 5830 1115 5900 judicio
1144 5831 1403 5885 omnium
1434 5833 1830 5903 comprobatus
1853 5833 2140 5889 clarescat.

511 5919 650 5974 Nam
676 5922 809 5992 quid
834 5923 953 5991 jam
980 5923 1053 5978 de
1083 5920 1426 5981 tributorum
1457 5924 1734 5979 ﬁscalium
1762 5924 2144 5980 exactionibus

2236 4702 2371 4772 gitis
2399 4702 2707 4756 salutarem
2738 4701 2799 4754 in
2850 4701 3098 4773 populis,
3129 4702 3419 4757 Christum
3463 4702 3770 4756 Dominum
3820 4703 3883 4759 in

2238 4795 2582 4851 cumulando
2616 4795 2853 4866 justitiaa
2896 4795 3085 4849 fructu
3122 4795 3374 4867 capiatis,
3399 4800 3460 4850 ut
3484 4796 3638 4850 vobis
3664 4796 3882 4866 praedi-

2238 4890 2492 4944 cantibus
2521 4892 2578 4943 et
2598 4888 2987 4959 implentibus,
3003 4892 3058 4944 et
3071 4905 3201 4961 quae
3221 4888 3424 4944 divinis
3440 4890 3612 4943 oculis
3632 4890 3884 4962 compla-

2239 4986 2422 5048 ceant,
2451 4987 2508 5037 et
2536 4999 2663 5054 qua:
2692 4982 2855 5037 nobis
2886 4982 3183 5053 proficiant
3212 4999 3445 5053 semper
3482 5000 3650 5054 agere
3684 4985 3877 5039 valea-

2238 5094 2386 5132 mus.
2419 5077 2502 5132 Sit
2527 5076 2779 5149 utrisque.
2799 5076 3130 5146 parentibus
3159 5077 3218 5130 in
3240 5077 3345 5131 hoc
3374 5078 3599 5143 saeculo,
3626 5077 3693 5131 de
3714 5078 3881 5133 lucro

2239 5171 2561 5226 animarum
2575 5169 2859 5225 ineffabile
2883 5171 3179 5241 gaudium,
3197 5176 3252 5225 et
3267 5170 3326 5224 in
3348 5171 3537 5224 futuro
3556 5170 3626 5225 de
3643 5188 3886 5241 perven-

2237 5266 2395 5320 tione
2424 5265 2753 5320 aeternitatis
2782 5263 3073 5336 premium
3097 5264 3514 5319 inconvulsum.
3541 5266 3743 5319 Datum
3773 5267 3883 5321 sub

2241 5360 2332 5415 die
2366 5358 2563 5432 quinto
2594 5360 2780 5412 Nonas
2808 5357 3155 5424 Novembris,
3190 5374 3341 5412 anno
3392 5358 3630 5412 feliciter
3672 5363 3886 5430 quarto

2241 5454 2404 5525 regni
2432 5452 2627 5525 gloriae
2656 5456 2866 5507 nostra:
2892 5452 2953 5507 in
2982 5452 3079 5506 Dei
3109 5451 3360 5522 nomine,
3387 5452 3599 5507 Toleto.
3627 5452 3888 5509 Perlecto

2242 5540 2383 5619 ergo
2425 5564 2615 5603 coram
2658 5546 2877 5602 cunctis
2923 5546 3087 5601 Tomi
3132 5545 3463 5601 necessariae.
3510 5545 3891 5603 institutionis

2243 5658 2469 5709 exorsu,
2499 5642 2655 5712 prius
2682 5641 2754 5696 de
2784 5641 2894 5695 fide
2940 5642 3153 5695 sancta:
3196 5639 3485 5694 Trinitatis
3529 5641 3889 5697 sermocina-

2243 5736 2413 5791 tionis
2439 5741 2647 5791 nostra:
2675 5735 2843 5807 coepit
2869 5751 2988 5789 esse
3019 5721 3388 5806 principium,
3422 5732 3755 5805 proﬁtentes
3782 5752 3885 5807 pa-

2244 5830 2382 5884 riter
2405 5833 2462 5884 et
2488 5829 2782 5884 credentes
2811 5844 2875 5883 ea
2903 5844 3031 5900 quae
3062 5827 3132 5883 de
3170 5827 3278 5883 hac
3303 5832 3502 5887 sancta
3524 5826 3803 5884 Trinitate
3829 5833 3893 5884 et

2247 5922 2552 5995 Evangelia
2599 5923 2852 5990 tradunt,
2882 5927 2940 5976 et
2966 5923 3351 5994 apostolorum
3379 5921 3699 5978 sanctiones
3730 5922 3893 5981 insti~
