4032 6298
224 379 325 431 565

1437 377 1904 435 DECRETALIUM
1940 377 2331 437 COLLECTIO.

3486 383 3588 438 566

221 489 408 553 tuunt,
439 485 584 539 sicut
608 485 832 541 Niczena
858 485 1112 558 synodus
1138 486 1246 541 hoc
1278 487 1502 557 pietatis
1528 502 1853 543 sacramen-
1875 500 1934 574 Α
1955 488 2157 543 Pontio
2185 487 2402 554 Pilatio,
2441 487 2711 559 sepultus,
2731 488 2899 544 tertia
2921 488 3013 543 die
3032 488 3362 546 resurrexit.
3384 491 3586 546 Ascen-

211 582 345 640 _tum
397 579 680 651 exposuit,
737 579 882 635 sicut
930 580 1558 652 Constantinopolitana
1604 582 1857 638 deﬁnitio

225 673 430 742 sanxit,
461 674 545 728 vel
574 673 741 744 primi
762 674 1028 744 Ephesini
1049 680 1224 729 cmtus
1242 680 1411 747 atque
1431 676 1854 731 Chalcedonen-

224 768 297 822 sis
324 767 558 822 evidens
580 768 839 822 doctrina
858 768 1171 835 constituit,
1186 769 1348 839 juxta
1385 770 1537 840 quod
1572 769 1747 825 etiam
1766 788 1855 824 sa-

223 863 509 918 crosancti
531 862 767 935 symboli
786 862 1115 918 elucubrata
1138 863 1411 934 professio
1431 864 1628 935 claret,
1645 881 1773 936 quae
1797 865 1855 919 in

222 956 524 1011 missarum
541 956 994 1013 solemnitatibus
1018 958 1213 1028 patula
1229 961 1566 1013 cunctorum
1587 959 1859 1013 acclama-

223 1055 314 1105 tur
338 1050 599 1106 ﬁdelium
632 1067 784 1106 voce.

724 1145 879 1199 Fides
899 1147 1109 1199 Niczem'
1127 1147 1362 1200 concilii.

220 1282 227 1291 .
295 1238 595 1292 Credimus
628 1239 685 1292 in
718 1256 893 1293 unum
924 1240 1099 1293 Deum
1140 1242 1362 1294 Patrem
1402 1241 1857 1312 omnipotentem

222 1332 507 1387 factorem
533 1333 654 1387 coeli
678 1335 734 1387 et
753 1338 936 1399 terrae,
973 1333 1275 1387 visibilium
1296 1334 1555 1388 omnium
1585 1339 1640 1388 et
1665 1334 1856 1388 invisi-

224 1424 425 1483 bilium
473 1427 870 1493 conditorem;
920 1432 975 1481 et
1020 1427 1080 1482 in
1126 1444 1306 1482 unum
1334 1427 1638 1482 Dominum
1667 1429 1857 1483 Jesum

224 1519 516 1576 Christum
564 1521 768 1575 Filium
801 1520 897 1574 Dei
929 1521 1312 1591 unigenitum,
1362 1538 1432 1575 ex
1462 1522 1624 1575 Patre
1657 1526 1859 1576 natum

224 1617 354 1668 ante
375 1614 569 1668 omnia
590 1615 813 1682 saecula,
846 1616 1020 1669 Deum
1049 1632 1118 1669 ex
1146 1617 1284 1683 Deo,
1316 1616 1501 1670 lucem
1522 1632 1591 1670 ex
1616 1616 1855 1685 lumine,

223 1708 405 1762 Deum
454 1725 658 1762 verum
709 1725 776 1762 ex
827 1710 938 1762 Deo
987 1725 1141 1778 vero,
1192 1714 1415 1777 natum,
1463 1726 1580 1763 non
1623 1710 1856 1777 factum,

224 1801 527 1856 omousion
569 1802 739 1871 Patri,
782 1803 892 1857 hoc
940 1805 1024 1856 est
1069 1802 1325 1873 ejusdem
1359 1820 1488 1857 cum
1530 1805 1692 1858 Patre
1721 1804 1855 1857 sub-

1956 582 2039 637 dit
2057 582 2116 636 in
2150 582 2335 648 caelos,
2370 581 2529 637 sedet
2553 581 2626 636 ad
2656 581 2951 638 dexteram
2978 584 3176 651 Patris,
3219 584 3427 639 iterum
3455 602 3587 641 ven-

1957 680 2119 730 turus
2163 675 2223 729 in
2272 675 2448 746 gloria
2486 676 2743 746 judicare
2790 676 2944 732 vivos
2990 681 3047 732 et
3097 683 3378 733 mortuos.
3422 680 3594 750 Cujus

1957 769 2126 840 regni
2157 785 2273 823 non
2304 769 2415 823 erit
2439 769 2586 824 ﬁnis.
2617 770 2911 824 Credimus
2944 771 3004 825 in
3025 771 3300 841 Spiritum
3331 777 3592 828 sanctum

1958 863 2266 919 Dominum
2293 868 2350 918 et
2379 863 2801 930 viviﬁcatorem,
2836 880 2906 919 ex
2949 866 3110 920 Patre
3138 869 3195 919 et
3224 866 3360 920 Filio
3391 883 3591 938 proce-

1960 959 2210 1025 dentem,
2234 974 2362 1011 cum
2377 959 2541 1011 Patre
2558 957 2911 1013 adorandum
2930 962 2987 1013 et
3015 959 3469 1031 gloriﬁcandum,
3495 961 3594 1035 qui

1956 1053 2180 1108 locutus
2205 1052 2289 1107 est
2319 1068 2420 1122 per
2452 1051 2777 1122 prophetas.
2829 1054 3001 1107 Unam
3044 1054 3386 1110 catholicam
3422 1059 3594 1126 atque

1958 1146 2325 1218 apostolicam
2353 1146 2676 1200 Ecclesiam.
2699 1146 2986 1202 Conﬁteor
3016 1164 3192 1202 unum
3224 1149 3508 1220 baptisma
3533 1150 3592 1203 in

1958 1241 2359 1295 remissionem
2381 1244 2780 1310 peccatorum;
2811 1244 3201 1311 exspectamus
3233 1243 3595 1298 resurrectio-

1957 1351 2095 1389 nem
2122 1337 2504 1400 mortuorum,
2535 1338 2590 1388 et
2618 1334 2791 1387 vitam
2836 1336 3060 1389 venturi
3092 1336 3299 1391 saeculi.
3330 1341 3532 1393 Amen.

2028 1430 2161 1483 Post
2196 1428 2366 1497 hujus
2423 1430 2632 1482 sanctae
2687 1427 2822 1482 ﬁdei
2862 1428 3193 1499 dispositam
3230 1431 3588 1502 scripturam,

1958 1522 2123 1594 quasi
2134 1538 2306 1593 super
2326 1521 2731 1577 solidissimam
2753 1525 2979 1592 petram
2994 1526 3337 1579 ceeterorum
3357 1541 3596 1596 sequen-

1957 1618 2101 1672 tium
2127 1617 2546 1672 construximus
2586 1616 2884 1685 fabricam,
2916 1620 2978 1670 ut
3002 1617 3275 1673 ﬁrmitate
3301 1618 3590 1673 inconvul-

1959 1711 2105 1765 sibili
2147 1711 2376 1779 durent,
2417 1727 2545 1781 qua:
2584 1726 2757 1781 super
2795 1710 3235 1766 fundamentum
3273 1728 3422 1767 verae
3462 1712 3595 1766 ﬁdei

1958 1804 2175 1858 fuerint
2202 1819 2454 1875 perenne
2483 1806 2822 1858 constructa.
2854 1804 3010 1858 Unde
3034 1811 3091 1859 et
3113 1805 3218 1859 has
3246 1806 3508 1860 omnium
3535 1806 3594 1859 in

225 1896 472 1962 stantiaa,
498 1913 600 1966 per
625 1913 796 1969 quem
818 1898 1010 1953 omnia
1040 1898 1183 1951 facta
1213 1901 1364 1965 sunt,
1389 1915 1515 1968 quia
1549 1898 1606 1951 in
1639 1898 1776 1951 coelo
1802 1878 1934 1952 etB
1958 1915 2261 1953 commune
2316 1897 2627 1952 sententias
2675 1914 2816 1968 quas
2867 1897 3138 1968 principis
3188 1900 3419 1953 hortatu
3466 1916 3599 1953 con-

226 2006 354 2061 quaa
381 1989 442 2043 in
471 1993 655 2056 terra;
704 1991 803 2062 qui
844 1994 1074 2061 propter
1116 2007 1220 2044 nos
1260 1996 1316 2044 et
1358 1996 1588 2060 propter
1614 1995 1864 2045 nostram

228 2082 469 2138 salutem
498 2083 810 2152 descendit,
843 2092 899 2139 et
925 2085 1252 2139 incarnatus
1279 2087 1362 2137 est
1384 2084 1453 2138 de
1486 2085 1698 2155 Spiritu
1731 2102 1860 2139 san-

227 2183 316 2231 cto
364 2195 432 2231 ex
475 2177 650 2232 Maria
686 2178 941 2249 virgine;
973 2180 1144 2233 homo
1186 2177 1389 2246 factus,
1422 2195 1617 2249 passus
1647 2183 1735 2232 est
1762 2179 1864 2233 sub

1963 1992 2261 2047 struendas
2287 1990 2608 2062 accepimus
2638 1991 2931 2045 communi
2969 1994 3099 2046 voto
3127 1991 3431 2060 edidimus,
3460 2010 3598 2064 quas

1965 2085 2136 2139 etiam
2191 2090 2405 2141 interno
2443 2084 2775 2141 reverentiae
2807 2084 3003 2159 vigore
3046 2085 3422 2141 observandas
3478 2087 3597 2142 fore

1966 2195 2286 2237 censemus.

616 2475 1029 2567 INCIPIT
1122 2476 1737 2570 CONCILIUM
1827 2412 2636 2579 BRACCABENSE
2732 2479 3215 2572 PRIMUM.

940 2659 1108 2722 ίΕνα
1138 2677 1353 2733 DLXIX,
1388 2677 1561 2721 anno
1592 2660 1777 2721 tertio
1808 2657 2138 2721 Arz'amz'rz'
2161 2658 2356 2738 regis,
2388 2656 2703 2720 Kalendis
2731 2658 2917 2721 Maii.

305 2830 474 2882 Anno
523 2828 690 2883 tertio
732 2829 996 2899 Ariamiri
1051 2831 1204 2902 regis
1250 2832 1512 2886 Kalendis
1553 2831 1703 2898 Maii,
1739 2848 1869 2885 cum

234 2921 484 2976 Gallicim
546 2923 847 2993 provincias
909 2925 1158 2996 episcopi
1221 2926 1530 2992 Lucretius,
1594 2926 1864 2995 Andreas,

236 3016 527 3082 Martinus,
559 3019 767 3082 Cottus,
817 3019 1146 3088 Hildet'icus,
1188 3020 1471 3088 Lucetius,
1516 3021 1865 3087 Timotheus,

236 3109 497 3163 Maliosus
527 3115 584 3164 et
610 3111 904 3182 praeceptis
930 3113 1151 3183 praefati
1188 3112 1576 3184 gloriosissimi
1604 3113 1868 3168 Ariamiri

1971 2831 2168 2885 Romae
2199 2830 2326 2898 Leo,
2359 2830 2459 2901 qui
2496 2829 2967 2901 quadragesimus
3017 2830 3135 2883 fere
3176 2827 3413 2899 apostoli
3452 2824 3605 2882 Petri

1969 2940 2257 2979 successor
2285 2923 2519 2992 exstitit,
2549 2940 2652 2995 per
2677 2923 2953 2995 Turpium
2980 2923 3267 2978 notarium
3295 2921 3443 2976 sedis
3487 2936 3604 2975 sum

1968 3018 2043 3072 ad
2062 3018 2346 3089 synodum
2369 3019 2617 3073 Galliciae
2635 3023 2828 3073 contra
2850 3018 3086 3089 impiam
3114 3015 3476 3072 Priscillianaa
3498 3016 3608 3069 haa~

1968 3111 2107 3166 resis
2151 3117 2362 3167 sectam
2394 3113 2604 3183 scripta
2642 3129 2745 3167 sua
2789 3111 3010 3166 direxit.
3055 3111 3226 3183 Cujus
3255 3111 3428 3165 etiam
3458 3125 3602 3180 pra:-

238 3203 393 3272 regis
439 3203 496 3257 in
536 3206 973 3275 metropolitana
1005 3207 1265 3277 ejusdem
1302 3207 1611 3279 provincia)
1636 3207 2134 3308 ecclesiaccepta
2185 3208 2632 3262 Tarraconenses
2683 3210 2742 3260 et
2788 3206 3264 3277 Carthaginenses
3320 3202 3604 3275 episcopi,

238 3297 652 3366 convenissent,
704 3299 1128 3354 considentibus
1172 3301 1341 3355 simul
1384 3301 1677 3373 episcopis,
1726 3319 1867 3372 pra:-

239 3390 606 3462 sentibusque
652 3392 1027 3463 presbyteris,
1081 3394 1506 3466 astantibusque
1558 3396 1868 3465 ministris,

237 3484 323 3538 vel
356 3484 622 3539 universo
651 3487 820 3555 clero,
850 3487 1137 3542 Lucretius
1164 3495 1501 3543 memoratze
1538 3489 1869 3560 metropoli-

238 3582 391 3633 tano:
437 3580 687 3633 ecclesiae
734 3580 1023 3652 episcopus
1048 3582 1192 3636 dixit
1220 3601 1236 3636 :
1268 3583 1369 3637 Diu
1396 3589 1498 3651 est,
1532 3584 1873 3637 sanctissimi

240 3673 465 3741 fratres,
510 3674 660 3744 quod
701 3674 1019 3728 secundum
1058 3675 1313 3730 instituta
1348 3673 1756 3731 venerabilium
1779 3695 1870 3731 ca-

238 3783 457 3821 nonum
490 3772 546 3821 et
572 3768 802 3821 decreta
816 3769 1106 3823 catholica:
1134 3773 1191 3823 et
1211 3770 1535 3841 apostolicae
1561 3771 1873 3841 disciplinae

243 3861 709 3915 desiderabamus
752 3863 1153 3918 sacerdotalem
1202 3863 1352 3917 inter
1386 3881 1489 3918 nos
1515 3864 1636 3919 ﬁeri
1667 3865 1875 3920 debere

241 3959 608 4024 conventum,
640 3956 773 4027 quia
802 3972 916 4010 non
957 3958 1139 4011 solum
1168 3958 1554 4013 ecclesiasticis
1583 3959 1795 4029 regulis
1822 3965 1877 4015 et

241 4048 543 4104 ordinibus
569 4053 974 4122 opportunam,
1011 4051 1108 4105 sed
1134 4051 1393 4106 stabilem
1436 4052 1609 4107 etiam
1654 4070 1879 4125 semper

1973 3300 2223 3355 Lusitani
2255 3314 2482 3371 quoque
2514 3304 2570 3353 et
2595 3300 2792 3369 Betici,
2826 3301 2974 3355 facto
2994 3300 3143 3354 inter
3162 3317 3222 3354 se
3241 3297 3501 3364 concilio,
3524 3313 3609 3350 re-

1972 3394 2167 3463 gulam
2198 3393 2326 3447 ﬁdei
2357 3397 2558 3448 contra
2582 3394 2993 3448 Priscilliunam
3032 3392 3299 3447 hazresim
3343 3409 3473 3447 cum
3504 3390 3605 3445 ali-

1971 3486 2178 3557 quibus
2222 3487 2482 3558 capitulis
2523 3488 2964 3555 conscribentes,
3007 3487 3078 3541 ad
3109 3485 3440 3541 Baleonium
3470 3489 3608 3540 tunc

1973 3580 2144 3650 hujus
2185 3580 2566 3635 Braccarensis
2614 3580 2863 3636 ecclesiae
2910 3581 3213 3652 praesulem
3242 3579 3606 3649 direxerunt;

1972 3675 2124 3729 unde
2153 3678 2209 3728 et
2237 3674 2372 3745 quia
2399 3674 2592 3746 ipsum
2617 3676 2965 3745 przescriptze
2994 3673 3129 3728 ﬁdei
3158 3674 3448 3743 exemplar
3476 3688 3608 3726 cum

1974 3769 2089 3822 suis
2115 3768 2375 3839 capitulis
2402 3784 2517 3839 prie
2544 3769 2810 3823 manibus
2837 3768 2929 3823 hic
2949 3769 3247 3836 habemus,
3275 3782 3378 3839 pro
3405 3767 3613 3821 instru-

1976 3862 2164 3917 ctions
2191 3862 2584 3932 ignorantium
2608 3862 2673 3933 (si
2703 3868 2900 3917 vestras
2926 3862 3113 3933 placet
3136 3861 3487 3931 reverentiae)
3515 3877 3611 3915 re-

1977 3957 2203 4011 citetur.
2234 3957 2448 4012 Omnes
2475 3957 2727 4028 episcopi
2755 3957 3019 4012 dixerunt
3045 3973 3058 4011 :
3092 3956 3260 4011 Valde
3291 3955 3616 4010 necessaria

1977 4050 2186 4104 horum
2214 4049 2593 4122 capitulorum
2621 4057 2705 4106 est
2730 4052 2919 4118 lectio,
2936 4054 3003 4106 ut
3026 4051 3163 4105 dum
3184 4048 3615 4122 simplicioribus

242 4143 418 4197 efﬁcit
445 4116 731 4198 charitatis
759 4116 1025 4199 fraternae
1055 4146 1440 4215 concordiam,
1475 4146 1614 4201 dum
1637 4116 1908 4227 congre-j
1974 4116 2299 4215 quibusque
2328 4145 2569 4215 pristina
2597 4116 2923 4200 sanctorum
2968 4145 3227 4199 instituta
3257 4116 3610 4215 panduntur,

244 4237 360 4309 gati
388 4238 559 4291 simul
589 4238 649 4291 in
676 4237 909 4292 nomine
941 4239 1165 4294 Domini
1193 4240 1517 4294 sacerdotes
1554 4257 1621 4295 ea
1648 4241 1797 4296 inter
1821 4259 1879 4296 se

243 4331 479 4387 salutari
531 4332 827 4387 collatione
877 4329 1378 4405 requirunt,‘quzc
1427 4334 1742 4389 secundum
1779 4336 1876 4389 do-

244 4424 490 4480 ctrinam
501 4426 870 4496 apostolicam
884 4426 1160 4481 unitatem
1180 4427 1408 4498 spiritus
1423 4427 1715 4482 invinculo
1728 4428 1881 4500 pacis

248 4520 567 4575 obtineant.
593 4521 749 4574 Nunc
767 4536 924 4591 ergo,
950 4521 1508 4592 quoniampptatum
1526 4522 1685 4576 nobis
1714 4522 1882 4593 hujus

1977 4238 2312 4292 abominata
2329 4238 2452 4308 jam
2475 4238 2613 4292 olim
2634 4256 2668 4292 a
2686 4240 2816 4293 sede
2833 4239 3145 4294 beatissimi
3172 4238 3322 4292 Petri
3352 4236 3613 4308 apostoli,

1981 4334 2038 4384 et
2081 4331 2355 4385 damnata
2402 4331 2769 4385 Priscillianze
2807 4331 3043 4386 haeresis
3085 4331 3363 4402 ﬁgmenta
3406 4346 3613 4400 cogno-

1980 4430 2228 4479 scantur.
2274 4425 2509 4479 Lectum
2562 4430 2647 4479 est
2697 4426 2988 4496 exemplar
3011 4425 3164 4492 ﬁdei,
3197 4441 3327 4479 cum
3357 4423 3618 4494 capitulis

1982 4517 2116 4587 suis,
2151 4535 2278 4589 quae
2319 4535 2390 4575 ne
2436 4518 2816 4589 prolixitatem
2858 4520 3106 4574 facerent
3156 4518 3243 4572 his
3290 4517 3460 4587 gestis
3507 4516 3612 4570 mi-

246 4615 711 4686 congregationis
751 4614 903 4669 diem
947 4614 1378 4685 gloriosissimus
1403 4620 1571 4687 atque
1598 4616 1884 4687 piissimus
1902 4608 1962 4680 D
1983 4612 2137 4667 nime
2166 4616 2299 4666 sunt
2324 4612 2556 4667 inserta.
2584 4614 2715 4666 Post
2738 4613 3043 4667 lectionem
3074 4612 3457 4683 capitulorum
3484 4609 3618 4664 licet

246 4708 394 4763 ﬁlius
424 4712 613 4762 noster
636 4709 923 4779 aspirante
950 4708 1055 4762 sibi
1086 4709 1323 4764 Domino
1351 4709 1570 4764 utiliter
1594 4726 1881 4765 commen-

248 4802 422 4870 davit,
452 4802 611 4873 prius
650 4802 719 4856 de
757 4807 902 4856 statu
924 4802 1059 4857 ﬁdei
1083 4804 1245 4872 (sicut
1264 4804 1523 4874 superius
1543 4803 1757 4858 dictum
1784 4806 1880 4875 est)

248 4896 629 4950 conferamus.
662 4896 822 4963 Nam,
856 4896 988 4951 licet
1005 4897 1125 4967 jam
1154 4896 1291 4951 olim
1320 4896 1682 4951 Priscilliame
1703 4898 1881 4951 haere-

249 4990 325 5044 sis
356 4988 623 5061 contagio
650 4989 709 5043 in
739 4990 1129 5062 Hispaniarum
1160 4990 1464 5062 provinciis
1492 4991 1709 5046 detecta
1735 4991 1805 5046 sit
1829 4995 1888 5046 et

248 5084 540 5152 damnata,
570 5100 640 5139 ne
669 5083 795 5154 quis
825 5089 1021 5138 tamen
1069 5101 1170 5155 per
1207 5084 1614 5156 ignorantiam,
1646 5088 1744 5139 aut
1778 5085 1884 5138 ali-

249 5178 456 5250 quibus
497 5177 579 5246 (ut
623 5176 844 5249 assolet)
890 5178 1181 5249 scripturis
1228 5179 1498 5249 deceptus
1546 5178 1887 5250 apocryphis

247 5272 440 5345 aliqua
480 5272 669 5326 adhuc
712 5272 887 5342 ipsius
932 5272 1142 5327 erroris
1168 5273 1487 5343 pestilentia
1520 5273 1591 5328 sit
1616 5273 1883 5341 infectus,

251 5366 611 5421 manifestius
660 5365 876 5437 ignaris
927 5366 1251 5421 hominibus
1297 5367 1618 5421 declaretur
1644 5368 1744 5438 qui
1782 5366 1887 5437 ipsi

248 5460 307 5514 in
337 5459 704 5515 extremitate
744 5464 798 5515 et
827 5461 885 5514 in
918 5460 1126 5515 ultimis
1156 5461 1323 5532 hujus
1350 5460 1650 5532 provincias
1682 5460 1888 5514 ﬁnibus

247 5553 547 5609 constituti
571 5559 670 5608 aut
695 5554 959 5625 exiguam
978 5560 1076 5609 aut
1089 5572 1238 5626 pene
1262 5555 1481 5609 nullam
1504 5557 1673 5608 rectae
1701 5554 1888 5609 erudi-

248 5644 419 5698 tionis
467 5642 736 5698 notitiam
790 5642 1178 5714 contigerunt.
1219 5644 1398 5699 Credo
1443 5649 1638 5699 autem
1689 5648 1889 5699 vestra:

247 5736 623 5793 beatitudinis
670 5735 1081 5793 fraternitatem
1125 5755 1312 5806 nosse,
1355 5739 1490 5811 quia
1532 5756 1599 5793 eo
1634 5743 1889 5809 tempore

251 5831 482 5902 quando
517 5830 575 5886 in
608 5830 936 5902 regionibus
960 5832 1382 5887 nefandissimae
1410 5832 1770 5887 Priscillianze
1798 5849 1888 5886 se-

251 5930 353 5980 ctae
410 5942 635 5981 venena
700 5924 1037 5997 serpebant,
1099 5927 1459 5983 beatissimus
1523 5943 1672 6000 papa
1733 5926 1891 5981 urbis

1983 4706 2151 4761 lectio
2192 4705 2510 4761 necessaria
2540 4706 2819 4760 recensita
2847 4711 2949 4773 est,
2981 4710 3174 4760 tamen
3210 4703 3530 4759 evidentius
3560 4706 3620 4758 et

1984 4800 2296 4871 simplicius
2322 4816 2383 4855 ea
2417 4816 2546 4871 quae
2571 4805 2703 4855 sunt
2722 4799 3093 4855 exsecrabilia
3119 4799 3201 4854 ita
3228 4798 3424 4870 positis
3443 4797 3617 4852 etiam

1985 4893 2240 4965 capitulis
2265 4895 2436 4949 modo
2464 4895 2827 4949 declarentur
2850 4910 2863 4948 :
2894 4898 2956 4947 ut
2984 4894 3078 4964 qui
3110 4893 3300 4946 minus
3320 4896 3406 4947 est
3432 4891 3620 4946 erudi-

1984 4991 2077 5042 tus
2106 4988 2407 5061 intelligat,
2457 4993 2515 5043 et
2559 4989 2630 5043 sit
2673 4987 3051 5043 anathematis
3081 4987 3358 5042 sententia
3388 4987 3623 5057 explosa

1980 5082 2104 5153 jam
2154 5083 2484 5137 Priscilliani
2540 5082 2747 5137 erroris
2801 5084 3078 5154 figmenta
3128 5081 3518 5149 damnentur;
3560 5083 3624 5134 ut

1988 5176 2245 5248 quisquis
2273 5176 2527 5245 clericus,
2560 5178 2645 5230 vel
2675 5176 3006 5243 monachus,
3037 5176 3151 5231 sive
3167 5175 3364 5243 laicus,
3392 5175 3506 5231 tale
3527 5174 3624 5229 ali-

1988 5270 2126 5340 quid
2141 5270 2349 5324 sentire
2367 5270 2572 5337 adhuc,
2594 5270 2679 5324 vel
2693 5270 2997 5325 defendere
3024 5269 3200 5324 fuerit
3213 5268 3620 5340 deprehensus,

1988 5367 2260 5436 tanquam
2290 5380 2416 5418 vere
2442 5364 2737 5435 putridum
2768 5364 3093 5419 membrum
3124 5364 3398 5419 continuo
3419 5364 3487 5419 de
3505 5379 3625 5417 cor-

1988 5474 2126 5528 pore
2149 5457 2510 5512 abscindatur
2537 5458 2827 5513 catholicaa
2871 5458 3153 5530 Ecclesiae,
3188 5475 3261 5514 ne
3307 5462 3406 5514 aut
3441 5456 3623 5511 socie-

1989 5550 2118 5606 tatis
2147 5551 2260 5606 sive
2291 5551 2580 5622 pravitatis
2615 5552 2737 5623 ejus
2775 5553 3003 5609 macula
3022 5570 3053 5608 a
3074 5558 3227 5608 recte
3267 5550 3627 5607 credentibus

1991 5645 2061 5699 de
2090 5645 2461 5715 permistione
2500 5647 2703 5701 talium
2732 5647 2947 5720 aliquid
2976 5647 3305 5703 orthodoxis
3330 5647 3626 5716 reputatur

1991 5738 2385 5810 approbrium.
2414 5741 2706 5813 Pr0posita
2724 5746 2925 5797 contra
2941 5739 3344 5797 Priscillianam
3363 5736 3625 5793 haeresim

1991 5832 2255 5904 capitula,
2285 5839 2343 5889 et
2370 5835 2579 5891 retecta
2607 5835 2902 5890 continent
2922 5836 3044 5889 htec
3075 5851 3087 5887 :

2063 5930 2103 5984 Ι.
2123 5927 2182 5984 Si
2194 5928 2321 6001 quis
2336 5931 2561 5986 Patrem
2576 5933 2634 5985 et
2644 5929 2846 5985 Filium
2859 5932 2914 5983 et
2926 5925 3196 5998 Spiritum
3216 5929 3477 5981 sanctum
3508 5941 3625 5989 non
