4032 6314
423 393 524 448 567

1315 385 1600 443 APPEND.
1640 383 1728 440 AD
1767 382 1928 439 SEO.
1970 382 2057 437 IX.
2093 409 2160 422 ο·-
2199 380 2442 436 ISIDORI
2484 377 2909 444 MERCATORIS

3693 379 3803 431 568

423 499 730 555 conﬁtetur
757 501 874 553 tres
899 512 1172 570 personas
1194 495 1366 550 unius
1391 492 1718 550 substantiis
1746 497 1804 548 et
1831 489 2056 547 virtutis
2077 500 2138 576 Α
2155 488 2236 544 ita
2259 487 2542 544 abstineat
2565 487 2635 542 ab
2661 486 2760 555 eis,
2788 489 2851 541 ut
2875 499 2977 540 nec
3003 482 3162 540 olera
3185 487 3342 539 cocta
3370 499 3501 538 cum
3525 481 3802 538 carnibus

423 610 488 648 ac
515 591 808 665 potestatis
852 591 996 646 sicut
1045 589 1320 646 catholica
1362 593 1418 645 et
1458 587 1768 660 apostolica
1810 585 2058 641 Ecclesia

425 688 608 757 docet,
637 687 733 742 sed
761 702 939 741 unam
967 689 1187 740 tantum
1207 700 1271 738 ac
1297 683 1609 738 solitariam
1626 680 1764 736 dicit
1793 696 1911 736 esse
1931 696 2058 752 per-

424 797 641 846 sonam,
687 781 767 835 ita
814 783 876 834 ut
924 779 1043 850 ipse
1089 777 1162 834 sit
1198 779 1364 832 Pater
1410 777 1508 849 qui
1557 775 1750 843 Filius,
1780 774 1953 830 etiam
1987 774 2058 830 sit

423 874 744 929 Paracletus
783 872 1042 944 Spiritus,
1087 871 1232 927 sicut
1261 869 1542 927 Sabellius
1589 873 1647 924 et
1679 867 2058 924 Priscillianus

423 967 709 1037 dixerunt,
741 967 1046 1023 anathema
1075 966 1164 1021 sit.

497 1063 558 1117 II.
588 1061 644 1118 Si
669 1061 796 1134 quis
823 1064 983 1116 extra
1026 1062 1278 1116 sanctam
1312 1058 1648 1115 Trinitatem
1676 1057 1826 1112 mala
1863 1056 2056 1112 nescio

425 1172 555 1228 quae
575 1155 886 1211 divinitatis
916 1154 1149 1211 nomina
1171 1153 1499 1221 introducit,
1518 1152 1728 1220 dicens,
1756 1151 1912 1224 quod
1937 1151 2059 1222 ipsa

425 1249 691 1306 divinitas
735 1249 806 1304 sit
849 1249 1095 1318 trinitas,
1136 1248 1283 1304 sicut
1319 1247 1567 1303 Gnostici
1598 1251 1655 1302 et
1679 1244 2059 1301 Priscillianus

423 1344 714 1415 dixerunt,
746 1345 1048 1399 anathema
1075 1343 1164 1398 sit.

493 1440 582 1495 III.
615 1439 672 1495 Si
721 1437 848 1511 quis
877 1437 1015 1494 dicit
1049 1437 1252 1492 Filium
1298 1436 1397 1493 Dei
1448 1434 1752 1492 Dominum
1799 1438 2059 1490 nostrum

427 1538 738 1604 antequam
781 1548 850 1588 ex
893 1531 1113 1604 virgine
1158 1535 1486 1587 nasceretur
1528 1547 1648 1585 non
1690 1528 1885 1599 fuisse,
1917 1527 2062 1583 sicut

423 1626 636 1681 Paulus
689 1629 1091 1684 Samosatenus
1147 1628 1204 1681 et
1255 1625 1530 1680 Photinus
1581 1629 1637 1680 et
1680 1622 2059 1679 Priscillianus

426 1720 716 1791 dixerunt,
750 1721 1058 1776 anathema
1085 1721 1176 1774 sit.

501 1816 586 1871 IV.
632 1815 690 1870 Si
733 1815 859 1887 quis
885 1815 1072 1870 natale
1103 1813 1308 1870 Christi
1346 1813 1658 1869 secundum
1685 1827 1915 1868 carnem
1944 1827 2060 1867 non

426 1925 560 1964 vere
586 1909 852 1978 honorat,
881 1909 981 1965 sed
1008 1909 1297 1964 honorare
1327 1907 1554 1963 simulat
1584 1923 1662 1977 se,
1703 1906 1973 1978 jejunans
1999 1903 2060 1960 in
2080 1883 2136 1956 Β

427 2003 630 2060 eodem
659 2003 753 2058 die
785 2002 872 2058 vel
899 2002 958 2058 in
979 2002 1295 2072 Dominico,
1315 2002 1452 2074 quia
1477 2000 1765 2058 Christum
1790 2001 1848 2054 in
1879 1999 2060 2055 homi-

427 2098 517 2152 nis
544 2100 750 2153 natura
781 2113 902 2153 esse
945 2113 1058 2152 non
1087 2096 1283 2165 credit,
1328 2095 1473 2151 sicut
1497 2095 1743 2163 Cerdon,
1791 2080 2062 2162 Marcion,

423 2191 765 2249 Manichmus
795 2195 852 2247 et
879 2191 1258 2246 Priscillianus
1305 2191 1594 2258 dixerunt,
1630 2188 1932 2244 anathema
1964 2188 2056 2243 sit.

499 2288 560 2343 V.
592 2287 647 2343 Si
673 2287 802 2358 quis
843 2285 1066 2343 animas
1108 2286 1406 2352 humanas,
1462 2284 1548 2340 vel
1590 2283 1822 2354 angelos
1850 2299 1920 2337 ex
1956 2281 2059 2338 Dei

425 2379 606 2436 credit
631 2379 945 2436 substantia
970 2379 1265 2447 exstitisse,
1299 2378 1442 2434 sicut
1465 2376 1802 2434 Manichaaus
1827 2379 1886 2432 et
1911 2375 2056 2432 Pris-

424 2473 686 2530 cillianus
711 2473 994 2545 dixerunt,
1023 2474 1332 2530 anathema
1357 2471 1448 2528 sit.

495 2570 581 2625 VI.
609 2569 667 2626 Si
694 2568 822 2642 quis
847 2568 1070 2624 animas
1099 2569 1384 2625 humanas
1413 2567 1551 2623 dicit
1577 2565 1735 2639 prius
1763 2566 1822 2621 in
1848 2563 2060 2622 caelesti

423 2663 775 2720 habitatione
799 2680 1088 2737 peccasse,
1108 2667 1166 2719 et
1189 2679 1295 2736 pro
1322 2663 1430 2718 hoc
1451 2661 1511 2717 in
1541 2677 1780 2734 corpora
1805 2660 2060 2716 humana

424 2758 484 2814 in
507 2762 720 2815 terram
757 2758 1024 2830 dejectas,
1059 2759 1204 2814 sicut
1236 2755 1610 2812 Priscillianus
1635 2755 1794 2823 dixit,
1825 2754 2056 2811 anathe-

425 2869 523 2907 ma
547 2851 638 2907 sit.

493 2943 607 2998 νη.
632 2941 688 2997 Si
715 2940 841 3014 quis
861 2940 998 2996 dicit
1016 2939 1306 2997 diabolum
1332 2957 1450 2996 non
1484 2939 1658 2996 fuisse
1695 2939 1851 3013 prius
1877 2956 2057 3012 ange-

423 3034 547 3087 lum
570 3031 790 3092 bonum
820 3048 853 3086 a
875 3033 990 3087 Deo
1019 3030 1255 3101 factum,
1287 3047 1392 3086 nec
1418 3031 1517 3086 Dei
1551 3030 1842 3102 opificium
1887 3031 2060 3086 fuisse

423 3123 694 3176 naturam
720 3119 862 3191 ejus,
893 3120 992 3176 sed
1017 3120 1154 3175 dicit
1183 3136 1315 3175 eum
1361 3137 1427 3176 ex
1460 3119 1711 3176 tenebris
1741 3120 2057 3191 emersisse,

424 3226 542 3265 non
588 3209 836 3282 aliquem
874 3210 958 3266 sui
1003 3210 1213 3266 habere
1253 3214 1568 3282 auctorem,
1597 3210 1696 3266 sed
1723 3210 1911 3282 ipsum
1937 3226 2056 3266 esse

423 3302 771 3377 principium
786 3304 999 3378 absque
1026 3304 1341 3360 substantia
1360 3305 1529 3375 mala,
1550 3303 1694 3361 sicut
1719 3304 2058 3361 Manichmus

423 3400 483 3454 et
509 3397 891 3454 Priscillianus
923 3398 1204 3467 dixerunt,
1235 3399 1537 3456 anathema
1565 3399 1656 3455 sit.

491 3494 625 3550 VIII.
656 3492 714 3549 Si
741 3493 867 3565 quis
892 3494 1073 3550 credit
1105 3494 1261 3567 quod
1290 3494 1506 3568 aliquas
1535 3493 1866 3550 immundas
1895 3511 2054 3550 crea-

421 3592 576 3643 turas
602 3587 858 3643 diabolus
872 3589 1089 3657 fecerit,
1113 3588 1450 3658 ettonitrua,
1480 3592 1538 3644 et
1555 3589 1799 3662 fulgura,
1830 3592 1890 3645 et
1915 3591 2058 3645 tem-

421 3684 684 3754 pestates,
711 3686 768 3738 et
800 3682 1072 3739 siccitates
1108 3683 1228 3755 ipse
1269 3683 1528 3739 diabolus
1571 3700 1676 3739 sua
1723 3684 2056 3741 auctoritate

422 3776 572 3848 facit,
598 3777 743 3832 sicut
765 3776 1145 3832 Priscillianus
1170 3776 1332 3846 dixit,
1355 3778 1661 3832 anathema
1679 3777 1770 3834 sit.

494 3871 580 3926 IX.
615 3869 673 3926 Si
701 3870 826 3942 quis
849 3870 1070 3925 animas
1103 3874 1160 3927 et
1183 3887 1421 3943 corpora
1444 3871 1704 3927 humana
1717 3870 1874 3927 fatali
1893 3871 2057 3944 signo

425 3963 606 4018 credit
621 3963 879 4034 astringi,
902 3963 1045 4019 sicut
1062 3963 1276 4035 Pagani
1298 3967 1357 4020 et
1374 3963 1753 4021 Priscillianus
1770 3965 2053 4037 dixerunt,

424 4057 732 4112 anathema
754 4057 846 4111 sit.

497 4151 557 4205 X.
587 4149 642 4206 Si
670 4150 797 4223 quis
825 4150 1129 4207 duodecim
1156 4151 1335 4223 signa,
1368 4152 1426 4208 id
1449 4155 1531 4209 est
1555 4153 1744 4209 sidera
1774 4171 2053 4228 quaema-

423 4244 716 4301 thematici
757 4244 1054 4301 observare
1101 4246 1284 4302 solent
1324 4263 1430 4320 per
1475 4248 1698 4320 singula
1735 4248 1945 4306 animae
1971 4251 2056 4307 vel

426 4339 678 4411 corporis
709 4340 970 4395 membra
1017 4339 1290 4413 disposita
1332 4342 1591 4411 credunt,
1636 4348 1692 4399 et
1728 4343 2056 4402 nominibus

424 4433 877 4505 patriarcharum
927 4434 1171 4508 ascripta
1219 4436 1434 4507 dicunt,
1489 4437 1633 4494 sicut
1683 4437 2058 4496 Priscillianus

426 4527 581 4597 dixit,
610 4529 910 4586 anathema
931 4530 1020 4585 sit.
1042 4513 1065 4607 κ

2154 588 2468 660 pergustet,
2495 586 2638 642 sicut
2662 583 3005 642 Manichaaus
3051 585 3111 638 et
3151 581 3532 638 Priscillianus
3580 581 3796 638 docue-

2156 685 2310 752 runt,
2340 681 2640 736 anathema
2666 680 2756 734 sit.

2228 777 2332 830 XV.
2368 774 2424 831 Si
2447 774 2574 846 quis
2602 773 2940 829 clericorum
2957 773 3167 844 praeter
3184 775 3429 826 matrem
3449 774 3548 826 aut
3577 785 3802 842 germa-

2156 885 2292 925 nam
2322 870 2408 924 vel
2437 868 2610 924 etiam
2654 884 2783 940 quae
2835 866 3096 938 proxima
3142 865 3636 936 consanguinitate
3656 865 3797 936 jun~

2159 967 2391 1036 guntur,
2408 963 2548 1018 alias
2575 962 2792 1033 aliquas
2820 961 2984 1033 quasi
3012 959 3301 1032 adoptivas
3325 958 3572 1013 feminas
3596 974 3798 1014 secum

2157 1058 2426 1128 retinent,
2457 1062 2514 1112 et
2541 1073 2668 1111 cum
2699 1055 2835 1127 ipsis
2860 1054 3139 1125 habitant,
3173 1054 3316 1109 sicut
3341 1052 3673 1109 Priscilliani
3702 1069 3797 1107 se~

2159 1154 2245 1207 cta
2273 1150 2486 1221 docuit,
2520 1150 2827 1206 anathema
2854 1149 2944 1204 sit.

2229 1248 2359 1302 XVI.
2393 1246 2448 1302 Si
2498 1245 2625 1317 quis
2672 1243 2875 1317 quinta
2919 1241 3060 1299 feria
3097 1241 3367 1314 paschali,
3397 1258 3525 1314 quae
3563 1242 3800 1296 vocatur

2159 1357 2319 1398 coena
2347 1338 2591 1406 Domini,
2624 1339 2763 1394 hora
2792 1336 3056 1410 legitima
3086 1341 3213 1408 post
3245 1352 3461 1392 nonam
3484 1335 3719 1408 jejunus
3737 1334 3800 1390 in

2161 1434 2413 1492 ecclesiis
2457 1433 2663 1488 missas
2707 1449 2821 1487 non
2864 1433 3039 1502 tenet,
3082 1431 3182 1486 sed
3213 1429 3530 1486 secundum
3579 1432 3799 1485 sectam

2159 1533 2492 1590 Priscilliani
2537 1531 2906 1588 festivitatem
2956 1529 3136 1603 ipsius
3181 1529 3253 1586 ab
3297 1530 3442 1586 hora
3482 1529 3650 1584 tertia
3690 1545 3800 1600 per

2158 1629 2357 1685 missas
2384 1627 2785 1685 defunctorum
2828 1625 3011 1682 soluto
3049 1624 3271 1698 jejunio
3297 1623 3453 1692 colit,
3487 1622 3801 1679 anathema

2161 1722 2250 1779 sit.
3205 1760 3220 1769 .
3286 1707 3294 1716 ’

2234 1815 2425 1892 139
2452 1817 2607 1873 XVII.
2641 1817 2694 1873 Si
2733 1815 2858 1888 quis
2889 1814 3213 1887 scripturas,
3245 1829 3384 1885 quas
3409 1811 3800 1868 Priscillianus

2158 1912 2477 1967 secundum
2526 1927 2695 1967 suum
2734 1909 3059 1982 depravavit
3100 1924 3377 1975 errorem,
3408 1906 3498 1962 vel
3525 1908 3800 1976 tractatus

2158 2005 2403 2074 Dictinii,
2425 2022 2570 2078 quos
2596 2005 2718 2078 ipse
2747 2004 3018 2060 Dictinius
3038 2009 3349 2075 antequam
3375 2003 3803 2056 converteretur

2159 2099 2400 2171 scripsit,
2429 2099 2518 2154 vel
2552 2099 2759 2172 scripta
2784 2115 2911 2172 quae
2931 2098 3034 2153 sub
3054 2096 3289 2154 nomine
3316 2094 3799 2168 patriarcharum,

2159 2193 2571 2264 prophetarum
2611 2196 2667 2248 et
2712 2193 3096 2265 apostolorum
3130 2196 3187 2247 et
3211 2207 3311 2246 suo
3339 2189 3519 2244 errori
3547 2204 3802 2244 consona

2158 2287 2449 2355 conﬁnxit,
2483 2286 2642 2359 legit,
2675 2291 2730 2342 et
2758 2287 2934 2359 impia
2970 2301 3170 2341 eorum
3212 2284 3490 2358 ﬁgmenta
3537 2283 3802 2354 sequitur

2158 2385 2257 2437 aut
2275 2380 2548 2447 defendit,
2579 2381 2884 2436 anathema
2909 2379 2999 2435 sit.

2228 2476 2408 2530 XVIII.
2440 2474 2746 2547 Propositis
2782 2474 2874 2530 his
2917 2473 3175 2546 capitulis
3222 2475 3280 2528 et
3324 2471 3549 2527 relectis
3597 2471 3804 2526 Lucre-

2157 2569 2270 2624 tius
2295 2569 2595 2641 episcopus
2627 2567 2770 2624 dixit
2801 2585 2814 2625 :
2846 2567 3124 2634 Quoniam
3171 2566 3347 2623 etiam
3376 2582 3442 2620 ea
3473 2581 3600 2637 quae
3629 2581 3663 2618 a
3699 2581 3799 2620 ca-

2157 2663 2380 2720 tholicis
2423 2662 2748 2719 abominata
2788 2667 2921 2718 sunt
2949 2666 3006 2718 et
3036 2661 3305 2717 damnata
3341 2658 3702 2715 manifestius
3741 2664 3803 2714 et

2161 2757 2410 2830 apertius
2439 2757 2612 2816 etiam
2638 2756 3036 2829 ignorantibus
3061 2757 3340 2812 declarata
3367 2756 3518 2822 sunt,
3541 2769 3804 2809 necessa-

2158 2852 2310 2908 rium
2335 2855 2464 2924 post
2491 2852 2596 2907 hoc
2622 2851 2866 2907 arbitror
2893 2850 2940 2905 si
2964 2854 3164 2906 vestrae
3192 2847 3530 2904 fraternitati
3550 2847 3799 2917 videtur,

2159 2951 2222 3002 ut
2247 2945 2509 3002 instituta
2540 2945 2704 3001 nobis
2731 2950 3056 3001 sanctorum
3081 2947 3316 3000 Patrum
3340 2941 3629 2998 recensitis
3651 2942 3804 2997 anti-

2159 3039 2286 3111 quis
2330 3039 2641 3095 canonibus
2690 3039 3069 3107 innotescant,
3107 3055 3238 3110 quae
3267 3042 3324 3094 et
3362 3036 3407 3092 si
3444 3053 3563 3093 non
3600 3035 3802 3091 omnia

2157 3137 2307 3190 certe
2329 3133 2414 3190 vel
2440 3151 2635 3206 pauca,
2663 3151 2789 3206 quae
2812 3133 2884 3189 ad
2912 3132 3344 3189 instructionem
3391 3130 3670 3186 clericalis
3706 3130 3798 3186 di-

2159 3227 2413 3300 sciplima
2444 3228 2753 3300 pertinent,
2797 3227 3148 3299 relegantur.
3183 3226 3395 3282 Omnes
3441 3223 3687 3297 episcopi
3716 3224 3803 3279 di-

2159 3326 2368 3377 xerunt
2400 3339 2412 3376 :
2445 3323 2631 3377 Placet
2674 3322 2780 3376 hoc
2810 3321 3062 3376 edictum
3111 3323 3168 3374 et
3196 3335 3450 3391 congrua
3478 3335 3568 3373 res
3605 3323 3708 3388 est,
3731 3323 3805 3372 ut

2158 3416 2362 3488 quibus
2389 3415 2626 3471 fortasse
2655 3421 2711 3471 et
2737 3431 2841 3488 per
2866 3415 3144 3471 incuriam
3185 3413 3395 3469 abolita
3438 3417 3570 3468 sunt
3611 3413 3798 3468 eccle-

2156 3510 2374 3566 siastica
2399 3510 2722 3577 constituta,
2754 3509 2986 3565 audiant
3029 3511 3355 3564 sanctorum
3397 3523 3681 3562 canonum
3711 3523 3801 3562 re-

2159 3605 2351 3676 gulam
2378 3607 2434 3660 et
2453 3600 2782 3676 observent\
2792 3604 3034 3660 Relectis
3052 3601 3117 3657 ex
3133 3602 3328 3657 codice
3348 3618 3537 3656 coram
3556 3600 3801 3656 concilio

2157 3701 2273 3753 tam
2312 3698 2667 3770 generalium
2715 3695 3069 3770 sybodorum
3114 3695 3422 3752 canonibus
3453 3712 3626 3768 quam
3649 3695 3801 3750 Ioca~

2157 3793 2326 3859 lium;
2361 3795 2487 3864 post
2528 3808 2774 3864 quorum
2825 3791 3134 3846 lectionem
3177 3789 3470 3845 Lucretius
3501 3789 3800 3861 episcopus

2156 3887 2340 3941 dixit:
2375 3887 2515 3941 Ecce
2576 3903 2644 3941 ex
2700 3886 2821 3958 ipsa
2871 3901 3153 3941 canonum
3205 3885 3444 3940 lectione
3494 3886 3801 3955 cognoscat

2159 3983 2351 4035 sancta
2397 3980 2722 4035 fraternitas
2777 3985 2980 4048 vestra,
3032 3996 3150 4034 non
3201 3977 3385 4033 solum
3433 3977 3799 4050 generalibus

2157 4075 2424 4144 conciliis,
2464 4075 2560 4129 sed
2607 4079 2664 4128 et
2711 4075 2768 4128 in
2815 4073 3087 4128 localibus
3115 4075 3488 4144 congregatos
3518 4071 3685 4126 simul
3715 4089 3800 4126 sa-

2157 4168 2412 4223 cerdotes
2441 4185 2555 4222 uno
2591 4183 2867 4223 consensu
2914 4184 2980 4223 ea
3022 4184 3148 4239 quae
3192 4165 3564 4221 ecclesiastico
3594 4182 3802 4220 conve-

2155 4263 2393 4317 niebant
2418 4261 2605 4317 ordini
2649 4262 2933 4330 statuisse,
2965 4267 3019 4316 et
3054 4260 3368 4316 secundum
3411 4260 3561 4332 quod
3607 4260 3802 4314 unius-

2156 4357 2432 4428 cujusque
2467 4355 2549 4410 rei
2579 4355 2884 4426 expetebat
2918 4355 3062 4411 ratio
3092 4353 3467 4427 prospexisse,
3495 4357 3800 4425 sequentes

2157 4450 2502 4505 sententiam
2518 4449 2787 4504 doctrinm
2798 4448 3122 4521 apostolicae
3137 4448 3372 4504 dicentis
3387 4466 3399 4504 :
3414 4448 3588 4503 Proba
3597 4453 3650 4502 te
3665 4464 3798 4520 quae

2155 4544 2304 4598 bona
2334 4547 2466 4598 sunt
2494 4547 2548 4598 et
2573 4547 2780 4598 tenete.
2815 4544 2871 4598 Si
2897 4560 3035 4614 ergo
3071 4544 3251 4614 placet
3280 4541 3543 4597 charitati
3569 4544 3795 4612 vestrae,

494 4625 577 4678 XI.
609 4623 666 4679 Si
698 4623 825 4696 quis
851 4624 1120 4698 conjugia
1143 4625 1393 4682 humana
1425 4626 1683 4699 damnat,
1712 4632 1769 4683 et
1793 4643 2056 4700 procrea-
2076 4645 2136 4718 D
2159 4638 2290 4708 quia
2323 4641 2456 4692 sunt
2474 4637 2666 4708 aliqua
2690 4636 3080 4692 ecclesiasticae
3108 4635 3475 4692 institutionis
3501 4635 3795 4707 obsequia,

423 4719 639 4774 tionem
683 4718 1038 4792 nascentium
1080 4720 1478 4792 perhorrescit,
1531 4722 1678 4776 sicut
1723 4721 2059 4777 Manichacus

427 4817 482 4868 et
507 4812 884 4868 Priscillianus
911 4813 1193 4882 dixerunt,
1219 4816 1523 4870 anathema
1546 4815 1636 4870 sit.

496 4907 605 4961 XII.
630 4907 684 4963 Si
704 4908 830 4980 quis
850 4907 1284 4979 plasmationem
1311 4908 1553 4963 humani
1578 4908 1830 4980 corporis
1847 4908 2059 4963 diaboli

426 4999 561 5055 dicit
587 5001 924 5072 ﬁgmentum
963 5017 1104 5070 esse,
1141 5007 1198 5057 et
1220 5001 1615 5074 conceptiones
1643 5001 1703 5056 in
1731 5002 1907 5056 uteris
1931 5017 2058 5056 ma-

425 5097 579 5149 trum
607 5095 872 5166 operibus
903 5095 1041 5151 dicit
1078 5096 1406 5152 daemonum
1454 5095 1601 5163 ﬁeri,
1631 5099 1866 5167 propter
1906 5094 2060 5166 quod

426 5189 906 5245 resurrectionem
933 5190 1121 5246 carnis
1163 5207 1280 5246 non
1306 5189 1505 5260 credit,
1536 5189 1681 5245 sicut
1723 5188 2060 5245 Manichmus

427 5287 482 5338 et
507 5282 882 5339 Priscillianus
907 5285 1193 5354 dixerunt,
1223 5285 1532 5341 anathema
1561 5283 1652 5339 sit.

498 5377 626 5433 XIII.
675 5378 734 5434 Si
787 5379 912 5450 quis
967 5379 1104 5435 dicit
1157 5378 1508 5435 creationem
1551 5377 1828 5434 universis
1871 5378 2060 5435 carnis

427 5489 541 5528 non
573 5471 859 5546 opiﬁcium
902 5489 1023 5530 esse
1068 5473 1188 5541 Dei,
1233 5472 1330 5528 sed
1372 5472 1659 5528 malorum
1698 5475 2055 5546 angelorum,

423 5567 567 5624 sicut
594 5567 937 5625 Manichaaus
965 5572 1020 5622 et
1045 5566 1422 5622 Priscillianus
1442 5566 1722 5637 dixerunt,
1752 5569 2058 5625 anathema

426 5661 518 5718 sit.

495 5757 624 5812 XIV.
656 5757 714 5814 Si
749 5756 895 5832 quis]
913 5756 1241 5813 immundos
1275 5760 1434 5830 putat
1453 5758 1609 5814 cibos
1629 5759 1889 5815 carnium
1917 5775 2060 5832 quas

428 5849 576 5902 Deus
597 5848 655 5902 in
683 5867 787 5904 usu
815 5850 1116 5906 hominum
1136 5851 1316 5923 dedit,
1346 5855 1404 5907 et
1421 5854 1535 5908 nod
1555 5856 1789 5925 propter
1807 5853 2061 5908 afflictio-

429 5956 562 5996 nem
589 5941 674 5996 sui
701 5944 972 6014 corporis,
1006 5944 1106 6000 sed
1133 5946 1272 6020 quia
1308 5947 1728 6005 immunditiam
1754 5946 2057 6019 putaverit,

2158 4749 2286 4804 quae
2315 4732 2374 4785 in
2401 4731 2573 4801 hujus
2601 4731 2918 4802 praesertim
2949 4731 3305 4786 extremitate
3334 4729 3636 4801 provincia
3679 4746 3796 4784 non

2159 4843 2260 4896 per
2287 4825 2737 4892 contentionem,
2760 4825 2912 4897 quod
2942 4824 3108 4902 adsit,
3134 4824 3231 4880 sed
3256 4824 3438 4896 magis
3467 4823 3631 4896 (sicut
3657 4841 3801 4895 pra:-

2160 4919 2259 4972 fati
2288 4919 2501 4988 sumus)
2530 4918 2676 4973 ﬁunt
2696 4935 2798 4990 per
2818 4919 3100 4973 incuriam
3131 4923 3231 4973 aut
3260 4935 3364 4990 per
3389 4918 3796 4988 ignorantiam,

2159 5013 2568 5067 constituamus
2598 5012 2865 5083 quaedam
2912 5012 3063 5067 inter
3107 5029 3209 5067 nos
3264 5012 3524 5084 capitula,
3565 5016 3631 5066 ut
3668 5029 3800 5083 quae

2158 5122 2270 5160 non
2301 5122 2416 5160 uno
2462 5106 2636 5161 modo
2683 5108 2952 5160 tenentur
2991 5123 3024 5160 a
3067 5105 3232 5160 nobis
3260 5105 3331 5160 ad
3363 5122 3535 5160 unam
3565 5106 3802 5160 omnino

2157 5199 2466 5254 formulam
2484 5200 2860 5255 revocentur?
2879 5199 3089 5254 Omnes
3112 5199 3363 5271 episcOpi
3380 5198 3644 5255 dixerunt
3661 5217 3672 5253 :
3690 5199 3797 5254 Ne-

2157 5293 2464 5348 cessarium
2489 5298 2545 5349 et
2569 5293 2728 5349 valde
2763 5293 2902 5349 utile
2922 5293 3288 5362 arbitramur,
3314 5296 3375 5348 ut
3396 5309 3463 5348 ea
3483 5309 3610 5366 quae
3641 5293 3800 5366 apud

2159 5404 2631 5460 unumquemque
2672 5392 2932 5442 nostrum
2982 5388 3132 5442 varia
3183 5392 3239 5442 et
3290 5386 3612 5443 inordinata
3659 5404 3799 5442 con-

2159 5482 2460 5536 suetudine
2491 5481 2832 5550 retinentur,
2865 5482 3028 5536 unito
3071 5481 3222 5537 inter
3263 5497 3364 5536 nos
3395 5481 3492 5536 Dei
3539 5482 3721 5553 gratia
3746 5489 3804 5538 et

2158 5576 2424 5631 concordi
2452 5575 2817 5630 celebrentur
2843 5575 3049 5631 ofﬁcio.
3081 5577 3148 5630 Et
3190 5574 3396 5630 idcirco
3421 5575 3466 5630 si
3497 5575 3634 5648 quid
3659 5576 3802 5632 illud

2160 5672 2245 5723 est
2278 5685 2559 5739 magnum
2605 5669 2693 5723 vel
2736 5686 2981 5742 parvum
3008 5669 3161 5741 quod
3191 5668 3400 5725 variari
3423 5669 3701 5736 videmus,
3729 5671 3802 5726 ad

2159 5779 2330 5818 unam
2357 5761 2521 5829 (sicut
2546 5763 2767 5818 dictum
2794 5763 2898 5836 est)
2929 5763 3237 5819 formulam
3283 5762 3529 5835 praeﬁxis
3562 5763 3804 5819 rationa-

2155 5856 2346 5912 biliter
2370 5855 2636 5926 capitulis
2666 5861 2980 5927 revocetur,
3005 5857 3290 5930 praecipue
3312 5874 3442 5914 cum
3462 5862 3520 5914 et
3538 5857 3609 5913 de
3627 5858 3803 5914 certis

2159 5949 2504 6020 quibusdam
2529 5950 2711 6008 causis
2737 5949 3166 6008 instructionem
3187 5951 3340 6026 apud
3359 5968 3462 6007 nos
3483 5949 3638 6008 Sedis
3657 5967 3798 6026 ερο-
