4032 6292
226 305 332 358 569

1468 284 1944 355 DECRETALIUM
1983 288 2370 355 COLLEC'I‘IO.

3497 299 3602 357 570

223 411 442 467 stolicae
466 410 798 478 habeamus,
815 421 942 482 qua:
959 403 1029 466 ad
1047 402 1528 481 interrogationes
1543 427 1670 464 suas
1690 425 1868 482 quon-
1889 420 1949 494 Α
1970 413 2204 463 utuntur
2235 406 2460 475 orariis,
2492 406 2571 463 ita
2605 411 2668 462 ut
2693 401 2836 462 nihil
2865 405 3065 463 differe
3095 424 3130 462 a
3159 404 3502 464 subdiacono
3524 409 3605 465 vi-

224 506 354 559 dam
383 505 729 559 venerandae
763 505 1055 559 memoriae
1079 503 1432 576 praecessoris
1450 503 1532 558 tui
1560 503 1870 575 prudentia

222 599 396 652 Profu
407 598 521 652 turi
548 597 620 652 ab
653 598 772 670 ipsa
799 598 1114 652 beatissimi
1141 597 1291 654 Petri
1322 589 1540 669 recepit
1584 597 1867 652 cathedra.

226 692 523 746 Lucretius
551 693 851 763 episcopus
891 692 1029 746 dixit
1062 709 1075 746 :
1109 692 1280 746 Recte
1319 691 1643 746 fraternitas
1686 694 1872 746 vestra

225 785 630 840 auctoritatem
662 785 819 841 Sedis
845 785 1173 856 apostolica:
1203 786 1496 840 recordata
1524 790 1630 853 est,
1649 801 1778 856 qua:
1806 784 1871 838 li-

224 883 314 934 cet
329 879 540 934 eodem
567 883 826 952 tempore
846 879 1165 934 innotuerit
1180 895 1294 950 quo
1323 879 1536 934 directa
1556 884 1659 948 est,
1679 881 1868 933 tamen

225 991 330 1046 pro
370 973 644 1030 ﬁrmitate
684 972 997 1028 testimonii
1029 978 1086 1029 et
1133 972 1509 1028 instructions
1554 973 1867 1027 multorum

226 1067 294 1138 (si
322 1074 527 1122 vestrae
560 1067 919 1122 unanimitati
952 1068 1283 1139 complacet)
1309 1067 1440 1139 quia
1468 1083 1588 1139 prae
1607 1065 1869 1121 manibus

225 1168 332 1228 est,
387 1178 581 1216 coram
632 1161 899 1217 omnibus
950 1163 1190 1233 legatur.
1240 1161 1452 1217 Omnes
1487 1159 1736 1233 episc0pi
1778 1159 1866 1214 di-

223 1260 430 1310 xerunt
457 1273 471 1309 :
500 1256 725 1310 Justum
757 1260 840 1310 est
871 1260 932 1310 ut
958 1256 1092 1327 quia
1119 1255 1335 1310 mentio
1363 1254 1543 1326 ipsius
1568 1253 1869 1308 auctorita-

222 1349 295 1402 tis
320 1352 408 1403 est
432 1349 650 1419 habita,
685 1365 813 1420 quas
842 1354 926 1404 est
955 1349 1078 1420 ejus
1106 1349 1370 1404 doctrina
1399 1365 1432 1402 a
1457 1347 1867 1403 circumstanti-

220 1442 327 1496 bus
353 1443 635 1498 audiatur.
667 1443 893 1498 Relecta
919 1448 1002 1498 est
1027 1443 1334 1498 auctoritas
1363 1442 1519 1498 Sedis
1540 1441 1865 1513 apostolicae

221 1536 294 1591 ad
320 1537 638 1608 quemdam
682 1536 1051 1592 Profuturum
1097 1537 1312 1592 directa
1352 1536 1706 1609 episcopum,
1736 1552 1863 1608 quae

222 1636 455 1702 propter
480 1630 867 1703 prolixitatem
908 1630 994 1685 his
1025 1630 1199 1703 gestis
1227 1631 1468 1687 minime
1494 1634 1580 1685 est
1604 1628 1817 1684 inserta
1843 1647 1860 1699 ;

221 1727 353 1794 post
407 1725 570 1796 cujus
619 1724 926 1779 lectionem
986 1725 1281 1780 Lucretius
1333 1725 1628 1796 episcopus
1674 1723 1856 1779 dixit:

1971 503 2234 570 deantur,
2270 505 2333 556 ut
2375 501 2444 557 de
2490 504 2697 558 caetero
2744 502 3112 574 superpositis
3165 502 3426 575 scapulis,
3455 504 3602 559 sicut

1971 595 2151 665 decet,
2182 598 2416 650 utantur
2443 597 2664 651 orariis.

2039 689 2261 744 XXVIII.
2292 690 2431 743 Item
2460 689 2675 760 placuit
2701 692 2762 744 ut
2799 706 2913 744 non
2943 689 3113 745 liceat
3136 690 3368 746 cuilibet
3397 707 3468 747 ex
3517 691 3600 748 le-

1969 782 2219 838 ctoribus
2243 799 2404 837 sacra
2435 783 2630 838 altaris
2655 800 2781 838 vasa
2806 787 3054 856 portare,
3085 801 3192 839 nec
3221 785 3346 839 aliis
3374 785 3483 841 nisi
3510 787 3599 841 his

1969 876 2065 948 qui
2095 876 2165 930 ab
2193 877 2460 948 episcopo
2489 877 2823 933 subdiaconi
2849 878 3066 934 fuerint
3097 878 3363 934 ordinati.

2038 970 2209 1024 XXIX.
2231 971 2370 1025 Item
2396 970 2609 1042 placuit
2628 973 2691 1024 ut
2707 972 2946 1026 lectores
2970 971 3029 1026 in
3057 971 3292 1028 ecclesia
3311 972 3370 1028 in
3394 973 3597 1030 habitu

1967 1064 2225 1119 saculari
2253 1063 2495 1119 ordinati
2527 1081 2645 1119 non
2675 1065 2937 1136 psallant,
2969 1083 3155 1138 neque
3200 1083 3405 1138 granos
3452 1083 3595 1140 gen-

1966 1157 2052 1212 tili
2078 1157 2193 1212 ritu
2224 1157 2533 1213 dimittant.

2034 1252 2181 1307 XXX.
2223 1254 2366 1308 Item
2416 1252 2650 1324 placuit,
2695 1258 2758 1308 ut
2800 1255 3015 1309 Veteris
3055 1256 3404 1312 Testamenti
3450 1257 3594 1314 nihil

1965 1345 2186 1416 poetice
2213 1346 2594 1418 compositum
2637 1346 2696 1402 in
2739 1347 2972 1404 ecclesia
3011 1349 3303 1421 psallatur,
3350 1349 3494 1408 sicut
3535 1357 3594 1409 et

1965 1439 2142 1494 sancti
2167 1440 2506 1512 praecipiunt
2533 1457 2799 1498 canones.

2033 1533 2205 1588 XXXI.
2237 1535 2378 1590 Item
2418 1534 2649 1605 placuit,
2679 1539 2744 1590 ut
2782 1535 3010 1606 ingredi
3051 1537 3122 1592 ad
3161 1540 3589 1596 communican-

1964 1626 2102 1682 dum
2134 1644 2248 1682 non
2285 1628 2452 1684 liceat
2481 1629 2788 1684 sacrarium
2831 1629 2987 1685 laicis
3011 1629 3164 1701 viris,
3197 1632 3287 1686 vel
3333 1635 3589 1689 mulieri-

1959 1719 2085 1791 bus,
2116 1721 2226 1776 nisi
2256 1725 2482 1777 tantum
2503 1721 2737 1790 clericis,
2765 1721 2911 1778 sicut
2937 1726 2995 1778 et
3012 1725 3260 1797 antiquis
3284 1728 3592 1784 canonibus

221 1818 573 1874 Menifestius
599 1822 753 1890 patet
778 1818 1150 1889 apostolicam
1171 1818 1338 1874 nobis
1353 1818 1621 1891 opitulari
1651 1818 1858 1873 doctri-
1879 1806 1937 1880 B
1960 1813 2285 1870 institutum
2312 1819 2415 1871 est.
2421 1815 2450 1908 ί

224 1928 386 1981 nam,
445 1918 502 1968 et
545 1911 671 1967 ideo
711 1911 857 1967 sicut
903 1912 1228 1967 fraternitas
1266 1916 1452 1968 vestra
1485 1911 1766 1982 praedixit,
1812 1911 1859 1965 si

220 2006 362 2076 quid
396 2022 500 2077 per
543 2005 930 2077 ignorantiam
969 2007 1120 2078 apud
1170 2006 1445 2077 quosdam
1487 2005 1758 2073 variatur,
1789 2005 1861 2061 ad

221 2112 395 2150 unam
435 2096 744 2151 formulam
783 2096 1046 2151 concordi
1083 2097 1287 2168 regula
1328 2095 1672 2168 praescriptis
1710 2096 1861 2151 inter

220 2206 324 2243 nos
365 2189 631 2261 capitulis
675 2190 1045 2261 astringatur.
1090 2189 1382 2261 Proposita
1433 2194 1568 2244 sunt
1611 2189 1859 2261 capitula

219 2299 347 2354 quas
368 2283 666 2340 continent
693 2284 838 2340 hinc.

290 2378 420 2433 XIX.
455 2377 675 2433 Placuit
701 2378 968 2434 omnibus
990 2378 1284 2434 communi
1311 2393 1611 2446 consensu,
1628 2381 1690 2432 ut
1707 2393 1858 2433 unus

218 2473 395 2543 atque
424 2468 578 2526 idem
605 2472 886 2543 psallendi
913 2473 1049 2528 ordo
1078 2471 1139 2527 in
1166 2471 1480 2540 matutinis,
1511 2472 1599 2526 vel
1626 2487 1854 2544 vesper-

217 2565 356 2619 tinis
398 2564 598 2620 ofﬁciis
645 2569 925 2635 teneatur,
973 2569 1032 2621 et
1073 2582 1189 2620 non
1236 2565 1469 2622 diversae
1507 2582 1573 2620 ac
1625 2565 1857 2637 privatas

219 2660 704 2714 monasteriorum
740 2659 1178 2716 consuetudines
1209 2663 1412 2715 contra
1457 2659 1857 2716 ecclesiasticas

218 2753 449 2824 regulas
478 2754 590 2809 sint
612 2755 921 2826 permistte.

292 2849 398 2903 XX.
431 2848 570 2902 Item
596 2848 830 2920 placuit,
862 2854 928 2904 ut
955 2865 1061 2920 per
1087 2848 1432 2904 solemnium
1463 2847 1684 2903 dierum
1713 2847 1854 2920 vigi-

218 2940 320 2996 lias
350 2941 436 2996 vel
463 2941 660 2997 missas
692 2959 890 2997 omnes
917 2942 1146 2998 easdem
1189 2945 1246 2996 et
1287 2959 1402 2997 non
1451 2941 1702 2997 diversas
1737 2942 1852 2997 lec-

217 3036 411 3091 tiones
442 3036 503 3091 in
532 3036 767 3092 ecclesia
793 3037 1007 3108 legant.

290 3130 420 3185 XXI.
456 3131 594 3184 Item
622 3131 837 3202 placuit
864 3134 930 3186 ut
957 3148 1074 3186 non
1105 3132 1269 3187 aliter
1309 3130 1560 3203 episcopi
1605 3134 1661 3186 et
1689 3130 1856 3186 aliter

217 3223 540 3296 presbyteri
554 3225 854 3297 populum,
867 3225 966 3280 sed
986 3243 1101 3281 uno
1123 3225 1295 3281 modo
1307 3225 1551 3281 salutent
1568 3225 1849 3280 dicentes:

215 3320 480 3373 Dominus
520 3320 592 3374 sit
619 3319 910 3382 vobiscum,
945 3319 1091 3375 sicut
1133 3321 1192 3374 in
1229 3319 1374 3374 libro
1417 3319 1570 3375 Ruth
1601 3319 1810 3390 legitur
1835 3336 1864 3386 ;~

215 3416 276 3467 et
321 3415 386 3466 ut
422 3412 839 3484 respondeatur
867 3430 900 3468 a
928 3414 1140 3486 populo
1171 3431 1185 3468 :
1219 3416 1290 3470 Et
1335 3430 1449 3469 cum
1493 3416 1692 3485 spiritu
1739 3417 1851 3482 tuo,

215 3504 364 3560 sicut
412 3511 470 3561 et
509 3506 579 3561 ab
625 3505 758 3578 ipsis
796 3507 1064 3578 apostolis
1110 3507 1386 3562 traditum
1413 3507 1600 3561 omnis
1648 3505 1856 3562 retinet

215 3598 440 3670 Oriens,
458 3602 516 3654 et
541 3616 658 3655 non
685 3599 831 3655 sicut
855 3601 1206 3656 Priscilliana
1226 3599 1457 3656 haeresis
1486 3599 1850 3672 permutavit.

291 3695 445 3750 XXII.
493 3695 635 3748 Item
666 3693 880 3765 placuit
922 3700 987 3750 ut
1019 3694 1221 3750 eodem
1253 3694 1454 3750 ordine
1488 3694 1676 3750 missa).
1703 3694 1850 3750 cele-

214 3787 458 3843 brentur
485 3788 556 3843 ab
586 3787 849 3843 omnibus
877 3806 991 3861 quo
1012 3789 1348 3844 Profuturus
1366 3789 1660 3861 quondam
1679 3788 1852 3860 huius

216 3881 678 3954 metropolitanse
705 3882 956 3938 ecclesiae
984 3882 1281 3954 episcopus
1303 3883 1373 3938 ab
1390 3882 1513 3954 ipsa
1532 3882 1852 3955 apostolicae

215 3977 376 4033 Sedis
399 3976 734 4032 auctoritate
762 3977 1011 4050 suscepit
1047 3977 1346 4049 scriptum.

289 4071 469 4126 XXIII.
491 4071 632 4125 Item
671 4070 883 4142 placuit
915 4075 976 4127 ut
999 4071 1186 4126 nullus
1207 4087 1341 4126 eum
1362 4069 1689 4143 baptizandi
1706 4071 1855 4126 ordi-

217 4181 353 4220 nem
395 4166 818 4237 prmtermittat,
845 4181 1019 4237 quem
1056 4169 1113 4220 et
1145 4167 1312 4220 antea
1351 4165 1534 4222 tenuit
1561 4169 1853 4238 metropo-

214 4260 391 4314 litana
418 4258 808 4314 Braccarensis
833 4259 1086 4330 ecclesia,
1122 4262 1181 4314 et
1209 4276 1314 4330 pro
1365 4260 1714 4332 amputanda
1745 4259 1850 4314 ali-

214 4374 466 4430 quorum
498 4357 784 4414 dubietate
822 4357 1131 4429 praedictus
1173 4358 1509 4414 Profuturus
1557 4358 1853 4430 episcopus

215 4452 494 4525 scriptum
536 4451 643 4506 sibi
679 4457 737 4507 et
778 4451 1057 4508 directum
1091 4469 1125 4507 a
1151 4451 1294 4508 Sede
1343 4451 1652 4509 beatissimi
1701 4453 1853 4510 Petri

218 4547 466 4618 apostoli
493 4546 758 4618 suscepit.

288 4642 467 4698 XXIV.
496 4641 639 4696 Item
678 4641 912 4712 placuit,
940 4645 1002 4696 ut
1043 4645 1373 4697 conservato
1427 4639 1851 4712 metropolitani

219 4734 469 4808 episcopi
487 4734 737 4806 primatu
757 4735 950 4790 ceteri
970 4735 1370 4807 episcoporum
1396 4735 1714 4790 secundum
1734 4750 1851 4789 suae

217 4829 592 4887 ordinationis
610 4833 836 4902 tempus
862 4829 1006 4884 alius
1023 4829 1135 4885 alio
1157 4829 1386 4886 sedendi
1407 4829 1624 4885 deferat
1640 4829 1848 4885 locum.

287 4925 437 4980 XXV.
486 4927 627 4980 Item
675 4923 908 4996 placuit,
954 4923 1024 4979 de
1075 4923 1245 4980 rebus
1297 4923 1684 4980 ecclesiasticis
1714 4926 1853 4997 ‘tres

220 5035 397 5092 aqua;
418 5020 566 5075 ﬁant
594 5017 924 5089 portiones;
955 5016 1014 5072 id
1040 5021 1143 5086 est,
1175 5035 1291 5073 una
1314 5018 1585 5090 episcopi,
1615 5017 1727 5073 alia
1746 5017 1854 5072 cle-

217 5113 490 5183 ricorum,
532 5112 704 5168 tertia
735 5112 794 5166 in
840 5112 1200 5184 reparatione
1249 5112 1339 5167 vel
1376 5112 1437 5166 in
1479 5111 1854 5167 luminaribus

220 5209 486 5265 ecclesiae.
523 5207 598 5262 De
627 5209 832 5279 quarta
867 5210 1032 5278 parte
1063 5205 1179 5261 sive
1230 5205 1704 5279 archipresbyter,
1737 5204 1853 5260 sive

219 5303 657 5359 archidiaconus
702 5300 860 5356 illam
904 5299 1311 5356 administrans
1375 5300 1639 5373 episcopo
1685 5299 1854 5354 faciat

217 5397 523 5453 rationem.

287 5492 463 5547 XXVI.
495 5491 640 5546 Item
666 5489 902 5563 placuit,
929 5493 996 5544 ut
1021 5489 1213 5546 nullus
1260 5489 1556 5561 episcopus
1580 5487 1852 5543 clericum

223 5585 456 5641 alterius
487 5583 749 5639 ordinare
775 5586 1105 5656 praesumat,
1124 5583 1271 5638 sicut
1286 5586 1344 5638 et
1362 5583 1583 5655 antiqui
1608 5598 1855 5637 canones

223 5681 548 5748 vetuerunt,
564 5676 675 5732 nisi
694 5678 837 5734 forte
857 5676 1082 5750 signata
1100 5676 1276 5749 ipsius
1297 5677 1504 5748 scripta
1523 5675 1850 5748 susceperit.

287 5773 481 5828 XXVII.
513 5774 654 5826 Item
685 5771 918 5844 placuit,
948 5771 1084 5844 quia
1107 5771 1166 5827 in
1192 5770 1694 5843 aliquantirhujus
1719 5786 1853 5841 pro-

222 5866 422 5923 vincia
472 5865 720 5923 ecclesiis
762 5864 1024 5922 diacones
1063 5864 1348 5922 absconsis
1411 5864 1561 5921 infra
1599 5864 1858 5923 tunicam

1869 4565 1929 4639 D

2031 1910 2229 1965 XXXII.
2280 1912 2423 1966 Item
2454 1909 2684 1981 placuit,
2713 1914 2777 1965 ut
2815 1911 3142 1985 quicunque
3188 1913 3247 1969 in
3285 1915 3438 1971 clero
3468 1915 3592 1973 cibo

1959 2001 2217 2058 carnium
2261 2020 2376 2059 non
2421 2006 2682 2072 utuntur,
2727 2022 2833 2076 pro
2881 2008 3232 2079 amputanda
3270 2009 3591 2080 suspicione

1957 2096 2325 2152 Priscillianae
2349 2096 2600 2166 haeresis,
2631 2098 2720 2153 vel
2739 2099 2896 2155 olera
2920 2103 3077 2155 cocta
3101 2101 3364 2158 carnibus
3388 2105 3588 2160 tamen

1957 2195 2309 2264 prtegustare
2326 2194 2629 2264 cogantur.
2649 2192 2813 2257 Quod
2830 2193 2878 2248 si
2899 2195 3370 2268 contempserint,
3394 2213 3591 2254 secun-

1959 2283 2098 2340 dum
2117 2285 2275 2358 quod
2303 2286 2374 2342 de
2397 2286 2601 2341 talibus
2620 2287 2798 2342 sancti
2825 2289 3019 2344 Patres
3046 2288 3364 2361 antiquitus
3383 2294 3588 2348 statue-

1955 2383 2112 2446 runt,
2171 2395 2400 2435 necesse
2447 2383 2551 2450 est,
2591 2397 2696 2452 pro
2743 2381 3063 2453 suspicione
3111 2383 3364 2455 haeresis,
3415 2386 3588 2458 hujus

1956 2471 2142 2527 ofﬁcio
2168 2474 2690 2530 excommunicatos
2722 2475 3052 2532 omnimodo
3072 2479 3377 2534 removeri.

2027 2567 2249 2622 XXXIII.
2281 2568 2420 2622 Item
2455 2567 2684 2639 placuit,
2717 2568 2898 2640 utqui
2942 2586 3047 2642 pro
3089 2570 3291 2627 haeresi
3333 2575 3434 2628 aut
3479 2590 3585 2646 pro

1956 2660 2194 2716 crimine
2240 2662 2428 2733 aliquo
2465 2662 3050 2733 excommunicantur,
3084 2663 3275 2723 nullus
3318 2666 3400 2723 eis
3429 2683 3583 2724 com-

1955 2755 2251 2811 municare
2271 2761 2600 2827 praesumat,
2621 2755 2764 2812 sicut
2783 2760 2842 2812 et
2869 2757 3106 2830 antiqua
3137 2774 3431 2817 canonum
3452 2778 3584 2819 con-

1953 2849 2142 2904 tinent
2169 2853 2378 2904 statuta
2399 2867 2418 2920 ;
2449 2848 2602 2921 quod
2630 2849 2677 2904 si
2702 2850 2830 2921 quis
2857 2851 3094 2923 spernit,
3135 2853 3454 2912 voluntarie
3497 2873 3583 2912 se‘

1953 2942 2146 3015 ipsum
2171 2942 2426 2998 alienum
2453 2959 2486 2997 a
2512 2943 2915 3000 communione
2942 2945 3096 3002 facit.

2027 3036 2248 3092 XXXIV.
2285 3039 2427 3092 Item
2451 3037 2681 3108 placuit,
2710 3040 2776 3093 ut
2803 3038 2867 3093 hi
2895 3039 2994 3112 qui
3020 3039 3126 3095 sibi
3155 3037 3315 3112 ipsis,
3342 3047 3440 3099 aut
3475 3057 3582 3116 per

1956 3131 2195 3200 ferrum,
2223 3135 2322 3186 aut
2347 3147 2453 3203 per
2469 3147 2774 3201 venenum,
2802 3135 2902 3186 aut
2929 3149 3034 3204 per
3060 3135 3462 3208 principitium,
3488 3143 3588 3194 aut

1954 3225 2346 3296 suspendium,
2379 3230 2479 3281 aut
2505 3225 2759 3297 quolibet
2799 3226 2972 3281 modo
3014 3227 3302 3286 violentia:
3335 3230 3589 3289 inferunt

1952 3324 2225 3387 mortem,
2255 3318 2409 3373 nulla
2429 3335 2534 3391 pro
2564 3318 2677 3374 illis
2705 3318 2766 3374 in
2799 3319 3087 3377 oblatione
3112 3326 3585 3382 commemoratio

1953 3413 2073 3481 ﬁat,
2090 3428 2278 3485 neque
2302 3428 2433 3467 cum
2459 3413 2689 3485 psalmis
2713 3413 2784 3467 ad
2811 3414 3166 3485 sepulturam
3188 3433 3389 3474 eorum
3416 3419 3585 3476 cada-

1951 3522 2087 3561 vera
2115 3506 2492 3574 deducantur,
2523 3506 2693 3562 multi
2720 3506 2876 3562 enim
2904 3507 3011 3564 sibi
3037 3509 3150 3565 hoc
3173 3527 3279 3581 per
3308 3512 3581 3583 ignoran-

1951 3599 2090 3657 tiam
2120 3605 2418 3673 usurpant.
2454 3599 2722 3655 Similiter
2748 3605 2805 3656 et
2830 3600 2899 3656 de
2927 3601 3014 3656 his
3061 3603 3278 3674 placuit
3307 3605 3432 3662 ﬁeri
3484 3608 3584 3679 qui

1952 3710 2055 3766 pro
2081 3695 2195 3749 suis
2227 3693 2533 3749 sceleribus
2559 3693 2896 3766 puniuntur.

2019 3789 2215 3843 XXXV.
2268 3789 2408 3844 Item
2452 3787 2667 3860 placuit
2689 3830 2704 3857 ,
2753 3793 2812 3845 ut
2849 3790 3287 3848 'catechumenis
3328 3794 3450 3853 sine
3491 3813 3584 3855 re-

1954 3881 2286 3954 demptione
2311 3882 2586 3955 baptismi
2611 3882 2894 3940 defunctis
2919 3884 3090 3941 simili
3109 3887 3280 3944 modo
3302 3905 3418 3946 non
3437 3890 3585 3948 obla-

1950 3976 2123 4032 tionis
2151 3977 2638 4046 commemoratio,
2673 3994 2860 4051 neque
2886 3980 3173 4050 psallendi
3218 3981 3584 4056 impendatur

1953 4070 2222 4139 ofﬁcium,
2239 4087 2380 4127 nam
2397 4073 2455 4127 et
2469 4071 2578 4127 hoc
2603 4071 3106 4145 perignorantiam
3115 4080 3456 4149 usurpatum
3477 4084 3580 4137 est.

2023 4167 2240 4221 XXXVI.
2318 4168 2455 4221 Item
2508 4166 2722 4238 placuit
2774 4170 2838 4222 ut
2890 4185 3127 4240 corpora
3182 4170 3586 4230 defunctorum

1953 4261 2109 4316 nullo
2134 4259 2310 4314 modo
2331 4259 2622 4314 basilicam
2655 4263 2982 4317 sanctorum
3016 4263 3383 4335 sepeliantur,
3411 4268 3511 4324 sed
3537 4270 3584 4325 si

1951 4369 2181 4410 necesse
2227 4358 2330 4421 est,
2360 4354 2430 4408 de
2469 4354 2604 4408 foris
2654 4354 2802 4410 circa
2831 4372 3060 4411 morum
3106 4357 3356 4416 basilicae
3398 4377 3583 4435 usque

1951 4448 2092 4504 adeo
2126 4464 2240 4502 non
2261 4446 2589 4502 abhorreat.
2622 4448 2764 4502 Nam
2793 4448 2840 4502 si
2865 4449 3258 4508 ﬁrmissimum
3278 4453 3389 4510 hoc
3414 4455 3581 4526 privi~

1953 4541 2167 4614 legium
2191 4557 2370 4614 usque
2399 4557 2553 4596 nunc
2590 4540 2841 4597 retinent
2887 4542 3156 4613 civitates,
3186 4551 3249 4600 ut
3293 4564 3383 4602 res
3422 4549 3581 4606 nullo

1952 4635 2122 4691 modo
2151 4635 2300 4690 intra
2331 4634 2611 4690 ambitum
2637 4651 2940 4690 murorum
2986 4637 3291 4707 cujuslibet
3327 4641 3582 4699 defuncti

1951 4746 2156 4802 corpus
2200 4728 2273 4783 sit
2301 4729 2623 4798 humatum,
2656 4732 2872 4800 quanto
2903 4731 3091 4803 magis
3141 4733 3247 4787 hoc
3294 4737 3584 4792 venerabi-

1949 4824 2092 4879 lium
2117 4826 2437 4896 martyrum
2467 4822 2635 4879 debet
2659 4825 2976 4880 reverentia
3003 4824 3258 4883 obtinere
3277 4829 3304 4884 τ

2021 4919 2265 4975 XXXVII.
2315 4919 2456 4973 Item
2498 4917 2730 4989 placuit,
2760 4921 2823 4973 ut
2852 4918 2898 4973 si
2941 4919 3067 4991 quis
3118 4922 3413 4995 presbyter
3458 4934 3585 4999 post

1951 5013 2059 5069 hoc
2101 5013 2474 5069 interdictum
2505 5028 2676 5067 ausus
2719 5012 2891 5067 fuerit
2939 5013 3187 5070 chrisma
3213 5015 3579 5093 benedicere,

1951 5111 2051 5163 aut
2080 5107 2398 5175 ecclesiam,
2422 5109 2521 5162 aut
2551 5105 2814 5161 altarium
2840 5122 3189 5180 consecrare,
3215 5127 3247 5166 a
3265 5128 3369 5169 suo
3395 5115 3580 5174 ofﬁcio

1953 5202 2292 5273 deponatur.
2322 5202 2462 5255 Nam
2492 5205 2547 5254 et
2586 5200 2808 5272 antiqui
2838 5216 3083 5258 canones
3110 5204 3221 5260 hoc
3256 5211 3579 5270 vetuerunt.

2023 5297 2280 5352 XXXVIII.
2311 5296 2451 5351 Item
2478 5294 2712 5365 placuit,
2746 5297 2809 5349 ut
2837 5312 2908 5350 ex
2937 5296 3082 5353 laico
3117 5299 3189 5354 ad
3221 5303 3460 5374 gradum
3488 5325 3580 5364 sa-

1953 5389 2189 5446 cerdotii
2223 5405 2392 5443 nemo
2430 5387 2640 5457 veniat,
2686 5387 2797 5442 nisi
2842 5389 3000 5461 prius
3049 5409 3202 5450 anno
3253 5396 3479 5471 integro
3518 5402 3580 5459 in

1955 5484 2140 5541 ofﬁcio
2186 5484 2481 5550 lectorum,
2514 5482 2602 5537 vel
2628 5482 2956 5540 diaconatus
2999 5486 3357 5561 disciplinam
3401 5497 3579 5552 eccle-

1955 5578 2240 5634 siasticam
2266 5576 2464 5646 discat,
2493 5580 2551 5632 et
2574 5577 2652 5632 sic
2681 5593 2787 5650 per
2812 5579 3069 5652 singulos
3088 5584 3297 5654 gradus
3326 5588 3583 5648 eruditus

1957 5674 2027 5729 ad
2053 5671 2434 5728 sacerdotium
2454 5671 2675 5739 veniat;
2699 5689 2834 5728 nam
2853 5675 2986 5730 satis
3012 5677 3454 5747 reprehensibile
3472 5686 3578 5753 est,

1958 5771 2021 5824 ut
2050 5766 2148 5840 qui
2174 5766 2430 5821 nondum
2459 5765 2672 5836 didicit,
2709 5766 2832 5838 jam
2863 5768 3064 5824 docere
3090 5775 3418 5841 praesumat,
3442 5774 3582 5835 dum

1958 5866 2013 5920 et
2026 5860 2273 5935 antiquis
2283 5860 2393 5920 hoc
2405 5861 2636 5919 Patrum
2648 5861 3098 5918 institutionibus
3110 5861 3478 5928 interdictum
3487 5871 3578 5934 sit.
