4032 6338
393 324 485 380 571

1272 314 1560 380 ΑΡΡΕΝΪ).
1602 322 1692 375 AD
1728 320 1887 376 SASC.
1929 318 2017 374 IX.

2153 312 2394 374 lSIDORI
2433 312 2856 373 MERCATORIS
3657 312 3723 363 2s?

460 434 678 490 XXXIX.
714 434 856 487 Item
887 431 1121 504 placuit,
1143 434 1207 485 ut
1237 430 1281 485 si
1313 430 1453 503 quid
1482 447 1545 485 ex
1568 429 1867 484 collatione
1895 427 2029 483 ﬁde-
2049 445 2107 517 Α
2128 433 2228 482 aut
2252 427 2600 481 monachum
2631 441 2781 479 sanae
2811 423 2945 479 huic
2976 421 3250 478 doctrinae
3282 420 3643 475 resistentem
3674 418 3761 471 in-

394 528 556 597 lium,
598 532 697 581 aut
723 543 826 598 per
853 526 1182 581 festivitates
1222 526 1563 595 martyrum,
1598 527 1696 578 aut
1727 540 1827 594 per
1873 539 2025 576 com-

396 621 879 677 memorationem
926 619 1324 675 defunctorum
1372 618 1626 684 offertur,
1658 618 1810 689 apud
1842 633 2028 671 unum

395 716 733 771 clericorum
784 714 1029 767 ﬁdeliter
1074 713 1397 783 colligatur,
1432 714 1489 765 et
1533 712 1839 766 constituto
1881 716 2025 765 tem-

394 826 536 881 pore
563 813 660 863 aut
687 808 890 877 semel,
922 811 1020 861 aut
1047 806 1131 861 bis
1156 806 1215 860 in
1256 823 1408 860 anno
1434 805 1588 859 inter
1635 822 1835 859 omnes
1875 804 2034 859 cleri-

395 920 489 958 cos
527 902 844 970 dividatur;
876 917 1013 955 nam
1055 916 1169 954 non
1196 900 1421 954 modice
1454 915 1522 953 ex
1563 899 1685 969 ipsa
1736 898 2029 969 inaequali-

395 1002 509 1051 tate
538 994 833 1050 discordia}
883 997 1251 1065 generantur,
1301 993 1379 1047 sic
1424 993 1813 1063 unusquisque
1841 992 1902 1046 in
1934 1008 2036 1046 sua

396 1091 718 1161 septimana
745 1089 897 1159 quod
928 1088 1180 1143 oblatum
1200 1088 1375 1142 fuerit
1398 1087 1503 1141 sibi
1533 1086 1835 1157 dependat.

469 1185 571 1239 XL.
601 1184 738 1237 Item
764 1182 995 1253 placuit,
1022 1186 1088 1236 ut
1146 1186 1427 1251 praecepta
1469 1181 1830 1251 antiquorum
1863 1196 2030 1234 cano-

401 1294 541 1332 num
573 1275 885 1348 (quomodo
915 1276 972 1329 in
1003 1275 1241 1329 concilio
1272 1275 1504 1329 recitata
1534 1276 1681 1343 sunt)
1709 1274 1897 1327 nullus
1941 1290 2035 1328 au-

402 1369 858 1443 deatprseterire;
881 1370 926 1423 si
945 1370 1072 1440 quis
1092 1370 1280 1423 autem
1300 1372 1605 1422 contumax
1619 1368 2035 1439 transgreditur

411 1466 539 1534 ista,
572 1480 801 1519 necesse
833 1466 919 1518 est
943 1467 1007 1516 ut
1036 1462 1105 1517 de
1126 1480 1229 1517 suo
1261 1462 1608 1533 degradetur
1633 1461 1837 1516 ofﬁcio.
1870 1462 2034 1516 Rele-

403 1559 506 1613 ctis
536 1558 801 1628 capitulis
829 1556 1117 1610 Lucretius
1146 1556 1446 1627 episcopus
1473 1556 1617 1610 dixit
1645 1572 1658 1609 :
1689 1555 1831 1619 Quia
1856 1555 2036 1625 opitu-

403 1654 556 1707 lante
584 1651 822 1704 Domino
856 1650 1014 1703 nobis
1045 1666 1112 1704 ea
1139 1666 1265 1721 quae
1312 1648 1698 1703 inﬁrmitatem
1742 1648 2036 1703 catholicae

406 1750 462 1801 et
481 1744 816 1800 orthodoxae
836 1744 989 1811 ﬁdei,
1008 1744 1096 1797 vel
1117 1760 1245 1814 quae
1265 1742 1333 1796 ad
1361 1743 1612 1797 ofﬁcium
1633 1742 1845 1797 ordinis
1865 1743 2039 1796 eccle-

2128 521 2479 588 venerit,aut
2506 521 2564 574 in
2594 520 2784 591 aliquo
2802 518 2985 572 adhuc
2998 516 3365 571 Priscillianas
3378 518 3546 568 sectae
3569 528 3764 567 errore

2127 616 2352 670 latitare
2382 614 2750 685 persenserit,
2775 618 2831 667 et
2872 629 2987 665 non
3012 610 3285 665 continuo
3325 608 3487 663 illum
3532 621 3765 660 excom-

2130 709 2479 764 municatum
2508 712 2565 762 et
2590 705 3135 761 anathematizatum
3164 703 3233 757 de
3268 701 3500 757 ecclesia
3529 699 3769 771 ejecerit

2131 804 2282 856 foras
2310 802 2405 871 (ita
2432 806 2493 855 ut
2524 817 2652 854 cum
2681 798 3007 870 hujusmodi
3036 796 3292 863 homine,
3322 812 3428 850 nec
3451 794 3640 848 cibum
3668 792 3771 846 ali-

2132 896 2256 967 quis
2282 894 2461 949 ﬁdelis
2505 910 2750 961 sumere,
2787 908 2890 947 nec
2936 889 3363 945 communicare
3410 887 3767 958 priesumat),

2132 988 2359 1043 noverit
2387 1004 2445 1041 se
2474 988 2539 1056 is,
2575 987 2672 1057 qui
2699 986 2874 1040 talem
2906 982 3200 1055 receperit,
3227 983 3494 1037 fraterna
3520 997 3638 1035 esse
3672 996 3769 1033 ex—

2135 1080 2639 1137 communicationi
2667 1080 3000 1147 obnoxium,
3031 1082 3088 1133 et
3131 1078 3338 1132 divinae
3369 1075 3566 1147 procul
3592 1073 3770 1129 dubio

2135 1176 2434 1231 sententiae
2481 1191 2663 1229 reum.
2690 1176 2903 1228 Omnes
2952 1172 3199 1244 episcOpi
3243 1170 3554 1225 dixerunt:
3599 1169 3768 1231 Qua:-

2135 1262 2358 1341 cunque
2385 1287 2413 1323 a
2445 1269 2605 1323 nobis
2634 1268 2791 1323 unito
2823 1284 2924 1339 per
2954 1266 3057 1320 Dei
3094 1265 3337 1336 gratiam
3365 1278 3642 1317 consensu
3673 1261 3769 1314 de-

2135 1368 2292 1419 creta
2317 1368 2471 1433 sunt,
2497 1362 2761 1433 pervigili
2803 1376 3033 1415 necesse
3059 1364 3145 1414 est
3172 1357 3544 1413 sollicitudine
3568 1355 3765 1409 obser-

2135 1465 2358 1513 ventur.
2388 1458 2520 1522 Quaa
2567 1461 2633 1510 ut
2684 1455 3045 1509 stabilitatem
3076 1453 3295 1524 placitae
3348 1448 3770 1506 constitutionis

2137 1552 2435 1606 obtineant
2454 1548 3042 1619 ﬁrmitatem,propria
3063 1545 3456 1617 unusquisque
3484 1544 3573 1597 his
3593 1542 3772 1613 gestis

2136 1663 2339 1700 manus
2372 1643 2701 1699 subscribat.
2734 1645 2795 1698 Et
2824 1648 2951 1714 post
2985 1640 3384 1712 episcoporum
3430 1636 3770 1707 subscriptio

2138 1740 2435 1794 subsecuta
2466 1744 2565 1793 est.
2614 1737 2907 1792 Lucretius
2951 1735 3245 1806 episcopus
3284 1731 3606 1802 subscripsi.
3650 1732 3769 1784 An-

408 1838 615 1893 siastici
645 1837 1005 1909 pertinebant
1040 1837 1297 1891 unanimi
1326 1836 1488 1907 (sicut
1517 1837 1834 1908 oportebat)
1863 1836 2033 1891 colla-
2060 1816 2113 1888 Β
2138 1834 2304 1919 dreas
2329 1833 2625 1903 episcopus
2666 1829 2986 1901 subscripsi.
3020 1830 3251 1884 Martius
3290 1828 3590 1899 episcopus
3635 1824 3769 1878 sub-

407 1932 560 1987 tione
588 1931 940 1986 decrevimus
969 1949 984 1999 ;
1027 1933 1201 1985 restat
1245 1947 1418 1997 nunc,
1446 1935 1510 1984 ut
1546 1947 1616 1983 cx
1645 1931 1911 1984 omnibus
1953 1930 2041 1983 his

408 2042 537 2097 quas
580 2025 677 2080 Dei
711 2025 893 2097 gratia
922 2024 1225 2078 salubriter
1271 2024 1528 2077 instituta
1571 2029 1703 2079 sunt
1747 2024 2039 2095 propriam

410 2120 800 2191 unusquisque
830 2121 1091 2172 nostrum
1122 2118 1347 2172 studeat
1388 2118 1591 2172 docere
1641 2122 1810 2188 atque
1856 2118 2039 2172 infor-

412 2230 571 2269 mare
600 2211 905 2267 diaacesim.
931 2212 987 2266 Si
1010 2211 1135 2282 quis
1161 2214 1355 2265 autem
1387 2228 1455 2265 ex
1475 2211 1637 2265 nobis
1664 2211 1721 2265 in
1748 2211 2035 2283 parochiis

409 2307 522 2361 suis
548 2306 889 2379 postagnita
905 2305 1075 2375 hujus
1099 2305 1318 2359 concilii
1338 2304 2032 2374 instituta,autclericum,

2138 1918 2353 1998 Scripsi.
2382 1930 2572 1981 (Zottus
2599 1926 2892 1997 episcopus
2922 1923 3248 1994 subscripsi.
3288 1921 3601 1976 Hildericus
3646 1918 3770 1989 epi—

2139 2037 2342 2092 scopus
2372 2020 2694 2091 subscripsi.
2749 2019 3054 2074 Luccntius
3090 2017 3389 2089 episcopus
3439 2012 3769 2083 subscripsi.

2137 2115 2465 2170 Timotheus
2497 2114 2797 2185 episcopus
2824 2112 3143 2183 subscripsi.
3174 2110 3436 2166 Maliosus
3467 2108 3771 2180 episcopus

2141 2208 2464 2280 subscripsi.

598 2714 788 2789 140
849 2714 1265 2806 INCIPIT
1344 2712 1956 2806 CONCILIUM
2043 2712 2860 2806 BBACCARENSE
2945 2709 3573 2802 SECUNDUM.

486 2960 782 3029 Regnante
831 2957 1067 3011 Domino
1099 2960 1291 3011 nostro
1331 2959 1461 3012 .lesu
1509 2956 1729 3011 Christo
1777 2961 2041 3012 currente

414 3069 532 3107 aera
572 3068 696 3117 ncx,
728 3067 881 3106 anno
909 3051 1159 3106 secundo
1190 3050 1342 3122 regis
1377 3050 1663 3119 Ariamiri,
1694 3050 1786 3105 die
1824 3050 2042 3105 decimo

417 3150 617 3201 octavo
649 3145 1036 3200 Kalendarum
1067 3145 1628 3212 Januariarum,cum
1652 3143 1897 3198 Galliciae
1916 3161 2043 3215 pro—

412 3239 616 3294 vincite
643 3238 894 3310 episcopi
924 3243 1040 3292 tam
1076 3255 1146 3293 ex
1195 3238 1553 3292 Braccarensi
1600 3255 1772 3310 quam
1818 3254 1883 3292 ex
1934 3240 2040 3293 Lu-

413 3333 571 3388 censi
592 3304 806 3404 synodo
831 3304 963 3387 cum
993 3332 1105 3386 suis
1124 3331 1575 3403 metropolitanis
1599 3304 1885 3403 praecepto
1906 3350 2046 3403 prae—
2064 3304 2119 3378 Ο

414 3427 517 3482 fati
543 3427 937 3498 gloriosissimi
968 3426 1119 3497 regis
1146 3427 1314 3480 simul
1343 3426 1399 3479 in
1431 3427 1865 3497 metropolitana
1883 3428 2044 3481 Brac-

413 3524 634 3579 carensi
645 3522 881 3578 ecclesia
894 3520 1372 3588 convenissent,id
1393 3523 1497 3587 est,
1513 3521 1804 3589 Martinus,
1820 3521 2039 3591 Nitigis,

414 3618 681 3687 Remisol,
715 3616 991 3683 Andreas,
1042 3615 1361 3682 Lucentius,
1417 3615 1709 3683 Adoriens,
1741 3616 2039 3683 Vectimer,

414 3712 789 3778 Sardinarius,
843 3710 1045 3778 Viator,
1088 3710 1261 3777 Avila,
1300 3708 1586 3777 Polemus,
1635 3710 1853 3775 Mailoc,
1903 3726 2041 3763 con-

412 3806 725 3862 sidentibus
771 3804 943 3858 simul
993 3802 1296 3873 episcopis,
1354 3805 1522 3873 atque
1575 3802 1836 3857 universo
1890 3804 2042 3857 clero

411 3902 718 3972 prasente,
750 3897 1017 3952 Martinus
1045 3895 1437 3951 Braccarensis
1467 3897 1717 3951 ecclesiae
1744 3896 2043 3968 episcopus

415 3992 555 4047 dixit
599 4008 613 4046 :
673 3990 1047 4060 [aspiratione
1096 3990 1199 4043 hoc
1253 3988 1355 4043 Dei
1412 3989 1638 4044 credam
1695 3991 2039 4061 provenisse,

413 4082 754 4141 sanctissimi
783 4085 993 4152 Patres,
1011 4085 1076 4136 ut
1092 4098 1195 4154 per
1221 4081 1633 4137 ordinationem
1650 4082 2043 4154 gloriosissimi

412 4179 514 4234 ﬁlii
557 4176 737 4233 nostri
764 4177 916 4248 regis
952 4194 1022 4231 ex
1048 4181 1291 4249 utroque
1330 4177 1563 4231 concilio
1607 4178 2043 4233 conveniremus

410 4274 473 4328 in
491 4289 694 4343 unum,
728 4278 792 4327 ut
813 4289 929 4326 non
957 4272 1141 4326 solum
1167 4272 1237 4325 de
1264 4270 1478 4325 visione
1505 4273 1779 4326 alterutra
1797 4274 2045 4343 gratula-

413 4383 627 4439 remur,
665 4366 762 4421 sed
785 4366 955 4421 etiam
984 4382 1049 4420 ea
1073 4382 1200 4437 quae
1232 4366 1305 4421 ad
1329 4365 1748 4421 ordinationem
1786 4370 1842 4420 et
1871 4365 2040 4420 disci-

411 4463 633 4535 plinam
676 4460 1108 4516 ecclesiasticam
1159 4460 1470 4531 pertinent,
1498 4461 1714 4532 pariter
1757 4461 2039 4531 colloqua-

413 4573 567 4627 mur,
620 4555 909 4627 Scriptum
960 4558 1047 4609 est
1099 4554 1255 4609 enim
1303 4555 1364 4608 in
1416 4556 1763 4625 Evangelio,
1816 4554 2043 4608 dicente

413 4652 651 4706 Domino
674 4667 689 4704 :
716 4671 746 4700 ‹‹
769 4648 1100 4721 Ubicunque
1125 4649 1339 4703 fuerint
1357 4648 1469 4701 duo
1485 4649 1574 4702 vel
1593 4652 1707 4702 tres
1730 4648 1789 4701 in
1810 4648 2043 4703 nomine
2061 4683 2123 4756 D

413 4762 541 4802 meo
578 4744 936 4816 congregati,
978 4743 1057 4797 ibi
1103 4758 1201 4798 ero
1244 4742 1305 4796 in
1350 4741 1540 4795 medio
1583 4757 1781 4796 eorum
1827 4742 2041 4810 (Matth.

414 4856 566 4908 xvm,
622 4841 731 4909 20).
786 4860 813 4887 »
866 4837 1069 4907 Nitigis
1132 4834 1397 4913 Lucensis
1455 4834 1705 4887 ecclesiae
1754 4836 2048 4906 episcopus

416 4935 597 4989 dixit:
628 4935 741 4987 Nec
772 4932 925 4988 aliud
952 4934 1138 5001 potest
1166 4928 1344 4996 credi,
1373 4927 1482 4980 nisi
1509 4943 1573 4981 ea
1599 4943 1727 4997 quae
1773 4929 1844 4981 ad
1893 4928 2045 4982 utili-

413 5031 591 5083 tatem
618 5031 945 5081 nostrarum
986 5022 1276 5094 pertinent
1305 5020 1627 5075 animarum
1654 5020 1842 5076 divina
1866 5022 2045 5094 inspi-

414 5121 640 5177 ratione
665 5124 723 5174 et
747 5115 1007 5173 inchoari
1036 5120 1093 5169 et
1116 5115 1311 5186 perﬁci
1340 5119 1629 5187 oportere.

487 5220 556 5273 Et
580 5218 708 5273 ideo
734 5214 1031 5270 unanimes
1060 5218 1229 5286 atque
1256 5214 1506 5286 idjpsum
1545 5215 1605 5269 in
1652 5214 1893 5269 Domino
1916 5231 2042 5270 sen-

414 5316 642 5385 tientes,
687 5330 1043 5387 quascunque
1074 5314 1141 5369 ad
1175 5314 1612 5370 instructionem
1642 5319 1892 5369 nostram
1922 5332 2047 5386 per-

414 5411 623 5481 tinent,
657 5410 716 5465 in
746 5408 1007 5463 medium
1035 5410 1255 5480 prolata
1281 5409 1671 5463 desideramus
1713 5425 2042 5480 agnoscere.

416 5507 686 5563 Martinus
710 5504 1005 5576 episcopus
1029 5504 1201 5558 dixit:
1223 5502 1585 5557 Arbitramur
1610 5508 1853 5558 vestram
1866 5501 2042 5557 beati-

415 5601 674 5657 tudinem
686 5598 1115 5670 recordariquia
1136 5613 1267 5650 cum
1286 5596 1539 5666 primum
1555 5596 1614 5650 in
1635 5596 1866 5651 ecclesia
1885 5597 2046 5649 Brac-

418 5694 637 5752 carensi
683 5693 1084 5767 episcoporum
1132 5688 1435 5743 concilium
1477 5694 1889 5760 congregatum
1938 5694 2043 5760 est,

419 5793 550 5861 post
572 5790 755 5844 multa
777 5804 908 5860 quae
932 5786 1005 5840 ad
1052 5782 1418 5838 concordiam
1455 5782 1589 5838 ﬁdei
1624 5783 1850 5838 fuerant
1877 5782 2045 5839 robo-

420 5886 564 5953 rata,
590 5881 783 5955 aliqua
801 5880 973 5935 etiam
997 5891 1126 5949 quae
1153 5877 1485 5948 regularum
1526 5880 1854 5931 sanctorum
1876 5892 2043 5932 eano-

2140 2973 2280 3011 num
2318 2956 2614 3011 continent
2660 2954 3065 3010 discretionem
3111 2954 3481 3009 ﬁrmavimus.
3510 2953 3774 3018 Quorum

2140 3051 2358 3105 utilitas
2386 3054 2449 3103 ut
2474 3050 2648 3121 possit
2673 3049 2993 3104 evidentius
3018 3050 3079 3103 in
3110 3048 3445 3103 memoriam
3496 3047 3773 3113 revocari,

2142 3145 2336 3216 ipsa,si
2363 3144 2519 3198 vobis
2548 3145 2749 3215 placet,
2776 3144 3014 3215 epistola
3051 3148 3236 3197 vestra
3267 3143 3328 3197 in
3353 3140 3662 3213 praesentia
3688 3156 3777 3195 re-

2142 3239 2382 3309 legatur.
2414 3238 2623 3293 Omnes
2665 3238 2912 3309 episcopi
2950 3238 3216 3292 dixerunt
3248 3254 3261 3291 :
3306 3238 3540 3308 Oportet
3583 3235 3777 3289 omni-

2144 3336 2311 3391 mode
2332 3341 2396 3390 ut
2424 3336 2483 3389 in
2511 3334 2771 3390 omnium
2799 3334 3034 3389 auribus
3063 3334 3161 3405 qui
3189 3333 3282 3388 hic
3314 3334 3583 3387 assistunt
3626 3331 3776 3386 reci-

2145 3433 2313 3485 tetur.
2369 3429 2632 3484 Recitatis
2678 3446 2814 3499 ergo
2855 3428 3109 3499 capitalis
3170 3426 3473 3498 superioris
3522 3425 3773 3492 concilii,

2144 3540 2272 3595 qua?
2302 3540 2373 3577 ne
2398 3523 2781 3593 prolixitatem
2809 3523 3059 3576 facerent
3087 3521 3176 3576 his
3193 3522 3366 3591 gestis
3384 3525 3515 3574 sunt
3537 3521 3773 3586 inserta,

2140 3618 2410 3673 Martinus
2431 3617 2732 3688 episcopus
2760 3616 2899 3671 dixit
2928 3633 2941 3670 :
2975 3617 3102 3669 Haac
3132 3631 3269 3685 ergo
3296 3631 3425 3685 quae
3453 3614 3623 3668 modo
3641 3619 3778 3668 sunt

2142 3713 2373 3767 recitata
2404 3728 2529 3782 quae
2560 3711 2723 3765 nobis
2764 3716 2898 3765 tunc
2953 3713 3053 3764 aut
3107 3709 3274 3774 varia,
3308 3713 3407 3763 aut
3449 3707 3644 3775 dubia,
3672 3711 3777 3762 aut

2142 3806 2464 3861 inordinata
2511 3810 2643 3859 sunt
2694 3805 2828 3875 visa,
2875 3804 3184 3858 auxiliante
3242 3806 3377 3873 Deo,
3408 3802 3773 3871 ordinentur,

2144 3906 2199 3956 et
2238 3917 2400 3954 suam
2449 3898 2817 3953 immobiliter
2874 3899 3171 3952 obtineant
3216 3897 3585 3964 ﬁrmitatem;
3642 3912 3777 3967 quae.

2145 4001 2338 4049 autem
2366 3998 2499 4047 tunc
2526 3993 2583 4047 in
2616 3993 2951 4047 memoriam
2986 4009 3103 4047 non
3129 3994 3411 4046 venerunt
3438 3994 3535 4044 aut
3566 4006 3775 4045 onero-

2145 4105 2271 4143 sum
2297 4086 2404 4143 fuit
2428 4087 2486 4141 in
2518 4086 2612 4141 illo
2652 4087 2837 4158 primo
2865 4086 3101 4141 concilio
3121 4086 3302 4140 multa
3331 4084 3589 4138 similiter
3618 4085 3779 4155 inge-

2144 4198 2292 4250 rere,
2319 4181 2697 4236 necessarium
2732 4180 2976 4248 videtur,
3018 4180 3191 4234 modo
3221 4179 3291 4233 ad
3342 4178 3599 4233 notitiam
3642 4194 3776 4232 san-

2143 4282 2245 4332 cta).
2274 4276 2567 4331 charitatis
2596 4275 2820 4341 deferri,
2854 4274 2935 4329 eis
2977 4274 3297 4345 specialiter
3343 4272 3672 4344 prospectis,
3708 4277 3781 4327 ut

2142 4371 2416 4443 spirituali
2443 4371 2713 4424 ventilata
2732 4369 2996 4423 examine
3028 4372 3348 4440 purgentur
3370 4385 3387 4437 ;
3417 4367 3593 4421 sancti
3615 4367 3780 4422 enim

2143 4468 2336 4521 Patres
2384 4481 2756 4536 praecessores
2794 4463 2989 4530 nostri,
3040 4468 3139 4516 aut
3188 4464 3482 4533 generales
3529 4462 3780 4534 synodos

2144 4560 2398 4631 undique
2418 4559 2605 4630 colligi
2622 4576 2725 4630 pro
2743 4557 2959 4612 unitate
2979 4562 3147 4611 recta:
3160 4557 3295 4611 ﬁdei
3321 4558 3577 4611 fecerunt
3597 4574 3609 4611 :
3631 4557 3781 4612 sicut

2144 4654 2204 4708 in
2252 4655 2437 4708 Nicena
2479 4657 2676 4707 contra
2706 4652 2903 4706 Arium
2949 4652 3188 4707 trecenti
3235 4652 3429 4706 decem
3462 4654 3519 4705 et
3546 4656 3689 4718 octo,
3718 4658 3782 4706 et

2147 4751 2206 4804 in
2221 4747 2711 4818 Constantinopoli
2743 4752 2973 4801 centum
3004 4746 3421 4817 quinquaginta
3446 4748 3639 4799 contra
3668 4746 3783 4801 Ma-

2146 4844 2476 4911 cedoniam,
2497 4848 2553 4896 et
2568 4842 2624 4895 in
2652 4841 2875 4912 Epheso
2898 4844 3092 4895 contra
3112 4840 3428 4894 Nestorium
3448 4840 3699 4910 ducenti,
3717 4847 3783 4897 et

2148 4939 2205 4993 in
2215 4938 2573 4994 Chalcedona
2603 4934 2957 4990 Eutichetem
2979 4933 3231 4988 sexcenti
3248 4933 3607 5004 tringita,aut
3621 4941 3782 4991 certe

2146 5033 2416 5104 speciales
2444 5030 2690 5102 synodos
2718 5045 2819 5100 per
2856 5045 2984 5083 suas
3023 5027 3410 5099 unusquisque
3457 5028 3782 5099 provincias

2146 5148 2248 5203 pro
2276 5129 2600 5185 resecandis
2628 5128 3110 5197 contentionibus,
3140 5127 3225 5180 vel
3269 5126 3639 5181 emendandis
3666 5127 3777 5181 ali-

2145 5241 2391 5298 quorum
2420 5222 2792 5295 negligentiis
2821 5223 3207 5293 collegerunt;
3238 5224 3295 5274 et
3342 5224 3515 5292 prout
3543 5226 3781 5278 eventus

2145 5320 2446 5389 culparum
2494 5320 2591 5371 aut
2641 5317 3047 5388 qualiscunque
3095 5331 3353 5370 excessus
3409 5313 3617 5386 exegit,
3671 5332 3782 5387 per

2146 5412 2400 5483 singulas
2426 5428 2679 5483 quasque
2709 5410 2926 5464 divinas
2970 5426 3255 5464 canonum
3288 5410 3612 5477 sententias,
3648 5425 3778 5465 me-

2146 5502 2338 5556 diante
2368 5502 2513 5556 inter
2549 5517 2645 5555 eos
2686 5499 2781 5554 Dei
2832 5500 3054 5571 spiritu,
3102 5498 3582 5569 conscripserunt,
3631 5516 3781 5570 quas

2145 5598 2365 5666 oportet
2393 5612 2495 5649 nos
2532 5596 2789 5666 relegere
2818 5597 2877 5648 et
2899 5599 3131 5663 tenere;
3178 5595 3235 5647 et
3274 5593 3409 5663 quia
3453 5592 3781 5663 opitulante

2146 5689 2352 5745 Christi
2377 5689 2561 5759 gratia
2584 5690 2653 5743 de
2683 5689 2896 5743 unitate
2924 5693 2980 5743 et
3007 5686 3348 5743 rectitudine
3386 5685 3517 5741 ﬁdei
3565 5686 3623 5740 in
3667 5688 3780 5743 hac

2145 5783 2431 5855 provincia
2457 5784 2603 5837 nihil
2632 5786 2719 5837 est
2757 5782 3014 5851 dubium,
3058 5781 3221 5838 nobis
3263 5780 3433 5835 modo
3476 5779 3782 5852 specialius

2146 5879 2233 5931 est
2261 5876 2571 5949 agendum,
2590 5880 2653 5930 ut
2672 5877 2719 5931 si
2744 5877 2880 5949 quid
2904 5876 3143 5933 fortasse
3168 5892 3235 5931 ex
3270 5875 3585 5948 apostolica
3612 5874 3782 5933 disci-
