  <div class='ocr_page' id='page_1' title='image "/cluster/home/n/w/nwhite01/storage/ocr_20150623/130/umn.319510024774230/360.png"; bbox 0 0 4032 6290; ppageno 0'>
   <div class='ocr_carea' id='block_1_1' title="bbox 170 314 271 373">
    <p class='ocr_par' dir='ltr' id='par_1_1' title="bbox 170 314 271 373">
     <span class='ocr_line' id='line_1_1' title="bbox 170 314 271 373; baseline 0.04 -5"><span class='ocrx_word' id='word_1_1' title='bbox 170 314 271 373; x_wconf 75' lang='lat'>578</span> 
     </span>
    </p>
   </div>
   <div class='ocr_carea' id='block_1_2' title="bbox 1308 312 2310 379">
    <p class='ocr_par' dir='ltr' id='par_1_2' title="bbox 1308 312 2310 379">
     <span class='ocr_line' id='line_1_2' title="bbox 1308 312 2310 379; baseline -0.003 -2"><span class='ocrx_word' id='word_1_2' title='bbox 1308 332 1311 335; x_wconf 86' lang='lat'>&#39;</span> <span class='ocrx_word' id='word_1_3' title='bbox 1406 312 1779 379; x_wconf 78' lang='lat' dir='ltr'>DECRETAL]</span> <span class='ocrx_word' id='word_1_4' title='bbox 1789 312 1878 375; x_wconf 71' lang='grc' dir='ltr'>ΗΜ</span> <span class='ocrx_word' id='word_1_5' title='bbox 1917 312 2310 375; x_wconf 80' lang='lat' dir='ltr'>COLLECTIO.</span> 
     </span>
    </p>
   </div>
   <div class='ocr_carea' id='block_1_3' title="bbox 3432 298 3544 375">
    <p class='ocr_par' dir='ltr' id='par_1_3' title="bbox 3432 298 3544 375">
     <span class='ocr_line' id='line_1_3' title="bbox 3432 298 3544 375; baseline 0 0"><span class='ocrx_word' id='word_1_6' title='bbox 3432 298 3544 375; x_wconf 56' lang='lat'>374&#39;</span> 
     </span>
    </p>
   </div>
   <div class='ocr_carea' id='block_1_4' title="bbox 172 421 3542 512">
    <p class='ocr_par' dir='ltr' id='par_1_4' title="bbox 172 421 3542 512">
     <span class='ocr_line' id='line_1_4' title="bbox 172 421 3542 512; baseline 0.001 -35"><span class='ocrx_word' id='word_1_7' title='bbox 172 421 332 493; x_wconf 83' lang='lat' dir='ltr'>plina</span> <span class='ocrx_word' id='word_1_8' title='bbox 356 438 468 494; x_wconf 80' lang='lat' dir='ltr'>per</span> <span class='ocrx_word' id='word_1_9' title='bbox 495 422 882 496; x_wconf 78' lang='lat' dir='ltr'>ignorantiam</span> <span class='ocrx_word' id='word_1_10' title='bbox 907 426 1007 479; x_wconf 86' lang='lat' dir='ltr'>aut</span> <span class='ocrx_word' id='word_1_11' title='bbox 1042 440 1145 496; x_wconf 78' lang='lat' dir='ltr'>per</span> <span class='ocrx_word' id='word_1_12' title='bbox 1171 424 1585 497; x_wconf 83' lang='lat' dir='ltr'>negligentiam</span> <span class='ocrx_word' id='word_1_13' title='bbox 1616 444 1810 499; x_wconf 82' lang='lat' dir='ltr'>repre—</span> <span class='ocrx_word' id='word_1_14' title='bbox 1833 438 1894 512; x_wconf 79' lang='grc' dir='ltr'><strong>Α</strong></span> <span class='ocrx_word' id='word_1_15' title='bbox 1914 426 2024 481; x_wconf 87' lang='lat' dir='ltr'>sibi</span> <span class='ocrx_word' id='word_1_16' title='bbox 2050 426 2195 495; x_wconf 85' lang='lat' dir='ltr'>ﬁeri,</span> <span class='ocrx_word' id='word_1_17' title='bbox 2226 424 2389 480; x_wconf 81' lang='lat' dir='ltr'>alteri</span> <span class='ocrx_word' id='word_1_18' title='bbox 2414 440 2532 480; x_wconf 90' lang='lat' dir='ltr'>non</span> <span class='ocrx_word' id='word_1_19' title='bbox 2559 423 2791 493; x_wconf 83' lang='lat' dir='ltr'>faciant,</span> <span class='ocrx_word' id='word_1_20' title='bbox 2824 428 2882 480; x_wconf 88' lang='lat' dir='ltr'>et</span> <span class='ocrx_word' id='word_1_21' title='bbox 2919 429 2983 481; x_wconf 87' lang='lat' dir='ltr'>ut</span> <span class='ocrx_word' id='word_1_22' title='bbox 3019 425 3251 482; x_wconf 78' lang='lat' dir='ltr'>credant</span> <span class='ocrx_word' id='word_1_23' title='bbox 3289 442 3542 482; x_wconf 88' lang='lat' dir='ltr'>resurre-</span> 
     </span>
    </p>
   </div>
   <div class='ocr_carea' id='block_1_5' title="bbox 171 516 1809 588">
    <p class='ocr_par' dir='ltr' id='par_1_5' title="bbox 171 516 1809 588">
     <span class='ocr_line' id='line_1_5' title="bbox 171 516 1809 588; baseline 0.003 -18"><span class='ocrx_word' id='word_1_24' title='bbox 171 516 454 571; x_wconf 90' lang='lat' dir='ltr'>hensibile</span> <span class='ocrx_word' id='word_1_25' title='bbox 500 517 789 573; x_wconf 80' lang='lat' dir='ltr'>invenitur</span> <span class='ocrx_word' id='word_1_26' title='bbox 817 518 877 573; x_wconf 92' lang='lat' dir='ltr'><strong>in</strong></span> <span class='ocrx_word' id='word_1_27' title='bbox 917 518 1104 588; x_wconf 85' lang='lat' dir='ltr'>nobis,</span> <span class='ocrx_word' id='word_1_28' title='bbox 1134 523 1496 575; x_wconf 80' lang='lat' dir='ltr'>recurrentes</span> <span class='ocrx_word' id='word_1_29' title='bbox 1538 521 1611 575; x_wconf 91' lang='lat' dir='ltr'>ad</span> <span class='ocrx_word' id='word_1_30' title='bbox 1650 521 1809 576; x_wconf 89' lang='lat' dir='ltr'>testi-</span> 
     </span>
    </p>
   </div>
   <div class='ocr_carea' id='block_1_6' title="bbox 172 610 1810 685">
    <p class='ocr_par' dir='ltr' id='par_1_6' title="bbox 172 610 1810 685">
     <span class='ocr_line' id='line_1_6' title="bbox 172 610 1810 685; baseline 0.003 -21"><span class='ocrx_word' id='word_1_31' title='bbox 172 610 369 665; x_wconf 88' lang='lat' dir='ltr'>monia</span> <span class='ocrx_word' id='word_1_32' title='bbox 424 614 755 666; x_wconf 89' lang='lat' dir='ltr'>sanctarum</span> <span class='ocrx_word' id='word_1_33' title='bbox 819 612 1243 684; x_wconf 86' lang='lat' dir='ltr'>Scripturarum</span> <span class='ocrx_word' id='word_1_34' title='bbox 1298 615 1387 669; x_wconf 91' lang='lat' dir='ltr'>vel</span> <span class='ocrx_word' id='word_1_35' title='bbox 1438 615 1810 685; x_wconf 87' lang='lat' dir='ltr'>antiquorum</span> 
     </span>
    </p>
   </div>
   <div class='ocr_carea' id='block_1_7' title="bbox 172 705 1812 775">
    <p class='ocr_par' dir='ltr' id='par_1_7' title="bbox 172 705 1812 775">
     <span class='ocr_line' id='line_1_7' title="bbox 172 705 1812 775; baseline 0.003 -17"><span class='ocrx_word' id='word_1_36' title='bbox 172 720 464 763; x_wconf 87' lang='lat' dir='ltr'>canonum</span> <span class='ocrx_word' id='word_1_37' title='bbox 492 705 770 775; x_wconf 87' lang='lat' dir='ltr'>instituta,</span> <span class='ocrx_word' id='word_1_38' title='bbox 790 706 1048 762; x_wconf 88' lang='lat' dir='ltr'>adhibito</span> <span class='ocrx_word' id='word_1_39' title='bbox 1074 708 1365 762; x_wconf 90' lang='lat' dir='ltr'>communi</span> <span class='ocrx_word' id='word_1_40' title='bbox 1393 725 1671 763; x_wconf 91' lang='lat' dir='ltr'>consensu</span> <span class='ocrx_word' id='word_1_41' title='bbox 1696 708 1812 763; x_wconf 88' lang='lat' dir='ltr'>ani-</span> 
     </span>
    </p>
   </div>
   <div class='ocr_carea' id='block_1_8' title="bbox 172 790 1808 874">
    <p class='ocr_par' dir='ltr' id='par_1_8' title="bbox 172 790 1808 874">
     <span class='ocr_line' id='line_1_8' title="bbox 172 790 1808 874; baseline 0.004 -23"><span class='ocrx_word' id='word_1_42' title='bbox 172 798 271 865; x_wconf 87' lang='lat' dir='ltr'>mi,</span> <span class='ocrx_word' id='word_1_43' title='bbox 288 814 422 870; x_wconf 64' lang='lat' dir='ltr'>quaa</span> <span class='ocrx_word' id='word_1_44' title='bbox 442 790 1187 871; x_wconf 46' lang='lat' dir='ltr'>displicuerint‘rationabili</span> <span class='ocrx_word' id='word_1_45' title='bbox 1203 800 1419 871; x_wconf 89' lang='lat' dir='ltr'>judicio</span> <span class='ocrx_word' id='word_1_46' title='bbox 1436 802 1808 874; x_wconf 83' lang='lat' dir='ltr'>corrigamus.</span> 
     </span>
    </p>
   </div>
   <div class='ocr_carea' id='block_1_9' title="bbox 170 892 1813 967">
    <p class='ocr_par' dir='ltr' id='par_1_9' title="bbox 170 892 1813 967">
     <span class='ocr_line' id='line_1_9' title="bbox 170 892 1813 967; baseline 0.003 -22"><span class='ocrx_word' id='word_1_47' title='bbox 170 892 240 946; x_wconf 87' lang='lat' dir='ltr'>Et</span> <span class='ocrx_word' id='word_1_48' title='bbox 261 892 542 963; x_wconf 89' lang='lat' dir='ltr'>primum,</span> <span class='ocrx_word' id='word_1_49' title='bbox 570 892 619 947; x_wconf 88' lang='lat' dir='ltr'>si</span> <span class='ocrx_word' id='word_1_50' title='bbox 648 894 857 964; x_wconf 83' lang='lat' dir='ltr'>placet,</span> <span class='ocrx_word' id='word_1_51' title='bbox 885 893 945 948; x_wconf 90' lang='lat' dir='ltr'>in</span> <span class='ocrx_word' id='word_1_52' title='bbox 973 894 1195 950; x_wconf 90' lang='lat' dir='ltr'>relectis</span> <span class='ocrx_word' id='word_1_53' title='bbox 1220 895 1369 950; x_wconf 87' lang='lat' dir='ltr'><strong>beati</strong></span> <span class='ocrx_word' id='word_1_54' title='bbox 1398 896 1550 950; x_wconf 90' lang='lat' dir='ltr'>Petri</span> <span class='ocrx_word' id='word_1_55' title='bbox 1574 895 1813 967; x_wconf 79' lang='lat' dir='ltr'>apostoli</span> 
     </span>
    </p>
   </div>
   <div class='ocr_carea' id='block_1_10' title="bbox 172 985 1813 1061">
    <p class='ocr_par' dir='ltr' id='par_1_10' title="bbox 172 985 1813 1061">
     <span class='ocr_line' id='line_1_10' title="bbox 172 985 1813 1061; baseline 0.003 -22"><span class='ocrx_word' id='word_1_56' title='bbox 172 985 477 1057; x_wconf 62' lang='lat' dir='ltr'>praceptis</span> <span class='ocrx_word' id='word_1_57' title='bbox 496 1003 626 1058; x_wconf 73' lang='lat' dir='ltr'>quae</span> <span class='ocrx_word' id='word_1_58' title='bbox 646 1003 749 1058; x_wconf 87' lang='lat' dir='ltr'>pro</span> <span class='ocrx_word' id='word_1_59' title='bbox 765 987 967 1059; x_wconf 88' lang='lat' dir='ltr'>regula</span> <span class='ocrx_word' id='word_1_60' title='bbox 994 988 1348 1043; x_wconf 81' lang='lat' dir='ltr'>sacerdotum</span> <span class='ocrx_word' id='word_1_61' title='bbox 1369 988 1430 1043; x_wconf 92' lang='lat' dir='ltr'><strong>in</strong></span> <span class='ocrx_word' id='word_1_62' title='bbox 1451 1005 1553 1043; x_wconf 90' lang='lat' dir='ltr'>sua</span> <span class='ocrx_word' id='word_1_63' title='bbox 1574 990 1813 1061; x_wconf 90' lang='lat' dir='ltr'>epistola</span> 
     </span>
    </p>
   </div>
   <div class='ocr_carea' id='block_1_11' title="bbox 172 1078 1811 1153">
    <p class='ocr_par' dir='ltr' id='par_1_11' title="bbox 172 1078 1811 1153">
     <span class='ocr_line' id='line_1_11' title="bbox 172 1078 1811 1153; baseline 0.003 -20"><span class='ocrx_word' id='word_1_64' title='bbox 172 1078 468 1134; x_wconf 79' lang='lat' dir='ltr'><strong>evidenter</strong></span> <span class='ocrx_word' id='word_1_65' title='bbox 516 1079 829 1151; x_wconf 81' lang='lat' dir='ltr'>adscripsit,</span> <span class='ocrx_word' id='word_1_66' title='bbox 870 1080 1149 1153; x_wconf 87' lang='lat' dir='ltr'>quidquid</span> <span class='ocrx_word' id='word_1_67' title='bbox 1200 1098 1315 1137; x_wconf 93' lang='lat' dir='ltr'>non</span> <span class='ocrx_word' id='word_1_68' title='bbox 1363 1083 1566 1137; x_wconf 90' lang='lat' dir='ltr'>eodem</span> <span class='ocrx_word' id='word_1_69' title='bbox 1610 1086 1811 1139; x_wconf 90' lang='lat' dir='ltr'>tenore</span> 
     </span>
    </p>
   </div>
   <div class='ocr_carea' id='block_1_12' title="bbox 170 1170 1813 1246">
    <p class='ocr_par' dir='ltr' id='par_1_12' title="bbox 170 1170 1813 1246">
     <span class='ocr_line' id='line_1_12' title="bbox 170 1170 1813 1246; baseline 0.004 -21"><span class='ocrx_word' id='word_1_70' title='bbox 170 1170 315 1226; x_wconf 88' lang='lat' dir='ltr'>sicut</span> <span class='ocrx_word' id='word_1_71' title='bbox 342 1173 617 1245; x_wconf 87' lang='lat' dir='ltr'>princeps</span> <span class='ocrx_word' id='word_1_72' title='bbox 661 1174 1048 1246; x_wconf 87' lang='lat' dir='ltr'>apostolorum</span> <span class='ocrx_word' id='word_1_73' title='bbox 1097 1174 1341 1243; x_wconf 87' lang='lat' dir='ltr'>edocuit,</span> <span class='ocrx_word' id='word_1_74' title='bbox 1369 1175 1463 1246; x_wconf 89' lang='lat' dir='ltr'>agi</span> <span class='ocrx_word' id='word_1_75' title='bbox 1506 1177 1750 1244; x_wconf 89' lang='lat' dir='ltr'>videtur,</span> <span class='ocrx_word' id='word_1_76' title='bbox 1780 1194 1813 1231; x_wconf 92' lang='lat' dir='ltr'>a</span> 
     </span>
    </p>
   </div>
   <div class='ocr_carea' id='block_1_13' title="bbox 174 1265 1810 1326">
    <p class='ocr_par' dir='ltr' id='par_1_13' title="bbox 174 1265 1810 1326">
     <span class='ocr_line' id='line_1_13' title="bbox 174 1265 1810 1326; baseline 0.004 -7"><span class='ocrx_word' id='word_1_77' title='bbox 174 1265 337 1321; x_wconf 89' lang='lat' dir='ltr'>nobis</span> <span class='ocrx_word' id='word_1_78' title='bbox 363 1266 492 1321; x_wconf 88' lang='lat' dir='ltr'>sine</span> <span class='ocrx_word' id='word_1_79' title='bbox 516 1267 634 1321; x_wconf 91' lang='lat' dir='ltr'>ulla</span> <span class='ocrx_word' id='word_1_80' title='bbox 661 1267 1019 1324; x_wconf 83' lang='lat' dir='ltr'>cunctatione</span> <span class='ocrx_word' id='word_1_81' title='bbox 1042 1269 1113 1323; x_wconf 89' lang='lat' dir='ltr'>ad</span> <span class='ocrx_word' id='word_1_82' title='bbox 1145 1269 1604 1325; x_wconf 87' lang='lat' dir='ltr'>emendationem</span> <span class='ocrx_word' id='word_1_83' title='bbox 1634 1271 1810 1326; x_wconf 93' lang='lat' dir='ltr'>dedu-</span> 
     </span>
    </p>
   </div>
   <div class='ocr_carea' id='block_1_14' title="bbox 171 1360 1812 1435">
    <p class='ocr_par' dir='ltr' id='par_1_14' title="bbox 171 1360 1812 1435">
     <span class='ocr_line' id='line_1_14' title="bbox 171 1360 1812 1435; baseline 0.003 -21"><span class='ocrx_word' id='word_1_84' title='bbox 171 1375 297 1414; x_wconf 87' lang='lat' dir='ltr'><strong>cere</strong></span> <span class='ocrx_word' id='word_1_85' title='bbox 342 1360 703 1430; x_wconf 86' lang='lat' dir='ltr'>festinemus,</span> <span class='ocrx_word' id='word_1_86' title='bbox 754 1378 826 1417; x_wconf 92' lang='lat' dir='ltr'>ne</span> <span class='ocrx_word' id='word_1_87' title='bbox 873 1362 1019 1417; x_wconf 87' lang='lat' dir='ltr'>forte</span> <span class='ocrx_word' id='word_1_88' title='bbox 1077 1363 1213 1417; x_wconf 91' lang='lat' dir='ltr'>dum</span> <span class='ocrx_word' id='word_1_89' title='bbox 1263 1362 1390 1418; x_wconf 90' lang='lat' dir='ltr'>aliis</span> <span class='ocrx_word' id='word_1_90' title='bbox 1436 1364 1812 1435; x_wconf 85' lang='lat' dir='ltr'>praedicamus</span> 
     </span>
    </p>
   </div>
   <div class='ocr_carea' id='block_1_15' title="bbox 172 1453 1810 1529">
    <p class='ocr_par' dir='ltr' id='par_1_15' title="bbox 172 1453 1810 1529">
     <span class='ocr_line' id='line_1_15' title="bbox 172 1453 1810 1529; baseline 0.003 -22"><span class='ocrx_word' id='word_1_91' title='bbox 172 1453 279 1524; x_wconf 90' lang='lat' dir='ltr'>ipsi</span> <span class='ocrx_word' id='word_1_92' title='bbox 296 1454 531 1525; x_wconf 83' lang='lat' dir='ltr'><strong>reprobi</strong></span> <span class='ocrx_word' id='word_1_93' title='bbox 551 1454 735 1510; x_wconf 77' lang='lat' dir='ltr'>effecti</span> <span class='ocrx_word' id='word_1_94' title='bbox 759 1455 949 1510; x_wconf 92' lang='lat' dir='ltr'>divino</span> <span class='ocrx_word' id='word_1_95' title='bbox 966 1456 1063 1512; x_wconf 91' lang='lat' dir='ltr'>illo</span> <span class='ocrx_word' id='word_1_96' title='bbox 1085 1457 1543 1512; x_wconf 87' lang='lat' dir='ltr'>condemnemur</span> <span class='ocrx_word' id='word_1_97' title='bbox 1563 1459 1810 1529; x_wconf 91' lang='lat' dir='ltr'>eloquio,</span> 
     </span>
    </p>
   </div>
   <div class='ocr_carea' id='block_1_16' title="bbox 172 1547 1815 1623">
    <p class='ocr_par' dir='ltr' id='par_1_16' title="bbox 172 1547 1815 1623">
     <span class='ocr_line' id='line_1_16' title="bbox 172 1547 1815 1623; baseline 0.002 -21"><span class='ocrx_word' id='word_1_98' title='bbox 172 1547 398 1603; x_wconf 83' lang='lat' dir='ltr'>dicente</span> <span class='ocrx_word' id='word_1_99' title='bbox 432 1565 445 1602; x_wconf 90' lang='lat'><strong>:</strong></span> <span class='ocrx_word' id='word_1_100' title='bbox 483 1569 512 1598; x_wconf 71' lang='grc' dir='ltr'>ι(</span> <span class='ocrx_word' id='word_1_101' title='bbox 543 1550 625 1604; x_wconf 90' lang='lat' dir='ltr'>Tu</span> <span class='ocrx_word' id='word_1_102' title='bbox 650 1566 785 1605; x_wconf 88' lang='lat' dir='ltr'>vero</span> <span class='ocrx_word' id='word_1_103' title='bbox 814 1549 983 1605; x_wconf 88' lang='lat' dir='ltr'>odisti</span> <span class='ocrx_word' id='word_1_104' title='bbox 1024 1550 1403 1622; x_wconf 90' lang='lat' dir='ltr'>disciplinam,</span> <span class='ocrx_word' id='word_1_105' title='bbox 1431 1556 1489 1607; x_wconf 90' lang='lat' dir='ltr'>et</span> <span class='ocrx_word' id='word_1_106' title='bbox 1522 1552 1815 1623; x_wconf 86' lang='lat' dir='ltr'>projecisti</span> 
     </span>
    </p>
   </div>
   <div class='ocr_carea' id='block_1_17' title="bbox 172 1644 1814 1716">
    <p class='ocr_par' dir='ltr' id='par_1_17' title="bbox 172 1644 1814 1716">
     <span class='ocr_line' id='line_1_17' title="bbox 172 1644 1814 1716; baseline 0.002 -21"><span class='ocrx_word' id='word_1_107' title='bbox 172 1657 467 1697; x_wconf 86' lang='lat' dir='ltr'>sermones</span> <span class='ocrx_word' id='word_1_108' title='bbox 520 1658 678 1698; x_wconf 91' lang='lat' dir='ltr'>meos</span> <span class='ocrx_word' id='word_1_109' title='bbox 725 1646 855 1716; x_wconf 91' lang='lat' dir='ltr'>post</span> <span class='ocrx_word' id='word_1_110' title='bbox 900 1648 954 1698; x_wconf 93' lang='lat' dir='ltr'>te</span> <span class='ocrx_word' id='word_1_111' title='bbox 996 1644 1164 1715; x_wconf 78' lang='lat' dir='ltr'>(Psal.</span> <span class='ocrx_word' id='word_1_112' title='bbox 1207 1661 1352 1712; x_wconf 64' lang='grc' dir='ltr'>κως,</span> <span class='ocrx_word' id='word_1_113' title='bbox 1390 1647 1496 1716; x_wconf 84' lang='lat' dir='ltr'>l7).</span> <span class='ocrx_word' id='word_1_114' title='bbox 1529 1666 1557 1696; x_wconf 88' lang='grc'><strong>››</strong></span> <span class='ocrx_word' id='word_1_115' title='bbox 1606 1647 1814 1701; x_wconf 88' lang='lat' dir='ltr'><strong>Omnes</strong></span> 
     </span>
    </p>
   </div>
   <div class='ocr_carea' id='block_1_18' title="bbox 173 1734 1813 1811">
    <p class='ocr_par' dir='ltr' id='par_1_18' title="bbox 173 1734 1813 1811">
     <span class='ocr_line' id='line_1_18' title="bbox 173 1734 1813 1811; baseline 0.002 -22"><span class='ocrx_word' id='word_1_116' title='bbox 173 1734 421 1807; x_wconf 88' lang='lat' dir='ltr'>episcopi</span> <span class='ocrx_word' id='word_1_117' title='bbox 465 1736 776 1793; x_wconf 89' lang='lat' dir='ltr'>dixerunt:</span> <span class='ocrx_word' id='word_1_118' title='bbox 822 1738 1096 1809; x_wconf 91' lang='lat' dir='ltr'>Cupimus</span> <span class='ocrx_word' id='word_1_119' title='bbox 1138 1744 1521 1795; x_wconf 85' lang='lat' dir='ltr'>memoratam</span> <span class='ocrx_word' id='word_1_120' title='bbox 1575 1739 1813 1811; x_wconf 85' lang='lat' dir='ltr'>apostoli</span> 
     </span>
    </p>
   </div>
   <div class='ocr_carea' id='block_1_19' title="bbox 1913 519 3546 593">
    <p class='ocr_par' dir='ltr' id='par_1_19' title="bbox 1913 519 3546 593">
     <span class='ocr_line' id='line_1_19' title="bbox 1913 519 3546 593; baseline 0.001 -19"><span class='ocrx_word' id='word_1_121' title='bbox 1913 521 2161 574; x_wconf 88' lang='lat' dir='ltr'>ctionem</span> <span class='ocrx_word' id='word_1_122' title='bbox 2187 520 2451 574; x_wconf 90' lang='lat' dir='ltr'>omnium</span> <span class='ocrx_word' id='word_1_123' title='bbox 2478 519 2805 586; x_wconf 87' lang='lat' dir='ltr'>hominum,</span> <span class='ocrx_word' id='word_1_124' title='bbox 2838 523 2895 573; x_wconf 92' lang='lat' dir='ltr'>et</span> <span class='ocrx_word' id='word_1_125' title='bbox 2924 519 3080 574; x_wconf 89' lang='lat' dir='ltr'>diem</span> <span class='ocrx_word' id='word_1_126' title='bbox 3118 520 3321 590; x_wconf 91' lang='lat' dir='ltr'>judicii</span> <span class='ocrx_word' id='word_1_127' title='bbox 3348 521 3409 575; x_wconf 91' lang='lat' dir='ltr'>in</span> <span class='ocrx_word' id='word_1_128' title='bbox 3436 538 3546 593; x_wconf 89' lang='lat' dir='ltr'>quo</span> 
     </span>
    </p>
   </div>
   <div class='ocr_carea' id='block_1_20' title="bbox 1908 613 3545 685">
    <p class='ocr_par' dir='ltr' id='par_1_20' title="bbox 1908 613 3545 685">
     <span class='ocr_line' id='line_1_20' title="bbox 1908 613 3545 685; baseline 0.001 -18"><span class='ocrx_word' id='word_1_129' title='bbox 1908 613 2298 684; x_wconf 89' lang='lat' dir='ltr'>unusquisque</span> <span class='ocrx_word' id='word_1_130' title='bbox 2312 613 2625 667; x_wconf 90' lang='lat' dir='ltr'>secundum</span> <span class='ocrx_word' id='word_1_131' title='bbox 2642 629 2813 684; x_wconf 87' lang='lat' dir='ltr'>opera</span> <span class='ocrx_word' id='word_1_132' title='bbox 2824 629 2925 667; x_wconf 91' lang='lat' dir='ltr'>sua</span> <span class='ocrx_word' id='word_1_133' title='bbox 2937 619 3273 685; x_wconf 90' lang='lat' dir='ltr'>recepturus</span> <span class='ocrx_word' id='word_1_134' title='bbox 3289 614 3455 670; x_wconf 89' lang='lat' dir='ltr'>sit.Et</span> <span class='ocrx_word' id='word_1_135' title='bbox 3466 615 3545 669; x_wconf 92' lang='lat' dir='ltr'>sic</span> 
     </span>
    </p>
   </div>
   <div class='ocr_carea' id='block_1_21' title="bbox 1910 706 3540 778">
    <p class='ocr_par' dir='ltr' id='par_1_21' title="bbox 1910 706 3540 778">
     <span class='ocr_line' id='line_1_21' title="bbox 1910 706 3540 778; baseline 0.001 -18"><span class='ocrx_word' id='word_1_136' title='bbox 1910 712 2109 778; x_wconf 90' lang='lat' dir='ltr'>postea</span> <span class='ocrx_word' id='word_1_137' title='bbox 2121 707 2418 778; x_wconf 90' lang='lat' dir='ltr'>episcopus</span> <span class='ocrx_word' id='word_1_138' title='bbox 2434 707 2502 761; x_wconf 91' lang='lat' dir='ltr'>de</span> <span class='ocrx_word' id='word_1_139' title='bbox 2514 706 2747 762; x_wconf 83' lang='lat' dir='ltr'>ecclesia</span> <span class='ocrx_word' id='word_1_140' title='bbox 2760 706 2853 760; x_wconf 91' lang='lat' dir='ltr'>illa</span> <span class='ocrx_word' id='word_1_141' title='bbox 2868 707 3334 778; x_wconf 81' lang='lat' dir='ltr'>proficiscaturad</span> <span class='ocrx_word' id='word_1_142' title='bbox 3345 708 3540 763; x_wconf 89' lang='lat' dir='ltr'>aliam.</span> 
     </span>
    </p>
   </div>
   <div class='ocr_carea' id='block_1_22' title="bbox 1983 800 3541 872">
    <p class='ocr_par' dir='ltr' id='par_1_22' title="bbox 1983 800 3541 872">
     <span class='ocr_line' id='line_1_22' title="bbox 1983 800 3541 872; baseline 0.001 -17"><span class='ocrx_word' id='word_1_143' title='bbox 1983 802 2044 856; x_wconf 87' lang='lat' dir='ltr'>ll.</span> <span class='ocrx_word' id='word_1_144' title='bbox 2074 800 2288 854; x_wconf 85' lang='lat' dir='ltr'>Placuit</span> <span class='ocrx_word' id='word_1_145' title='bbox 2315 804 2375 854; x_wconf 91' lang='lat' dir='ltr'>ut</span> <span class='ocrx_word' id='word_1_146' title='bbox 2402 800 2591 855; x_wconf 89' lang='lat' dir='ltr'>nullus</span> <span class='ocrx_word' id='word_1_147' title='bbox 2625 800 3024 871; x_wconf 87' lang='lat' dir='ltr'>episcoporum</span> <span class='ocrx_word' id='word_1_148' title='bbox 3052 817 3155 872; x_wconf 89' lang='lat' dir='ltr'>per</span> <span class='ocrx_word' id='word_1_149' title='bbox 3182 818 3308 855; x_wconf 89' lang='lat' dir='ltr'>suas</span> <span class='ocrx_word' id='word_1_150' title='bbox 3339 801 3541 856; x_wconf 68' lang='lat' dir='ltr'>dicace-</span> 
     </span>
    </p>
   </div>
   <div class='ocr_carea' id='block_1_23' title="bbox 1910 893 3540 966">
    <p class='ocr_par' dir='ltr' id='par_1_23' title="bbox 1910 893 3540 966">
     <span class='ocr_line' id='line_1_23' title="bbox 1910 893 3540 966; baseline 0.002 -19"><span class='ocrx_word' id='word_1_151' title='bbox 1910 910 1997 948; x_wconf 91' lang='lat' dir='ltr'>ses</span> <span class='ocrx_word' id='word_1_152' title='bbox 2026 893 2324 948; x_wconf 86' lang='lat' dir='ltr'>ambulans</span> <span class='ocrx_word' id='word_1_153' title='bbox 2350 896 2560 964; x_wconf 54' lang='lat' dir='ltr'>praeter</span> <span class='ocrx_word' id='word_1_154' title='bbox 2583 894 2857 949; x_wconf 90' lang='lat' dir='ltr'>honorem</span> <span class='ocrx_word' id='word_1_155' title='bbox 2886 894 3169 949; x_wconf 67' lang='lat' dir='ltr'>cathedra:</span> <span class='ocrx_word' id='word_1_156' title='bbox 3200 912 3336 963; x_wconf 70' lang='lat' dir='ltr'>sum,</span> <span class='ocrx_word' id='word_1_157' title='bbox 3357 896 3415 949; x_wconf 92' lang='lat' dir='ltr'>id</span> <span class='ocrx_word' id='word_1_158' title='bbox 3436 901 3540 966; x_wconf 90' lang='lat' dir='ltr'>est,</span> 
     </span>
    </p>
   </div>
   <div class='ocr_carea' id='block_1_24' title="bbox 1910 986 3542 1061">
    <p class='ocr_par' dir='ltr' id='par_1_24' title="bbox 1910 986 3542 1061">
     <span class='ocr_line' id='line_1_24' title="bbox 1910 986 3542 1061; baseline 0.002 -20"><span class='ocrx_word' id='word_1_159' title='bbox 1910 988 2113 1042; x_wconf 90' lang='lat' dir='ltr'>solidos</span> <span class='ocrx_word' id='word_1_160' title='bbox 2135 987 2298 1057; x_wconf 91' lang='lat' dir='ltr'>duos,</span> <span class='ocrx_word' id='word_1_161' title='bbox 2324 986 2535 1058; x_wconf 89' lang='lat' dir='ltr'>aliquid</span> <span class='ocrx_word' id='word_1_162' title='bbox 2558 987 2710 1041; x_wconf 87' lang='lat' dir='ltr'>aliud</span> <span class='ocrx_word' id='word_1_163' title='bbox 2737 1004 2839 1058; x_wconf 88' lang='lat' dir='ltr'>per</span> <span class='ocrx_word' id='word_1_164' title='bbox 2854 988 3122 1042; x_wconf 90' lang='lat' dir='ltr'>ecclesias</span> <span class='ocrx_word' id='word_1_165' title='bbox 3146 988 3331 1059; x_wconf 84' lang='lat' dir='ltr'>tollat;</span> <span class='ocrx_word' id='word_1_166' title='bbox 3357 1005 3542 1061; x_wconf 90' lang='lat' dir='ltr'>neque</span> 
     </span>
    </p>
   </div>
   <div class='ocr_carea' id='block_1_25' title="bbox 1911 1081 3541 1154">
    <p class='ocr_par' dir='ltr' id='par_1_25' title="bbox 1911 1081 3541 1154">
     <span class='ocr_line' id='line_1_25' title="bbox 1911 1081 3541 1154; baseline 0.001 -18"><span class='ocrx_word' id='word_1_167' title='bbox 1911 1081 2140 1136; x_wconf 79' lang='lat' dir='ltr'>tertiam</span> <span class='ocrx_word' id='word_1_168' title='bbox 2184 1084 2407 1152; x_wconf 88' lang='lat' dir='ltr'>partem</span> <span class='ocrx_word' id='word_1_169' title='bbox 2451 1098 2521 1135; x_wconf 90' lang='lat' dir='ltr'>ex</span> <span class='ocrx_word' id='word_1_170' title='bbox 2552 1097 2893 1152; x_wconf 89' lang='lat' dir='ltr'>quacunque</span> <span class='ocrx_word' id='word_1_171' title='bbox 2925 1082 3211 1137; x_wconf 90' lang='lat' dir='ltr'>oblatione</span> <span class='ocrx_word' id='word_1_172' title='bbox 3259 1083 3454 1154; x_wconf 93' lang='lat' dir='ltr'>populi</span> <span class='ocrx_word' id='word_1_173' title='bbox 3481 1082 3541 1137; x_wconf 90' lang='lat' dir='ltr'>in</span> 
     </span>
    </p>
   </div>
   <div class='ocr_carea' id='block_1_26' title="bbox 1912 1174 3541 1249">
    <p class='ocr_par' dir='ltr' id='par_1_26' title="bbox 1912 1174 3541 1249">
     <span class='ocr_line' id='line_1_26' title="bbox 1912 1174 3541 1249; baseline 0.002 -21"><span class='ocrx_word' id='word_1_174' title='bbox 1912 1175 2164 1230; x_wconf 89' lang='lat' dir='ltr'>ecclesiis</span> <span class='ocrx_word' id='word_1_175' title='bbox 2194 1174 2622 1246; x_wconf 87' lang='lat' dir='ltr'>parochialibus</span> <span class='ocrx_word' id='word_1_176' title='bbox 2648 1176 2928 1245; x_wconf 85' lang='lat' dir='ltr'>requirat;</span> <span class='ocrx_word' id='word_1_177' title='bbox 2959 1176 3055 1230; x_wconf 92' lang='lat' dir='ltr'>sed</span> <span class='ocrx_word' id='word_1_178' title='bbox 3074 1175 3188 1231; x_wconf 84' lang='lat' dir='ltr'>illic</span> <span class='ocrx_word' id='word_1_179' title='bbox 3214 1177 3381 1231; x_wconf 88' lang='lat' dir='ltr'>tertia</span> <span class='ocrx_word' id='word_1_180' title='bbox 3406 1193 3541 1249; x_wconf 90' lang='lat' dir='ltr'>pars</span> 
     </span>
    </p>
   </div>
   <div class='ocr_carea' id='block_1_27' title="bbox 1912 1268 3537 1340">
    <p class='ocr_par' dir='ltr' id='par_1_27' title="bbox 1912 1268 3537 1340">
     <span class='ocr_line' id='line_1_27' title="bbox 1912 1268 3537 1340; baseline 0.002 -18"><span class='ocrx_word' id='word_1_181' title='bbox 1912 1286 2016 1340; x_wconf 91' lang='lat' dir='ltr'>pro</span> <span class='ocrx_word' id='word_1_182' title='bbox 2036 1268 2413 1323; x_wconf 88' lang='lat' dir='ltr'>luminaribns</span> <span class='ocrx_word' id='word_1_183' title='bbox 2435 1268 2684 1322; x_wconf 66' lang='lat' dir='ltr'>ecclesiae</span> <span class='ocrx_word' id='word_1_184' title='bbox 2708 1268 2795 1322; x_wconf 87' lang='lat' dir='ltr'>vel</span> <span class='ocrx_word' id='word_1_185' title='bbox 2816 1268 3241 1339; x_wconf 88' lang='lat' dir='ltr'>recuperatione</span> <span class='ocrx_word' id='word_1_186' title='bbox 3262 1274 3537 1340; x_wconf 85' lang='lat' dir='ltr'>servetur,</span> 
     </span>
    </p>
   </div>
   <div class='ocr_carea' id='block_1_28' title="bbox 1913 1361 3540 1433">
    <p class='ocr_par' dir='ltr' id='par_1_28' title="bbox 1913 1361 3540 1433">
     <span class='ocr_line' id='line_1_28' title="bbox 1913 1361 3540 1433; baseline 0.001 -16"><span class='ocrx_word' id='word_1_187' title='bbox 1913 1368 1969 1417; x_wconf 85' lang='lat' dir='ltr'>et</span> <span class='ocrx_word' id='word_1_188' title='bbox 1995 1379 2096 1433; x_wconf 90' lang='lat' dir='ltr'>per</span> <span class='ocrx_word' id='word_1_189' title='bbox 2125 1362 2382 1433; x_wconf 89' lang='lat' dir='ltr'>singulos</span> <span class='ocrx_word' id='word_1_190' title='bbox 2407 1377 2588 1416; x_wconf 89' lang='lat' dir='ltr'>annos</span> <span class='ocrx_word' id='word_1_191' title='bbox 2616 1362 2881 1433; x_wconf 88' lang='lat' dir='ltr'>episcopo</span> <span class='ocrx_word' id='word_1_192' title='bbox 2915 1361 3050 1416; x_wconf 91' lang='lat' dir='ltr'>inde</span> <span class='ocrx_word' id='word_1_193' title='bbox 3081 1363 3225 1417; x_wconf 88' lang='lat' dir='ltr'>ratio</span> <span class='ocrx_word' id='word_1_194' title='bbox 3253 1364 3371 1418; x_wconf 86' lang='lat' dir='ltr'>fiat.</span> <span class='ocrx_word' id='word_1_195' title='bbox 3399 1365 3540 1419; x_wconf 78' lang='lat' dir='ltr'>Nam</span> 
     </span>
    </p>
   </div>
   <div class='ocr_carea' id='block_1_29' title="bbox 1912 1455 3542 1526">
    <p class='ocr_par' dir='ltr' id='par_1_29' title="bbox 1912 1455 3542 1526">
     <span class='ocr_line' id='line_1_29' title="bbox 1912 1455 3542 1526; baseline 0.002 -17"><span class='ocrx_word' id='word_1_196' title='bbox 1912 1456 1960 1509; x_wconf 93' lang='lat' dir='ltr'>si</span> <span class='ocrx_word' id='word_1_197' title='bbox 1988 1455 2218 1511; x_wconf 86' lang='lat' dir='ltr'>tertiam</span> <span class='ocrx_word' id='word_1_198' title='bbox 2246 1459 2470 1526; x_wconf 89' lang='lat' dir='ltr'>partem</span> <span class='ocrx_word' id='word_1_199' title='bbox 2514 1455 2668 1509; x_wconf 87' lang='lat' dir='ltr'>illam</span> <span class='ocrx_word' id='word_1_200' title='bbox 2700 1455 2997 1525; x_wconf 90' lang='lat' dir='ltr'>episcopus</span> <span class='ocrx_word' id='word_1_201' title='bbox 3037 1456 3218 1525; x_wconf 92' lang='lat' dir='ltr'>tollat,</span> <span class='ocrx_word' id='word_1_202' title='bbox 3250 1457 3445 1511; x_wconf 89' lang='lat' dir='ltr'>lumen</span> <span class='ocrx_word' id='word_1_203' title='bbox 3486 1461 3542 1512; x_wconf 89' lang='lat' dir='ltr'>et</span> 
     </span>
    </p>
   </div>
   <div class='ocr_carea' id='block_1_30' title="bbox 1912 1549 3539 1620">
    <p class='ocr_par' dir='ltr' id='par_1_30' title="bbox 1912 1549 3539 1620">
     <span class='ocr_line' id='line_1_30' title="bbox 1912 1549 3539 1620; baseline 0.001 -17"><span class='ocrx_word' id='word_1_204' title='bbox 1912 1566 2067 1604; x_wconf 88' lang='lat' dir='ltr'>sacra</span> <span class='ocrx_word' id='word_1_205' title='bbox 2100 1552 2248 1604; x_wconf 90' lang='lat' dir='ltr'>tecta</span> <span class='ocrx_word' id='word_1_206' title='bbox 2272 1549 2506 1603; x_wconf 85' lang='lat' dir='ltr'>abstulit</span> <span class='ocrx_word' id='word_1_207' title='bbox 2531 1550 2804 1604; x_wconf 61' lang='lat' dir='ltr'>ecclesias.</span> <span class='ocrx_word' id='word_1_208' title='bbox 2834 1549 3108 1605; x_wconf 87' lang='lat' dir='ltr'>Similiter</span> <span class='ocrx_word' id='word_1_209' title='bbox 3132 1555 3196 1604; x_wconf 89' lang='lat' dir='ltr'>ut</span> <span class='ocrx_word' id='word_1_210' title='bbox 3241 1551 3539 1620; x_wconf 90' lang='lat' dir='ltr'>parochia-</span> 
     </span>
    </p>
   </div>
   <div class='ocr_carea' id='block_1_31' title="bbox 1912 1642 3545 1715">
    <p class='ocr_par' dir='ltr' id='par_1_31' title="bbox 1912 1642 3545 1715">
     <span class='ocr_line' id='line_1_31' title="bbox 1912 1642 3545 1715; baseline 0.002 -19"><span class='ocrx_word' id='word_1_211' title='bbox 1912 1642 1997 1697; x_wconf 92' lang='lat' dir='ltr'>les</span> <span class='ocrx_word' id='word_1_212' title='bbox 2023 1642 2211 1697; x_wconf 90' lang='lat' dir='ltr'>clerici</span> <span class='ocrx_word' id='word_1_213' title='bbox 2236 1643 2423 1697; x_wconf 80' lang='lat' dir='ltr'>servili</span> <span class='ocrx_word' id='word_1_214' title='bbox 2455 1659 2614 1697; x_wconf 91' lang='lat' dir='ltr'>more</span> <span class='ocrx_word' id='word_1_215' title='bbox 2645 1643 2703 1697; x_wconf 93' lang='lat' dir='ltr'>in</span> <span class='ocrx_word' id='word_1_216' title='bbox 2734 1643 3016 1715; x_wconf 85' lang='lat' dir='ltr'>aliquibus</span> <span class='ocrx_word' id='word_1_217' title='bbox 3044 1643 3313 1714; x_wconf 89' lang='lat' dir='ltr'>operibus</span> <span class='ocrx_word' id='word_1_218' title='bbox 3333 1645 3545 1715; x_wconf 62' lang='lat' dir='ltr'>episcoo</span> 
     </span>
    </p>
   </div>
   <div class='ocr_carea' id='block_1_32' title="bbox 1913 1736 3545 1811">
    <p class='ocr_par' dir='ltr' id='par_1_32' title="bbox 1913 1736 3545 1811">
     <span class='ocr_line' id='line_1_32' title="bbox 1913 1736 3545 1811; baseline 0.002 -21"><span class='ocrx_word' id='word_1_219' title='bbox 1913 1736 2001 1807; x_wconf 89' lang='lat' dir='ltr'>pis</span> <span class='ocrx_word' id='word_1_220' title='bbox 2029 1736 2240 1791; x_wconf 84' lang='lat' dir='ltr'>servire</span> <span class='ocrx_word' id='word_1_221' title='bbox 2266 1753 2380 1791; x_wconf 92' lang='lat' dir='ltr'>non</span> <span class='ocrx_word' id='word_1_222' title='bbox 2412 1739 2714 1807; x_wconf 84' lang='lat' dir='ltr'>cogantur,</span> <span class='ocrx_word' id='word_1_223' title='bbox 2749 1736 2880 1808; x_wconf 91' lang='lat' dir='ltr'>quia</span> <span class='ocrx_word' id='word_1_224' title='bbox 2911 1736 3187 1807; x_wconf 85' lang='lat' dir='ltr'>scriptum</span> <span class='ocrx_word' id='word_1_225' title='bbox 3213 1739 3298 1792; x_wconf 89' lang='lat' dir='ltr'>est</span> <span class='ocrx_word' id='word_1_226' title='bbox 3317 1755 3330 1792; x_wconf 87' lang='lat'>:</span> <span class='ocrx_word' id='word_1_227' title='bbox 3351 1738 3545 1811; x_wconf 89' lang='lat' dir='ltr'>Neque</span> 
     </span>
    </p>
   </div>
   <div class='ocr_carea' id='block_1_33' title="bbox 171 1812 2650 1904">
    <p class='ocr_par' dir='ltr' id='par_1_33' title="bbox 171 1812 2650 1904">
     <span class='ocr_line' id='line_1_33' title="bbox 171 1812 2650 1904; baseline 0 -20"><span class='ocrx_word' id='word_1_228' title='bbox 171 1830 322 1884; x_wconf 85' lang='lat' dir='ltr'>Petri</span> <span class='ocrx_word' id='word_1_229' title='bbox 347 1830 649 1901; x_wconf 90' lang='lat' dir='ltr'>epistolam</span> <span class='ocrx_word' id='word_1_230' title='bbox 678 1831 749 1887; x_wconf 91' lang='lat' dir='ltr'>ad</span> <span class='ocrx_word' id='word_1_231' title='bbox 778 1832 968 1886; x_wconf 90' lang='lat' dir='ltr'>locum</span> <span class='ocrx_word' id='word_1_232' title='bbox 991 1832 1182 1887; x_wconf 71' lang='lat' dir='ltr'>afferri</span> <span class='ocrx_word' id='word_1_233' title='bbox 1215 1834 1403 1904; x_wconf 92' lang='lat' dir='ltr'>ipsum</span> <span class='ocrx_word' id='word_1_234' title='bbox 1430 1832 1525 1887; x_wconf 90' lang='lat' dir='ltr'>ubi</span> <span class='ocrx_word' id='word_1_235' title='bbox 1549 1834 1808 1889; x_wconf 84' lang='lat' dir='ltr'>sacerdo-</span> <span class='ocrx_word' id='word_1_236' title='bbox 1831 1812 1889 1885; x_wconf 84' lang='lat' dir='ltr'><strong>B</strong></span> <span class='ocrx_word' id='word_1_237' title='bbox 1913 1829 1965 1885; x_wconf 84' lang='lat' dir='ltr'>vi</span> <span class='ocrx_word' id='word_1_238' title='bbox 1994 1830 2359 1886; x_wconf 87' lang='lat' dir='ltr'>dominantes</span> <span class='ocrx_word' id='word_1_239' title='bbox 2388 1830 2447 1884; x_wconf 92' lang='lat' dir='ltr'>in</span> <span class='ocrx_word' id='word_1_240' title='bbox 2476 1831 2650 1884; x_wconf 84' lang='lat' dir='ltr'>clero.</span> 
     </span>
    </p>
   </div>
   <div class='ocr_carea' id='block_1_34' title="bbox 175 1923 1809 1982">
    <p class='ocr_par' dir='ltr' id='par_1_34' title="bbox 175 1923 1809 1982">
     <span class='ocr_line' id='line_1_34' title="bbox 175 1923 1809 1982; baseline 0.002 -5"><span class='ocrx_word' id='word_1_241' title='bbox 175 1929 253 1977; x_wconf 88' lang='lat' dir='ltr'>tes</span> <span class='ocrx_word' id='word_1_242' title='bbox 290 1923 457 1979; x_wconf 88' lang='lat' dir='ltr'>decet</span> <span class='ocrx_word' id='word_1_243' title='bbox 497 1924 713 1980; x_wconf 92' lang='lat' dir='ltr'>audire.</span> <span class='ocrx_word' id='word_1_244' title='bbox 742 1926 898 1980; x_wconf 90' lang='lat' dir='ltr'>Tunc</span> <span class='ocrx_word' id='word_1_245' title='bbox 941 1926 1105 1981; x_wconf 87' lang='lat' dir='ltr'>allato</span> <span class='ocrx_word' id='word_1_246' title='bbox 1144 1926 1289 1981; x_wconf 91' lang='lat' dir='ltr'>libro</span> <span class='ocrx_word' id='word_1_247' title='bbox 1327 1926 1450 1981; x_wconf 63' lang='lat' dir='ltr'>haec</span> <span class='ocrx_word' id='word_1_248' title='bbox 1492 1944 1563 1981; x_wconf 87' lang='lat' dir='ltr'>ex</span> <span class='ocrx_word' id='word_1_249' title='bbox 1607 1928 1809 1982; x_wconf 83' lang='lat' dir='ltr'>eadem</span> 
     </span>
    </p>
   </div>
   <div class='ocr_carea' id='block_1_35' title="bbox 175 2016 1804 2088">
    <p class='ocr_par' dir='ltr' id='par_1_35' title="bbox 175 2016 1804 2088">
     <span class='ocr_line' id='line_1_35' title="bbox 175 2016 1804 2088; baseline 0.004 -19"><span class='ocrx_word' id='word_1_250' title='bbox 175 2016 410 2087; x_wconf 89' lang='lat' dir='ltr'>epistola</span> <span class='ocrx_word' id='word_1_251' title='bbox 436 2018 675 2073; x_wconf 86' lang='lat' dir='ltr'>recitata</span> <span class='ocrx_word' id='word_1_252' title='bbox 702 2023 834 2074; x_wconf 89' lang='lat' dir='ltr'>sunt</span> <span class='ocrx_word' id='word_1_253' title='bbox 857 2036 869 2073; x_wconf 88' lang='lat'>:</span> <span class='ocrx_word' id='word_1_254' title='bbox 898 2041 925 2069; x_wconf 92' lang='grc'>‹‹</span> <span class='ocrx_word' id='word_1_255' title='bbox 953 2020 1215 2075; x_wconf 88' lang='lat' dir='ltr'>Seniores</span> <span class='ocrx_word' id='word_1_256' title='bbox 1237 2020 1469 2075; x_wconf 91' lang='lat' dir='ltr'>obsecro</span> <span class='ocrx_word' id='word_1_257' title='bbox 1489 2022 1804 2088; x_wconf 90' lang='lat' dir='ltr'>consenior,</span> 
     </span>
    </p>
   </div>
   <div class='ocr_carea' id='block_1_36' title="bbox 176 2111 1808 2185">
    <p class='ocr_par' dir='ltr' id='par_1_36' title="bbox 176 2111 1808 2185">
     <span class='ocr_line' id='line_1_36' title="bbox 176 2111 1808 2185; baseline 0.003 -21"><span class='ocrx_word' id='word_1_258' title='bbox 176 2111 384 2181; x_wconf 87' lang='lat' dir='ltr'>pascite</span> <span class='ocrx_word' id='word_1_259' title='bbox 415 2112 595 2184; x_wconf 91' lang='lat' dir='ltr'>quiin</span> <span class='ocrx_word' id='word_1_260' title='bbox 620 2112 775 2167; x_wconf 88' lang='lat' dir='ltr'>vobis</span> <span class='ocrx_word' id='word_1_261' title='bbox 794 2118 878 2169; x_wconf 89' lang='lat' dir='ltr'>est</span> <span class='ocrx_word' id='word_1_262' title='bbox 907 2130 1140 2185; x_wconf 81' lang='lat' dir='ltr'>gregem</span> <span class='ocrx_word' id='word_1_263' title='bbox 1160 2114 1285 2181; x_wconf 87' lang='lat' dir='ltr'>Dei,</span> <span class='ocrx_word' id='word_1_264' title='bbox 1310 2114 1668 2185; x_wconf 87' lang='lat' dir='ltr'>providentes</span> <span class='ocrx_word' id='word_1_265' title='bbox 1692 2133 1808 2169; x_wconf 83' lang='lat' dir='ltr'>non</span> 
     </span>
    </p>
   </div>
   <div class='ocr_carea' id='block_1_37' title="bbox 174 2206 1809 2281">
    <p class='ocr_par' dir='ltr' id='par_1_37' title="bbox 174 2206 1809 2281">
     <span class='ocr_line' id='line_1_37' title="bbox 174 2206 1809 2281; baseline 0.003 -22"><span class='ocrx_word' id='word_1_266' title='bbox 174 2210 380 2276; x_wconf 86' lang='lat' dir='ltr'>coacte,</span> <span class='ocrx_word' id='word_1_267' title='bbox 412 2206 514 2261; x_wconf 88' lang='lat' dir='ltr'>sed</span> <span class='ocrx_word' id='word_1_268' title='bbox 550 2211 866 2278; x_wconf 88' lang='lat' dir='ltr'>spontanee</span> <span class='ocrx_word' id='word_1_269' title='bbox 906 2209 1219 2263; x_wconf 91' lang='lat' dir='ltr'>secundum</span> <span class='ocrx_word' id='word_1_270' title='bbox 1263 2208 1590 2276; x_wconf 90' lang='lat' dir='ltr'>Dominum,</span> <span class='ocrx_word' id='word_1_271' title='bbox 1622 2226 1809 2281; x_wconf 91' lang='lat' dir='ltr'>neque</span> 
     </span>
    </p>
   </div>
   <div class='ocr_carea' id='block_1_38' title="bbox 176 2299 1809 2373">
    <p class='ocr_par' dir='ltr' id='par_1_38' title="bbox 176 2299 1809 2373">
     <span class='ocr_line' id='line_1_38' title="bbox 176 2299 1809 2373; baseline 0.003 -21"><span class='ocrx_word' id='word_1_272' title='bbox 176 2299 356 2369; x_wconf 88' lang='lat' dir='ltr'>turpis</span> <span class='ocrx_word' id='word_1_273' title='bbox 390 2299 537 2354; x_wconf 90' lang='lat' dir='ltr'>lucri</span> <span class='ocrx_word' id='word_1_274' title='bbox 566 2300 764 2371; x_wconf 89' lang='lat' dir='ltr'>gratia,</span> <span class='ocrx_word' id='word_1_275' title='bbox 795 2302 893 2355; x_wconf 92' lang='lat' dir='ltr'>sed</span> <span class='ocrx_word' id='word_1_276' title='bbox 924 2302 1260 2371; x_wconf 88' lang='lat' dir='ltr'>voluntarie,</span> <span class='ocrx_word' id='word_1_277' title='bbox 1291 2319 1476 2373; x_wconf 91' lang='lat' dir='ltr'>neque</span> <span class='ocrx_word' id='word_1_278' title='bbox 1509 2303 1809 2358; x_wconf 89' lang='lat' dir='ltr'>dominan-</span> 
     </span>
    </p>
   </div>
   <div class='ocr_carea' id='block_1_39' title="bbox 174 2393 1809 2468">
    <p class='ocr_par' dir='ltr' id='par_1_39' title="bbox 174 2393 1809 2468">
     <span class='ocr_line' id='line_1_39' title="bbox 174 2393 1809 2468; baseline 0.004 -22"><span class='ocrx_word' id='word_1_279' title='bbox 174 2397 257 2446; x_wconf 88' lang='lat' dir='ltr'>tes</span> <span class='ocrx_word' id='word_1_280' title='bbox 286 2395 349 2447; x_wconf 88' lang='lat' dir='ltr'>in</span> <span class='ocrx_word' id='word_1_281' title='bbox 377 2393 618 2462; x_wconf 90' lang='lat' dir='ltr'>clericis,</span> <span class='ocrx_word' id='word_1_282' title='bbox 647 2395 746 2449; x_wconf 91' lang='lat' dir='ltr'>sed</span> <span class='ocrx_word' id='word_1_283' title='bbox 772 2395 954 2450; x_wconf 89' lang='lat' dir='ltr'>forma</span> <span class='ocrx_word' id='word_1_284' title='bbox 977 2395 1109 2450; x_wconf 87' lang='lat' dir='ltr'>facti</span> <span class='ocrx_word' id='word_1_285' title='bbox 1139 2396 1303 2468; x_wconf 81' lang='lat' dir='ltr'>gregi</span> <span class='ocrx_word' id='word_1_286' title='bbox 1329 2400 1386 2451; x_wconf 88' lang='lat' dir='ltr'>et</span> <span class='ocrx_word' id='word_1_287' title='bbox 1411 2414 1477 2451; x_wconf 90' lang='lat' dir='ltr'>ex</span> <span class='ocrx_word' id='word_1_288' title='bbox 1502 2396 1713 2465; x_wconf 89' lang='lat' dir='ltr'>animo,</span> <span class='ocrx_word' id='word_1_289' title='bbox 1748 2403 1809 2452; x_wconf 91' lang='lat' dir='ltr'>ut</span> 
     </span>
    </p>
   </div>
   <div class='ocr_carea' id='block_1_40' title="bbox 175 2488 1806 2561">
    <p class='ocr_par' dir='ltr' id='par_1_40' title="bbox 175 2488 1806 2561">
     <span class='ocr_line' id='line_1_40' title="bbox 175 2488 1806 2561; baseline 0.003 -21"><span class='ocrx_word' id='word_1_290' title='bbox 175 2502 306 2541; x_wconf 91' lang='lat' dir='ltr'>cum</span> <span class='ocrx_word' id='word_1_291' title='bbox 332 2488 667 2558; x_wconf 89' lang='lat' dir='ltr'>apparuerit</span> <span class='ocrx_word' id='word_1_292' title='bbox 698 2488 961 2560; x_wconf 88' lang='lat' dir='ltr'>princeps</span> <span class='ocrx_word' id='word_1_293' title='bbox 1010 2494 1305 2560; x_wconf 88' lang='lat' dir='ltr'>pastorum</span> <span class='ocrx_word' id='word_1_294' title='bbox 1346 2490 1665 2561; x_wconf 86' lang='lat' dir='ltr'>percipiatis</span> <span class='ocrx_word' id='word_1_295' title='bbox 1696 2490 1806 2545; x_wconf 84' lang='lat' dir='ltr'>im-</span> 
     </span>
    </p>
   </div>
   <div class='ocr_carea' id='block_1_41' title="bbox 176 2580 1809 2652">
    <p class='ocr_par' dir='ltr' id='par_1_41' title="bbox 176 2580 1809 2652">
     <span class='ocr_line' id='line_1_41' title="bbox 176 2580 1809 2652; baseline 0.002 -18"><span class='ocrx_word' id='word_1_296' title='bbox 176 2580 621 2636; x_wconf 89' lang='lat' dir='ltr'>marcessibilem</span> <span class='ocrx_word' id='word_1_297' title='bbox 648 2582 843 2652; x_wconf 73' lang='lat' dir='ltr'>gloria:</span> <span class='ocrx_word' id='word_1_298' title='bbox 869 2599 1155 2638; x_wconf 91' lang='lat' dir='ltr'>coronam.</span> <span class='ocrx_word' id='word_1_299' title='bbox 1180 2605 1207 2633; x_wconf 86' lang='grc'>››</span> <span class='ocrx_word' id='word_1_300' title='bbox 1233 2584 1326 2638; x_wconf 87' lang='lat' dir='ltr'>His</span> <span class='ocrx_word' id='word_1_301' title='bbox 1344 2584 1591 2651; x_wconf 89' lang='lat' dir='ltr'>relectis,</span> <span class='ocrx_word' id='word_1_302' title='bbox 1610 2601 1809 2639; x_wconf 88' lang='lat' dir='ltr'>omnes</span> 
     </span>
    </p>
   </div>
   <div class='ocr_carea' id='block_1_42' title="bbox 174 2674 1809 2749">
    <p class='ocr_par' dir='ltr' id='par_1_42' title="bbox 174 2674 1809 2749">
     <span class='ocr_line' id='line_1_42' title="bbox 174 2674 1809 2749; baseline 0.003 -21"><span class='ocrx_word' id='word_1_303' title='bbox 174 2674 425 2746; x_wconf 89' lang='lat' dir='ltr'>episcopi</span> <span class='ocrx_word' id='word_1_304' title='bbox 472 2674 786 2730; x_wconf 83' lang='lat' dir='ltr'>dixerunt:</span> <span class='ocrx_word' id='word_1_305' title='bbox 830 2676 1084 2747; x_wconf 85' lang='lat' dir='ltr'>Cognitis</span> <span class='ocrx_word' id='word_1_306' title='bbox 1140 2677 1225 2732; x_wconf 89' lang='lat' dir='ltr'>his</span> <span class='ocrx_word' id='word_1_307' title='bbox 1277 2694 1403 2748; x_wconf 74' lang='lat' dir='ltr'>qua:</span> <span class='ocrx_word' id='word_1_308' title='bbox 1455 2694 1524 2733; x_wconf 88' lang='lat' dir='ltr'>ex</span> <span class='ocrx_word' id='word_1_309' title='bbox 1569 2678 1809 2749; x_wconf 89' lang='lat' dir='ltr'>epistola</span> 
     </span>
    </p>
   </div>
   <div class='ocr_carea' id='block_1_43' title="bbox 176 2767 1810 2840">
    <p class='ocr_par' dir='ltr' id='par_1_43' title="bbox 176 2767 1810 2840">
     <span class='ocr_line' id='line_1_43' title="bbox 176 2767 1810 2840; baseline 0.004 -20"><span class='ocrx_word' id='word_1_310' title='bbox 176 2767 326 2822; x_wconf 88' lang='lat' dir='ltr'>beati</span> <span class='ocrx_word' id='word_1_311' title='bbox 352 2768 505 2822; x_wconf 89' lang='lat' dir='ltr'>Petri</span> <span class='ocrx_word' id='word_1_312' title='bbox 531 2770 767 2840; x_wconf 88' lang='lat' dir='ltr'>apostoli</span> <span class='ocrx_word' id='word_1_313' title='bbox 794 2776 927 2826; x_wconf 90' lang='lat' dir='ltr'>sunt</span> <span class='ocrx_word' id='word_1_314' title='bbox 943 2770 1202 2839; x_wconf 88' lang='lat' dir='ltr'>recitata,</span> <span class='ocrx_word' id='word_1_315' title='bbox 1226 2771 1810 2839; x_wconf 87' lang='lat' dir='ltr'>desideramus,auxi-</span> 
     </span>
    </p>
   </div>
   <div class='ocr_carea' id='block_1_44' title="bbox 175 2861 1809 2937">
    <p class='ocr_par' dir='ltr' id='par_1_44' title="bbox 175 2861 1809 2937">
     <span class='ocr_line' id='line_1_44' title="bbox 175 2861 1809 2937; baseline 0.002 -22"><span class='ocrx_word' id='word_1_316' title='bbox 175 2861 350 2916; x_wconf 88' lang='lat' dir='ltr'>liante</span> <span class='ocrx_word' id='word_1_317' title='bbox 380 2862 480 2917; x_wconf 90' lang='lat' dir='ltr'>Dei</span> <span class='ocrx_word' id='word_1_318' title='bbox 506 2864 710 2933; x_wconf 88' lang='lat' dir='ltr'>gratia,</span> <span class='ocrx_word' id='word_1_319' title='bbox 744 2863 949 2918; x_wconf 88' lang='lat' dir='ltr'>divinis</span> <span class='ocrx_word' id='word_1_320' title='bbox 978 2864 1209 2919; x_wconf 88' lang='lat' dir='ltr'>obedire</span> <span class='ocrx_word' id='word_1_321' title='bbox 1250 2864 1564 2937; x_wconf 64' lang='lat' dir='ltr'>praeceptis,</span> <span class='ocrx_word' id='word_1_322' title='bbox 1592 2870 1648 2920; x_wconf 89' lang='lat' dir='ltr'>et</span> <span class='ocrx_word' id='word_1_323' title='bbox 1672 2883 1809 2937; x_wconf 87' lang='lat' dir='ltr'>apo-</span> 
     </span>
    </p>
   </div>
   <div class='ocr_carea' id='block_1_45' title="bbox 179 2955 1812 3028">
    <p class='ocr_par' dir='ltr' id='par_1_45' title="bbox 179 2955 1812 3028">
     <span class='ocr_line' id='line_1_45' title="bbox 179 2955 1812 3028; baseline 0.002 -19"><span class='ocrx_word' id='word_1_324' title='bbox 179 2955 386 3010; x_wconf 69' lang='lat' dir='ltr'>stolicze</span> <span class='ocrx_word' id='word_1_325' title='bbox 410 2956 666 3027; x_wconf 87' lang='lat' dir='ltr'>epistolae</span> <span class='ocrx_word' id='word_1_326' title='bbox 694 2974 819 3028; x_wconf 69' lang='lat' dir='ltr'>quae</span> <span class='ocrx_word' id='word_1_327' title='bbox 855 2958 1017 3012; x_wconf 91' lang='lat' dir='ltr'>nobis</span> <span class='ocrx_word' id='word_1_328' title='bbox 1060 2958 1292 3013; x_wconf 88' lang='lat' dir='ltr'>recitata</span> <span class='ocrx_word' id='word_1_329' title='bbox 1320 2963 1405 3014; x_wconf 89' lang='lat' dir='ltr'>est</span> <span class='ocrx_word' id='word_1_330' title='bbox 1429 2959 1487 3013; x_wconf 92' lang='lat' dir='ltr'>in</span> <span class='ocrx_word' id='word_1_331' title='bbox 1520 2960 1605 3013; x_wconf 89' lang='lat' dir='ltr'>his</span> <span class='ocrx_word' id='word_1_332' title='bbox 1629 2962 1812 3014; x_wconf 85' lang='lat' dir='ltr'>omni-</span> 
     </span>
    </p>
   </div>
   <div class='ocr_carea' id='block_1_46' title="bbox 178 3048 1812 3125">
    <p class='ocr_par' dir='ltr' id='par_1_46' title="bbox 178 3048 1812 3125">
     <span class='ocr_line' id='line_1_46' title="bbox 178 3048 1812 3125; baseline 0.004 -23"><span class='ocrx_word' id='word_1_333' title='bbox 178 3048 280 3103; x_wconf 91' lang='lat' dir='ltr'>bus</span> <span class='ocrx_word' id='word_1_334' title='bbox 305 3049 628 3104; x_wconf 86' lang='lat' dir='ltr'>formulam</span> <span class='ocrx_word' id='word_1_335' title='bbox 668 3050 896 3117; x_wconf 82' lang='lat' dir='ltr'>imitari,</span> <span class='ocrx_word' id='word_1_336' title='bbox 924 3068 995 3106; x_wconf 91' lang='lat' dir='ltr'><strong>ne</strong></span> <span class='ocrx_word' id='word_1_337' title='bbox 1019 3051 1165 3107; x_wconf 89' lang='lat' dir='ltr'>forte</span> <span class='ocrx_word' id='word_1_338' title='bbox 1202 3052 1263 3107; x_wconf 92' lang='lat' dir='ltr'>in</span> <span class='ocrx_word' id='word_1_339' title='bbox 1290 3052 1573 3125; x_wconf 88' lang='lat' dir='ltr'>aliquibus</span> <span class='ocrx_word' id='word_1_340' title='bbox 1603 3053 1812 3108; x_wconf 81' lang='lat' dir='ltr'>inordi-</span> 
     </span>
    </p>
   </div>
   <div class='ocr_carea' id='block_1_47' title="bbox 180 3142 1807 3217">
    <p class='ocr_par' dir='ltr' id='par_1_47' title="bbox 180 3142 1807 3217">
     <span class='ocr_line' id='line_1_47' title="bbox 180 3142 1807 3217; baseline 0.004 -21"><span class='ocrx_word' id='word_1_341' title='bbox 180 3146 305 3197; x_wconf 89' lang='lat' dir='ltr'>nate</span> <span class='ocrx_word' id='word_1_342' title='bbox 358 3142 722 3198; x_wconf 86' lang='lat' dir='ltr'>ambulantes</span> <span class='ocrx_word' id='word_1_343' title='bbox 774 3144 961 3200; x_wconf 91' lang='lat' dir='ltr'>divino</span> <span class='ocrx_word' id='word_1_344' title='bbox 990 3145 1158 3217; x_wconf 89' lang='lat' dir='ltr'>(quod</span> <span class='ocrx_word' id='word_1_345' title='bbox 1210 3146 1375 3217; x_wconf 79' lang='lat' dir='ltr'>absit)</span> <span class='ocrx_word' id='word_1_346' title='bbox 1407 3147 1623 3216; x_wconf 88' lang='lat' dir='ltr'>judicio</span> <span class='ocrx_word' id='word_1_347' title='bbox 1671 3164 1807 3202; x_wconf 90' lang='lat' dir='ltr'>con-</span> 
     </span>
    </p>
   </div>
   <div class='ocr_carea' id='block_1_48' title="bbox 180 3235 1810 3311">
    <p class='ocr_par' dir='ltr' id='par_1_48' title="bbox 180 3235 1810 3311">
     <span class='ocr_line' id='line_1_48' title="bbox 180 3235 1810 3311; baseline 0.004 -23"><span class='ocrx_word' id='word_1_348' title='bbox 180 3235 540 3306; x_wconf 88' lang='lat' dir='ltr'>demnemur,</span> <span class='ocrx_word' id='word_1_349' title='bbox 574 3237 670 3292; x_wconf 90' lang='lat' dir='ltr'>sed</span> <span class='ocrx_word' id='word_1_350' title='bbox 708 3241 1030 3292; x_wconf 89' lang='lat' dir='ltr'>sanctorum</span> <span class='ocrx_word' id='word_1_351' title='bbox 1075 3240 1308 3294; x_wconf 86' lang='lat' dir='ltr'>Patrum</span> <span class='ocrx_word' id='word_1_352' title='bbox 1347 3239 1586 3311; x_wconf 87' lang='lat' dir='ltr'>vestigia</span> <span class='ocrx_word' id='word_1_353' title='bbox 1623 3241 1810 3296; x_wconf 91' lang='lat' dir='ltr'>subse-</span> 
     </span>
    </p>
   </div>
   <div class='ocr_carea' id='block_1_49' title="bbox 179 3330 1807 3406">
    <p class='ocr_par' dir='ltr' id='par_1_49' title="bbox 179 3330 1807 3406">
     <span class='ocr_line' id='line_1_49' title="bbox 179 3330 1807 3406; baseline 0.004 -23"><span class='ocrx_word' id='word_1_354' title='bbox 179 3335 415 3399; x_wconf 77' lang='lat' dir='ltr'>quentes</span> <span class='ocrx_word' id='word_1_355' title='bbox 430 3330 492 3384; x_wconf 91' lang='lat' dir='ltr'>in</span> <span class='ocrx_word' id='word_1_356' title='bbox 512 3330 766 3402; x_wconf 89' lang='lat' dir='ltr'>ipsorum</span> <span class='ocrx_word' id='word_1_357' title='bbox 782 3332 978 3403; x_wconf 90' lang='lat' dir='ltr'>requie</span> <span class='ocrx_word' id='word_1_358' title='bbox 1000 3349 1325 3387; x_wconf 88' lang='lat' dir='ltr'>mereamur</span> <span class='ocrx_word' id='word_1_359' title='bbox 1346 3350 1467 3388; x_wconf 90' lang='lat' dir='ltr'>esse</span> <span class='ocrx_word' id='word_1_360' title='bbox 1489 3334 1807 3406; x_wconf 79' lang='lat' dir='ltr'>participes,</span> 
     </span>
    </p>
   </div>
   <div class='ocr_carea' id='block_1_50' title="bbox 180 3423 1811 3499">
    <p class='ocr_par' dir='ltr' id='par_1_50' title="bbox 180 3423 1811 3499">
     <span class='ocr_line' id='line_1_50' title="bbox 180 3423 1811 3499; baseline 0.004 -23"><span class='ocrx_word' id='word_1_361' title='bbox 180 3426 235 3477; x_wconf 87' lang='lat' dir='ltr'>et</span> <span class='ocrx_word' id='word_1_362' title='bbox 256 3423 788 3499; x_wconf 81' lang='lat' dir='ltr'>immarcessibilem</span> <span class='ocrx_word' id='word_1_363' title='bbox 814 3424 966 3480; x_wconf 87' lang='lat' dir='ltr'>illam</span> <span class='ocrx_word' id='word_1_364' title='bbox 1012 3427 1210 3496; x_wconf 85' lang='lat' dir='ltr'>gloriae</span> <span class='ocrx_word' id='word_1_365' title='bbox 1252 3444 1540 3497; x_wconf 89' lang='lat' dir='ltr'>coronam,</span> <span class='ocrx_word' id='word_1_366' title='bbox 1570 3445 1697 3499; x_wconf 87' lang='lat' dir='ltr'>quae</span> <span class='ocrx_word' id='word_1_367' title='bbox 1728 3446 1811 3482; x_wconf 88' lang='lat' dir='ltr'>re-</span> 
     </span>
    </p>
   </div>
   <div class='ocr_carea' id='block_1_51' title="bbox 182 3492 1809 3599">
    <p class='ocr_par' dir='ltr' id='par_1_51' title="bbox 182 3492 1809 3599">
     <span class='ocr_line' id='line_1_51' title="bbox 182 3492 1809 3599; baseline 0.005 -30"><span class='ocrx_word' id='word_1_368' title='bbox 182 3518 456 3587; x_wconf 86' lang='lat' dir='ltr'>promissa</span> <span class='ocrx_word' id='word_1_369' title='bbox 472 3492 604 3599; x_wconf 62' lang='lat' dir='ltr'>lest,</span> <span class='ocrx_word' id='word_1_370' title='bbox 636 3535 768 3573; x_wconf 91' lang='lat' dir='ltr'>cum</span> <span class='ocrx_word' id='word_1_371' title='bbox 812 3518 944 3589; x_wconf 88' lang='lat' dir='ltr'>ipsis</span> <span class='ocrx_word' id='word_1_372' title='bbox 988 3520 1284 3591; x_wconf 84' lang='lat' dir='ltr'>percipere</span> <span class='ocrx_word' id='word_1_373' title='bbox 1330 3537 1678 3577; x_wconf 84' lang='lat' dir='ltr'>mereamur.</span> <span class='ocrx_word' id='word_1_374' title='bbox 1728 3523 1809 3577; x_wconf 91' lang='lat' dir='ltr'>0b</span> 
     </span>
    </p>
   </div>
   <div class='ocr_carea' id='block_1_52' title="bbox 182 3610 1806 3686">
    <p class='ocr_par' dir='ltr' id='par_1_52' title="bbox 182 3610 1806 3686">
     <span class='ocr_line' id='line_1_52' title="bbox 182 3610 1806 3686; baseline 0.004 -22"><span class='ocrx_word' id='word_1_375' title='bbox 182 3610 282 3664; x_wconf 92' lang='lat' dir='ltr'>hoc</span> <span class='ocrx_word' id='word_1_376' title='bbox 301 3628 442 3682; x_wconf 90' lang='lat' dir='ltr'>ergo</span> <span class='ocrx_word' id='word_1_377' title='bbox 466 3617 627 3667; x_wconf 89' lang='lat' dir='ltr'>tuam</span> <span class='ocrx_word' id='word_1_378' title='bbox 651 3612 1037 3683; x_wconf 71' lang='lat' dir='ltr'>simulomnes</span> <span class='ocrx_word' id='word_1_379' title='bbox 1065 3615 1428 3686; x_wconf 89' lang='lat' dir='ltr'>deposcimus</span> <span class='ocrx_word' id='word_1_380' title='bbox 1449 3615 1806 3686; x_wconf 83' lang='lat' dir='ltr'>charitateni,</span> 
     </span>
    </p>
   </div>
   <div class='ocr_carea' id='block_1_53' title="bbox 180 3704 1809 3779">
    <p class='ocr_par' dir='ltr' id='par_1_53' title="bbox 180 3704 1809 3779">
     <span class='ocr_line' id='line_1_53' title="bbox 180 3704 1809 3779; baseline 0.005 -22"><span class='ocrx_word' id='word_1_381' title='bbox 180 3707 240 3757; x_wconf 91' lang='lat' dir='ltr'>ut</span> <span class='ocrx_word' id='word_1_382' title='bbox 263 3704 363 3758; x_wconf 88' lang='lat' dir='ltr'>has</span> <span class='ocrx_word' id='word_1_383' title='bbox 384 3721 587 3760; x_wconf 91' lang='lat' dir='ltr'>omnes</span> <span class='ocrx_word' id='word_1_384' title='bbox 612 3721 807 3760; x_wconf 88' lang='lat' dir='ltr'>causas</span> <span class='ocrx_word' id='word_1_385' title='bbox 840 3706 1075 3778; x_wconf 85' lang='lat' dir='ltr'>singulis</span> <span class='ocrx_word' id='word_1_386' title='bbox 1101 3707 1363 3779; x_wconf 90' lang='lat' dir='ltr'>capitulis</span> <span class='ocrx_word' id='word_1_387' title='bbox 1384 3708 1632 3763; x_wconf 86' lang='lat' dir='ltr'>breviter</span> <span class='ocrx_word' id='word_1_388' title='bbox 1652 3726 1809 3764; x_wconf 91' lang='lat' dir='ltr'>com-</span> 
     </span>
    </p>
   </div>
   <div class='ocr_carea' id='block_1_54' title="bbox 182 3799 1812 3875">
    <p class='ocr_par' dir='ltr' id='par_1_54' title="bbox 182 3799 1812 3875">
     <span class='ocr_line' id='line_1_54' title="bbox 182 3799 1812 3875; baseline 0.004 -23"><span class='ocrx_word' id='word_1_389' title='bbox 182 3799 511 3868; x_wconf 89' lang='lat' dir='ltr'>prehensas,</span> <span class='ocrx_word' id='word_1_390' title='bbox 529 3800 621 3853; x_wconf 91' lang='lat' dir='ltr'>vel</span> <span class='ocrx_word' id='word_1_391' title='bbox 641 3799 881 3871; x_wconf 90' lang='lat' dir='ltr'>qualiter</span> <span class='ocrx_word' id='word_1_392' title='bbox 893 3802 1098 3874; x_wconf 84' lang='lat' dir='ltr'>corrigi</span> <span class='ocrx_word' id='word_1_393' title='bbox 1119 3803 1381 3872; x_wconf 87' lang='lat' dir='ltr'>debeant,</span> <span class='ocrx_word' id='word_1_394' title='bbox 1398 3804 1484 3857; x_wconf 88' lang='lat' dir='ltr'>his</span> <span class='ocrx_word' id='word_1_395' title='bbox 1500 3804 1671 3875; x_wconf 85' lang='lat' dir='ltr'>gestis</span> <span class='ocrx_word' id='word_1_396' title='bbox 1686 3805 1812 3859; x_wconf 90' lang='lat' dir='ltr'>sub-</span> 
     </span>
    </p>
   </div>
   <div class='ocr_carea' id='block_1_55' title="bbox 180 3895 1813 3958">
    <p class='ocr_par' dir='ltr' id='par_1_55' title="bbox 180 3895 1813 3958">
     <span class='ocr_line' id='line_1_55' title="bbox 180 3895 1813 3958; baseline 0.004 -12"><span class='ocrx_word' id='word_1_397' title='bbox 180 3896 265 3946; x_wconf 88' lang='lat' dir='ltr'>ter</span> <span class='ocrx_word' id='word_1_398' title='bbox 289 3897 582 3948; x_wconf 85' lang='lat' dir='ltr'>annectas.</span> <span class='ocrx_word' id='word_1_399' title='bbox 610 3895 748 3958; x_wconf 77' lang='lat' dir='ltr'>Quae</span> <span class='ocrx_word' id='word_1_400' title='bbox 773 3911 903 3950; x_wconf 91' lang='lat' dir='ltr'>cum</span> <span class='ocrx_word' id='word_1_401' title='bbox 934 3896 1238 3951; x_wconf 89' lang='lat' dir='ltr'>studiosius</span> <span class='ocrx_word' id='word_1_402' title='bbox 1263 3898 1475 3951; x_wconf 90' lang='lat' dir='ltr'>rclecta</span> <span class='ocrx_word' id='word_1_403' title='bbox 1500 3904 1557 3952; x_wconf 91' lang='lat' dir='ltr'>et</span> <span class='ocrx_word' id='word_1_404' title='bbox 1584 3898 1642 3952; x_wconf 90' lang='lat' dir='ltr'><strong>in</strong></span> <span class='ocrx_word' id='word_1_405' title='bbox 1670 3899 1813 3953; x_wconf 90' lang='lat' dir='ltr'>noti-</span> 
     </span>
    </p>
   </div>
   <div class='ocr_carea' id='block_1_56' title="bbox 181 3986 1809 4062">
    <p class='ocr_par' dir='ltr' id='par_1_56' title="bbox 181 3986 1809 4062">
     <span class='ocr_line' id='line_1_56' title="bbox 181 3986 1809 4062; baseline 0.005 -23"><span class='ocrx_word' id='word_1_406' title='bbox 181 3986 316 4040; x_wconf 88' lang='lat' dir='ltr'>tiam</span> <span class='ocrx_word' id='word_1_407' title='bbox 342 3986 605 4042; x_wconf 90' lang='lat' dir='ltr'>omnium</span> <span class='ocrx_word' id='word_1_408' title='bbox 634 3993 893 4045; x_wconf 88' lang='lat' dir='ltr'>nostrum</span> <span class='ocrx_word' id='word_1_409' title='bbox 929 3990 1219 4045; x_wconf 87' lang='lat' dir='ltr'>evidenter</span> <span class='ocrx_word' id='word_1_410' title='bbox 1260 3991 1476 4046; x_wconf 90' lang='lat' dir='ltr'>fuerint</span> <span class='ocrx_word' id='word_1_411' title='bbox 1518 3993 1809 4062; x_wconf 89' lang='lat' dir='ltr'>perducta,</span> 
     </span>
    </p>
   </div>
   <div class='ocr_carea' id='block_1_57' title="bbox 182 4080 1813 4155">
    <p class='ocr_par' dir='ltr' id='par_1_57' title="bbox 182 4080 1813 4155">
     <span class='ocr_line' id='line_1_57' title="bbox 182 4080 1813 4155; baseline 0.005 -21"><span class='ocrx_word' id='word_1_412' title='bbox 182 4080 420 4153; x_wconf 89' lang='lat' dir='ltr'>propria</span> <span class='ocrx_word' id='word_1_413' title='bbox 448 4082 842 4154; x_wconf 88' lang='lat' dir='ltr'>unusquisque</span> <span class='ocrx_word' id='word_1_414' title='bbox 868 4100 1042 4139; x_wconf 89' lang='lat' dir='ltr'>manu</span> <span class='ocrx_word' id='word_1_415' title='bbox 1074 4101 1175 4155; x_wconf 91' lang='lat' dir='ltr'>pro</span> <span class='ocrx_word' id='word_1_416' title='bbox 1197 4101 1395 4140; x_wconf 88' lang='lat' dir='ltr'>eorum</span> <span class='ocrx_word' id='word_1_417' title='bbox 1421 4086 1813 4143; x_wconf 89' lang='lat' dir='ltr'>emendatione</span> 
     </span>
    </p>
   </div>
   <div class='ocr_carea' id='block_1_58' title="bbox 186 4175 1812 4245">
    <p class='ocr_par' dir='ltr' id='par_1_58' title="bbox 186 4175 1812 4245">
     <span class='ocr_line' id='line_1_58' title="bbox 186 4175 1812 4245; baseline 0.004 -17"><span class='ocrx_word' id='word_1_418' title='bbox 186 4179 239 4229; x_wconf 89' lang='lat' dir='ltr'>et</span> <span class='ocrx_word' id='word_1_419' title='bbox 270 4175 709 4231; x_wconf 84' lang='lat' dir='ltr'>confirmatione</span> <span class='ocrx_word' id='word_1_420' title='bbox 740 4176 1077 4245; x_wconf 87' lang='lat' dir='ltr'>subscribat,</span> <span class='ocrx_word' id='word_1_421' title='bbox 1097 4183 1162 4233; x_wconf 93' lang='lat' dir='ltr'>ut</span> <span class='ocrx_word' id='word_1_422' title='bbox 1189 4196 1303 4233; x_wconf 92' lang='lat' dir='ltr'>non</span> <span class='ocrx_word' id='word_1_423' title='bbox 1328 4181 1510 4233; x_wconf 91' lang='lat' dir='ltr'>solum</span> <span class='ocrx_word' id='word_1_424' title='bbox 1538 4180 1701 4234; x_wconf 90' lang='lat' dir='ltr'>nobis</span> <span class='ocrx_word' id='word_1_425' title='bbox 1716 4181 1812 4235; x_wconf 88' lang='lat' dir='ltr'>sed</span> 
     </span>
    </p>
   </div>
   <div class='ocr_carea' id='block_1_59' title="bbox 185 4269 1814 4344">
    <p class='ocr_par' dir='ltr' id='par_1_59' title="bbox 185 4269 1814 4344">
     <span class='ocr_line' id='line_1_59' title="bbox 185 4269 1814 4344; baseline 0.004 -21"><span class='ocrx_word' id='word_1_426' title='bbox 185 4269 350 4323; x_wconf 87' lang='lat' dir='ltr'>etiam</span> <span class='ocrx_word' id='word_1_427' title='bbox 403 4271 819 4325; x_wconf 90' lang='lat' dir='ltr'>successoribus</span> <span class='ocrx_word' id='word_1_428' title='bbox 863 4272 1089 4342; x_wconf 90' lang='lat' dir='ltr'>nostris,</span> <span class='ocrx_word' id='word_1_429' title='bbox 1121 4273 1242 4327; x_wconf 79' lang='lat' dir='ltr'>haec</span> <span class='ocrx_word' id='word_1_430' title='bbox 1288 4273 1360 4328; x_wconf 90' lang='lat' dir='ltr'>ad</span> <span class='ocrx_word' id='word_1_431' title='bbox 1410 4274 1814 4344; x_wconf 86' lang='lat' dir='ltr'>perfectionem</span> 
     </span>
    </p>
   </div>
   <div class='ocr_carea' id='block_1_60' title="bbox 186 4362 1333 4437">
    <p class='ocr_par' dir='ltr' id='par_1_60' title="bbox 186 4362 1333 4437">
     <span class='ocr_line' id='line_1_60' title="bbox 186 4362 1333 4437; baseline 0.006 -21"><span class='ocrx_word' id='word_1_432' title='bbox 186 4362 525 4435; x_wconf 89' lang='lat' dir='ltr'>episcopalis</span> <span class='ocrx_word' id='word_1_433' title='bbox 555 4364 726 4420; x_wconf 87' lang='lat' dir='ltr'>ofﬁcii</span> <span class='ocrx_word' id='word_1_434' title='bbox 759 4365 987 4421; x_wconf 89' lang='lat' dir='ltr'>decreta</span> <span class='ocrx_word' id='word_1_435' title='bbox 1012 4367 1333 4437; x_wconf 87' lang='lat' dir='ltr'>proficiant.</span> 
     </span>
    </p>
   </div>
   <div class='ocr_carea' id='block_1_61' title="bbox 250 4458 1812 4534">
    <p class='ocr_par' dir='ltr' id='par_1_61' title="bbox 250 4458 1812 4534">
     <span class='ocr_line' id='line_1_61' title="bbox 250 4458 1812 4534; baseline 0.003 -21"><span class='ocrx_word' id='word_1_436' title='bbox 250 4458 376 4513; x_wconf 76' lang='lat' dir='ltr'>CAP.</span> <span class='ocrx_word' id='word_1_437' title='bbox 411 4459 455 4513; x_wconf 91' lang='lat' dir='ltr'>l.</span> <span class='ocrx_word' id='word_1_438' title='bbox 485 4458 704 4514; x_wconf 90' lang='lat' dir='ltr'>Placuit</span> <span class='ocrx_word' id='word_1_439' title='bbox 726 4460 990 4515; x_wconf 90' lang='lat' dir='ltr'>omnibus</span> <span class='ocrx_word' id='word_1_440' title='bbox 1021 4460 1299 4533; x_wconf 89' lang='lat' dir='ltr'>episcopis</span> <span class='ocrx_word' id='word_1_441' title='bbox 1325 4466 1497 4534; x_wconf 89' lang='lat' dir='ltr'>atque</span> <span class='ocrx_word' id='word_1_442' title='bbox 1530 4462 1812 4531; x_wconf 90' lang='lat' dir='ltr'>convenit,</span> 
     </span>
    </p>
   </div>
   <div class='ocr_carea' id='block_1_62' title="bbox 1829 3188 1886 3264">
    <p class='ocr_par' dir='ltr' id='par_1_62' title="bbox 1829 3188 1886 3264">
     <span class='ocr_line' id='line_1_62' title="bbox 1829 3188 1886 3264; baseline 0 0"><span class='ocrx_word' id='word_1_443' title='bbox 1829 3188 1886 3264; x_wconf 89' lang='lat' dir='ltr'>C</span> 
     </span>
    </p>
   </div>
   <div class='ocr_carea' id='block_1_63' title="bbox 1983 1922 3544 1998">
    <p class='ocr_par' dir='ltr' id='par_1_63' title="bbox 1983 1922 3544 1998">
     <span class='ocr_line' id='line_1_63' title="bbox 1983 1922 3544 1998; baseline 0.003 -21"><span class='ocrx_word' id='word_1_444' title='bbox 1983 1925 2069 1977; x_wconf 89' lang='lat' dir='ltr'>Ill.</span> <span class='ocrx_word' id='word_1_445' title='bbox 2098 1923 2315 1977; x_wconf 86' lang='lat' dir='ltr'>Placuit</span> <span class='ocrx_word' id='word_1_446' title='bbox 2342 1926 2408 1976; x_wconf 90' lang='lat' dir='ltr'>ut</span> <span class='ocrx_word' id='word_1_447' title='bbox 2437 1923 2507 1978; x_wconf 91' lang='lat' dir='ltr'>de</span> <span class='ocrx_word' id='word_1_448' title='bbox 2538 1922 2897 1977; x_wconf 87' lang='lat' dir='ltr'>ordinatione</span> <span class='ocrx_word' id='word_1_449' title='bbox 2926 1922 3259 1979; x_wconf 84' lang='lat' dir='ltr'>clericorum</span> <span class='ocrx_word' id='word_1_450' title='bbox 3289 1926 3544 1998; x_wconf 84' lang='lat' dir='ltr'>episcopi</span> 
     </span>
    </p>
   </div>
   <div class='ocr_carea' id='block_1_64' title="bbox 1906 2016 3544 2091">
    <p class='ocr_par' dir='ltr' id='par_1_64' title="bbox 1906 2016 3544 2091">
     <span class='ocr_line' id='line_1_64' title="bbox 1906 2016 3544 2091; baseline 0.002 -20"><span class='ocrx_word' id='word_1_451' title='bbox 1906 2034 2145 2071; x_wconf 90' lang='lat' dir='ltr'>munera</span> <span class='ocrx_word' id='word_1_452' title='bbox 2166 2017 2322 2071; x_wconf 88' lang='lat' dir='ltr'>nulla</span> <span class='ocrx_word' id='word_1_453' title='bbox 2351 2016 2650 2088; x_wconf 89' lang='lat' dir='ltr'>accipiant,</span> <span class='ocrx_word' id='word_1_454' title='bbox 2673 2016 2770 2071; x_wconf 89' lang='lat' dir='ltr'>sed</span> <span class='ocrx_word' id='word_1_455' title='bbox 2797 2016 2943 2071; x_wconf 89' lang='lat' dir='ltr'>sicut</span> <span class='ocrx_word' id='word_1_456' title='bbox 2966 2017 3241 2088; x_wconf 90' lang='lat' dir='ltr'>scriptum</span> <span class='ocrx_word' id='word_1_457' title='bbox 3270 2020 3544 2091; x_wconf 88' lang='lat' dir='ltr'>est,quod</span> 
     </span>
    </p>
   </div>
   <div class='ocr_carea' id='block_1_65' title="bbox 1909 2109 3543 2181">
    <p class='ocr_par' dir='ltr' id='par_1_65' title="bbox 1909 2109 3543 2181">
     <span class='ocr_line' id='line_1_65' title="bbox 1909 2109 3543 2181; baseline 0.003 -18"><span class='ocrx_word' id='word_1_458' title='bbox 1909 2111 2084 2181; x_wconf 86' lang='lat' dir='ltr'>gratis</span> <span class='ocrx_word' id='word_1_459' title='bbox 2115 2110 2360 2165; x_wconf 88' lang='lat' dir='ltr'>donante</span> <span class='ocrx_word' id='word_1_460' title='bbox 2394 2112 2509 2165; x_wconf 91' lang='lat' dir='ltr'>Deo</span> <span class='ocrx_word' id='word_1_461' title='bbox 2555 2109 2859 2180; x_wconf 90' lang='lat' dir='ltr'>accipiunt,</span> <span class='ocrx_word' id='word_1_462' title='bbox 2887 2111 3064 2181; x_wconf 85' lang='lat' dir='ltr'>gratis</span> <span class='ocrx_word' id='word_1_463' title='bbox 3110 2112 3264 2167; x_wconf 91' lang='lat' dir='ltr'>dent.</span> <span class='ocrx_word' id='word_1_464' title='bbox 3313 2114 3435 2168; x_wconf 87' lang='lat' dir='ltr'>Non</span> <span class='ocrx_word' id='word_1_465' title='bbox 3482 2114 3543 2169; x_wconf 92' lang='lat' dir='ltr'><strong>in</strong></span> 
     </span>
    </p>
   </div>
   <div class='ocr_carea' id='block_1_66' title="bbox 1906 2203 3542 2275">
    <p class='ocr_par' dir='ltr' id='par_1_66' title="bbox 1906 2203 3542 2275">
     <span class='ocr_line' id='line_1_66' title="bbox 1906 2203 3542 2275; baseline 0.003 -17"><span class='ocrx_word' id='word_1_466' title='bbox 1906 2204 2096 2275; x_wconf 87' lang='lat' dir='ltr'>aliquo</span> <span class='ocrx_word' id='word_1_467' title='bbox 2126 2205 2312 2275; x_wconf 89' lang='lat' dir='ltr'>pretio</span> <span class='ocrx_word' id='word_1_468' title='bbox 2343 2203 2526 2275; x_wconf 89' lang='lat' dir='ltr'>gratia</span> <span class='ocrx_word' id='word_1_469' title='bbox 2551 2204 2668 2273; x_wconf 88' lang='lat' dir='ltr'>Dei,</span> <span class='ocrx_word' id='word_1_470' title='bbox 2703 2209 2759 2258; x_wconf 91' lang='lat' dir='ltr'>et</span> <span class='ocrx_word' id='word_1_471' title='bbox 2800 2203 3087 2274; x_wconf 90' lang='lat' dir='ltr'>impositio</span> <span class='ocrx_word' id='word_1_472' title='bbox 3133 2221 3414 2262; x_wconf 90' lang='lat' dir='ltr'>manuum</span> <span class='ocrx_word' id='word_1_473' title='bbox 3442 2224 3542 2262; x_wconf 78' lang='lat' dir='ltr'>ve-</span> 
     </span>
    </p>
   </div>
   <div class='ocr_carea' id='block_1_67' title="bbox 1910 2297 3543 2369">
    <p class='ocr_par' dir='ltr' id='par_1_67' title="bbox 1910 2297 3543 2369">
     <span class='ocr_line' id='line_1_67' title="bbox 1910 2297 3543 2369; baseline 0.004 -18"><span class='ocrx_word' id='word_1_474' title='bbox 1910 2297 2230 2365; x_wconf 72' lang='lat' dir='ltr'>nnndetur;</span> <span class='ocrx_word' id='word_1_475' title='bbox 2284 2298 2416 2369; x_wconf 88' lang='lat' dir='ltr'>quia</span> <span class='ocrx_word' id='word_1_476' title='bbox 2462 2298 2699 2368; x_wconf 90' lang='lat' dir='ltr'>antiqua</span> <span class='ocrx_word' id='word_1_477' title='bbox 2743 2297 2999 2353; x_wconf 85' lang='lat' dir='ltr'>definitio</span> <span class='ocrx_word' id='word_1_478' title='bbox 3052 2299 3307 2368; x_wconf 88' lang='lat' dir='ltr'>Patrum,</span> <span class='ocrx_word' id='word_1_479' title='bbox 3344 2301 3423 2356; x_wconf 88' lang='lat' dir='ltr'>ita</span> <span class='ocrx_word' id='word_1_480' title='bbox 3472 2303 3543 2359; x_wconf 91' lang='lat' dir='ltr'>de</span> 
     </span>
    </p>
   </div>
   <div class='ocr_carea' id='block_1_68' title="bbox 1910 2391 3543 2459">
    <p class='ocr_par' dir='ltr' id='par_1_68' title="bbox 1910 2391 3543 2459">
     <span class='ocr_line' id='line_1_68' title="bbox 1910 2391 3543 2459; baseline 0.002 -14"><span class='ocrx_word' id='word_1_481' title='bbox 1910 2391 2294 2445; x_wconf 88' lang='lat' dir='ltr'>ecclesiasticis</span> <span class='ocrx_word' id='word_1_482' title='bbox 2349 2391 2800 2447; x_wconf 84' lang='lat' dir='ltr'>ordinationibus</span> <span class='ocrx_word' id='word_1_483' title='bbox 2850 2392 3066 2459; x_wconf 88' lang='lat' dir='ltr'>statuit,</span> <span class='ocrx_word' id='word_1_484' title='bbox 3098 2393 3291 2448; x_wconf 91' lang='lat' dir='ltr'>dicens</span> <span class='ocrx_word' id='word_1_485' title='bbox 3335 2411 3348 2448; x_wconf 91' lang='lat'><strong>:</strong></span> <span class='ocrx_word' id='word_1_486' title='bbox 3393 2398 3543 2451; x_wconf 83' lang='lat' dir='ltr'>Ana-</span> 
     </span>
    </p>
   </div>
   <div class='ocr_carea' id='block_1_69' title="bbox 1908 2484 3539 2558">
    <p class='ocr_par' dir='ltr' id='par_1_69' title="bbox 1908 2484 3539 2558">
     <span class='ocr_line' id='line_1_69' title="bbox 1908 2484 3539 2558; baseline 0.002 -19"><span class='ocrx_word' id='word_1_487' title='bbox 1908 2486 2107 2539; x_wconf 89' lang='lat' dir='ltr'>thema</span> <span class='ocrx_word' id='word_1_488' title='bbox 2152 2484 2224 2538; x_wconf 86' lang='lat' dir='ltr'>sit</span> <span class='ocrx_word' id='word_1_489' title='bbox 2275 2485 2436 2539; x_wconf 90' lang='lat' dir='ltr'>danti</span> <span class='ocrx_word' id='word_1_490' title='bbox 2479 2490 2537 2539; x_wconf 90' lang='lat' dir='ltr'>et</span> <span class='ocrx_word' id='word_1_491' title='bbox 2576 2484 2895 2555; x_wconf 90' lang='lat' dir='ltr'>accipienti.</span> <span class='ocrx_word' id='word_1_492' title='bbox 2940 2488 3248 2557; x_wconf 88' lang='lat' dir='ltr'>Propterea</span> <span class='ocrx_word' id='word_1_493' title='bbox 3274 2488 3406 2558; x_wconf 90' lang='lat' dir='ltr'>quia</span> <span class='ocrx_word' id='word_1_494' title='bbox 3439 2490 3539 2543; x_wconf 83' lang='lat' dir='ltr'>ali-</span> 
     </span>
    </p>
   </div>
   <div class='ocr_carea' id='block_1_70' title="bbox 1908 2578 3539 2652">
    <p class='ocr_par' dir='ltr' id='par_1_70' title="bbox 1908 2578 3539 2652">
     <span class='ocr_line' id='line_1_70' title="bbox 1908 2578 3539 2652; baseline 0.002 -19"><span class='ocrx_word' id='word_1_495' title='bbox 1908 2578 2105 2651; x_wconf 87' lang='lat' dir='ltr'>quanti</span> <span class='ocrx_word' id='word_1_496' title='bbox 2135 2578 2331 2633; x_wconf 89' lang='lat' dir='ltr'>multis</span> <span class='ocrx_word' id='word_1_497' title='bbox 2360 2578 2669 2633; x_wconf 89' lang='lat' dir='ltr'>sceleribus</span> <span class='ocrx_word' id='word_1_498' title='bbox 2700 2578 2926 2633; x_wconf 82' lang='lat' dir='ltr'>obnoxii</span> <span class='ocrx_word' id='word_1_499' title='bbox 2955 2585 3150 2634; x_wconf 91' lang='lat' dir='ltr'>sancto</span> <span class='ocrx_word' id='word_1_500' title='bbox 3177 2580 3400 2652; x_wconf 89' lang='lat' dir='ltr'>indigni</span> <span class='ocrx_word' id='word_1_501' title='bbox 3429 2584 3539 2636; x_wconf 89' lang='lat' dir='ltr'>mi-</span> 
     </span>
    </p>
   </div>
   <div class='ocr_carea' id='block_1_71' title="bbox 1908 2670 3538 2731">
    <p class='ocr_par' dir='ltr' id='par_1_71' title="bbox 1908 2670 3538 2731">
     <span class='ocr_line' id='line_1_71' title="bbox 1908 2670 3538 2731; baseline 0.002 -4"><span class='ocrx_word' id='word_1_502' title='bbox 1908 2672 2207 2727; x_wconf 87' lang='lat' dir='ltr'>nistrantes</span> <span class='ocrx_word' id='word_1_503' title='bbox 2232 2672 2400 2727; x_wconf 90' lang='lat' dir='ltr'>altari</span> <span class='ocrx_word' id='word_1_504' title='bbox 2430 2688 2549 2726; x_wconf 91' lang='lat' dir='ltr'>non</span> <span class='ocrx_word' id='word_1_505' title='bbox 2578 2672 2687 2727; x_wconf 92' lang='lat' dir='ltr'>hoc</span> <span class='ocrx_word' id='word_1_506' title='bbox 2731 2670 3062 2727; x_wconf 88' lang='lat' dir='ltr'>testimonio</span> <span class='ocrx_word' id='word_1_507' title='bbox 3108 2673 3397 2729; x_wconf 89' lang='lat' dir='ltr'>honorum</span> <span class='ocrx_word' id='word_1_508' title='bbox 3442 2692 3538 2731; x_wconf 84' lang='lat' dir='ltr'>ac-</span> 
     </span>
    </p>
   </div>
   <div class='ocr_carea' id='block_1_72' title="bbox 1907 2766 3543 2840">
    <p class='ocr_par' dir='ltr' id='par_1_72' title="bbox 1907 2766 3543 2840">
     <span class='ocr_line' id='line_1_72' title="bbox 1907 2766 3543 2840; baseline 0.003 -19"><span class='ocrx_word' id='word_1_509' title='bbox 1907 2772 2090 2835; x_wconf 88' lang='lat' dir='ltr'>tuum,</span> <span class='ocrx_word' id='word_1_510' title='bbox 2119 2767 2219 2821; x_wconf 88' lang='lat' dir='ltr'>sed</span> <span class='ocrx_word' id='word_1_511' title='bbox 2263 2766 2587 2837; x_wconf 86' lang='lat' dir='ltr'>profusione</span> <span class='ocrx_word' id='word_1_512' title='bbox 2638 2782 2946 2821; x_wconf 88' lang='lat' dir='ltr'>munerum</span> <span class='ocrx_word' id='word_1_513' title='bbox 2995 2767 3276 2835; x_wconf 88' lang='lat' dir='ltr'>obtinent,</span> <span class='ocrx_word' id='word_1_514' title='bbox 3320 2775 3543 2840; x_wconf 86' lang='lat' dir='ltr'>oportet</span> 
     </span>
    </p>
   </div>
   <div class='ocr_carea' id='block_1_73' title="bbox 1912 2860 3543 2933">
    <p class='ocr_par' dir='ltr' id='par_1_73' title="bbox 1912 2860 3543 2933">
     <span class='ocr_line' id='line_1_73' title="bbox 1912 2860 3543 2933; baseline 0.003 -18"><span class='ocrx_word' id='word_1_515' title='bbox 1912 2878 2048 2931; x_wconf 89' lang='lat' dir='ltr'>ergo</span> <span class='ocrx_word' id='word_1_516' title='bbox 2066 2877 2179 2915; x_wconf 92' lang='lat' dir='ltr'>non</span> <span class='ocrx_word' id='word_1_517' title='bbox 2202 2878 2308 2932; x_wconf 90' lang='lat' dir='ltr'>per</span> <span class='ocrx_word' id='word_1_518' title='bbox 2332 2860 2579 2931; x_wconf 89' lang='lat' dir='ltr'>gratiam</span> <span class='ocrx_word' id='word_1_519' title='bbox 2602 2877 2938 2930; x_wconf 90' lang='lat' dir='ltr'>munerum,</span> <span class='ocrx_word' id='word_1_520' title='bbox 2967 2861 3065 2915; x_wconf 91' lang='lat' dir='ltr'>sed</span> <span class='ocrx_word' id='word_1_521' title='bbox 3083 2878 3188 2933; x_wconf 90' lang='lat' dir='ltr'>per</span> <span class='ocrx_word' id='word_1_522' title='bbox 3209 2861 3543 2933; x_wconf 89' lang='lat' dir='ltr'>diligentem</span> 
     </span>
    </p>
   </div>
   <div class='ocr_carea' id='block_1_74' title="bbox 1910 2954 3543 3025">
    <p class='ocr_par' dir='ltr' id='par_1_74' title="bbox 1910 2954 3543 3025">
     <span class='ocr_line' id='line_1_74' title="bbox 1910 2954 3543 3025; baseline 0.003 -18"><span class='ocrx_word' id='word_1_523' title='bbox 1910 2955 2065 3025; x_wconf 90' lang='lat' dir='ltr'>prius</span> <span class='ocrx_word' id='word_1_524' title='bbox 2107 2955 2536 3024; x_wconf 88' lang='lat' dir='ltr'>discussionem,</span> <span class='ocrx_word' id='word_1_525' title='bbox 2568 2954 2778 3009; x_wconf 90' lang='lat' dir='ltr'>deinde</span> <span class='ocrx_word' id='word_1_526' title='bbox 2809 2971 2912 3025; x_wconf 89' lang='lat' dir='ltr'>per</span> <span class='ocrx_word' id='word_1_527' title='bbox 2939 2956 3253 3010; x_wconf 87' lang='lat' dir='ltr'>multorum</span> <span class='ocrx_word' id='word_1_528' title='bbox 3284 2956 3543 3013; x_wconf 87' lang='lat' dir='ltr'>testimo-</span> 
     </span>
    </p>
   </div>
   <div class='ocr_carea' id='block_1_75' title="bbox 1912 3048 2643 3105">
    <p class='ocr_par' dir='ltr' id='par_1_75' title="bbox 1912 3048 2643 3105">
     <span class='ocr_line' id='line_1_75' title="bbox 1912 3048 2643 3105; baseline 0.005 -4"><span class='ocrx_word' id='word_1_529' title='bbox 1912 3048 2075 3103; x_wconf 90' lang='lat' dir='ltr'>nium</span> <span class='ocrx_word' id='word_1_530' title='bbox 2100 3049 2334 3104; x_wconf 90' lang='lat' dir='ltr'>clericos</span> <span class='ocrx_word' id='word_1_531' title='bbox 2360 3048 2643 3105; x_wconf 88' lang='lat' dir='ltr'>ordinare.</span> 
     </span>
    </p>
   </div>
   <div class='ocr_carea' id='block_1_76' title="bbox 1978 3141 3543 3213">
    <p class='ocr_par' dir='ltr' id='par_1_76' title="bbox 1978 3141 3543 3213">
     <span class='ocr_line' id='line_1_76' title="bbox 1978 3141 3543 3213; baseline 0.002 -15"><span class='ocrx_word' id='word_1_532' title='bbox 1978 3145 2063 3198; x_wconf 91' lang='lat' dir='ltr'>IV.</span> <span class='ocrx_word' id='word_1_533' title='bbox 2091 3143 2303 3197; x_wconf 90' lang='lat' dir='ltr'>Placuit</span> <span class='ocrx_word' id='word_1_534' title='bbox 2327 3147 2391 3198; x_wconf 93' lang='lat' dir='ltr'>ut</span> <span class='ocrx_word' id='word_1_535' title='bbox 2415 3143 2703 3197; x_wconf 89' lang='lat' dir='ltr'>modicum</span> <span class='ocrx_word' id='word_1_536' title='bbox 2731 3141 2966 3197; x_wconf 88' lang='lat' dir='ltr'>balsami</span> <span class='ocrx_word' id='word_1_537' title='bbox 2996 3144 3151 3213; x_wconf 88' lang='lat' dir='ltr'>quod</span> <span class='ocrx_word' id='word_1_538' title='bbox 3175 3144 3543 3201; x_wconf 89' lang='lat' dir='ltr'>benedictum</span> 
     </span>
    </p>
   </div>
   <div class='ocr_carea' id='block_1_77' title="bbox 1912 3236 3547 3311">
    <p class='ocr_par' dir='ltr' id='par_1_77' title="bbox 1912 3236 3547 3311">
     <span class='ocr_line' id='line_1_77' title="bbox 1912 3236 3547 3311; baseline 0.004 -21"><span class='ocrx_word' id='word_1_539' title='bbox 1912 3252 2013 3307; x_wconf 90' lang='lat' dir='ltr'>pro</span> <span class='ocrx_word' id='word_1_540' title='bbox 2047 3237 2317 3307; x_wconf 89' lang='lat' dir='ltr'>baptismi</span> <span class='ocrx_word' id='word_1_541' title='bbox 2349 3241 2709 3292; x_wconf 90' lang='lat' dir='ltr'>sacramento</span> <span class='ocrx_word' id='word_1_542' title='bbox 2756 3253 2857 3306; x_wconf 90' lang='lat' dir='ltr'>per</span> <span class='ocrx_word' id='word_1_543' title='bbox 2896 3236 3159 3292; x_wconf 88' lang='lat' dir='ltr'>ecclesias</span> <span class='ocrx_word' id='word_1_544' title='bbox 3191 3238 3380 3307; x_wconf 90' lang='lat' dir='ltr'>datur,</span> <span class='ocrx_word' id='word_1_545' title='bbox 3411 3240 3547 3311; x_wconf 86' lang='lat' dir='ltr'>quia</span> 
     </span>
    </p>
   </div>
   <div class='ocr_carea' id='block_1_78' title="bbox 1912 3329 3545 3402">
    <p class='ocr_par' dir='ltr' id='par_1_78' title="bbox 1912 3329 3545 3402">
     <span class='ocr_line' id='line_1_78' title="bbox 1912 3329 3545 3402; baseline 0.003 -19"><span class='ocrx_word' id='word_1_546' title='bbox 1912 3348 1945 3384; x_wconf 92' lang='lat' dir='ltr'>a</span> <span class='ocrx_word' id='word_1_547' title='bbox 1989 3330 2222 3401; x_wconf 87' lang='lat' dir='ltr'>singulis</span> <span class='ocrx_word' id='word_1_548' title='bbox 2276 3330 2563 3384; x_wconf 89' lang='lat' dir='ltr'>tremisses</span> <span class='ocrx_word' id='word_1_549' title='bbox 2619 3347 2722 3402; x_wconf 91' lang='lat' dir='ltr'>pro</span> <span class='ocrx_word' id='word_1_550' title='bbox 2782 3329 2904 3400; x_wconf 89' lang='lat' dir='ltr'>ipso</span> <span class='ocrx_word' id='word_1_551' title='bbox 2952 3331 3100 3402; x_wconf 88' lang='lat' dir='ltr'>exigi</span> <span class='ocrx_word' id='word_1_552' title='bbox 3154 3332 3359 3401; x_wconf 90' lang='lat' dir='ltr'>solent,</span> <span class='ocrx_word' id='word_1_553' title='bbox 3400 3334 3545 3389; x_wconf 88' lang='lat' dir='ltr'>nihil</span> 
     </span>
    </p>
   </div>
   <div class='ocr_carea' id='block_1_79' title="bbox 1913 3424 3542 3495">
    <p class='ocr_par' dir='ltr' id='par_1_79' title="bbox 1913 3424 3542 3495">
     <span class='ocr_line' id='line_1_79' title="bbox 1913 3424 3542 3495; baseline 0.004 -18"><span class='ocrx_word' id='word_1_554' title='bbox 1913 3424 2145 3478; x_wconf 89' lang='lat' dir='ltr'>ulterius</span> <span class='ocrx_word' id='word_1_555' title='bbox 2174 3424 2437 3493; x_wconf 82' lang='lat' dir='ltr'>exigatur</span> <span class='ocrx_word' id='word_1_556' title='bbox 2464 3441 2476 3478; x_wconf 93' lang='lat'>:</span> <span class='ocrx_word' id='word_1_557' title='bbox 2507 3440 2579 3478; x_wconf 90' lang='lat' dir='ltr'>ne</span> <span class='ocrx_word' id='word_1_558' title='bbox 2612 3425 2760 3477; x_wconf 86' lang='lat' dir='ltr'>forte</span> <span class='ocrx_word' id='word_1_559' title='bbox 2791 3424 2945 3494; x_wconf 90' lang='lat' dir='ltr'>quod</span> <span class='ocrx_word' id='word_1_560' title='bbox 2971 3442 3075 3495; x_wconf 91' lang='lat' dir='ltr'>pro</span> <span class='ocrx_word' id='word_1_561' title='bbox 3107 3425 3285 3481; x_wconf 88' lang='lat' dir='ltr'>salute</span> <span class='ocrx_word' id='word_1_562' title='bbox 3316 3427 3542 3483; x_wconf 89' lang='lat' dir='ltr'>anima-</span> 
     </span>
    </p>
   </div>
   <div class='ocr_carea' id='block_1_80' title="bbox 1911 3517 3542 3590">
    <p class='ocr_par' dir='ltr' id='par_1_80' title="bbox 1911 3517 3542 3590">
     <span class='ocr_line' id='line_1_80' title="bbox 1911 3517 3542 3590; baseline 0.002 -18"><span class='ocrx_word' id='word_1_563' title='bbox 1911 3535 2040 3572; x_wconf 90' lang='lat' dir='ltr'>rum</span> <span class='ocrx_word' id='word_1_564' title='bbox 2068 3534 2167 3587; x_wconf 85' lang='lat' dir='ltr'>per</span> <span class='ocrx_word' id='word_1_565' title='bbox 2194 3517 2617 3571; x_wconf 88' lang='lat' dir='ltr'>invocationem</span> <span class='ocrx_word' id='word_1_566' title='bbox 2661 3517 2840 3571; x_wconf 86' lang='lat' dir='ltr'>sancti</span> <span class='ocrx_word' id='word_1_567' title='bbox 2883 3517 3128 3588; x_wconf 90' lang='lat' dir='ltr'>Spiritus</span> <span class='ocrx_word' id='word_1_568' title='bbox 3163 3526 3542 3590; x_wconf 88' lang='lat' dir='ltr'>consecratur,</span> 
     </span>
    </p>
   </div>
   <div class='ocr_carea' id='block_1_81' title="bbox 1911 3610 3545 3683">
    <p class='ocr_par' dir='ltr' id='par_1_81' title="bbox 1911 3610 3545 3683">
     <span class='ocr_line' id='line_1_81' title="bbox 1911 3610 3545 3683; baseline 0.004 -18"><span class='ocrx_word' id='word_1_569' title='bbox 1911 3611 2054 3665; x_wconf 90' lang='lat' dir='ltr'>sicut</span> <span class='ocrx_word' id='word_1_570' title='bbox 2105 3611 2300 3666; x_wconf 92' lang='lat' dir='ltr'>Simon</span> <span class='ocrx_word' id='word_1_571' title='bbox 2364 3627 2567 3681; x_wconf 86' lang='lat' dir='ltr'>magus</span> <span class='ocrx_word' id='word_1_572' title='bbox 2626 3610 2842 3665; x_wconf 87' lang='lat' dir='ltr'>donum</span> <span class='ocrx_word' id='word_1_573' title='bbox 2903 3612 3001 3666; x_wconf 89' lang='lat' dir='ltr'>Dei</span> <span class='ocrx_word' id='word_1_574' title='bbox 3067 3614 3308 3683; x_wconf 85' lang='lat' dir='ltr'>pecunia</span> <span class='ocrx_word' id='word_1_575' title='bbox 3361 3615 3545 3671; x_wconf 90' lang='lat' dir='ltr'>voluit</span> 
     </span>
    </p>
   </div>
   <div class='ocr_carea' id='block_1_82' title="bbox 1913 3703 3548 3775">
    <p class='ocr_par' dir='ltr' id='par_1_82' title="bbox 1913 3703 3548 3775">
     <span class='ocr_line' id='line_1_82' title="bbox 1913 3703 3548 3775; baseline 0.002 -16"><span class='ocrx_word' id='word_1_576' title='bbox 1913 3704 2124 3775; x_wconf 86' lang='lat' dir='ltr'>emere,</span> <span class='ocrx_word' id='word_1_577' title='bbox 2170 3703 2247 3758; x_wconf 84' lang='lat' dir='ltr'>ita</span> <span class='ocrx_word' id='word_1_578' title='bbox 2299 3721 2401 3758; x_wconf 92' lang='lat' dir='ltr'>nos</span> <span class='ocrx_word' id='word_1_579' title='bbox 2446 3704 2839 3759; x_wconf 89' lang='lat' dir='ltr'>venundantes</span> <span class='ocrx_word' id='word_1_580' title='bbox 2894 3704 3290 3762; x_wconf 87' lang='lat' dir='ltr'>damnabiliter</span> <span class='ocrx_word' id='word_1_581' title='bbox 3334 3725 3548 3763; x_wconf 86' lang='lat' dir='ltr'>venun-</span> 
     </span>
    </p>
   </div>
   <div class='ocr_carea' id='block_1_83' title="bbox 1914 3800 2139 3854">
    <p class='ocr_par' dir='ltr' id='par_1_83' title="bbox 1914 3800 2139 3854">
     <span class='ocr_line' id='line_1_83' title="bbox 1914 3800 2139 3854; baseline 0 0"><span class='ocrx_word' id='word_1_582' title='bbox 1914 3800 2139 3854; x_wconf 91' lang='lat' dir='ltr'>demur.</span> 
     </span>
    </p>
   </div>
   <div class='ocr_carea' id='block_1_84' title="bbox 1984 3891 3541 3965">
    <p class='ocr_par' dir='ltr' id='par_1_84' title="bbox 1984 3891 3541 3965">
     <span class='ocr_line' id='line_1_84' title="bbox 1984 3891 3541 3965; baseline 0.004 -18"><span class='ocrx_word' id='word_1_583' title='bbox 1984 3895 2043 3948; x_wconf 91' lang='lat' dir='ltr'>V.</span> <span class='ocrx_word' id='word_1_584' title='bbox 2093 3893 2307 3948; x_wconf 85' lang='lat' dir='ltr'>Placuit</span> <span class='ocrx_word' id='word_1_585' title='bbox 2350 3895 2415 3947; x_wconf 91' lang='lat' dir='ltr'>ut</span> <span class='ocrx_word' id='word_1_586' title='bbox 2468 3891 2732 3964; x_wconf 87' lang='lat' dir='ltr'>quotiens</span> <span class='ocrx_word' id='word_1_587' title='bbox 2781 3892 2854 3947; x_wconf 89' lang='lat' dir='ltr'>ab</span> <span class='ocrx_word' id='word_1_588' title='bbox 2906 3893 3099 3965; x_wconf 88' lang='lat' dir='ltr'>aliquo</span> <span class='ocrx_word' id='word_1_589' title='bbox 3154 3895 3410 3952; x_wconf 76' lang='lat' dir='ltr'>fidelium</span> <span class='ocrx_word' id='word_1_590' title='bbox 3466 3897 3541 3953; x_wconf 89' lang='lat' dir='ltr'>ad</span> 
     </span>
    </p>
   </div>
   <div class='ocr_carea' id='block_1_85' title="bbox 1913 3986 3548 4060">
    <p class='ocr_par' dir='ltr' id='par_1_85' title="bbox 1913 3986 3548 4060">
     <span class='ocr_line' id='line_1_85' title="bbox 1913 3986 3548 4060; baseline 0.003 -17"><span class='ocrx_word' id='word_1_591' title='bbox 1913 3987 2330 4044; x_wconf 89' lang='lat' dir='ltr'>consecrandas</span> <span class='ocrx_word' id='word_1_592' title='bbox 2390 3986 2649 4041; x_wconf 88' lang='lat' dir='ltr'>ecclesias</span> <span class='ocrx_word' id='word_1_593' title='bbox 2711 3986 2961 4058; x_wconf 88' lang='lat' dir='ltr'>episcopi</span> <span class='ocrx_word' id='word_1_594' title='bbox 3029 3987 3361 4060; x_wconf 85' lang='lat' dir='ltr'>invitantur,</span> <span class='ocrx_word' id='word_1_595' title='bbox 3430 4008 3548 4049; x_wconf 89' lang='lat' dir='ltr'>non</span> 
     </span>
    </p>
   </div>
   <div class='ocr_carea' id='block_1_86' title="bbox 1913 4080 3546 4157">
    <p class='ocr_par' dir='ltr' id='par_1_86' title="bbox 1913 4080 3546 4157">
     <span class='ocr_line' id='line_1_86' title="bbox 1913 4080 3546 4157; baseline 0.002 -20"><span class='ocrx_word' id='word_1_596' title='bbox 1913 4082 2075 4154; x_wconf 90' lang='lat' dir='ltr'>quasi</span> <span class='ocrx_word' id='word_1_597' title='bbox 2104 4098 2170 4136; x_wconf 87' lang='lat' dir='ltr'>ex</span> <span class='ocrx_word' id='word_1_598' title='bbox 2197 4081 2391 4135; x_wconf 90' lang='lat' dir='ltr'>debito</span> <span class='ocrx_word' id='word_1_599' title='bbox 2419 4096 2630 4135; x_wconf 91' lang='lat' dir='ltr'>munus</span> <span class='ocrx_word' id='word_1_600' title='bbox 2673 4080 2905 4152; x_wconf 90' lang='lat' dir='ltr'>aliquod</span> <span class='ocrx_word' id='word_1_601' title='bbox 2933 4098 2967 4136; x_wconf 88' lang='lat' dir='ltr'>a</span> <span class='ocrx_word' id='word_1_602' title='bbox 3005 4082 3308 4138; x_wconf 88' lang='lat' dir='ltr'>fundatore</span> <span class='ocrx_word' id='word_1_603' title='bbox 3351 4086 3546 4157; x_wconf 83' lang='lat' dir='ltr'>requi-</span> 
     </span>
    </p>
   </div>
   <div class='ocr_carea' id='block_1_87' title="bbox 1913 4174 3546 4246">
    <p class='ocr_par' dir='ltr' id='par_1_87' title="bbox 1913 4174 3546 4246">
     <span class='ocr_line' id='line_1_87' title="bbox 1913 4174 3546 4246; baseline 0.002 -14"><span class='ocrx_word' id='word_1_604' title='bbox 1913 4179 2064 4244; x_wconf 88' lang='lat' dir='ltr'>rant,</span> <span class='ocrx_word' id='word_1_605' title='bbox 2090 4176 2185 4230; x_wconf 91' lang='lat' dir='ltr'>sed</span> <span class='ocrx_word' id='word_1_606' title='bbox 2213 4175 2260 4228; x_wconf 91' lang='lat' dir='ltr'>si</span> <span class='ocrx_word' id='word_1_607' title='bbox 2286 4175 2404 4245; x_wconf 92' lang='lat' dir='ltr'>ipse</span> <span class='ocrx_word' id='word_1_608' title='bbox 2430 4174 2668 4245; x_wconf 90' lang='lat' dir='ltr'>quidem</span> <span class='ocrx_word' id='word_1_609' title='bbox 2696 4174 2913 4246; x_wconf 91' lang='lat' dir='ltr'>aliquid</span> <span class='ocrx_word' id='word_1_610' title='bbox 2943 4176 3012 4230; x_wconf 74' lang='lat' dir='ltr'>e’x</span> <span class='ocrx_word' id='word_1_611' title='bbox 3039 4193 3141 4232; x_wconf 90' lang='lat' dir='ltr'>suo</span> <span class='ocrx_word' id='word_1_612' title='bbox 3167 4183 3294 4233; x_wconf 91' lang='lat' dir='ltr'>voto</span> <span class='ocrx_word' id='word_1_613' title='bbox 3324 4179 3546 4235; x_wconf 52' lang='lat' dir='ltr'>obtule‘</span> 
     </span>
    </p>
   </div>
   <div class='ocr_carea' id='block_1_88' title="bbox 1914 4268 3551 4342">
    <p class='ocr_par' dir='ltr' id='par_1_88' title="bbox 1914 4268 3551 4342">
     <span class='ocr_line' id='line_1_88' title="bbox 1914 4268 3551 4342; baseline 0.002 -17"><span class='ocrx_word' id='word_1_614' title='bbox 1914 4271 2007 4339; x_wconf 88' lang='lat' dir='ltr'>rit,</span> <span class='ocrx_word' id='word_1_615' title='bbox 2035 4286 2154 4324; x_wconf 91' lang='lat' dir='ltr'>non</span> <span class='ocrx_word' id='word_1_616' title='bbox 2178 4271 2500 4339; x_wconf 89' lang='lat' dir='ltr'>respuatur.</span> <span class='ocrx_word' id='word_1_617' title='bbox 2529 4268 2583 4323; x_wconf 89' lang='lat' dir='ltr'>Si</span> <span class='ocrx_word' id='word_1_618' title='bbox 2612 4284 2745 4322; x_wconf 89' lang='lat' dir='ltr'>vero</span> <span class='ocrx_word' id='word_1_619' title='bbox 2779 4272 2877 4323; x_wconf 90' lang='lat' dir='ltr'>aut</span> <span class='ocrx_word' id='word_1_620' title='bbox 2909 4274 3210 4341; x_wconf 89' lang='lat' dir='ltr'>paupertas</span> <span class='ocrx_word' id='word_1_621' title='bbox 3237 4271 3421 4342; x_wconf 91' lang='lat' dir='ltr'>illum,</span> <span class='ocrx_word' id='word_1_622' title='bbox 3450 4277 3551 4329; x_wconf 86' lang='lat' dir='ltr'>aut</span> 
     </span>
    </p>
   </div>
   <div class='ocr_carea' id='block_1_89' title="bbox 1914 4360 3549 4431">
    <p class='ocr_par' dir='ltr' id='par_1_89' title="bbox 1914 4360 3549 4431">
     <span class='ocr_line' id='line_1_89' title="bbox 1914 4360 3549 4431; baseline 0.003 -13"><span class='ocrx_word' id='word_1_623' title='bbox 1914 4362 2218 4419; x_wconf 90' lang='lat' dir='ltr'>necessitas</span> <span class='ocrx_word' id='word_1_624' title='bbox 2260 4361 2485 4428; x_wconf 90' lang='lat' dir='ltr'>retinet,</span> <span class='ocrx_word' id='word_1_625' title='bbox 2523 4360 2667 4415; x_wconf 91' lang='lat' dir='ltr'>nihil</span> <span class='ocrx_word' id='word_1_626' title='bbox 2714 4361 2977 4431; x_wconf 86' lang='lat' dir='ltr'>exigatur</span> <span class='ocrx_word' id='word_1_627' title='bbox 3007 4363 3077 4416; x_wconf 90' lang='lat' dir='ltr'>ab</span> <span class='ocrx_word' id='word_1_628' title='bbox 3122 4363 3236 4419; x_wconf 91' lang='lat' dir='ltr'>illo.</span> <span class='ocrx_word' id='word_1_629' title='bbox 3284 4369 3549 4424; x_wconf 85' lang='lat' dir='ltr'>Attamen</span> 
     </span>
    </p>
   </div>
   <div class='ocr_carea' id='block_1_90' title="bbox 1918 4454 3548 4530">
    <p class='ocr_par' dir='ltr' id='par_1_90' title="bbox 1918 4454 3548 4530">
     <span class='ocr_line' id='line_1_90' title="bbox 1918 4454 3548 4530; baseline 0.002 -18"><span class='ocrx_word' id='word_1_630' title='bbox 1918 4456 2302 4528; x_wconf 89' lang='lat' dir='ltr'>unusquisque</span> <span class='ocrx_word' id='word_1_631' title='bbox 2329 4454 2726 4525; x_wconf 90' lang='lat' dir='ltr'>episcoporum</span> <span class='ocrx_word' id='word_1_632' title='bbox 2774 4454 3123 4524; x_wconf 89' lang='lat' dir='ltr'>meminerit,</span> <span class='ocrx_word' id='word_1_633' title='bbox 3157 4462 3221 4512; x_wconf 84' lang='lat' dir='ltr'>ut</span> <span class='ocrx_word' id='word_1_634' title='bbox 3244 4475 3364 4514; x_wconf 92' lang='lat' dir='ltr'>non</span> <span class='ocrx_word' id='word_1_635' title='bbox 3392 4461 3548 4530; x_wconf 88' lang='lat' dir='ltr'>prius</span> 
     </span>
    </p>
   </div>
   <div class='ocr_carea' id='block_1_91' title="bbox 184 4547 3549 4633">
    <p class='ocr_par' dir='ltr' id='par_1_91' title="bbox 184 4547 3549 4633">
     <span class='ocr_line' id='line_1_91' title="bbox 184 4547 3549 4633; baseline 0.001 -27"><span class='ocrx_word' id='word_1_636' title='bbox 184 4556 247 4607; x_wconf 90' lang='lat' dir='ltr'>ut</span> <span class='ocrx_word' id='word_1_637' title='bbox 269 4568 371 4623; x_wconf 81' lang='lat' dir='ltr'>per</span> <span class='ocrx_word' id='word_1_638' title='bbox 409 4551 665 4623; x_wconf 88' lang='lat' dir='ltr'>singulas</span> <span class='ocrx_word' id='word_1_639' title='bbox 707 4553 964 4609; x_wconf 88' lang='lat' dir='ltr'>ecclesias</span> <span class='ocrx_word' id='word_1_640' title='bbox 1004 4555 1275 4627; x_wconf 90' lang='lat' dir='ltr'>episcopi,</span> <span class='ocrx_word' id='word_1_641' title='bbox 1306 4562 1362 4612; x_wconf 90' lang='lat' dir='ltr'>et</span> <span class='ocrx_word' id='word_1_642' title='bbox 1406 4574 1511 4627; x_wconf 92' lang='lat' dir='ltr'>per</span> <span class='ocrx_word' id='word_1_643' title='bbox 1551 4557 1892 4633; x_wconf 85' lang='lat' dir='ltr'>dioecesesD</span> <span class='ocrx_word' id='word_1_644' title='bbox 1917 4550 2138 4606; x_wconf 88' lang='lat' dir='ltr'>dedicet</span> <span class='ocrx_word' id='word_1_645' title='bbox 2166 4548 2480 4615; x_wconf 90' lang='lat' dir='ltr'>ecclesiam,</span> <span class='ocrx_word' id='word_1_646' title='bbox 2510 4547 2619 4601; x_wconf 90' lang='lat' dir='ltr'>nisi</span> <span class='ocrx_word' id='word_1_647' title='bbox 2647 4550 2813 4603; x_wconf 88' lang='lat' dir='ltr'>antea</span> <span class='ocrx_word' id='word_1_648' title='bbox 2857 4548 3052 4604; x_wconf 89' lang='lat' dir='ltr'>dotem</span> <span class='ocrx_word' id='word_1_649' title='bbox 3096 4549 3346 4606; x_wconf 89' lang='lat' dir='ltr'>basilicae</span> <span class='ocrx_word' id='word_1_650' title='bbox 3374 4558 3429 4608; x_wconf 89' lang='lat' dir='ltr'>et</span> <span class='ocrx_word' id='word_1_651' title='bbox 3455 4554 3549 4609; x_wconf 83' lang='lat' dir='ltr'>ob-</span> 
     </span>
    </p>
   </div>
   <div class='ocr_carea' id='block_1_92' title="bbox 187 4645 1818 4722">
    <p class='ocr_par' dir='ltr' id='par_1_92' title="bbox 187 4645 1818 4722">
     <span class='ocr_line' id='line_1_92' title="bbox 187 4645 1818 4722; baseline 0.002 -22"><span class='ocrx_word' id='word_1_652' title='bbox 187 4645 546 4702; x_wconf 86' lang='lat' dir='ltr'>ambulantes</span> <span class='ocrx_word' id='word_1_653' title='bbox 592 4647 846 4719; x_wconf 89' lang='lat' dir='ltr'>primum</span> <span class='ocrx_word' id='word_1_654' title='bbox 900 4649 1205 4705; x_wconf 89' lang='lat' dir='ltr'>discutiant</span> <span class='ocrx_word' id='word_1_655' title='bbox 1248 4650 1496 4720; x_wconf 91' lang='lat' dir='ltr'>clericos,</span> <span class='ocrx_word' id='word_1_656' title='bbox 1532 4651 1818 4722; x_wconf 92' lang='lat' dir='ltr'>quomodo</span> 
     </span>
    </p>
   </div>
   <div class='ocr_carea' id='block_1_93' title="bbox 188 4740 1820 4816">
    <p class='ocr_par' dir='ltr' id='par_1_93' title="bbox 188 4740 1820 4816">
     <span class='ocr_line' id='line_1_93' title="bbox 188 4740 1820 4816; baseline 0.004 -24"><span class='ocrx_word' id='word_1_657' title='bbox 188 4740 446 4795; x_wconf 91' lang='lat' dir='ltr'>ordinem</span> <span class='ocrx_word' id='word_1_658' title='bbox 497 4740 763 4808; x_wconf 89' lang='lat' dir='ltr'>baptismi</span> <span class='ocrx_word' id='word_1_659' title='bbox 812 4747 1063 4813; x_wconf 88' lang='lat' dir='ltr'>teneant,</span> <span class='ocrx_word' id='word_1_660' title='bbox 1094 4746 1177 4800; x_wconf 92' lang='lat' dir='ltr'>vel</span> <span class='ocrx_word' id='word_1_661' title='bbox 1225 4744 1530 4799; x_wconf 90' lang='lat' dir='ltr'>missarum</span> <span class='ocrx_word' id='word_1_662' title='bbox 1576 4744 1820 4816; x_wconf 91' lang='lat' dir='ltr'>qualiter</span> 
     </span>
    </p>
   </div>
   <div class='ocr_carea' id='block_1_94' title="bbox 188 4833 1822 4909">
    <p class='ocr_par' dir='ltr' id='par_1_94' title="bbox 188 4833 1822 4909">
     <span class='ocr_line' id='line_1_94' title="bbox 188 4833 1822 4909; baseline 0.004 -23"><span class='ocrx_word' id='word_1_663' title='bbox 188 4833 368 4889; x_wconf 87' lang='lat' dir='ltr'>officia</span> <span class='ocrx_word' id='word_1_664' title='bbox 399 4834 460 4888; x_wconf 92' lang='lat' dir='ltr'>in</span> <span class='ocrx_word' id='word_1_665' title='bbox 492 4835 724 4890; x_wconf 88' lang='lat' dir='ltr'>ecclesia</span> <span class='ocrx_word' id='word_1_666' title='bbox 748 4840 1040 4908; x_wconf 87' lang='lat' dir='ltr'>peragant,</span> <span class='ocrx_word' id='word_1_667' title='bbox 1070 4843 1128 4893; x_wconf 91' lang='lat' dir='ltr'>et</span> <span class='ocrx_word' id='word_1_668' title='bbox 1153 4838 1198 4892; x_wconf 88' lang='lat' dir='ltr'>si</span> <span class='ocrx_word' id='word_1_669' title='bbox 1227 4842 1380 4893; x_wconf 88' lang='lat' dir='ltr'>recte</span> <span class='ocrx_word' id='word_1_670' title='bbox 1410 4838 1642 4909; x_wconf 90' lang='lat' dir='ltr'>quidem</span> <span class='ocrx_word' id='word_1_671' title='bbox 1670 4837 1822 4893; x_wconf 87' lang='lat' dir='ltr'>inve-</span> 
     </span>
    </p>
   </div>
   <div class='ocr_carea' id='block_1_95' title="bbox 191 4928 1817 5002">
    <p class='ocr_par' dir='ltr' id='par_1_95' title="bbox 191 4928 1817 5002">
     <span class='ocr_line' id='line_1_95' title="bbox 191 4928 1817 5002; baseline 0.004 -21"><span class='ocrx_word' id='word_1_672' title='bbox 191 4928 401 4996; x_wconf 89' lang='lat' dir='ltr'>nerint,</span> <span class='ocrx_word' id='word_1_673' title='bbox 431 4928 547 4983; x_wconf 92' lang='lat' dir='ltr'>Deo</span> <span class='ocrx_word' id='word_1_674' title='bbox 577 4929 809 5000; x_wconf 87' lang='lat' dir='ltr'>gratias,</span> <span class='ocrx_word' id='word_1_675' title='bbox 838 4930 928 4985; x_wconf 90' lang='lat' dir='ltr'>sin</span> <span class='ocrx_word' id='word_1_676' title='bbox 958 4936 1151 4987; x_wconf 91' lang='lat' dir='ltr'>autem</span> <span class='ocrx_word' id='word_1_677' title='bbox 1179 4933 1439 5002; x_wconf 89' lang='lat' dir='ltr'>minime,</span> <span class='ocrx_word' id='word_1_678' title='bbox 1469 4934 1674 4987; x_wconf 90' lang='lat' dir='ltr'>docere</span> <span class='ocrx_word' id='word_1_679' title='bbox 1719 4933 1817 4987; x_wconf 91' lang='lat' dir='ltr'>de-</span> 
     </span>
    </p>
   </div>
   <div class='ocr_carea' id='block_1_96' title="bbox 190 5020 1823 5098">
    <p class='ocr_par' dir='ltr' id='par_1_96' title="bbox 190 5020 1823 5098">
     <span class='ocr_line' id='line_1_96' title="bbox 190 5020 1823 5098; baseline 0.004 -23"><span class='ocrx_word' id='word_1_680' title='bbox 190 5020 323 5077; x_wconf 90' lang='lat' dir='ltr'>bent</span> <span class='ocrx_word' id='word_1_681' title='bbox 348 5022 606 5093; x_wconf 87' lang='lat' dir='ltr'>ignaros.</span> <span class='ocrx_word' id='word_1_682' title='bbox 639 5025 708 5077; x_wconf 90' lang='lat' dir='ltr'>Et</span> <span class='ocrx_word' id='word_1_683' title='bbox 731 5024 838 5078; x_wconf 92' lang='lat' dir='ltr'>hoc</span> <span class='ocrx_word' id='word_1_684' title='bbox 860 5025 1046 5080; x_wconf 90' lang='lat' dir='ltr'>modis</span> <span class='ocrx_word' id='word_1_685' title='bbox 1069 5026 1337 5081; x_wconf 90' lang='lat' dir='ltr'>omnibus</span> <span class='ocrx_word' id='word_1_686' title='bbox 1362 5026 1650 5098; x_wconf 88' lang='lat' dir='ltr'>praecipite</span> <span class='ocrx_word' id='word_1_687' title='bbox 1677 5025 1823 5081; x_wconf 87' lang='lat' dir='ltr'>sicut</span> 
     </span>
    </p>
   </div>
   <div class='ocr_carea' id='block_1_97' title="bbox 191 5116 1821 5191">
    <p class='ocr_par' dir='ltr' id='par_1_97' title="bbox 191 5116 1821 5191">
     <span class='ocr_line' id='line_1_97' title="bbox 191 5116 1821 5191; baseline 0.002 -22"><span class='ocrx_word' id='word_1_688' title='bbox 191 5116 409 5187; x_wconf 89' lang='lat' dir='ltr'>antiqui</span> <span class='ocrx_word' id='word_1_689' title='bbox 434 5132 684 5172; x_wconf 91' lang='lat' dir='ltr'>canones</span> <span class='ocrx_word' id='word_1_690' title='bbox 700 5117 926 5188; x_wconf 88' lang='lat' dir='ltr'>jubent,</span> <span class='ocrx_word' id='word_1_691' title='bbox 949 5125 1012 5176; x_wconf 87' lang='lat' dir='ltr'>ut</span> <span class='ocrx_word' id='word_1_692' title='bbox 1036 5125 1167 5175; x_wconf 89' lang='lat' dir='ltr'>ante</span> <span class='ocrx_word' id='word_1_693' title='bbox 1188 5120 1309 5176; x_wconf 90' lang='lat' dir='ltr'>dies</span> <span class='ocrx_word' id='word_1_694' title='bbox 1332 5120 1533 5191; x_wconf 88' lang='lat' dir='ltr'>viginti</span> <span class='ocrx_word' id='word_1_695' title='bbox 1558 5119 1821 5191; x_wconf 87' lang='lat' dir='ltr'>baptismi</span> 
     </span>
    </p>
   </div>
   <div class='ocr_carea' id='block_1_98' title="bbox 192 5209 1820 5283">
    <p class='ocr_par' dir='ltr' id='par_1_98' title="bbox 192 5209 1820 5283">
     <span class='ocr_line' id='line_1_98' title="bbox 192 5209 1820 5283; baseline 0.003 -20"><span class='ocrx_word' id='word_1_696' title='bbox 192 5209 257 5263; x_wconf 89' lang='lat' dir='ltr'>ad</span> <span class='ocrx_word' id='word_1_697' title='bbox 282 5210 686 5281; x_wconf 89' lang='lat' dir='ltr'>purgationem</span> <span class='ocrx_word' id='word_1_698' title='bbox 715 5213 1008 5267; x_wconf 89' lang='lat' dir='ltr'>exorcismi</span> <span class='ocrx_word' id='word_1_699' title='bbox 1033 5219 1376 5269; x_wconf 88' lang='lat' dir='ltr'>concurrant</span> <span class='ocrx_word' id='word_1_700' title='bbox 1410 5214 1820 5283; x_wconf 90' lang='lat' dir='ltr'>catechumeni,</span> 
     </span>
    </p>
   </div>
   <div class='ocr_carea' id='block_1_99' title="bbox 192 5301 1825 5380">
    <p class='ocr_par' dir='ltr' id='par_1_99' title="bbox 192 5301 1825 5380">
     <span class='ocr_line' id='line_1_99' title="bbox 192 5301 1825 5380; baseline 0.003 -23"><span class='ocrx_word' id='word_1_701' title='bbox 192 5301 249 5380; x_wconf 78' lang='lat' dir='ltr'>in</span> <span class='ocrx_word' id='word_1_702' title='bbox 268 5304 482 5377; x_wconf 85' lang='lat' dir='ltr'>quibus</span> <span class='ocrx_word' id='word_1_703' title='bbox 511 5304 712 5376; x_wconf 86' lang='lat' dir='ltr'>viginti</span> <span class='ocrx_word' id='word_1_704' title='bbox 740 5306 939 5362; x_wconf 88' lang='lat' dir='ltr'>diebus</span> <span class='ocrx_word' id='word_1_705' title='bbox 963 5324 1162 5362; x_wconf 88' lang='lat' dir='ltr'>omnes</span> <span class='ocrx_word' id='word_1_706' title='bbox 1185 5308 1575 5364; x_wconf 90' lang='lat' dir='ltr'>catechumeni</span> <span class='ocrx_word' id='word_1_707' title='bbox 1604 5308 1825 5379; x_wconf 85' lang='lat' dir='ltr'>symbo-</span> 
     </span>
    </p>
   </div>
   <div class='ocr_carea' id='block_1_100' title="bbox 191 5398 1818 5472">
    <p class='ocr_par' dir='ltr' id='par_1_100' title="bbox 191 5398 1818 5472">
     <span class='ocr_line' id='line_1_100' title="bbox 191 5398 1818 5472; baseline 0.002 -19"><span class='ocrx_word' id='word_1_708' title='bbox 191 5399 305 5453; x_wconf 91' lang='lat' dir='ltr'>lum</span> <span class='ocrx_word' id='word_1_709' title='bbox 328 5398 486 5471; x_wconf 93' lang='lat' dir='ltr'>quod</span> <span class='ocrx_word' id='word_1_710' title='bbox 514 5402 598 5455; x_wconf 91' lang='lat' dir='ltr'>est</span> <span class='ocrx_word' id='word_1_711' title='bbox 628 5416 640 5454; x_wconf 94' lang='lat'>:</span> <span class='ocrx_word' id='word_1_712' title='bbox 670 5400 853 5456; x_wconf 84' lang='lat' dir='ltr'>Credo</span> <span class='ocrx_word' id='word_1_713' title='bbox 884 5401 944 5456; x_wconf 92' lang='lat' dir='ltr'>in</span> <span class='ocrx_word' id='word_1_714' title='bbox 969 5403 1149 5457; x_wconf 90' lang='lat' dir='ltr'>Deum</span> <span class='ocrx_word' id='word_1_715' title='bbox 1192 5404 1417 5458; x_wconf 88' lang='lat' dir='ltr'>Patrem</span> <span class='ocrx_word' id='word_1_716' title='bbox 1457 5402 1818 5472; x_wconf 89' lang='lat' dir='ltr'>omnipoten-</span> 
     </span>
    </p>
   </div>
   <div class='ocr_carea' id='block_1_101' title="bbox 192 5494 1825 5569">
    <p class='ocr_par' dir='ltr' id='par_1_101' title="bbox 192 5494 1825 5569">
     <span class='ocr_line' id='line_1_101' title="bbox 192 5494 1825 5569; baseline 0.001 -22"><span class='ocrx_word' id='word_1_717' title='bbox 192 5496 323 5562; x_wconf 89' lang='lat' dir='ltr'>tem,</span> <span class='ocrx_word' id='word_1_718' title='bbox 352 5494 676 5566; x_wconf 88' lang='lat' dir='ltr'>specialiter</span> <span class='ocrx_word' id='word_1_719' title='bbox 703 5494 1032 5551; x_wconf 88' lang='lat' dir='ltr'>doceantur.</span> <span class='ocrx_word' id='word_1_720' title='bbox 1061 5498 1367 5569; x_wconf 86' lang='lat' dir='ltr'>Postquam</span> <span class='ocrx_word' id='word_1_721' title='bbox 1392 5513 1530 5569; x_wconf 87' lang='lat' dir='ltr'>ergo</span> <span class='ocrx_word' id='word_1_722' title='bbox 1557 5497 1678 5551; x_wconf 63' lang='lat' dir='ltr'>haec</span> <span class='ocrx_word' id='word_1_723' title='bbox 1708 5496 1825 5551; x_wconf 89' lang='lat' dir='ltr'>suis</span> 
     </span>
    </p>
   </div>
   <div class='ocr_carea' id='block_1_102' title="bbox 193 5587 1826 5664">
    <p class='ocr_par' dir='ltr' id='par_1_102' title="bbox 193 5587 1826 5664">
     <span class='ocr_line' id='line_1_102' title="bbox 193 5587 1826 5664; baseline -0.001 -18"><span class='ocrx_word' id='word_1_724' title='bbox 193 5588 402 5646; x_wconf 87' lang='lat' dir='ltr'>clericis</span> <span class='ocrx_word' id='word_1_725' title='bbox 434 5587 824 5657; x_wconf 88' lang='lat' dir='ltr'>discusserint,</span> <span class='ocrx_word' id='word_1_726' title='bbox 856 5592 946 5645; x_wconf 91' lang='lat' dir='ltr'>vel</span> <span class='ocrx_word' id='word_1_727' title='bbox 970 5590 1273 5648; x_wconf 88' lang='lat' dir='ltr'>docuerint</span> <span class='ocrx_word' id='word_1_728' title='bbox 1301 5591 1571 5664; x_wconf 91' lang='lat' dir='ltr'>episcopi,</span> <span class='ocrx_word' id='word_1_729' title='bbox 1601 5589 1717 5645; x_wconf 91' lang='lat' dir='ltr'>alia</span> <span class='ocrx_word' id='word_1_730' title='bbox 1734 5589 1826 5645; x_wconf 92' lang='lat' dir='ltr'>die</span> 
     </span>
    </p>
   </div>
   <div class='ocr_carea' id='block_1_103' title="bbox 194 5682 1828 5754">
    <p class='ocr_par' dir='ltr' id='par_1_103' title="bbox 194 5682 1828 5754">
     <span class='ocr_line' id='line_1_103' title="bbox 194 5682 1828 5754; baseline 0.004 -20"><span class='ocrx_word' id='word_1_731' title='bbox 194 5686 498 5737; x_wconf 91' lang='lat' dir='ltr'>convocata</span> <span class='ocrx_word' id='word_1_732' title='bbox 526 5682 693 5754; x_wconf 90' lang='lat' dir='ltr'>plebe</span> <span class='ocrx_word' id='word_1_733' title='bbox 723 5682 897 5754; x_wconf 90' lang='lat' dir='ltr'>ipsius</span> <span class='ocrx_word' id='word_1_734' title='bbox 929 5684 1178 5740; x_wconf 71' lang='lat' dir='ltr'>ecclesia:</span> <span class='ocrx_word' id='word_1_735' title='bbox 1213 5686 1454 5741; x_wconf 91' lang='lat' dir='ltr'>doceant</span> <span class='ocrx_word' id='word_1_736' title='bbox 1478 5685 1623 5753; x_wconf 88' lang='lat' dir='ltr'>illos,</span> <span class='ocrx_word' id='word_1_737' title='bbox 1654 5688 1718 5740; x_wconf 77' lang='lat' dir='ltr'>ut</span> <span class='ocrx_word' id='word_1_738' title='bbox 1744 5699 1828 5740; x_wconf 79' lang='lat' dir='ltr'>er-</span> 
     </span>
    </p>
   </div>
   <div class='ocr_carea' id='block_1_104' title="bbox 196 5776 1825 5849">
    <p class='ocr_par' dir='ltr' id='par_1_104' title="bbox 196 5776 1825 5849">
     <span class='ocr_line' id='line_1_104' title="bbox 196 5776 1825 5849; baseline 0.002 -20"><span class='ocrx_word' id='word_1_739' title='bbox 196 5791 345 5832; x_wconf 87' lang='lat' dir='ltr'>rores</span> <span class='ocrx_word' id='word_1_740' title='bbox 372 5776 603 5849; x_wconf 87' lang='lat' dir='ltr'>fugiant</span> <span class='ocrx_word' id='word_1_741' title='bbox 627 5776 927 5847; x_wconf 91' lang='lat' dir='ltr'>idolorum,</span> <span class='ocrx_word' id='word_1_742' title='bbox 955 5779 1045 5837; x_wconf 89' lang='lat' dir='ltr'>vel</span> <span class='ocrx_word' id='word_1_743' title='bbox 1082 5778 1307 5839; x_wconf 79' lang='lat' dir='ltr'>diversa</span> <span class='ocrx_word' id='word_1_744' title='bbox 1346 5778 1608 5846; x_wconf 84' lang='lat' dir='ltr'>crimina,</span> <span class='ocrx_word' id='word_1_745' title='bbox 1635 5777 1695 5834; x_wconf 91' lang='lat' dir='ltr'>id</span> <span class='ocrx_word' id='word_1_746' title='bbox 1721 5783 1825 5847; x_wconf 86' lang='lat' dir='ltr'>est,</span> 
     </span>
    </p>
   </div>
   <div class='ocr_carea' id='block_1_105' title="bbox 197 5869 1831 5947">
    <p class='ocr_par' dir='ltr' id='par_1_105' title="bbox 197 5869 1831 5947">
     <span class='ocr_line' id='line_1_105' title="bbox 197 5869 1831 5947; baseline -0.002 -18"><span class='ocrx_word' id='word_1_747' title='bbox 197 5869 968 5947; x_wconf 48' lang='lat' dir='ltr'>homicidiumﬁdnlterium,</span> <span class='ocrx_word' id='word_1_748' title='bbox 992 5872 1330 5947; x_wconf 72' lang='lat' dir='ltr'>periurium.</span> <span class='ocrx_word' id='word_1_749' title='bbox 1346 5873 1557 5937; x_wconf 80' lang='lat' dir='ltr'>falsum</span> <span class='ocrx_word' id='word_1_750' title='bbox 1580 5870 1831 5929; x_wconf 72' lang='lat' dir='ltr'>testimo-</span> 
     </span>
    </p>
   </div>
   <div class='ocr_carea' id='block_1_106' title="bbox 202 5964 1831 6038">
    <p class='ocr_par' dir='ltr' id='par_1_106' title="bbox 202 5964 1831 6038">
     <span class='ocr_line' id='line_1_106' title="bbox 202 5964 1831 6038; baseline 0.001 -21"><span class='ocrx_word' id='word_1_751' title='bbox 202 5964 374 6034; x_wconf 88' lang='lat' dir='ltr'>nium,</span> <span class='ocrx_word' id='word_1_752' title='bbox 400 5968 457 6020; x_wconf 86' lang='lat' dir='ltr'>et</span> <span class='ocrx_word' id='word_1_753' title='bbox 482 5964 705 6036; x_wconf 86' lang='lat' dir='ltr'>reliqua</span> <span class='ocrx_word' id='word_1_754' title='bbox 734 5969 966 6037; x_wconf 86' lang='lat' dir='ltr'>peccata</span> <span class='ocrx_word' id='word_1_755' title='bbox 993 5967 1309 6036; x_wconf 90' lang='lat' dir='ltr'>mortifera,</span> <span class='ocrx_word' id='word_1_756' title='bbox 1343 5972 1399 6022; x_wconf 89' lang='lat' dir='ltr'>et</span> <span class='ocrx_word' id='word_1_757' title='bbox 1436 5966 1591 6038; x_wconf 91' lang='lat' dir='ltr'>quod</span> <span class='ocrx_word' id='word_1_758' title='bbox 1628 5966 1831 6020; x_wconf 89' lang='lat' dir='ltr'>nolunt</span> 
     </span>
    </p>
   </div>
   <div class='ocr_carea' id='block_1_107' title="bbox 1919 4641 3547 4715">
    <p class='ocr_par' dir='ltr' id='par_1_107' title="bbox 1919 4641 3547 4715">
     <span class='ocr_line' id='line_1_107' title="bbox 1919 4641 3547 4715; baseline 0.001 -15"><span class='ocrx_word' id='word_1_759' title='bbox 1919 4644 2181 4715; x_wconf 86' lang='lat' dir='ltr'>sequium</span> <span class='ocrx_word' id='word_1_760' title='bbox 2210 4642 2384 4714; x_wconf 92' lang='lat' dir='ltr'>ipsius</span> <span class='ocrx_word' id='word_1_761' title='bbox 2413 4658 2518 4712; x_wconf 90' lang='lat' dir='ltr'>per</span> <span class='ocrx_word' id='word_1_762' title='bbox 2544 4641 2912 4696; x_wconf 89' lang='lat' dir='ltr'>donationem</span> <span class='ocrx_word' id='word_1_763' title='bbox 2948 4642 3221 4698; x_wconf 67' lang='lat' dir='ltr'>chartulae</span> <span class='ocrx_word' id='word_1_764' title='bbox 3248 4645 3547 4702; x_wconf 79' lang='lat' dir='ltr'>confirma—-</span> 
     </span>
    </p>
   </div>
   <div class='ocr_carea' id='block_1_108' title="bbox 1920 4734 3547 4808">
    <p class='ocr_par' dir='ltr' id='par_1_108' title="bbox 1920 4734 3547 4808">
     <span class='ocr_line' id='line_1_108' title="bbox 1920 4734 3547 4808; baseline 0.002 -15"><span class='ocrx_word' id='word_1_765' title='bbox 1920 4742 2043 4793; x_wconf 89' lang='lat' dir='ltr'>tum</span> <span class='ocrx_word' id='word_1_766' title='bbox 2068 4737 2325 4808; x_wconf 89' lang='lat' dir='ltr'>accipiat.</span> <span class='ocrx_word' id='word_1_767' title='bbox 2360 4737 2505 4790; x_wconf 89' lang='lat' dir='ltr'>Nam</span> <span class='ocrx_word' id='word_1_768' title='bbox 2531 4752 2645 4790; x_wconf 93' lang='lat' dir='ltr'>non</span> <span class='ocrx_word' id='word_1_769' title='bbox 2670 4734 2810 4790; x_wconf 89' lang='lat' dir='ltr'>levis</span> <span class='ocrx_word' id='word_1_770' title='bbox 2849 4738 2935 4789; x_wconf 90' lang='lat' dir='ltr'>est</span> <span class='ocrx_word' id='word_1_771' title='bbox 2976 4735 3082 4790; x_wconf 87' lang='lat' dir='ltr'>ista</span> <span class='ocrx_word' id='word_1_772' title='bbox 3106 4738 3397 4793; x_wconf 88' lang='lat' dir='ltr'>temeritas</span> <span class='ocrx_word' id='word_1_773' title='bbox 3425 4741 3547 4797; x_wconf 86' lang='lat' dir='ltr'>sine</span> 
     </span>
    </p>
   </div>
   <div class='ocr_carea' id='block_1_109' title="bbox 1920 4829 3551 4898">
    <p class='ocr_par' dir='ltr' id='par_1_109' title="bbox 1920 4829 3551 4898">
     <span class='ocr_line' id='line_1_109' title="bbox 1920 4829 3551 4898; baseline 0.001 -10"><span class='ocrx_word' id='word_1_774' title='bbox 1920 4831 2310 4898; x_wconf 89' lang='lat' dir='ltr'>luminaribus,</span> <span class='ocrx_word' id='word_1_775' title='bbox 2342 4830 2429 4885; x_wconf 93' lang='lat' dir='ltr'>vel</span> <span class='ocrx_word' id='word_1_776' title='bbox 2454 4829 2574 4885; x_wconf 91' lang='lat' dir='ltr'>sine</span> <span class='ocrx_word' id='word_1_777' title='bbox 2618 4829 2974 4885; x_wconf 89' lang='lat' dir='ltr'>substantiali</span> <span class='ocrx_word' id='word_1_778' title='bbox 3024 4831 3431 4889; x_wconf 89' lang='lat' dir='ltr'>sustentatione</span> <span class='ocrx_word' id='word_1_779' title='bbox 3461 4852 3551 4891; x_wconf 86' lang='lat' dir='ltr'>eo-</span> 
     </span>
    </p>
   </div>
   <div class='ocr_carea' id='block_1_110' title="bbox 1920 4924 3552 4997">
    <p class='ocr_par' dir='ltr' id='par_1_110' title="bbox 1920 4924 3552 4997">
     <span class='ocr_line' id='line_1_110' title="bbox 1920 4924 3552 4997; baseline 0.002 -14"><span class='ocrx_word' id='word_1_780' title='bbox 1920 4944 2051 4983; x_wconf 90' lang='lat' dir='ltr'>rum</span> <span class='ocrx_word' id='word_1_781' title='bbox 2102 4925 2202 4997; x_wconf 89' lang='lat' dir='ltr'>qui</span> <span class='ocrx_word' id='word_1_782' title='bbox 2246 4924 2458 4979; x_wconf 91' lang='lat' dir='ltr'>ibidem</span> <span class='ocrx_word' id='word_1_783' title='bbox 2508 4924 2771 4997; x_wconf 81' lang='lat' dir='ltr'>servituri</span> <span class='ocrx_word' id='word_1_784' title='bbox 2818 4928 2969 4991; x_wconf 90' lang='lat' dir='ltr'>sunt,</span> <span class='ocrx_word' id='word_1_785' title='bbox 3016 4926 3291 4995; x_wconf 86' lang='lat' dir='ltr'>tanquam</span> <span class='ocrx_word' id='word_1_786' title='bbox 3345 4925 3552 4986; x_wconf 90' lang='lat' dir='ltr'>domus</span> 
     </span>
    </p>
   </div>
   <div class='ocr_carea' id='block_1_111' title="bbox 1920 5017 2806 5094">
    <p class='ocr_par' dir='ltr' id='par_1_111' title="bbox 1920 5017 2806 5094">
     <span class='ocr_line' id='line_1_111' title="bbox 1920 5017 2806 5094; baseline -0.006 -18"><span class='ocrx_word' id='word_1_787' title='bbox 1920 5022 2145 5094; x_wconf 88' lang='lat' dir='ltr'>privata</span> <span class='ocrx_word' id='word_1_788' title='bbox 2170 5022 2529 5075; x_wconf 90' lang='lat' dir='ltr'>consecretur</span> <span class='ocrx_word' id='word_1_789' title='bbox 2556 5017 2806 5073; x_wconf 89' lang='lat' dir='ltr'>ecclesia.</span> 
     </span>
    </p>
   </div>
   <div class='ocr_carea' id='block_1_112' title="bbox 1993 5112 3554 5184">
    <p class='ocr_par' dir='ltr' id='par_1_112' title="bbox 1993 5112 3554 5184">
     <span class='ocr_line' id='line_1_112' title="bbox 1993 5112 3554 5184; baseline 0.003 -13"><span class='ocrx_word' id='word_1_790' title='bbox 1993 5118 2081 5171; x_wconf 86' lang='lat' dir='ltr'>Vl.</span> <span class='ocrx_word' id='word_1_791' title='bbox 2108 5114 2326 5170; x_wconf 89' lang='lat' dir='ltr'>Placuit</span> <span class='ocrx_word' id='word_1_792' title='bbox 2366 5113 2411 5167; x_wconf 88' lang='lat' dir='ltr'>si</span> <span class='ocrx_word' id='word_1_793' title='bbox 2442 5112 2568 5184; x_wconf 89' lang='lat' dir='ltr'>quis</span> <span class='ocrx_word' id='word_1_794' title='bbox 2606 5112 2897 5167; x_wconf 89' lang='lat' dir='ltr'>basilicam</span> <span class='ocrx_word' id='word_1_795' title='bbox 2939 5129 3056 5167; x_wconf 92' lang='lat' dir='ltr'>non</span> <span class='ocrx_word' id='word_1_796' title='bbox 3103 5127 3207 5184; x_wconf 91' lang='lat' dir='ltr'>pro</span> <span class='ocrx_word' id='word_1_797' title='bbox 3252 5115 3554 5177; x_wconf 90' lang='lat' dir='ltr'>devotione</span> 
     </span>
    </p>
   </div>
   <div class='ocr_carea' id='block_1_113' title="bbox 1923 5205 3560 5286">
    <p class='ocr_par' dir='ltr' id='par_1_113' title="bbox 1923 5205 3560 5286">
     <span class='ocr_line' id='line_1_113' title="bbox 1923 5205 3560 5286; baseline 0.004 -22"><span class='ocrx_word' id='word_1_798' title='bbox 1923 5210 2078 5277; x_wconf 81' lang='lat' dir='ltr'>fidei,</span> <span class='ocrx_word' id='word_1_799' title='bbox 2108 5209 2204 5263; x_wconf 91' lang='lat' dir='ltr'>sed</span> <span class='ocrx_word' id='word_1_800' title='bbox 2247 5224 2351 5280; x_wconf 92' lang='lat' dir='ltr'>pro</span> <span class='ocrx_word' id='word_1_801' title='bbox 2383 5210 2602 5279; x_wconf 88' lang='lat' dir='ltr'>quaestu</span> <span class='ocrx_word' id='word_1_802' title='bbox 2647 5205 2969 5275; x_wconf 87' lang='lat' dir='ltr'>cupiditatis</span> <span class='ocrx_word' id='word_1_803' title='bbox 3011 5207 3271 5278; x_wconf 73' lang='lat' dir='ltr'>aedificat,</span> <span class='ocrx_word' id='word_1_804' title='bbox 3304 5217 3368 5267; x_wconf 91' lang='lat' dir='ltr'>ut</span> <span class='ocrx_word' id='word_1_805' title='bbox 3396 5216 3560 5286; x_wconf 88' lang='lat' dir='ltr'>quid-</span> 
     </span>
    </p>
   </div>
   <div class='ocr_carea' id='block_1_114' title="bbox 1924 5298 3557 5376">
    <p class='ocr_par' dir='ltr' id='par_1_114' title="bbox 1924 5298 3557 5376">
     <span class='ocr_line' id='line_1_114' title="bbox 1924 5298 3557 5376; baseline 0.004 -18"><span class='ocrx_word' id='word_1_806' title='bbox 1924 5304 2059 5376; x_wconf 92' lang='lat' dir='ltr'>quid</span> <span class='ocrx_word' id='word_1_807' title='bbox 2084 5302 2157 5356; x_wconf 91' lang='lat' dir='ltr'>ibi</span> <span class='ocrx_word' id='word_1_808' title='bbox 2187 5302 2256 5355; x_wconf 93' lang='lat' dir='ltr'>de</span> <span class='ocrx_word' id='word_1_809' title='bbox 2277 5301 2566 5355; x_wconf 88' lang='lat' dir='ltr'>oblatione</span> <span class='ocrx_word' id='word_1_810' title='bbox 2596 5298 2790 5370; x_wconf 89' lang='lat' dir='ltr'>populi</span> <span class='ocrx_word' id='word_1_811' title='bbox 2821 5298 3127 5372; x_wconf 86' lang='lat' dir='ltr'>colligitur,</span> <span class='ocrx_word' id='word_1_812' title='bbox 3146 5304 3405 5360; x_wconf 89' lang='lat' dir='ltr'>medium</span> <span class='ocrx_word' id='word_1_813' title='bbox 3426 5325 3557 5365; x_wconf 90' lang='lat' dir='ltr'>cum</span> 
     </span>
    </p>
   </div>
   <div class='ocr_carea' id='block_1_115' title="bbox 1924 5392 3557 5464">
    <p class='ocr_par' dir='ltr' id='par_1_115' title="bbox 1924 5392 3557 5464">
     <span class='ocr_line' id='line_1_115' title="bbox 1924 5392 3557 5464; baseline 0.003 -11"><span class='ocrx_word' id='word_1_814' title='bbox 1924 5396 2147 5453; x_wconf 89' lang='lat' dir='ltr'>clericis</span> <span class='ocrx_word' id='word_1_815' title='bbox 2201 5394 2438 5462; x_wconf 86' lang='lat' dir='ltr'>dividat,</span> <span class='ocrx_word' id='word_1_816' title='bbox 2480 5410 2546 5447; x_wconf 92' lang='lat' dir='ltr'>eo</span> <span class='ocrx_word' id='word_1_817' title='bbox 2595 5392 2752 5464; x_wconf 93' lang='lat' dir='ltr'>quod</span> <span class='ocrx_word' id='word_1_818' title='bbox 2804 5392 3095 5450; x_wconf 87' lang='lat' dir='ltr'>basilicam</span> <span class='ocrx_word' id='word_1_819' title='bbox 3151 5396 3213 5452; x_wconf 88' lang='lat' dir='ltr'>in</span> <span class='ocrx_word' id='word_1_820' title='bbox 3266 5403 3416 5455; x_wconf 89' lang='lat' dir='ltr'>terra</span> <span class='ocrx_word' id='word_1_821' title='bbox 3457 5420 3557 5459; x_wconf 86' lang='lat' dir='ltr'>sua</span> 
     </span>
    </p>
   </div>
   <div class='ocr_carea' id='block_1_116' title="bbox 1928 5486 3556 5563">
    <p class='ocr_par' dir='ltr' id='par_1_116' title="bbox 1928 5486 3556 5563">
     <span class='ocr_line' id='line_1_116' title="bbox 1928 5486 3556 5563; baseline 0.003 -18"><span class='ocrx_word' id='word_1_822' title='bbox 1928 5495 2175 5563; x_wconf 74' lang='lat' dir='ltr'>quaestus</span> <span class='ocrx_word' id='word_1_823' title='bbox 2215 5504 2382 5543; x_wconf 88' lang='lat' dir='ltr'>causa</span> <span class='ocrx_word' id='word_1_824' title='bbox 2427 5486 2765 5554; x_wconf 83' lang='lat' dir='ltr'>condiderit,</span> <span class='ocrx_word' id='word_1_825' title='bbox 2796 5488 2953 5559; x_wconf 91' lang='lat' dir='ltr'>quod</span> <span class='ocrx_word' id='word_1_826' title='bbox 2996 5488 3056 5544; x_wconf 89' lang='lat' dir='ltr'><strong>in</strong></span> <span class='ocrx_word' id='word_1_827' title='bbox 3096 5490 3377 5563; x_wconf 88' lang='lat' dir='ltr'>aliquibus</span> <span class='ocrx_word' id='word_1_828' title='bbox 3419 5495 3556 5551; x_wconf 87' lang='lat' dir='ltr'>locis</span> 
     </span>
    </p>
   </div>
   <div class='ocr_carea' id='block_1_117' title="bbox 1925 5579 3556 5656">
    <p class='ocr_par' dir='ltr' id='par_1_117' title="bbox 1925 5579 3556 5656">
     <span class='ocr_line' id='line_1_117' title="bbox 1925 5579 3556 5656; baseline 0.001 -16"><span class='ocrx_word' id='word_1_829' title='bbox 1925 5602 2105 5656; x_wconf 91' lang='lat' dir='ltr'>usque</span> <span class='ocrx_word' id='word_1_830' title='bbox 2138 5582 2307 5638; x_wconf 89' lang='lat' dir='ltr'>modo</span> <span class='ocrx_word' id='word_1_831' title='bbox 2334 5580 2539 5635; x_wconf 89' lang='lat' dir='ltr'>dicitur</span> <span class='ocrx_word' id='word_1_832' title='bbox 2564 5579 2709 5635; x_wconf 84' lang='lat' dir='ltr'>ﬁeri.</span> <span class='ocrx_word' id='word_1_833' title='bbox 2736 5582 2852 5637; x_wconf 85' lang='lat' dir='ltr'>Hoc</span> <span class='ocrx_word' id='word_1_834' title='bbox 2878 5599 3019 5655; x_wconf 91' lang='lat' dir='ltr'>ergo</span> <span class='ocrx_word' id='word_1_835' title='bbox 3048 5584 3118 5638; x_wconf 88' lang='lat' dir='ltr'>de</span> <span class='ocrx_word' id='word_1_836' title='bbox 3141 5590 3347 5640; x_wconf 65' lang='lat' dir='ltr'>caetero</span> <span class='ocrx_word' id='word_1_837' title='bbox 3366 5588 3556 5643; x_wconf 83' lang='lat' dir='ltr'>obser-</span> 
     </span>
    </p>
   </div>
   <div class='ocr_carea' id='block_1_118' title="bbox 1927 5674 3555 5748">
    <p class='ocr_par' dir='ltr' id='par_1_118' title="bbox 1927 5674 3555 5748">
     <span class='ocr_line' id='line_1_118' title="bbox 1927 5674 3555 5748; baseline 0.001 -14"><span class='ocrx_word' id='word_1_838' title='bbox 1927 5679 2043 5733; x_wconf 89' lang='lat' dir='ltr'>vari</span> <span class='ocrx_word' id='word_1_839' title='bbox 2070 5677 2260 5743; x_wconf 91' lang='lat' dir='ltr'>debet,</span> <span class='ocrx_word' id='word_1_840' title='bbox 2292 5678 2357 5729; x_wconf 89' lang='lat' dir='ltr'>ut</span> <span class='ocrx_word' id='word_1_841' title='bbox 2383 5674 2573 5729; x_wconf 75' lang='lat' dir='ltr'>nullus</span> <span class='ocrx_word' id='word_1_842' title='bbox 2602 5674 3000 5748; x_wconf 85' lang='lat' dir='ltr'>episcoporum</span> <span class='ocrx_word' id='word_1_843' title='bbox 3031 5680 3151 5731; x_wconf 86' lang='lat' dir='ltr'>tam</span> <span class='ocrx_word' id='word_1_844' title='bbox 3183 5678 3555 5737; x_wconf 87' lang='lat' dir='ltr'>abominabili</span> 
     </span>
    </p>
   </div>
   <div class='ocr_carea' id='block_1_119' title="bbox 1928 5769 3553 5842">
    <p class='ocr_par' dir='ltr' id='par_1_119' title="bbox 1928 5769 3553 5842">
     <span class='ocr_line' id='line_1_119' title="bbox 1928 5769 3553 5842; baseline 0.001 -13"><span class='ocrx_word' id='word_1_845' title='bbox 1928 5778 2057 5829; x_wconf 86' lang='lat' dir='ltr'>voto</span> <span class='ocrx_word' id='word_1_846' title='bbox 2082 5769 2413 5837; x_wconf 80' lang='lat' dir='ltr'>consentiat,</span> <span class='ocrx_word' id='word_1_847' title='bbox 2441 5786 2548 5824; x_wconf 86' lang='lat' dir='ltr'>nec</span> <span class='ocrx_word' id='word_1_848' title='bbox 2572 5769 2865 5827; x_wconf 78' lang='lat' dir='ltr'>basilicam</span> <span class='ocrx_word' id='word_1_849' title='bbox 2890 5786 3019 5842; x_wconf 62' lang='lat' dir='ltr'>qua</span> <span class='ocrx_word' id='word_1_850' title='bbox 3060 5786 3175 5823; x_wconf 89' lang='lat' dir='ltr'>non</span> <span class='ocrx_word' id='word_1_851' title='bbox 3203 5786 3306 5842; x_wconf 87' lang='lat' dir='ltr'>pro</span> <span class='ocrx_word' id='word_1_852' title='bbox 3330 5780 3553 5832; x_wconf 79' lang='lat' dir='ltr'>sancto-</span> 
     </span>
    </p>
   </div>
   <div class='ocr_carea' id='block_1_120' title="bbox 1928 5861 3555 5939">
    <p class='ocr_par' dir='ltr' id='par_1_120' title="bbox 1928 5861 3555 5939">
     <span class='ocr_line' id='line_1_120' title="bbox 1928 5861 3555 5939; baseline 0.003 -15"><span class='ocrx_word' id='word_1_853' title='bbox 1928 5884 2061 5924; x_wconf 90' lang='lat' dir='ltr'>rum</span> <span class='ocrx_word' id='word_1_854' title='bbox 2084 5862 2545 5939; x_wconf 62' lang='lat' dir='ltr'>patrocinio,sad</span> <span class='ocrx_word' id='word_1_855' title='bbox 2569 5863 2752 5935; x_wconf 76' lang='lat' dir='ltr'>magis</span> <span class='ocrx_word' id='word_1_856' title='bbox 2766 5863 2875 5918; x_wconf 86' lang='lat' dir='ltr'>sub</span> <span class='ocrx_word' id='word_1_857' title='bbox 2898 5861 3203 5921; x_wconf 71' lang='lat' dir='ltr'>tributaria</span> <span class='ocrx_word' id='word_1_858' title='bbox 3228 5865 3555 5931; x_wconf 88' lang='lat' dir='ltr'>conditione</span> 
     </span>
    </p>
   </div>
   <div class='ocr_carea' id='block_1_121' title="bbox 1932 5958 2948 6030">
    <p class='ocr_par' dir='ltr' id='par_1_121' title="bbox 1932 5958 2948 6030">
     <span class='ocr_line' id='line_1_121' title="bbox 1932 5958 2948 6030; baseline -0.007 -12"><span class='ocrx_word' id='word_1_859' title='bbox 1932 5968 2017 6020; x_wconf 87' lang='lat' dir='ltr'>est</span> <span class='ocrx_word' id='word_1_860' title='bbox 2038 5961 2285 6030; x_wconf 86' lang='lat' dir='ltr'>condita,</span> <span class='ocrx_word' id='word_1_861' title='bbox 2320 5958 2570 6014; x_wconf 87' lang='lat' dir='ltr'>audeant</span> <span class='ocrx_word' id='word_1_862' title='bbox 2594 5971 2948 6013; x_wconf 84' lang='lat' dir='ltr'>consecrare.</span> 
     </span>
    </p>
   </div>
  </div>
