4032 6304
483 325 584 378 575

1364 316 1646 374 APPEND.
1686 313 1775 372 AD
1813 313 1978 372 SEC.
2019 312 2108 371 IX.
2139 343 2209 354 ——-
2247 311 2499 372 ISIDORI
2536 302 2965 370 MERCATORIS

3753 310 3858 363 576

553 430 666 486 νη.
686 427 902 484 Placuit
919 430 979 483 ut
999 419 1387 497 unusquisque
1411 425 1708 496 episcopus
1727 439 1831 496 per
1850 422 2118 480 ecclesias
2139 434 2198 508 Α
2220 439 2405 496 nuper
2425 422 2650 492 erroris,
2673 424 2773 477 aut
2791 423 2944 477 certe
2965 434 3038 475 ex
3051 407 3255 474 veteris
3276 413 3640 472 Priscilliana
3667 414 3861 472 adhuc

485 541 612 580 suas
639 524 746 578 hoc
778 521 1085 594 pracipiat,
1109 524 1173 576 ut
1209 520 1270 574 hi
1303 519 1399 591 qui
1438 519 1688 573 infantes
1732 535 1860 573 suos
1896 518 1966 572 ad
2016 517 2115 571 ha-

484 619 760 691 ptismum
794 617 1061 682 offerunt,
1093 614 1138 668 si
1163 613 1296 685 quid
1327 613 1640 668 voluntarie
1684 630 1786 683 pro
1830 629 1934 666 suo
1979 611 2116 666 olfe-

486 719 621 767 runt
648 713 799 776 voto,
834 707 1171 778 suscipiatur
1201 706 1272 761 ab
1303 706 1402 761 eis.
1433 706 1494 761 Si
1518 722 1654 760 vero
1681 722 1784 778 per
1822 705 2121 760 necessita-

487 811 601 860 tem
630 801 983 875 paupertatis
1007 799 1222 872 aliquid
1267 816 1381 854 non
1423 799 1636 854 habent
1664 799 1819 870 quod
1851 798 2117 865 offerant,

488 898 706 952 nullum
735 895 814 949 illi
843 894 1052 966 pignus
1075 893 1353 949 violenter
1383 893 1616 947 tollatur
1641 909 1671 946 a
1708 892 1946 947 clericis.
1979 893 2118 946 Nam

482 991 650 1046 multi
693 1005 970 1062 pauperes
999 989 1108 1043 hoc
1137 987 1405 1043 timentes
1453 987 1602 1041 ﬁlios
1642 1004 1675 1040 a
1721 985 2004 1057 baptismo
2035 1002 2120 1039 re-

483 1086 736 1154 trahunt,
768 1083 867 1155 qui
893 1083 1036 1137 forte
1067 1081 1354 1136 differunt.
1387 1081 1444 1136 Si
1474 1081 1594 1135 sine
1633 1080 1811 1150 gratia
1853 1079 2119 1151 baptismi

486 1179 556 1234 de
583 1179 691 1233 hac
715 1177 828 1232 vita
859 1175 1218 1244 recesserint,
1243 1191 1470 1230 necesse
1515 1177 1601 1228 est
1645 1178 1708 1228 ut
1746 1173 1816 1228 ab
1865 1173 1976 1228 illis
2019 1190 2115 1228 eo-

484 1289 616 1327 rum
631 1270 876 1344 perditio
897 1271 1242 1341 requiratur,
1261 1285 1506 1340 quorum
1527 1266 1705 1339 spolia
1724 1267 2120 1337 pertimescen-

481 1372 566 1422 tes
593 1383 626 1420 a
653 1363 917 1436 baptismi
952 1363 1141 1435 gratia
1174 1379 1231 1418 se
1258 1366 1636 1417 retraxerunt.

557 1461 691 1515 VIII.
740 1457 954 1514 Placuit
1003 1463 1064 1511 ut
1112 1457 1156 1511 si
1204 1456 1330 1529 quis
1376 1456 1627 1527 aliquem
1675 1454 2003 1510 clericorum
2058 1455 2153 1522 in,

483 1553 847 1609 accusatione
889 1551 1283 1606 fornicationis
1333 1549 1580 1621 impetit,
1613 1549 1931 1604 secundum
1981 1565 2120 1619 pra-

483 1650 714 1719 ceptum
740 1645 895 1701 Pauli
922 1644 1160 1716 apostoli
1188 1644 1301 1698 duo
1332 1644 1420 1698 vel
1451 1642 1558 1697 tria
1585 1642 1910 1697 testimonia
1937 1643 2122 1714 requi-

487 1746 690 1796 rantur
717 1740 787 1794 ab
817 1739 932 1794 illo.
968 1738 1130 1803 Quod
1159 1737 1205 1791 si
1237 1754 1356 1792 non
1381 1736 1652 1809 potuerit,
1683 1735 1829 1790 datis
1859 1737 2116 1790 testimo-

2218 518 2451 574 haresis
2480 519 2656 574 fetore
2684 518 2953 588 corrupto
2985 512 3362 586 cognovimus
3407 511 3688 584 quosdam
3729 525 3863 582 pre-

2218 612 2471 682 sbyteros
2498 612 2558 667 in
2587 611 2759 682 hujus
2807 607 3273 681 prasumptionis
3325 605 3561 662 audacia
3595 604 3856 671 retineri,

2217 715 2282 764 ut
2308 711 2506 765 missas
2533 713 2888 764 mortuorum
2930 708 3104 763 etiam
3131 708 3261 779 post
3292 708 3592 776 acceptum
3621 717 3858 758 merum

2218 805 2306 858 vel
2335 804 2684 859 oblationem
2722 803 2844 857 ausi
2877 805 3011 857 sunt
3054 815 3390 857 consecrare
3425 816 3439 855 :
3471 799 3714 871 ideoque
3743 797 3860 852 hoc

2218 899 2468 970 praefixa
2494 883 2770 954 evidentis
2796 895 3095 953 sententia
3139 893 3534 950 admonitione
3572 894 3856 962 servetur,

2221 995 2283 1046 ut
2308 992 2352 1046 si
2379 992 2505 1064 quis
2530 991 2828 1064 presbyter
2854 994 2984 1063 post
3008 991 3118 1046 hoc
3146 988 3397 1044 edictum
3436 990 3698 1043 nostrum
3725 1001 3857 1041 am-

2219 1086 2368 1158 plius
2392 1086 2452 1140 in
2482 1087 2585 1140 hac
2611 1085 2838 1140 vesania
2865 1085 3039 1140 fuerit
3060 1082 3472 1155 deprehensus,
3500 1082 3609 1136 hoc
3635 1084 3720 1136 est
3740 1095 3860 1134 non

2211 1181 2460 1252 jejunus,
2484 1180 2584 1234 sed
2612 1196 2950 1251 quocunque
2977 1178 3102 1234 cibo
3130 1180 3479 1249 prasumpto
3506 1174 3860 1230 oblationem

2219 1275 2630 1328 consecraverit
2661 1274 2718 1328 in
2762 1273 2943 1343 altari,
2975 1271 3246 1327 continuo
3287 1270 3358 1325 ab
3393 1268 3579 1324 ofﬁcio
3608 1285 3709 1324 suo
3741 1266 3860 1340 pri-

2216 1371 2378 1423 vatus
2408 1385 2441 1423 a
2468 1369 2700 1439 proprio
2732 1367 3054 1439 deponatur
3095 1365 3378 1437 episcopo.
3409 1363 3505 1418 His
3533 1362 3615 1418 ita
3656 1362 3854 1433 gestis,

2217 1462 2434 1534 placuit
2457 1462 2722 1516 omnibus
2749 1477 2854 1533 pro
2881 1460 3275 1516 confirmanda
3318 1459 3526 1513 horum
3553 1456 3858 1512 observan-

2218 1557 2296 1610 tia
2339 1572 2812 1628 unumquemque
2865 1553 3101 1627 propria
3149 1570 3324 1608 manu
3375 1550 3728 1606 subscribere
3784 1566 3855 1604 eo

2217 1650 2561 1721 placitorum
2589 1650 2756 1716 facto,
2784 1653 2849 1704 ut
2869 1648 2917 1702 si
2940 1647 3066 1720 quis
3093 1664 3292 1702 eorum
3339 1645 3718 1717 capitulorum
3745 1647 3857 1698 ter-

2218 1745 2439 1798 minum
2480 1748 2865 1814 transgressus
2907 1740 2981 1796 ad
3021 1741 3370 1796 inordinatas
3413 1738 3858 1794 consuetudines

484 1835 614 1903 niis,
642 1832 945 1906 approbari
976 1831 1131 1904 quod
1163 1831 1326 1903 dixit,
1349 1829 2004 1886 excommunicationem
2031 1810 2426 1892 ac-Breverti
2468 1836 2729 1906 voluerit,
2777 1835 2949 1890 totius
2999 1833 3220 1890 concilii
3271 1830 3858 1888 excommunicatione

488 1927 668 1984 cusati
697 1928 991 1982 accusator
1013 1925 1267 1996 accipiat.

557 2023 644 2079 IX.
676 2020 893 2076 Placuit
935 2025 996 2074 ut
1040 2018 1372 2091 priusquam
1421 2017 1613 2072 omnia
1652 2017 1710 2072 in
1753 2017 1994 2072 concilio
2027 2033 2116 2071 sa-

486 2115 783 2172 cerdotum
814 2113 1030 2168 fuerint
1055 2111 1338 2178 ordinata,
1370 2111 1513 2164 illud
1561 2111 1896 2165 observetur
1926 2114 1988 2165 ut
2022 2126 2113 2164 su-

485 2214 893 2282 perventurum
945 2206 1122 2279 ipsius
1167 2205 1302 2260 anni
1333 2205 1540 2259 Pascha
1585 2221 1700 2277 quo
1738 2204 2116 2259 Kalendarum

489 2304 580 2358 die
603 2303 693 2357 vel
723 2305 897 2375 quota
935 2301 1071 2354 luna
1114 2299 1286 2354 debet
1327 2297 1556 2370 suscipi,
1591 2315 1624 2353 a
1675 2297 2118 2373 metropolitano

489 2397 754 2472 episcopo
782 2394 1097 2462 nuntietur,
1129 2392 1282 2465 quod
1310 2392 1498 2447 cateri
1529 2393 1795 2464 episcopi,
1824 2394 1909 2447 vel
1937 2393 2116 2446 clerus

488 2492 742 2563 reliquus
771 2488 1060 2544 breviculo
1087 2487 1469 2553 subnotantes,
1505 2486 1898 2557 unusquisque
1930 2486 1986 2540 in
2017 2503 2117 2540 sua

488 2585 721 2642 ecclesia
749 2583 1084 2639 adveniente
1129 2580 1332 2636 natalis
1361 2579 1586 2636 Domini
1617 2581 1729 2648 die,
1763 2584 1982 2634 astante
2011 2597 2115 2652 po-

485 2681 641 2752 pulo,
672 2681 799 2750 post
824 2676 1126 2732 lectionem
1153 2674 1551 2746 Evangelicam
1585 2673 1841 2742 nuntiet;
1871 2674 1930 2728 in
1957 2674 2117 2744 cujus

486 2772 769 2846 principio
799 2770 1201 2827 convenientes
1220 2769 1279 2823 in
1303 2784 1486 2823 unum
1510 2767 1708 2822 vicina
1735 2767 1987 2822 ecclesia
2015 2783 2118 2839 per

486 2867 740 2923 triduum
768 2881 900 2920 cum
927 2862 1185 2935 psalmis,
1217 2879 1321 2932 per
1350 2866 1681 2916 sanctorum
1707 2861 1970 2916 basilicas
2000 2878 2118 2916 am-

487 2959 750 3017 bulantes
795 2958 1085 3013 celebrent
1119 2955 1368 3011 litanias.
1398 2954 1584 3010 Tertio
1616 2957 1809 3009 autem
1836 2955 1946 3026 die,
1978 2955 2118 3010 cele-

490 3054 670 3109 bratis
689 3052 834 3107 hora
864 3067 1016 3106 nona
1038 3049 1152 3105 sive
1173 3047 1389 3104 decima
1418 3048 1624 3117 missis,
1653 3049 1883 3104 dimisso
1905 3050 2117 3120 populo

2215 1936 2526 2003 correptus,
2553 1929 2906 1986 verissimam
2947 1929 3054 1984 sibi
3107 1929 3175 1984 de
3214 1927 3300 1982 sui
3345 1926 3563 1982 ordinis
3618 1925 3860 1981 inclina-

2215 2025 2367 2081 tione
2396 2025 2617 2080 noverit
2641 2024 2949 2080 imminere
2979 2023 3346 2078 sententiam.
3391 2021 3661 2076 Martinus
3687 2021 3857 2074 Brac-

2216 2119 2462 2175 carensis
2482 2119 2941 2189 metropolitana
2969 2116 3218 2172 ecclesia
3246 2115 3546 2187 episc0pus
3572 2114 3660 2169 his
3679 2113 3860 2185 gestis

2217 2213 2539 2284 subscripsi.
2575 2211 2822 2268 Remisol
2853 2210 3111 2266 Besensis
3150 2209 3402 2265 ecclesia
3433 2208 3732 2280 episcopus
3767 2207 3862 2262 his

2218 2308 2388 2379 gestis
2417 2306 2741 2378 subscripsi.
2765 2305 3071 2360 Lucentius
3098 2302 3582 2374 Conimbrigensis
3603 2301 3860 2356 ecclesia

2219 2401 2516 2472 episcopus
2541 2400 2630 2454 his
2662 2399 2837 2470 gestis
2865 2398 3190 2470 subscripsi.
3221 2397 3496 2452 Adoricus
3522 2396 3750 2451 Getana
3771 2411 3864 2451 ec-

2216 2494 2398 2550 clesia
2424 2494 2722 2565 episcopus
2773 2493 2860 2547 his
2903 2492 3074 2563 gestis
3105 2491 3227 2547 sub.
3257 2490 3618 2546 Sardinarius
3648 2490 3860 2544 Lamu-

2216 2588 2400 2643 censis
2412 2587 2663 2642 ecclesia
2680 2586 2978 2658 episcopus
2993 2585 3079 2640 his
3103 2585 3272 2655 gestis
3286 2583 3410 2640 sub.
3427 2585 3620 2638 Viator
3634 2585 3864 2654 Magna-

2215 2681 2390 2738 tensis
2434 2680 2684 2736 ecclesia
2731 2680 3034 2751 episcopus
3071 2680 3159 2733 his
3204 2678 3378 2750 gestis
3417 2678 3540 2732 sub.
3585 2677 3864 2748 Alitigitis

2217 2774 2483 2830 Lucensis
2500 2773 2976 2845 metropolitanus
2993 2773 3240 2828 ecclesia
3260 2772 3553 2844 episcopus
3576 2771 3661 2826 his
3681 2771 3864 2842 gestis

2217 2869 2343 2923 sub.
2377 2868 2632 2922 Andreas
2662 2867 2924 2923 Herensis
2948 2866 3203 2922 ecclesia
3231 2866 3532 2937 episcopus
3561 2865 3648 2919 his
3682 2864 3863 2936 gestis

2216 2962 2339 3016 sub.
2356 2962 2517 3016 Anila
2536 2961 2809 3016 Tudensis
2839 2961 3091 3016 ecclesia
3119 2959 3415 3032 episcopus
3433 2959 3524 3014 his
3542 2959 3716 3031 gestis
3731 2959 3866 3013 sub-

2218 3054 2434 3127 scripsi.
2464 3055 2737 3110 Pulensus
2762 3054 3134 3110 Asturicensis
3160 3053 3406 3109 ecclesia
3444 3053 3743 3124 episcopus
3768 3053 3863 3108 his

489 3144 824 3221 pracipiant
866 3142 1326 3215 Quadragesima
1360 3142 1596 3213 jejuniis
1645 3143 1874 3210 servire,
1905 3148 1962 3198 et
1990 3159 2114 3197 me-
2135 3183 2192 3261 C
2218 3149 2391 3221 gestis
2411 3149 2535 3204 sub.
2560 3149 2754 3204 Mailoc
2777 3149 3141 3203 Brittinorum
3171 3148 3421 3204 ecclesia
3443 3147 3746 3219 episcopus
3766 3147 3862 3202 his

501 3238 1143 3261 J_'___L_n__-.l_-._--1...-
1187 3253 1252 3261 Α..
1293 3236 1490 3261 ...ἔμε-,ιζ
1531 3235 1722 3261 ΔζΑι---
1752 3237 2114 3261 1.-..ιΞ-,...ι--
2227 3242 2383 3261 _,__A!,
2437 3243 2512 3261 “-1
2589 3242 2782 3261 tr'_n',__
2807 3259 2856 3261 ,η
2926 3242 3190 3261 A,,_!A,_,9,
3257 3242 3492 3261 __-'I-_S_h
3559 3241 3859 3261 ___:_--____

491 3241 687 3296 diante
704 3238 1149 3310 Quadragesima
1185 3253 1252 3292 ex
1293 3236 1496 3308 viginti
1527 3235 1725 3292 diebus
1752 3237 2116 3309 baptizandos
2137 3235 2192 3261 υ
2217 3242 2387 3314 gestis
2430 3243 2556 3297 sub.
2589 3242 2859 3298 Victimer
2910 3242 3203 3298 Auriensis
3248 3242 3500 3297 ecclesia
3550 3241 3862 3314 episcopus

493 3335 739 3390 infantes
765 3334 838 3388 ad
867 3331 1164 3388 exorcismi
1192 3331 1595 3404 purgationem
1637 3330 1866 3386 offerre.

564 3427 613 3500 1
631 3426 744 3500 41
779 3429 841 3482 Χ.
859 3425 1088 3495 Placuit,
1106 3428 1173 3480 ut
1192 3425 1328 3497 quia
1347 3441 1448 3496 per
1463 3425 1756 3481 stultitiam
1784 3426 2119 3498 prasumpti

2218 3335 2545 3409 subscripsi.

612 3663 901 3730 INCIPIT
978 3659 1398 3729 PREFATIO
1472 3663 1752 3730 SANCTI
1833 3665 2171 3732 MARTINI
2243 3667 2838 3735 BRACCARENSIS
2919 3667 3274 3735 EPISCOPI
3351 3667 3433 3734 IN
3500 3666 3737 3733 LIBRO

1072 3759 1639 3828 CAPITULORUM
1683 3763 1786 3828 EX
1829 3764 2284 3833 GMECORUM
2327 3768 2657 3834 SYNODIS
2702 3767 3290 3836 COLLECTORUM.

560 3896 804 3962 Domino
854 3917 986 3956 meo
1016 3899 1342 3956 beatissimo
1379 3904 1554 3972 atque
1597 3903 1920 3974 apostolica
1965 3905 2123 3961 Sedis
2224 3911 2305 3963 tes
2330 3909 2509 3963 multa
2535 3907 2996 3980 pratermittant,
3025 3911 3082 3963 et
3107 3912 3414 3980 propterea
3442 3905 3504 3960 in
3531 3904 3667 3977 ipsis
3695 3920 3865 3960 cano-

489 4000 712 4056 honore
727 3993 1080 4067 suscipiendo
1096 3994 1157 4048 in
1174 3993 1396 4049 Christo
1406 3994 1568 4050 fratri
1586 3997 1812 4067 Nigesio
1836 3997 2120 4070 episcopo,
2223 4001 2393 4056 nibus
2423 4001 2619 4072 aliqua
2646 4000 3078 4073 simplicioribus
3101 4000 3409 4056 videantur
3433 3999 3704 4054 obscura:
3727 3997 3862 4054 ideo

488 4092 580 4148 vel
627 4090 892 4172 universo
933 4087 1180 4146 Concilio
1222 4087 1489 4143 Lucensis
1533 4090 1781 4144 ecclesia
1826 4091 2124 4164 episcopus
2222 4094 2407 4149 visum
2441 4100 2525 4150 est
2552 4100 2615 4149 ut
2643 4111 2774 4150 cum
2801 4095 2962 4151 omni
2986 4094 3302 4168 diligentia,
3325 4096 3383 4150 et
3410 4109 3540 4167 qua
3555 4109 3658 4165 per
3679 4095 3867 4148 trans-

490 4179 1072 4264 Martinus.\Canones
1099 4182 1198 4254 qui
1225 4182 1284 4237 in
1310 4182 1568 4254 partibus
1611 4184 1845 4239 orientis
1871 4185 1940 4240 ab
1972 4187 2120 4241 anti-
2223 4187 2431 4244 latores
2457 4188 2748 4246 obscurius
2774 4190 2922 4246 dicta
2947 4195 3099 4258 sunt,
3119 4193 3176 4244 et
3201 4205 3266 4244 ea
3292 4205 3420 4260 qua
3438 4203 3541 4260 per
3559 4187 3866 4258 scriptores

493 4280 621 4354 quis
660 4278 918 4336 Patribus
955 4276 1244 4334 constituti
1269 4279 1421 4332 sunt.
1449 4279 1639 4334 Graco
1668 4279 1824 4350 prius
1857 4295 2122 4336 sermone
2223 4285 2357 4337 sunt
2370 4283 2671 4340 immutata
2687 4283 2997 4356 simplicius
3011 4287 3069 4340 et
3086 4282 3438 4339 emendatius
3453 4285 3862 4351 restaurarem,

492 4373 793 4446 conscripti
818 4375 967 4442 sunt,
996 4374 1194 4444 postea
1211 4373 1406 4427 autem
1435 4373 1757 4428 succedenti
1787 4378 2041 4447 tempore
2061 4375 2122 4430 in
2223 4375 2280 4431 id
2307 4376 2564 4449 primum
2592 4378 2922 4448 observans,
2954 4383 3017 4433 ut
3043 4377 3138 4433 illa
3163 4392 3291 4450 qua
3321 4377 3395 4431 ad
3421 4376 3741 4448 episcopos,
3772 4375 3865 4432 vel

493 4469 754 4526 Latinam
784 4467 1046 4540 linguam
1063 4466 1323 4522 translati
1347 4468 1496 4522 sunt.
1526 4467 1594 4521 Et
1613 4467 1745 4539 quia
1770 4467 1995 4524 difficile
2017 4474 2120 4536 est,
2223 4469 2552 4526 universum
2582 4473 2795 4529 clerum
2819 4473 3109 4545 pertinent
3131 4488 3244 4527 una
3271 4472 3331 4526 in
3356 4474 3519 4543 parte
3539 4469 3867 4542 conscripta

496 4567 561 4619 ut
584 4561 893 4635 simplicius
919 4559 1136 4632 aliquid
1161 4577 1229 4616 ex
1255 4560 1366 4615 alia
1408 4560 1602 4633 lingua
1647 4562 2022 4617 transferatur
2064 4563 2123 4617 in
2143 4607 2201 4680 D
2225 4563 2357 4634 sint,
2383 4564 2648 4620 similiter
2671 4570 2728 4622 et
2754 4582 2883 4638 qua
2914 4566 2986 4622 ad
3017 4565 3185 4621 laicos
3214 4564 3506 4638 pertinent
3537 4564 3702 4619 simul
3746 4563 3866 4619 sint

499 4658 662 4680 -12-...
718 4656 996 4680 -2.._--I._---
1026 4661 1077 4680 ,ιιι
1107 4654 1242 4680 211--.]
1273 4654 1471 4680 ---ελει
1523 4659 1584 4680 .-ι
1614 4655 1667 4680 ζ..
1701 4656 1871 4680 ιΑκιε-
1902 4661 2089 4680 ι,.ι..--
2227 4657 2463 4680 ...Ι--....Αᾼ
2522 4664 2580 4680 --Α
2623 4659 2680 4680 .⁴Ι-
2725 4676 2825 4680 ____
2883 4659 3115 4680 -___£L__I_
3174 4659 3307 4680 _-!__
3364 4657 3562 4680 _I_‘_..!_
3593 4657 3838 4680 _._I.--._'A

496 4658 689 4728 aliam,
716 4656 998 4730 simulque
1023 4661 1079 4712 et
1106 4654 1247 4711 illud
1271 4654 1494 4724 accidit,
1523 4659 1589 4710 ut
1612 4655 1671 4710 in
1701 4656 1874 4710 tantis
1902 4661 2121 4728 tempo-
2143 4654 2201 4680 ν
2225 4657 2491 4727 adunata,
2522 4664 2585 4714 ut
2615 4659 2687 4714 de
2718 4676 2832 4732 quo
2877 4659 3122 4732 capitulo
3170 4659 3312 4716 scire
3359 4657 3564 4732 aliquis
3593 4657 3862 4727 voluerit,

493 4752 650 4808 ribus
669 4751 973 4823 scriptores
998 4754 1098 4806 aut
1115 4766 1230 4806 non
1255 4749 1663 4820 intelligentes,
1682 4755 1780 4806 aut
1807 4749 2122 4806 dormitan-
2225 4752 2402 4824 possit
2429 4753 2665 4809 celerius
2697 4753 2972 4810 invenire.

574 4930 624 4982 1.
658 4927 734 4984 De
759 4925 1032 4982 electione
1071 4921 1342 4997 episcopi.

569 5024 624 5077 2.
657 5021 738 5075 De
767 5018 1130 5076 ordinatione
1168 5015 1446 5089 episcopi.

571 5118 622 5171 3.
653 5116 732 5169 De
763 5113 1080 5169 evacuanda
1108 5107 1475 5166 ordinatione
1504 5123 1630 5180 qua
1655 5108 1886 5164 absente
1912 5113 2124 5166 metro-

497 5207 756 5281 politano
782 5206 956 5262 fuerit
979 5205 1150 5260 facta.

569 5302 622 5356 4.
655 5301 732 5355 De
759 5298 1013 5370 primatu
1046 5294 1487 5367 metropolitani.

570 5398 623 5450 5.
653 5393 731 5447 De
758 5407 825 5446 eo
852 5390 951 5463 qui
975 5405 1078 5462 per
1101 5388 1474 5444 ambitionem
1515 5388 1586 5444 de
1613 5388 1872 5446 inferiori
1907 5390 2130 5449 civitate

498 5487 572 5545 ad
600 5485 882 5558 majorem
921 5482 1162 5539 transire
1190 5483 1452 5539 voluerit.

569 5586 623 5640 6.
653 5582 734 5637 De
765 5595 884 5635 non
906 5576 1192 5634 mutandis
1215 5576 1518 5650 parochiis.

569 5683 621 5734 7.
655 5679 731 5734 De
755 5671 1204 5748 prasumptione
1228 5671 1432 5728 aliena
1459 5671 1734 5728 dioecesis.

571 5775 624 5828 8.
655 5773 734 5827 De
757 5787 877 5826 non
902 5766 1302 5824 constituendo
1330 5765 1594 5839 episcopo
1622 5781 1965 5826 successore.

573 5867 627 5926 9.
653 5865 733 5921 De
759 5863 1076 5936 irruptione
1103 5859 1352 5918 vacantis
1387 5860 1658 5917 ecclesia.

2303 4929 2388 4982 10.
2418 4929 2494 4984 De
2523 4927 2787 5000 episcopo
2813 4944 2915 5000 per
2945 4927 3340 4984 necessitatem
3362 4931 3624 4984 vacante.

2304 5024 2390 5078 11.
2419 5022 2495 5076 De
2519 5026 2909 5094 contemptore
2935 5022 3218 5095 episcopo.

2304 5117 2388 5170 I2.
2418 5116 2494 5170 De
2526 5115 2798 5172 seditiose
2825 5117 3110 5190 episcopo.

2305 5211 2390 5263 13.
2419 5209 2500 5264 De
2527 5210 2845 5266 senioribus
2863 5210 3082 5282 judicii.

2305 5303 2389 5357 14.
2422 5303 2501 5359 De
2529 5304 2780 5377 episcopi
2817 5303 3264 5377 praesumptione
3289 5303 3349 5358 in
3380 5302 3552 5360 rebus
3585 5303 3863 5362 ecclesia.

2306 5400 2391 5452 15.
2425 5397 2500 5452 De
2529 5398 2699 5454 rebus
2727 5398 3117 5456 ecclesiasticis
3147 5397 3554 5470 gubernandis.

2303 5493 2387 5545 l6.
2417 5492 2493 5546 De
2520 5491 2688 5546 rebus
2715 5492 2966 5547 ecclesia
2991 5490 3411 5564 dispensandis.

2304 5582 2388 5640 17.
2418 5585 2497 5640 De
2525 5585 2614 5639 his
2639 5583 2735 5657 qui
2764 5585 2837 5641 de
2863 5584 3179 5642 ministerio
3207 5585 3460 5642 ecclesia
3483 5583 3702 5656 aliquid
3721 5601 3867 5642 ven-

2227 5677 2390 5733 dunt

2301 5774 2386 5827 18.
2419 5773 2500 5828 De
2526 5775 2744 5845 synodo
2776 5774 3055 5831 facienda.

2300 5868 2389 5922 19.
2418 5867 2499 5922 De
2525 5866 2794 5941 episcopo
2822 5869 2922 5942 qui
2946 5868 3195 5927 noluerit
3232 5867 3427 5928 venire
3450 5867 3526 5926 ad
3552 5867 3870 5945 synodum.
