4032 6332
187 380 280 431 577

252 487 339 538 20.
374 486 450 538 De
477 482 729 554 legitima
754 487 916 539 aetate
949 485 1250 540 ordinandi
1273 484 1650 556 presbyteros.

253 580 337 631 21.
367 578 450 630 De
481 577 756 630 eunuchis
785 578 882 648 qui
911 578 982 632 ab
1011 578 1134 633 aliis
1158 579 1323 650 ﬁunt,
1351 578 1441 632 vel
1460 577 1558 649 qui
1577 576 1684 632 sibi
1709 593 1806 632 na-

184 670 384 725 turalia
415 670 769 725 abscindunt.

251 767 336 818 22.
373 765 449 818 De
475 765 797 835 neophytis.

249 860 337 911 23.
371 858 452 911 De
485 857 792 927 pmnitente
825 874 940 912 non
967 858 1326 914 admittendo
1362 859 1435 913 ad
1459 858 1698 913 clerum.

249 952 337 1005 24.
368 952 447 1004 De
478 951 567 1005 his
596 951 693 1022 qui
717 951 1034 1022 indiscussi,
1079 956 1177 1007 aut
1219 952 1554 1024 presbyteri,
1578 959 1677 1007 aut
1696 951 1811 1006 dia-

184 1044 306 1098 coni
334 1045 584 1099 ordinati
613 1051 762 1100 sunt.

248 1142 334 1192 25.
365 1139 447 1192 De
471 1139 815 1209 presbyteris
840 1139 927 1194 vel
955 1139 1284 1194 diaconibus
1303 1139 1400 1211 qui
1428 1144 1556 1211 post
1574 1139 1806 1194 ordina-

183 1231 392 1286 tionem
428 1233 794 1287 denotantur.

249 1329 336 1380 26.
369 1327 448 1380 De
477 1326 566 1379 his
593 1327 691 1397 qui
718 1327 936 1394 viduas,
965 1331 1062 1381 aut
1088 1325 1346 1381 dimissas
1373 1326 1604 1381 ducunt.

249 1423 336 1473 27.
359 1422 438 1474 De
463 1420 902 1475 fornicatoribus
924 1420 1162 1475 clericis.

247 1517 334 1567 28.
363 1515 445 1566 De
477 1514 564 1566 his
597 1531 839 1584 quorum
859 1530 1065 1568 uxores
1086 1513 1458 1568 moschantur.

247 1610 336 1661 29.
369 1608 444 1660 De
475 1607 658 1660 viduis
683 1609 1038 1662 clericorum.

247 1705 335 1755 30.
374 1701 450 1754 De
477 1701 596 1754 ﬁlia
625 1702 870 1772 episcopi
899 1703 984 1755 vel
1008 1701 1322 1771 presbyteri
1345 1717 1474 1772 quae
1501 1700 1673 1756 fuerit
1710 1700 1804 1756 de-

179 1799 302 1848 vota
329 1798 386 1848 et
415 1795 752 1865 peccaverit.

246 1890 335 1942 31.
370 1889 451 1940 De
480 1888 676 1942 devota
703 1891 786 1943 vel
816 1895 1089 1960 peccante
1120 1907 1248 1961 quae
1277 1905 1336 1944 se
1359 1889 1723 1944 maritaverit.

248 1984 334 2035 32.
368 1982 450 2035 De
478 1981 918 2036 subintroductis
938 1984 1215 2054 adoptivis
1241 1983 1593 2039 mulieribus.

248 2078 335 2130 33.
371 2076 448 2129 De
479 2092 595 2130 non
621 2076 961 2146 recipiendis
999 2078 1236 2148 clericis,
1271 2081 1329 2132 et
1370 2079 1438 2133 de
1466 2077 1812 2133 infirmanda

181 2169 541 2224 ordinatione
569 2170 690 2240 ejus
711 2171 808 2240 qui
834 2171 954 2225 sine
977 2171 1225 2242 episcopi
1251 2172 1337 2226 sui
1361 2171 1584 2227 licentia
1610 2171 1680 2226 ab
1701 2171 1810 2226 alio

182 2263 444 2334 episcopo
477 2263 792 2318 ordinatur.

247 2357 334 2411 34.
359 2358 438 2411 De
459 2357 675 2411 clericis
706 2358 1107 2414 desertoribus.

249 2453 336 2505 35.
368 2452 448 2504 De
476 2451 817 2522 importunis
847 2451 1080 2506 clericis.

247 2547 335 2600 36.
365 2545 446 2598 De
473 2545 771 2616 purganda
801 2546 1069 2617 opinione
1094 2547 1343 2602 haeresis.

249 2642 337 2693 37.
368 2640 445 2693 De
477 2637 693 2693 clericis
724 2641 1240 2695 excommunicatis.
1289 2633 1315 2711 ᾖ

247 2735 334 2788 38.
366 2733 443 2786 De
471 2732 817 2804 presbyteris
846 2738 909 2788 ut
934 2735 1006 2789 ad
1027 2733 1302 2790 secundas
1325 2750 1443 2789 non
1469 2733 1683 2789 vadant
1709 2749 1812 2788 nu-

183 2825 344 2897 ptias.

247 2922 338 2974 39.
365 2921 447 2974 De
473 2919 565 2974 his
591 2919 689 2991 qui
713 2921 783 2976 ad
805 2921 1108 2976 diaconum
1140 2922 1451 2993 eliguntur.

248 3013 338 3068 40.
367 3013 530 3078 Quod
579 3030 698 3069 non
750 3014 884 3070 licet
930 3016 1236 3070 diaconum
1287 3015 1396 3070 nisi
1443 3015 1667 3087 jussum
1720 3032 1806 3070 se-

180 3107 336 3162 dere.

248 3201 338 3256 41.
369 3201 448 3256 De
480 3217 549 3256 eo
579 3202 732 3274 quod
763 3219 880 3257 non
909 3203 1039 3258 licet
1063 3203 1379 3274 quemlibet
1409 3220 1568 3259 sacra
1595 3208 1806 3277 myste-

180 3295 262 3350 ria
269 3297 542 3366 tangere.

245 3390 337 3444 42.
371 3391 441 3445 Ut
463 3390 734 3445 mulieres
759 3391 820 3446 in
851 3391 1161 3447 sacrarium
1193 3409 1309 3447 non
1334 3393 1568 3449 intrent.

246 3484 334 3538 43.
366 3484 446 3537 Ne
473 3483 652 3540 lector
680 3485 912 3540 alterius
936 3486 1166 3540 viduam
1190 3485 1439 3542 duxerit.

248 3577 338 3632 44.
368 3577 430 3633 Si
455 3578 837 3634 subdiaconus
865 3581 1175 3635 secundam
1206 3581 1431 3635 duxerit
1460 3596 1716 3635 uxorem.

247 3672 336 3726 45.
367 3673 438 3726 Ut
459 3688 573 3726 non
600 3674 868 3730 ascendat
892 3675 950 3728 in
977 3675 1262 3746 pulpitum
1292 3675 1404 3728 nisi
1428 3676 1628 3729 lector.

246 3765 335 3820 46.
366 3766 444 3819 De
486 3767 964 3822 conditionalibus
991 3785 1106 3823 non
1137 3768 1490 3839 ordinandis,
1536 3768 1644 3822 nisi
1670 3786 1807 3824 con-

179 3874 348 3915 sensu
372 3861 628 3932 patroni.

247 3955 338 4010 47.
371 3955 453 4009 De
496 3971 614 4009 non
661 3956 1029 4028 suscipiendis
1076 3956 1250 4011 servis
1297 3956 1356 4010 in
1398 3956 1557 4011 Clero
1585 3955 1806 4012 alienis.

247 4048 335 4103 48.
365 4050 442 4104 De
485 4065 602 4103 non
655 4051 1010 4106 celebrandis
1055 4050 1323 4106 natalitiis
1375 4052 1694 4122 martyrum
1747 4050 1808 4104 in

179 4142 639 4214 quadragesima.

249 4237 337 4290 49.
360 4237 484 4291 Non
515 4237 724 4308 suscipi
749 4238 955 4294 debere
985 4242 1114 4295 ante
1137 4239 1278 4294 duas
1305 4239 1691 4295 hebdomadas
1712 4239 1808 4294 sed

181 4330 310 4383 ante
341 4331 457 4384 tres
479 4330 730 4385 infantes
755 4332 828 4385 ad
849 4331 1220 4403 baptismum.

251 4425 337 4478 50.
369 4423 448 4477 De
479 4440 595 4478 non
627 4425 898 4480 solvendo
933 4426 1159 4498 jejunio
1206 4427 1266 4480 in
1312 4426 1511 4499 quinta
1536 4426 1679 4482 feria
1705 4428 1804 4482 Pa-

93 4502 106 4509 ’
182 4511 349 4567 schae.

253 4606 337 4658 51.
370 4604 449 4658 De
474 4603 784 4661 chrismate
809 4605 1182 4662 conﬁciendo.

248 4694 334 4747 52.
387 4693 516 4748 Non
567 4693 732 4749 liceat
756 4695 1087 4767 presbytero
1119 4713 1313 4752 coram
1341 4695 1605 4768 episcopo
1651 4696 1803 4751 chri-

184 4795 362 4836 smare
371 4823 384 4836 .

253 4873 339 4926 53.
367 4871 494 4926 Non
520 4870 653 4927 licet
677 4873 1009 4944 presbytero
1030 4879 1164 4931 ante
1194 4876 1526 4949 episcopum
1544 4851 1607 4930 in
1627 4875 1811 4947 bapti-

182 4959 419 5015 sterium
447 4961 709 5018 introire.

253 5051 337 5106 54.
367 5051 448 5105 De
475 5052 906 5124 praegnantibus
933 5053 1309 5126 baptizandis.

248 5144 337 5197 55.
370 5141 513 5206 Qua:
541 5142 603 5198 in
632 5143 796 5200 altari
825 5143 1018 5202 offerri
1043 5149 1290 5217 oportet.

249 5234 336 5287 56.
364 5233 448 5288 De
476 5233 823 5306 presbyteris
850 5235 1146 5292 forasticis.

247 5367 374 5425 CAP.
408 5369 451 5424 Ι.
481 5369 608 5424 Non
635 5368 772 5425 licet
793 5371 1008 5446 populo
1034 5369 1371 5428 electionem
1396 5371 1585 5428 facere
1612 5386 1811 5427 eorum

180 5460 277 5530 qui
301 5462 376 5517 ad
406 5462 796 5519 sacerdotium
819 5468 1229 5537 provocantur,
1258 5466 1354 5521 sed
1380 5464 1666 5537 judicium
1697 5463 1812 5535 epi-

179 5569 485 5628 scaporum
516 5561 619 5628 est,
644 5560 711 5612 ut
735 5557 846 5630 ipsi
871 5575 1005 5614 eum
1036 5559 1132 5632 qui
1159 5559 1513 5616 ordinandus
1540 5563 1643 5628 est,
1674 5573 1807 5630 pro-

175 5645 333 5719 bent,
361 5651 409 5705 si
449 5650 512 5705 in
553 5666 818 5708 sermone
857 5655 914 5709 et
952 5652 1088 5723 ﬁde,
1123 5657 1181 5708 et
1208 5654 1270 5708 in
1301 5653 1415 5708 vita
1454 5653 1685 5710 edoctus
1715 5651 1808 5707 sit.

246 5745 315 5800 Il.
343 5744 689 5817 Episcopum
729 5750 955 5819 oportet
995 5747 1242 5804 maxime
1271 5748 1503 5820 quidem
1543 5747 1614 5803 ab
1656 5745 1812 5803 omni

179 5840 417 5895 concilio
463 5841 754 5910 constitui,
796 5843 892 5898 sed
930 5843 978 5897 si
1023 5844 1127 5898 hoc
1173 5845 1272 5898 aut
1308 5860 1412 5915 pro
1453 5841 1808 5908 necessitate,

181 5939 277 5988 aut
299 5951 409 6006 pro
437 5934 862 6007 longinquitate
889 5936 1104 5992 itineris
1130 5937 1358 5994 difﬁcile
1378 5936 1571 6007 fuerit,
1595 5952 1664 5992 ex
1687 5950 1809 5990 om~

588 6033 861 6096 PATROL.
911 6034 1136 6099 CXXX.

1418 373 1888 430 DECRETALIUM
1924 372 2311 428 COLLECTIO.

3437 389 3538 441 578

1830 499 1890 571 Α
1982 486 2066 536 57.
2097 483 2176 536 De
2204 498 2322 536 non
2346 482 2663 554 jejunando
2689 485 2750 540 in
2777 486 2871 542 die
2900 487 3198 544 Dominico
3223 504 3412 562 neque
3439 508 3537 563 ge-

1909 592 2024 630 nua
2048 575 2353 630 ﬂectendo.

1982 673 2068 724 58.
2099 670 2179 723 De
2209 669 2498 740 gustandis
2525 672 2810 741 carnibus,
2843 679 2900 729 et
2924 692 3038 731 non
3063 679 3442 734 exsecrandis.

1981 765 2068 816 59.
2100 763 2180 815 De
2206 778 2272 816 eo
2303 763 2458 833 quod
2478 781 2592 818 non
2611 765 2779 821 liceat
2802 769 3188 826 sacerdotibus
3207 771 3297 825 vel
3323 772 3541 828 clericis

1911 855 2246 926 spectaculis
2273 856 2569 913 interesse.

1981 952 2069 1003 60.
2098 950 2177 1003 De
2225 966 2290 1004 eo
2330 951 2484 1022 quod
2532 968 2648 1006 non
2692 953 2856 1008 liceat
2893 956 3278 1014 sacerdotibus
3307 959 3396 1015 vel
3431 962 3540 1016 cle-

1910 1042 2043 1097 ricis
2068 1043 2474 1098 incantatorias
2504 1048 2561 1100 et
2585 1048 2900 1102 contrarias
2924 1050 3201 1121 ligaturas
3233 1053 3440 1110 facere.

1982 1139 2070 1191 61.
2103 1137 2176 1191 De
2207 1154 2275 1192 eo
2303 1137 2457 1209 quod
2486 1155 2604 1194 non
2635 1133 2798 1196 lic'eat
2823 1143 3073 1198 convivia
3097 1145 3282 1203 facere
3308 1146 3379 1204 de
3408 1165 3539 1204 con-

1907 1229 2086 1284 fertis.

1981 1328 2066 1379 62.
2090 1325 2169 1379 De
2198 1325 2384 1379 usuris
2411 1325 2498 1381 vel
2527 1327 2895 1399 negotiorum
2919 1330 3109 1388 lucris.

1981 1420 2069 1473 63.
2098 1419 2176 1471 De
2202 1418 2421 1474 clericis
2446 1420 2544 1491 qui
2565 1420 2639 1475 ad
2668 1422 3019 1478 matutinum
3043 1425 3130 1480 vel
3153 1429 3539 1499 vespertinum

1911 1528 2027 1566 non
2055 1511 2421 1568 conveniunt.

1981 1606 2069 1660 64.
2099 1607 2174 1660 De
2201 1623 2267 1661 eo
2296 1607 2450 1678 quod
2493 1625 2610 1663 non
2653 1609 2825 1666 liceat
2849 1611 3064 1667 clericis
3113 1613 3204 1670 die
3247 1616 3541 1673 Dominico

1910 1698 1980 1752 ab
2009 1699 2245 1754 ecclesia
2277 1700 2580 1755 absentari.

1981 1796 2067 1847 65.
2101 1793 2178 1847 De
2199 1809 2266 1848 eo
2298 1794 2453 1865 quod
2481 1811 2596 1850 non
2621 1795 2788 1853 liceat
2811 1797 3027 1854 clericis
3056 1805 3186 1856 ante
3216 1803 3414 1858 horam
3434 1809 3543 1861 ter-

1829 1884 1886 1956 B
1908 1885 2048 1941 tiam
2067 1886 2375 1958 prandere.

1981 1983 2066 2034 66.
2098 1981 2178 2035 De
2209 1981 2554 2037 attendenda
2585 1999 2746 2038 coma
2769 1984 3099 2042 clericorum
3129 1991 3187 2044 et
3214 1990 3416 2046 habitu
3444 2009 3539 2048 or-

1910 2073 2128 2130 dinato.

1981 2171 2069 2222 67.
2103 2169 2182 2223 De
2213 2184 2279 2223 eo
2307 2170 2459 2240 quod
2486 2187 2605 2225 non
2630 2171 2795 2226 liceat
2820 2174 3070 2243 poeticos
3087 2176 3336 2246 psalmos
3365 2178 3426 2234 in
3447 2196 3538 2236 ec-

1912 2262 2082 2316 clesia
2108 2261 2315 2332 dicere,
2347 2270 2403 2319 et
2426 2263 2599 2319 libros
2623 2267 2978 2337 apocryphos
3016 2268 3229 2339 legere.

1983 2357 2071 2410 68.
2095 2356 2175 2409 De
2204 2372 2270 2410 eo
2293 2358 2446 2427 quod
2465 2375 2579 2412 non
2607 2359 2774 2414 liceat
2799 2377 2970 2432 super
2986 2369 3369 2421 monumenta
3395 2384 3544 2425 mor-

1913 2451 2143 2503 tuorum
2172 2449 2373 2504 missas
2398 2455 2611 2507 tenere.

1909 2542 2164 2613 Capitula
2185 2559 2469 2599 canonum
2490 2545 2562 2599 ad
2582 2546 2756 2602 laicos
2773 2531 3182 2619 pertinentium
3204 2558 3536 2626 sequuntur.

1983 2639 2070 2691 69.
2103 2637 2175 2690 De
2207 2653 2273 2691 eo
2301 2638 2452 2708 quod
2493 2655 2612 2694 non
2641 2639 2809 2696 liceat
2845 2642 3166 2700 christianis
3201 2649 3440 2718 prandia
3466 2650 3540 2705 ad

1910 2735 2282 2785 monumenta
2309 2735 2559 2802 portare.

1982 2827 2068 2878 70.
2098 2825 2174 2877 De
2207 2841 2272 2878 eo
2298 2827 2450 2896 quod
2477 2842 2595 2881 non
2625 2827 2791 2883 liceat
2815 2827 3036 2884 clericis
3057 2832 3141 2886 vel
3165 2832 3320 2890 laicis
3339 2837 3538 2892 catho-

1909 2912 2028 2966 licis
2058 2914 2357 2969 cathedras
2402 2915 2472 2970 ab
2517 2917 2798 2972 haereticis
2841 2919 3094 2991 eulogias
3137 2923 3412 2996 accipere,
3445 2931 3543 2982 aut

1910 3023 2041 3061 cum
2066 3007 2201 3078 ipsis
2230 3012 2287 3063 et
2313 3009 2683 3065 schismaticis
2709 3027 2892 3068 orare.

1980 3104 2068 3156 71.
2105 3102 2179 3156 De
2202 3118 2267 3156 eo
2296 3103 2453 3174 quod
2479 3120 2598 3159 non
2630 3105 2796 3161 liceat
2829 3106 3161 3164 Christianis
3192 3110 3692 3255 observatio-(4

1980 3211 2013 3248 :s
2042 3195 2287 3250 diversas
2318 3196 2631 3252 attendere.

1910 3211 2013 3249 nes
2042 3195 2287 3250 diversas
2318 3196 2631 3252 attendere.

1831 3257 1885 3332 Ο
1980 3291 2068 3343 72.
2097 3290 2175 3344 De
2197 3306 2264 3344 eo
2292 3291 2447 3361 quod
2477 3308 2592 3346 non
2613 3291 2783 3349 liceat
2801 3294 3134 3352 Christianis
3152 3299 3350 3356 tenere
3369 3301 3545 3357 tradi-

1908 3381 2094 3437 tiones
2118 3383 2437 3454 gentilium.

1977 3479 2066 3531 73.
2099 3475 2171 3531 Ut
2197 3493 2315 3532 non
2356 3477 2524 3534 liceat
2551 3478 2845 3537 observare
2872 3483 3059 3554 lunas,
3108 3489 3208 3540 aut
3245 3487 3540 3543 stellarum

1909 3583 2124 3625 cursus.

1979 3665 2068 3720 74.
2099 3666 2178 3720 De
2205 3680 2271 3721 eo
2298 3667 2448 3738 quod
2472 3683 2590 3723 non
2620 3668 2786 3725 liceat
2807 3669 3104 3727 observare
3135 3672 3430 3730 Kalendas.

1982 3763 2067 3813 75.
2098 3760 2174 3815 De
2197 3776 2262 3814 eo
2289 3761 2440 3832 quod
2467 3779 2583 3817 non
2600 3762 2768 3819 liceat
2785 3765 3153 3822 medicinales
3179 3768 3385 3824 herbas
3405 3784 3538 3825 cum

1909 3851 2096 3924 aliqua
2124 3853 2516 3911 observatione
2546 3855 2836 3928 colligere.

1983 3949 2068 4001 76.
2098 3947 2176 4002 De
2205 3964 2274 4003 eo
2317 3949 2471 4021 quod
2516 3966 2630 4005 non
2659 3951 2822 4007 liceat
2850 3952 3087 4009 feminas
3121 3955 3457 4012 Christianas
3482 3958 3541 4012 in

1910 4038 2165 4096 laniﬁciis
2191 4041 2403 4115 aliquid
2429 4043 2748 4101 observare.

1981 4139 2069 4190 77.
2098 4136 2175 4191 De
2205 4136 2520 4194 adulteriis.

1981 4236 2068 4287 78.
2109 4236 2186 4288 De
2223 4234 2560 4290 mulieribus
2608 4237 2948 4308 fornicariis,
2995 4246 3053 4297 et
3090 4241 3409 4298 abortivum
3453 4245 3539 4299 fa-

1909 4327 2208 4382 cientibus.

1981 4423 2067 4475 79.
2099 4422 2180 4475 De
2205 4420 2509 4477 homicidio
2551 4423 2890 4498 voluntario,
2933 4429 3020 4484 vel
3051 4447 3168 4486 non
3197 4431 3537 4488 voluntario.

1980 4512 2068 4565 80.
2098 4510 2176 4564 De
2204 4511 2446 4566 muliere
2472 4528 2598 4583 quae
2627 4513 2766 4569 duos
2790 4515 2996 4572 fratres
3016 4519 3302 4592 conjugio,
3336 4527 3393 4577 et
3420 4521 3539 4576 viro

1827 4633 1887 4706 D
1910 4600 2007 4672 qui
2035 4600 2177 4654 duas
2204 4617 2421 4656 sorores
2459 4601 2678 4657 habuit.

1979 4694 2066 4746 81.
2097 4692 2177 4745 De
2193 4690 2282 4744 his
2311 4691 2409 4760 qui
2437 4690 2664 4761 nuptias
2689 4692 3035 4752 iteraverint.

1980 4782 2068 4835 82.
2097 4781 2175 4834 De
2200 4779 2289 4833 his
2315 4779 2413 4852 qui
2441 4796 2497 4836 se
2529 4796 2661 4835 cum
2689 4782 3031 4840 animalibus
3052 4788 3536 4849 commiscuerint.

1981 4873 2069 4924 83.
2097 4870 2177 4924 De
2219 4869 2306 4923 his
2347 4869 2444 4941 qui
2488 4886 2668 4942 usque
2711 4873 2782 4927 ad
2818 4874 2992 4929 ﬁnem
3021 4876 3149 4932 vita:
3192 4879 3252 4934 in
3294 4884 3540 4952 peccatis

1909 4958 2243 5031 perdurant,
2279 4961 2337 5013 et
2370 4961 2430 5014 in
2460 4959 2616 5014 exitu
2645 4963 3111 5020 communionem
3137 4974 3359 5040 petunt.

1980 5049 2070 5104 84.
2099 5049 2178 5104 De
2205 5048 2295 5104 his
2319 5049 2418 5121 qui
2459 5049 2736 5106 intrantes
2765 5054 3058 5110 ecclesiam
3101 5063 3342 5131 propter
3373 5062 3536 5118 luxu-

1908 5137 2058 5193 riam
2077 5143 2431 5195 sacramento
2459 5155 2519 5195 se
2537 5139 2840 5196 abstinent.

1981 5230 2070 5284 85.
2099 5230 2174 5285 De
2199 5229 2720 5286 excommunicatis.

1909 5363 2076 5420 nibus
2104 5369 2219 5421 tres
2260 5366 2619 5438 colligantur,
2663 5371 2719 5421 et
2761 5369 3020 5426 omnium
3059 5377 3426 5444 praesentium
3453 5381 3539 5435 vel

1911 5459 2229 5514 absentium
2249 5459 2686 5531 subscriptiones
2705 5467 3032 5535 teneantur,
3056 5471 3114 5523 et
3137 5470 3214 5525 sic
3238 5476 3434 5543 postea
3453 5490 3541 5528 or-

1911 5552 2128 5608 dinatio
2173 5553 2292 5608 ﬁat.
2323 5553 2498 5624 Hujus
2527 5558 2718 5610 autem
2747 5556 2830 5612 rei
2856 5561 3105 5629 potestas
3133 5562 3192 5617 in
3219 5566 3374 5619 omni
3401 5582 3534 5636 pro-

1910 5645 2093 5702 vincia
2121 5646 2195 5701 ad
2222 5647 2731 5719 metropolitanum
2760 5652 3009 5723 pertinet
3047 5655 3391 5728 episcopum.

1983 5743 2073 5798 lll.
2105 5742 2229 5796 Non
2258 5740 2428 5796 debet
2454 5743 2701 5799 ordinari
2722 5745 3016 5819 episcopus
3043 5749 3254 5821 absque
3277 5752 3533 5825 consilio,

1915 5840 1973 5891 et
1998 5835 2304 5909 praesentia
2331 5838 2762 5910 metropolitani
2800 5841 3070 5912 episcopi.
3110 5841 3319 5898 Adesse
3343 5849 3537 5904 autem

1916 5948 2116 5988 omnes
2137 5932 2361 6001 oportet
2383 5931 2480 6002 qui
2499 5937 2628 5987 sunt
2652 5933 2712 5987 in
2728 5933 3022 6003 provincia
3041 5935 3380 6010 sacerdotes,
3395 5956 3538 6011 quos

3062 6037 3137 6094 19
