4032 6306
528 358 630 410 579

1417 349 1700 406 APPEND.
1741 349 1829 404 AD
1865 349 2027 405 SEC.
2068 347 2157 404 1X.
2186 377 2255 390 —
2294 347 2538 406 ISIDORI
2576 349 2998 408 MERCATORIS

3781 353 3889 408 580

526 478 630 534 per
659 478 821 517 suam
847 460 1019 516 debet
1048 459 1345 532 epistolam
1377 474 1701 512 convocare.
1734 458 1802 512 Et
1839 457 2072 528 quidem
2104 457 2151 511 si
2171 473 2230 544 Α
2320 461 2405 514 XI.
2444 459 2502 514 Si
2523 459 2649 530 quis
2681 460 2976 530 episcOpus
3009 457 3310 514 ordinatus
3339 456 3586 512 noluerit
3602 473 3773 528 agere
3796 476 3884 513 sa-

527 572 723 611 omnes
748 555 1114 622 occurrerint,
1133 553 1298 607 bene.
1325 551 1418 606 Sin
1448 555 1639 605 autem
1670 551 1776 604 hoc
1796 550 2021 605 difﬁcile
2035 551 2150 606 fue-

525 649 620 717 rit,
651 649 844 719 plures
870 651 1095 718 oportet
1123 659 1476 699 concurrere.
1506 643 1611 708 Qui
1635 648 1826 698 autem
1869 661 1985 698 non
2011 661 2145 699 con-

523 742 785 797 venerint
822 739 1184 812 praasentiam
1233 739 1318 792 sui
1372 753 1473 809 per
1524 738 1788 808 epistolas
1831 737 2061 804 faciant,
2095 741 2149 792 et

523 836 600 890 sic
629 834 888 889 omnium
930 833 1078 887 facto
1121 848 1402 886 consensu
1427 830 1854 887 ordinationem
1901 830 2148 901 episcopi

519 928 640 983 ﬁeri
659 931 900 998 oportet.
920 927 975 981 Si
990 931 1181 980 autem
1204 925 1369 980 aliter
1389 928 1594 996 praeter
1606 924 1759 995 quod
1778 924 2148 978 terminatum

522 1026 606 1078 est
630 1040 663 1076 a
694 1021 858 1075 nobis
884 1020 1058 1074 fuerit
1082 1019 1315 1085 factum,
1345 1019 1521 1073 talem
1563 1017 1978 1072 ordinationem
2005 1017 2146 1072 nihil

518 1115 826 1188 praevalere
843 1114 1221 1169 decernimus.
1244 1109 1350 1168 Sin'
1362 1116 1553 1166 autem
1573 1112 1885 1166 secundum
1902 1127 2146 1167 canones

520 1210 801 1265 ordinatio
816 1207 1061 1280 episcopi
1077 1207 1248 1262 fuerit
1275 1207 1442 1272 facta,
1472 1209 1528 1260 et
1553 1205 1597 1259 si
1623 1205 1748 1277 quis
1774 1222 1906 1260 cum
1927 1205 2146 1259 malitia

515 1303 575 1358 in
597 1304 786 1376 aliquo
815 1301 1236 1368 contradixerit,
1264 1300 1643 1372 plurimorum
1670 1315 1975 1354 consensus
1999 1298 2141 1353 obti-

512 1403 666 1456 neat.

591 1513 679 1566 IV.
706 1513 812 1565 Per
840 1510 1089 1581 singulas
1134 1506 1451 1579 provincias
1483 1508 1705 1578 Oportet
1734 1504 2025 1576 episcopos
2051 1520 2141 1559 co-

519 1621 791 1678 gnoscere
819 1602 1324 1674 metropolitanum
1353 1599 1702 1670 episcopum,
1725 1603 1783 1654 et
1808 1599 1998 1670 ipsum
2022 1599 2140 1670 pri-

517 1705 708 1756 matus
735 1714 930 1753 curam
958 1695 1261 1766 suscipere,
1291 1693 1435 1747 nihil
1462 1697 1654 1748 autem
1681 1709 1852 1764 agere
1896 1692 2143 1763 reliquos

519 1792 813 1865 episcopos
829 1795 1040 1862 prater
1067 1804 1221 1855 eum,
1251 1787 1560 1865 secundum
1590 1785 1746 1856 quod
1773 1785 2086 1856 antiquitus
2110 1802 2144 1839 a

2249 553 2584 620 cerdotium,
2617 570 2800 625 neque
2833 553 3186 608 consenserit
3227 553 3287 606 in
3335 552 3440 606 sibi
3469 552 3775 607 commissa
3801 569 3887 607 ec-

2249 645 2418 699 clesia
2440 647 2750 715 ambulare,
2782 646 2955 700 istum
2984 647 3158 701 talem
3193 646 3682 700 excommunicare
3712 662 3882 717 opor-

2248 740 2330 793 tet
2361 740 2512 809 quod
2539 739 2585 793 si
2606 744 2826 794 coactus
2850 739 3270 811 contempserit,
3292 743 3549 794 sanctum
3574 740 3884 794 concilium

2248 833 2402 903 quod
2428 833 2613 903 placet
2638 833 2709 887 de
2737 834 2940 888 eodem
2965 833 3248 888 terminet.

2319 927 2426 981 XII.
2476 925 2532 981 Si
2573 925 2699 997 quis
2742 927 3037 997 episcopus
3084 925 3376 981 ordinatus
3420 925 3622 996 fuerit,
3668 932 3726 982 et
3766 944 3884 982 non

2246 1019 2365 1073 vult
2382 1019 2562 1091 ipsam
2575 1019 2909 1091 parochiam
2925 1019 3206 1091 suscipere
3223 1021 3282 1073 in
3306 1036 3420 1090 qua
3432 1019 3759 1074 nominatus
3776 1025 3880 1087 est,

2246 1113 2348 1167 sed
2376 1113 2509 1167 alibi
2546 1113 2666 1168 vult
2708 1112 2980 1181 ordinari,
3022 1117 3078 1168 et
3105 1113 3220 1167 vim
3264 1113 3414 1180 facit,
3467 1130 3530 1167 ac
3573 1113 3883 1169 seditiones

2246 1207 2491 1261 concitat
2514 1209 2711 1261 contra
2736 1223 2830 1261 eos
2855 1206 2951 1278 qui
2980 1207 3140 1261 illum
3168 1207 3590 1276 ordinaverunt,
3621 1208 3776 1262 hunc
3807 1208 3878 1262 ab

2246 1300 2464 1354 honore
2491 1302 2717 1371 oportet
2756 1300 3062 1369 removeri;
3093 1300 3139 1354 si
3166 1303 3357 1354 autem
3396 1300 3455 1354 in
3500 1299 3742 1371 pristino
3771 1301 3875 1355 ho-

2247 1409 2386 1447 nore
2412 1393 2748 1464 presbyterii
2775 1393 2895 1447 vult
2923 1396 3096 1462 stare,
3131 1410 3245 1448 non
3289 1396 3508 1448 vetetur
3537 1399 3599 1448 ut
3628 1395 3877 1465 gradum

2244 1503 2416 1558 quem
2474 1486 2676 1540 habuit
2710 1486 2970 1542 retineat.
3017 1486 3178 1550 Quod
3229 1487 3276 1541 si
3322 1487 3629 1542 reluctatus
3678 1489 3876 1556 fuerit,

2244 1575 2418 1630 etiam
2443 1576 2513 1629 ab
2540 1575 2752 1630 honore
2783 1575 3122 1646 presbyterii
3149 1576 3491 1647 deponatur.

2313 1669 2437 1723 XIII.
2467 1669 2522 1724 Si
2550 1669 2678 1739 quis
2723 1669 3019 1740 episcopus
3050 1669 3108 1723 in
3134 1669 3417 1740 aliquibus
3458 1671 3880 1726 causationibus

2235 1763 2544 1833 judicatur,
2573 1767 2628 1817 et
2654 1763 2856 1817 viderit
2883 1763 3038 1834 ipsos
3066 1763 3359 1834 episcopos
3382 1764 3481 1835 qui
3504 1765 3561 1819 in
3585 1765 3880 1835 provincia

515 1850 772 1959 pauibils
797 1850 1004 1939 n‘ostris
1033 1881 1398 1936 constitutum
1438 1854 1762 1934 conﬁnem:
1802 1879 1861 1934 in
1902 1895 2138 1947 canone,
2162 1850 2218 1922 B
2243 1860 2374 1910 sunt
2393 1856 2544 1910 inter
2562 1872 2619 1910 se
2635 1855 2851 1926 judicio
2869 1855 3207 1926 discrepare,
3230 1861 3294 1911 ut
3311 1857 3404 1910 alii
3424 1857 3724 1912 videantur
3739 1873 3877 1912 eum

514 1983 752 2053 propter
763 1978 915 2050 quod
932 1981 986 2031 et
1003 1975 1474 2047 metropolitanus
1487 1974 1778 2045 episcopus
1791 1971 1840 2044 1
1857 1971 1984 2044 42
2000 1972 2142 2066 nihil

513 2072 916 2146 praesumptive
943 2074 1195 2125 assumat
1216 2069 1426 2140 absque
1450 2067 1682 2122 consilio
1711 2071 2076 2134 caeterorum,

582 2185 645 2240 V.
675 2184 731 2240 Si
756 2183 882 2255 quis
909 2182 1191 2254 particeps
1215 2180 1454 2251 alicujus
1495 2178 1667 2233 fuerit
1697 2177 2019 2232 ambitionis
2052 2177 2136 2231 in-

511 2283 732 2347 ventus,
755 2278 870 2332 sive
887 2276 1197 2348 episcopus,
1222 2275 1336 2328 sive
1353 2273 1646 2344 presbyter
1661 2272 1750 2326 vel
1767 2271 2052 2339 diaconus,
2069 2270 2140 2325 de

511 2371 770 2428 infcriori
807 2369 1028 2425 civitate
1068 2386 1184 2423 non
1223 2371 1476 2422 transeat
1514 2366 1584 2420 ad
1628 2365 1927 2437 majorem.
1958 2364 2064 2419 Sed
2093 2363 2139 2418 si

512 2467 638 2539 quis
658 2470 857 2521 contra
873 2464 992 2518 haec
1007 2461 1203 2533 magni
1218 2461 1440 2517 concilii
1457 2459 1764 2516 constituta
1778 2459 2138 2531 importunus

509 2559 806 2626 exstiterit,
836 2555 1166 2613 omnimodo
1195 2557 1496 2610 evacuetur
1538 2551 1865 2625 hujusmodi
1903 2552 2133 2621 factum,

507 2654 566 2705 et
592 2665 706 2704 sua
725 2649 938 2703 iterum
963 2643 1577 2702 restaureturecclesize
1593 2642 1683 2697 cui
1699 2641 2014 2713 episcopus,
2037 2647 2137 2695 aut

506 2743 819 2816 presbyter,
851 2746 950 2796 aut
979 2741 1250 2795 diaconus
1277 2738 1432 2809 prius
1459 2737 1643 2792 fuerat
1667 2735 2026 2790 constitutus.

576 2853 665 2907 VI.
717 2849 1059 2920 Episcopum
1108 2864 1142 2900 a
1192 2845 1420 2917 propria
1469 2843 1737 2916 parochia
1790 2860 1910 2899 non
1972 2842 2136 2897 liceat

507 2943 752 3000 transire
769 2943 828 2996 in
843 2941 1016 2996 aliam
1035 2955 1220 3011 neque
1241 2955 1339 2992 sua
1349 2941 1552 3008 sponte
1575 2937 1828 3007 introire,
1851 2953 2038 3008 neque
2053 2936 2136 2990 in-

504 3040 764 3104 vitatum,
795 3051 978 3106 neque
1005 3033 1076 3088 ab
1101 3033 1360 3104 episcopo
1380 3036 1659 3098 coactum,
1681 3030 1779 3085 sed
1795 3034 2134 3102 permaneat

505 3133 568 3188 in
595 3133 737 3198 loco,
768 3129 828 3184 in
859 3145 970 3200 quo
1004 3144 1038 3181 a
1080 3128 1191 3181 Deo
1232 3129 1316 3180 est
1357 3125 1668 3194 ordinatus,
1700 3125 1839 3178 etin
1869 3141 1934 3179 ea
1959 3139 2132 3195 quam

506 3226 736 3281 sortitus
759 3227 844 3279 est
866 3221 1099 3278 ecclesia
1127 3219 1442 3275 secundum
1463 3218 1826 3290 antiquorum
1845 3234 2130 3273 canonum
2153 3219 2208 3295 ο

506 3321 894 3376 constitutum.

575 3424 681 3480 VII.
714 3422 772 3478 Si
797 3419 924 3494 quis
949 3419 1266 3492 episcopus,
1288 3433 1402 3472 non
1431 3432 1532 3489 per
1557 3414 1899 3489 scripturam
1925 3418 2134 3470 metro-

502 3517 742 3593 politani
768 3514 1034 3587 episcopi,
1075 3517 1175 3568 aut
1216 3511 1312 3584 qui
1341 3527 1473 3566 cum
1503 3527 1570 3566 eo
1595 3515 1745 3580 sunt,
1787 3515 2035 3580 rogatus,
2064 3509 2134 3564 de

504 3613 613 3668 alia
639 3608 926 3684 provincia
949 3609 1010 3663 in
1035 3607 1208 3662 aliam
1232 3604 1475 3673 venerit,
1504 3605 1600 3660 sed
1619 3603 2022 3677 praesumptive
2053 3603 2128 3657 ir-

502 3723 674 3763 ruens
697 3705 770 3760 ad
789 3701 1206 3759 ordinationem
1219 3703 1276 3756 et
1294 3699 1756 3755 constitutionem
1773 3697 2129 3766 clericorum,

502 3801 601 3873 qui
616 3800 687 3854 ad
705 3799 868 3854 illum
883 3814 999 3851 non
1018 3795 1309 3867 pertinent
1327 3794 1688 3864 importunus
1715 3791 1934 3858 existat,
1957 3807 2132 3845 vacua

504 3898 638 3949 sunt
663 3897 718 3947 et
747 3890 942 3946 inania
970 3888 1162 3943 omnia
1204 3903 1330 3960 quae
1354 3887 1423 3940 ab
1454 3903 1519 3941 eo
1545 3887 1776 3940 fuerunt
1802 3885 2127 3939 constituta.

503 3989 624 4058 Ipse
648 3990 844 4040 autem
873 3983 1049 4054 digna
1081 3980 1467 4052 increpatione
1495 3977 2045 4048 excommunicetur,
2075 3983 2132 4034 et

504 4080 787 4136 alienetur
812 4093 846 4132 a
867 4079 1058 4132 sancto
1087 4074 1347 4130 concilio.

577 4183 712 4237 VIII.
741 4180 1012 4253 Episcopo
1034 4195 1152 4233 non
1177 4177 1348 4232 liceat
1363 4180 1493 4231 ante
1523 4177 1700 4231 ﬁnem
1729 4176 1856 4231 vitae
1881 4175 2055 4232 alium
2071 4176 2131 4230 in

501 4280 626 4336 loco
654 4293 756 4332 suo
787 4274 1126 4330 constituere
1153 4287 1554 4326 successorem.
1579 4271 1638 4326 Si
1657 4270 1784 4342 quis
1808 4277 2000 4326 autem
2025 4272 2130 4326 hoc

503 4387 780 4444 usurpare
803 4367 1124 4434 tentaverit,
1152 4366 1278 4420 talis
1304 4364 1632 4421 constitutio
1673 4364 1831 4419 irrita
1852 4366 1978 4420 erit.
2006 4366 2130 4420 Non

502 4469 672 4523 aliter
697 4481 836 4536 ergo
857 4463 982 4517 fieri
1009 4464 1232 4533 oportet
1255 4460 1364 4514 nisi
1381 4476 1512 4514 cum
1532 4459 1769 4514 concilio
1797 4464 1854 4513 et
1872 4459 2128 4531 judicatu

501 4563 894 4635 episcOporum
925 4556 1022 4628 qui
1042 4559 1172 4628 post
1189 4554 1406 4660 exitum
1431 4553 1865 4626 predecessoris
1885 4557 2128 4625 potesta-
2146 4597 2206 4669 D

498 4663 614 4713 tem
639 4655 855 4710 habent
878 4652 1120 4724 dignum
1147 4649 1382 4721 eligere.

571 4761 657 4815 IX.
687 4759 742 4815 Si
771 4758 898 4830 quis
923 4756 1217 4827 episcopus
1244 4770 1448 4808 vacans
1484 4754 1544 4808 in
1572 4752 1866 4808 ecclesiam
1891 4767 2006 4807 non
2032 4751 2127 4805 ha-

497 4857 733 4912 bentem
777 4852 1108 4924 episcopum
1152 4848 1463 4918 subrepens
1503 4846 1713 4917 populo
1741 4845 1861 4900 sine
1894 4845 2125 4899 concilio

499 4947 712 5019 integri
738 4945 951 5001 ordinis
998 4941 1250 5009 irruerit,
1281 4939 1499 4994 etiamsi
1542 4939 1783 5010 populus
1827 4954 2001 5010 quem
2037 4955 2123 4994 se-

501 5041 662 5098 duxit
687 5039 971 5094 desideret
993 5037 1176 5103 illum,
1207 5033 1457 5090 alienum
1485 5033 1554 5088 ab
1577 5033 1811 5088 ecclesia
1830 5050 1945 5088 esse
1964 5050 2126 5105 opor-

498 5139 600 5192 tet.
629 5139 922 5205 Integrum
941 5133 1132 5186 autem
1155 5133 1211 5185 et
1237 5129 1550 5200 perfectum
1571 5128 1869 5184 consilium
1890 5128 2126 5184 dicimus

498 5230 660 5295 illud,
689 5229 749 5282 in
775 5244 887 5300 quo
915 5224 1378 5297 metropolitanus
1409 5223 1706 5296 episcopus
1735 5223 1922 5280 fuerit.

569 5335 629 5388 X.
686 5331 743 5387 Si
786 5330 912 5403 quis
955 5328 1246 5385 ordinatus
1290 5345 1394 5400 per
1439 5327 1862 5384 contentionem
1904 5325 2121 5399 populi,

497 5434 596 5485 aut
623 5443 726 5500 pro
762 5425 948 5497 aliqua
976 5425 1195 5480 ratione
1227 5430 1285 5479 et
1310 5440 1424 5478 non
1449 5441 1554 5495 pro
1580 5439 1679 5476 sua
1697 5422 1863 5493 culpa
1885 5423 1945 5474 in
1964 5435 2125 5491 paro-

493 5523 680 5580 chiam
708 5539 833 5594 quae
860 5521 911 5576 ei
937 5519 1106 5575 fuerit
1135 5519 1264 5574 data
1286 5533 1403 5571 non
1425 5517 1577 5582 ierit,
1607 5517 1760 5571 hunc
1785 5517 2010 5586 oportet
2031 5529 2120 5568 or-

492 5618 686 5672 dinem
717 5614 1017 5670 sacerdotii
1051 5610 1449 5668 tantummodo
1473 5611 1824 5681 contingere,
1855 5608 1934 5662 ita
1955 5611 2016 5662 ut
2053 5607 2122 5662 de

491 5711 663 5766 rebus
697 5709 947 5764 ecclesias
976 5706 1036 5760 in
1061 5721 1174 5776 qua
1200 5705 1463 5758 convenit
1489 5704 1632 5758 nihil
1659 5702 1766 5758 sibi
1793 5703 2120 5772 prazsumat,

493 5803 764 5856 sustineat
803 5807 992 5856 autem
1030 5797 1187 5868 quod
1211 5797 1279 5851 de
1309 5813 1375 5851 eo
1400 5802 1658 5852 sanctum
1701 5797 2006 5853 concilium
2033 5797 2123 5868 ju-

495 5894 681 5949 dicare
711 5893 969 5948 voluerit.

2243 1949 2339 2020 qui
2359 1949 2652 2020 judicatur
2673 1949 3004 2020 justiﬁcare,
3034 1949 3128 2003 alii
3175 1950 3574 2017 condemnare,
3603 1967 3707 2022 pro
3733 1951 3873 2006 deti-

2241 2043 2460 2098 nitione
2479 2043 2648 2113 hujus
2665 2042 3030 2098 dissensionis
3046 2043 3153 2098 hoc
3174 2044 3385 2114 placuit
3400 2049 3594 2099 sancto
3611 2045 3876 2112 concilio,

2243 2142 2304 2191 ut
2339 2137 2409 2190 de
2457 2137 2744 2207 provincia
2771 2136 2954 2191 vicina
2979 2137 3123 2191 alter
3151 2138 3626 2209 metropolitanus
3663 2154 3876 2193 convo-

2240 2232 2400 2284 cetur
2419 2231 2730 2302 episcopus,
2750 2235 2815 2285 ut
2832 2247 2936 2302 per
2955 2246 3089 2285 eum
3107 2231 3483 2285 conﬁrmetur
3508 2231 3658 2302 quod
3680 2247 3880 2286 secun-

2239 2323 2377 2377 dum
2408 2328 2620 2378 rectum
2650 2324 2926 2396 placuerit
2949 2339 3244 2378 canonem.

2310 2417 2438 2471 XIV.
2471 2417 2526 2472 Si
2550 2417 2675 2488 quis
2705 2418 3001 2488 episcopus
3027 2417 3183 2471 nulla
3210 2417 3599 2473 ecclesiasticas
3630 2417 3877 2474 rationis

2240 2511 2568 2566 necessitate
2593 2513 2910 2582 compulsus
2932 2511 3110 2566 inscio
3133 2512 3304 2580 clero,
3331 2515 3430 2566 aut
3459 2511 3552 2566 ubi
3578 2511 3725 2567 forte
3750 2529 3875 2567 non

2239 2607 2323 2658 est
2363 2604 2658 2676 presbyter
2700 2605 2769 2659 de
2815 2605 2981 2660 rebus
3029 2605 3414 2660 ecclesiasticis
3459 2605 3676 2677 aliquid
3720 2623 3872 2677 prae-

2237 2697 2540 2768 sumpserit
2579 2698 2844 2765 vendere,
2892 2715 2980 2753 res
3019 2697 3171 2769 ipsas
3212 2699 3457 2754 ecclesia:
3498 2699 3742 2770 propriae
3774 2716 3872 2754 re-

2237 2794 2486 2846 staurare
2499 2795 2758 2863 cogatur,
2777 2795 2833 2846 et
2848 2792 2905 2845 in
2919 2791 3132 2863 judicio
3149 2791 3545 2864 episcoporum
3564 2791 3875 2863 dejiciatur

2233 2883 2478 2952 auditus,
2513 2889 2570 2939 et
2611 2889 2887 2957 tanquam
2929 2885 3066 2940 furti
3094 2892 3192 2942 aut
3226 2886 3507 2942 latrocinii
3541 2903 3670 2941 reus
3697 2903 3732 2941 a
3762 2903 3871 2942 suo

2233 2976 2487 3048 privetur
2514 2979 2752 3033 honore.

2303 3072 2407 3125 XV.
2447 3070 2584 3135 Quae
2614 3077 2747 3126 sunt
2772 3072 3018 3128 ecclesias
3053 3073 3376 3128 conservari
3417 3074 3706 3129 communi
3737 3074 3868 3130 dili-

2235 3166 2444 3236 gentia,
2481 3171 2536 3221 et
2585 3166 2735 3221 bona
2773 3166 3130 3235 conscientia,
3178 3173 3235 3222 et
3276 3167 3384 3223 Iide
3424 3168 3523 3224 Dei
3549 3169 3645 3240 qui
3673 3169 3870 3224 omnia

2233 3259 2404 3326 videt,
2437 3265 2492 3314 et
2513 3259 2735 3330 judicat
2775 3261 3088 3331 gubernari
3130 3265 3357 3332 oportet
3399 3278 3530 3317 cum
3565 3261 3782 3332 judicio
3811 3267 3870 3317 et

2231 3356 2509 3424 potestate
2528 3353 2796 3425 episcopi,
2819 3354 2911 3408 cui
2928 3357 2986 3410 et
3005 3354 3192 3409 omnis
3217 3355 3463 3426 populus
3479 3356 3534 3410 et
3549 3371 3870 3427 congrega-

2232 3447 2311 3501 tio
2337 3446 2640 3504 commissa
2665 3452 2750 3503 est
2772 3448 3116 3503 animarum.
3136 3447 3426 3504 Manifesta
3442 3452 3633 3505 autem
3651 3448 3870 3504 debent

2233 3557 2352 3596 esse
2382 3558 2510 3613 qua:
2556 3541 2631 3596 ad
2674 3542 2968 3598 ecclesiam
2998 3542 3287 3614 pertinent
3310 3542 3371 3597 in
3396 3541 3736 3598 conscientia
3762 3560 3864 3598 eo-

2231 3652 2381 3705 rum,
2413 3635 2512 3707 qui
2535 3637 2684 3691 circa
2710 3636 2998 3708 episcopos
3021 3640 3153 3692 sunt
3176 3637 3471 3708 presbyter
3490 3641 3548 3692 et
3567 3637 3860 3703 diaconus,

2233 3733 2296 3784 ut
2320 3729 2381 3784 hi
2409 3746 2605 3785 omnes
2631 3730 2809 3784 sciant
2839 3747 2965 3801 qum
2993 3736 3125 3786 sunt
3148 3731 3400 3786 ecclesiae
3440 3731 3691 3803 propria,
3721 3734 3789 3785 ut
3816 3731 3864 3785 si

2231 3823 2480 3895 episcopi
2502 3823 2803 3894 contigerit
2826 3825 3119 3895 transitus,
3156 3841 3251 3880 eos
3281 3825 3424 3880 nihil
3469 3826 3642 3880 latere
3683 3827 3864 3896 possit

2231 3934 2297 3972 ex
2323 3917 2412 3971 his
2435 3934 2563 3989 quae
2606 3918 2675 3972 ad
2703 3917 2998 3973 ecclesiam
3042 3918 3354 3991 pertinent,
3397 3923 3464 3974 ut
3505 3919 3659 3973 nullo
3686 3918 3862 3974 modo

2231 4011 2450 4083 possint
2471 4011 2654 4066 minui
2674 4015 2733 4065 et
2750 4013 2958 4083 perire,
2993 4029 3178 4085 neque
3210 4029 3299 4068 res
3327 4013 3577 4084 propriae
3607 4013 3861 4084 episcopi

2231 4105 2444 4160 debent
2468 4105 2968 4176 importunitatem
3000 4123 3102 4178 pro
3126 4107 3296 4162 rebus
3325 4106 3572 4162 ecclesiae
3597 4107 3735 4178 pati.
3771 4107 3865 4162 Di-

2231 4215 2412 4270 gnum
2431 4215 2566 4254 vero
2588 4204 2644 4254 et
2663 4199 2887 4270 justum
2912 4205 2997 4255 est
3021 4199 3173 4271 apud
3199 4201 3375 4256 Deum
3399 4202 3454 4256 et
3483 4199 3768 4268 homines,
3797 4203 3865 4255 ut

2231 4309 2296 4348 ea
2321 4310 2446 4364 quae
2472 4293 2577 4365 ipsi
2606 4293 2839 4365 propria
2860 4299 3010 4363 sunt,
3038 4295 3130 4349 cui
3153 4294 3396 4350 voluerit
3413 4294 3790 4366 derelinquat,
3805 4300 3863 4350 et

2229 4403 2357 4459 quae
2389 4387 2634 4442 ecclesias
2674 4391 2808 4442 sunt
2849 4388 3036 4443 eidem
3061 4391 3468 4444 conserventur
3491 4387 3762 4455 ecclesias,
3797 4390 3861 4442 ut

2226 4497 2334 4536 nec
2361 4481 2592 4537 ecclesia
2622 4481 2866 4552 patiatur
2889 4483 3183 4552 damnum,
3212 4499 3397 4554 neque
3431 4482 3726 4554 episcopus
3750 4498 3857 4553 pro

2226 4575 2396 4630 rebus
2424 4574 2669 4630 ecclesize
2690 4574 2747 4630 in
2768 4576 2884 4630 suis
2909 4576 3314 4648 proscribatur,
3336 4593 3406 4631 ne
3434 4581 3560 4647 post
3585 4577 3708 4647 ejus
3739 4575 3861 4631 obi-

2228 4671 2351 4724 tum
2382 4669 2441 4724 in
2470 4685 2668 4724 causas
2711 4669 2980 4740 incidant,
3011 4670 3107 4742 qui
3146 4671 3217 4726 ad
3253 4687 3384 4726 eum
3416 4669 3723 4743 pertinent,
3754 4686 3859 4725 nec

2225 4763 2344 4836 ipse
2367 4763 2427 4818 in
2448 4751 2818 4819 maledictum
2844 4764 3094 4818 incidere
3121 4764 3401 4820 videatur.

2296 4859 2424 4914 XVI.
2458 4856 2764 4929 Episcopus
2789 4858 2995 4912 habeat
3021 4862 3356 4928 potestatem
3387 4857 3446 4912 in
3477 4858 3646 4914 rebus
3673 4859 3857 4914 ecclee

2227 4953 2341 5023 site,
2369 4959 2433 5008 ut
2459 4953 2745 5024 dispenset
2771 4952 3164 5007 necessitatem
3193 4952 3528 5008 habentibus
3547 4969 3682 5008 eum
3700 4953 3859 5008 omni

2226 5048 2541 5103 reverentia
2572 5051 2630 5102 et
2650 5047 2857 5101 timore
2879 5045 2998 5101 Dei.
3028 5045 3370 5118 Participare
3399 5049 3455 5102 et
3479 5063 3611 5102 eum
3631 5051 3860 5118 oportet

2225 5157 2350 5213 quae
2376 5140 2689 5195 necessaria
2717 5143 2867 5205 sunt,
2900 5140 2945 5194 si
2973 5143 3167 5194 tamen
3208 5139 3347 5212 ipse,
3376 5143 3476 5196 aut
3503 5141 3602 5213 qui
3628 5157 3761 5195 cum
3792 5157 3857 5196 eo

2225 5239 2356 5288 sunt
2416 5234 2615 5289 fratres
2672 5233 3028 5305 indiguerint
3077 5234 3285 5307 aliquo,
3340 5237 3403 5289 ut
3455 5235 3855 5290 necessitatem

2225 5329 2550 5384 nullomodo
2563 5328 2854 5400 patiantur
2866 5328 3179 5384 secundum
3191 5330 3524 5401 Apostolum
3537 5329 3824 5385 dicentem
3841 5347 3853 5385 :

2225 5423 2381 5478 Victu
2407 5427 2464 5479 et
2488 5427 2819 5494 tegumento
2850 5423 2938 5480 his
2963 5425 3216 5480 contenti
3236 5441 3446 5478 sumus.
3471 5423 3528 5479 Si
3553 5428 3749 5478 autem
3771 5440 3856 5479 res

2225 5518 2623 5572 ecclesiasticas
2654 5517 2950 5590 episcopus
2976 5518 3036 5572 in
3077 5535 3207 5573 suas
3235 5519 3552 5574 voluntates
3578 5534 3856 5590 usurpare

2222 5611 2482 5679 voluerit,
2505 5613 2696 5666 etloca
2717 5612 2964 5668 ecclesiae
2981 5618 3036 5669 et
3054 5613 3271 5669 fructus
3291 5629 3566 5685 agrorum
3589 5629 3702 5667 non
3726 5630 3855 5668 cum

2221 5705 2682 5778 presbyterorum
2699 5707 2784 5762 vel
2804 5707 3173 5762 diaconorum
3187 5708 3425 5763 consilio
3441 5707 3855 5761 contaminave-

2221 5799 2314 5869 rit,
2343 5807 2442 5854 aut
2480 5800 2751 5856 fratribus
2777 5801 2860 5857 vel
2889 5801 3016 5856 Iiliis
3044 5802 3128 5855 vel
3156 5801 3586 5873 quibuscunque
3617 5801 3851 5872 propin-

2221 5893 2346 5964 quis
2371 5892 2593 5948 dederit
2609 5897 2966 5964 potestatem,
2982 5899 3048 5949 ut
3068 5909 3169 5965 per
3188 5911 3280 5949 eos
3303 5894 3546 5949 latenter
3569 5894 3856 5950 laedantur
