4032 6334
270 391 354 450 581
1499 394 1806 452 DECRETA
1814 397 1974 452 LIL'M
2012 396 2395 453 COLI.ECTIO.

3515 401 3616 454 582

266 521 349 558 res
381 504 650 575 ecclesias,
679 505 828 560 hunc
871 507 1094 577 oportet
1135 505 1443 561 obnoxium
1472 523 1593 559 esse
1622 507 1878 560 concilio.
1908 520 1964 592 Α
1984 510 2240 576 tempore
2271 507 2328 560 in
2358 506 2551 577 aliquo
2581 503 2740 577 gravi
2769 508 3001 577 peccato
3033 522 3065 558 a
3093 504 3311 558 duobus
3335 505 3417 557 vel
3439 505 3618 559 tribus

266 598 359 652 Sin
391 598 558 652 aliter
582 599 877 671 episcopus
906 601 991 653 vel
1025 600 1122 671 qui
1155 617 1284 654 cum
1311 617 1378 654 eo
1407 605 1540 654 sunt
1573 601 1886 670 presbyteri

265 697 359 746 aut
382 691 602 747 diaconi
630 697 985 762 accusentur,
1018 694 1149 764 quia
1180 711 1307 765 quae
1335 711 1400 747 ex
1445 693 1668 747 redditu
1701 694 1784 748 vel
1820 711 1890 748 ex

264 786 516 858 quolibet
563 791 688 841 actu
719 787 962 841 ecclesiae
991 787 1225 841 veniunt
1265 787 1325 841 in
1374 787 1528 841 sinus
1568 803 1698 841 suos
1729 787 1886 840 colli-

266 885 424 951 gunt,
460 885 513 934 et
541 897 818 951 pauperes
847 881 1116 935 fraudant
1145 884 1201 935 et
1237 881 1386 935 fame
1429 880 1756 948 conficiunt,
1787 881 1890 934 hos

264 973 415 1028 enim
438 973 649 1046 corripi
675 977 894 1044 oportet
914 975 1227 1029 secundum
1249 973 1404 1045 quod
1429 973 1754 1028 ordinatum
1774 973 1891 1029 fue-

262 1067 335 1120 rit
360 1083 392 1121 a
417 1072 612 1122 sancto
639 1067 892 1122 concilio.

331 1180 483 1234 XVII.
532 1181 586 1235 Si
629 1180 755 1251 quis
801 1181 1116 1252 presbyter,
1167 1186 1265 1235 aut
1311 1181 1582 1252 diaconus
1626 1180 1889 1235 inventus

262 1272 431 1327 fuerit
457 1273 671 1344 aliquid
703 1273 772 1328 de
813 1274 1144 1328 ministeriis
1174 1274 1422 1328 ecclesia
1450 1274 1886 1342 venundedisse,

263 1366 388 1437 quia
406 1366 766 1438 sacrilegium
780 1367 1439 1438 commisit,placuiteum
1455 1369 1512 1422 in
1527 1367 1888 1422 ordinatione

262 1459 641 1514 ecclesiastica
669 1477 784 1514 non
811 1461 1034 1515 haberi.
1076 1462 1136 1514 In
1173 1461 1389 1532 judicio
1416 1465 1610 1516 tamen
1639 1460 1887 1532 episcopi

262 1553 631 1609 dimittendus
660 1559 762 1623 est,
784 1553 896 1608 sive
925 1553 1151 1624 dignus,
1172 1556 1286 1608 sive
1314 1555 1582 1626 indignus
1605 1556 1664 1608 in
1687 1572 1786 1609 suo
1807 1572 1890 1608 re-

261 1647 366 1719 cipi
391 1648 594 1704 debeat
615 1650 816 1720 gradu,
837 1649 970 1720 quia
991 1649 1281 1704 multoties
1299 1651 1405 1704 hoc
1430 1649 1619 1722 ipsum
1642 1651 1794 1722 quod
1817 1650 1886 1703 de

260 1758 416 1796 sacro
447 1747 639 1796 sancto
682 1742 882 1796 altario
927 1743 1387 1798 contaminatum
1418 1749 1502 1798 est
1546 1743 1606 1797 in
1643 1743 1889 1816 episc0pi

261 1839 540 1907 potestate
567 1835 862 1890 dimissum
889 1840 993 1890 est.

329 1949 510 2003 XVIII.
555 1949 787 2019 Propter
833 1947 1232 2003 ecclesiasticas
1272 1965 1432 2003 curas
1479 1953 1536 2002 et
1577 1912 1964 2003 altercatio-B

260 2058 398 2096 num
427 2041 741 2096 solutiones
770 2041 917 2096 bene
945 2042 1156 2112 placuit
1174 2059 1276 2113 per
1295 2043 1546 2113 singulas
1573 2042 1889 2114 provincias

259 2135 343 2190 bis
359 2135 418 2189 in
435 2151 588 2190 anno
610 2135 908 2190 concilium
927 2137 1070 2203 fieri,
1085 2141 1425 2191 convocante
1443 2136 1889 2207 metropolitano

261 2228 521 2300 episcopo
547 2245 743 2282 omnes
762 2228 1131 2298 provinciales
1160 2230 1471 2301 episcopos,
1487 2229 1565 2284 ita
1585 2235 1650 2284 ut
1673 2229 1744 2283 ad
1765 2246 1888 2301 con-

259 2322 454 2376 cilium
486 2323 803 2393 pracedant
842 2339 1042 2376 omnes
1087 2323 1402 2394 presbyteri
1429 2329 1486 2378 et
1514 2323 1796 2391 diacones,
1815 2289 1891 2430 ὶιι

261 2431 458 2470 eorum
481 2415 580 2486 qui
602 2432 658 2470 se
675 2416 836 2469 laesos
858 2415 1187 2470 existimant
1211 2416 1269 2470 in
1297 2416 1535 2471 concilio
1563 2433 1744 2471 causae
1768 2415 1890 2470 ex'a-

259 2509 494 2564 minatas
521 2509 592 2563 ad
611 2510 829 2580 justum
864 2509 1144 2580 judicium
1188 2511 1596 2581 perducantur.
1625 2513 1692 2566 Et
1718 2510 1761 2564 si
1791 2511 1888 2582 qui

258 2603 562 2658 manifeste
593 2603 866 2674 episc0pi,
896 2603 985 2656 vel
1033 2604 1372 2675 presbyteri,
1404 2610 1501 2658 aut
1546 2605 1775 2659 diaconi
1801 2604 1886 2658 in-

257 2696 409 2750 venti
439 2696 652 2750 fuerint
677 2696 737 2750 in
769 2696 979 2751 offensa
1016 2697 1327 2751 secundum
1353 2699 1638 2752 rationem
1667 2714 1889 2752 excom-

257 2790 645 2857 municentur,
690 2789 949 2862 quandiu
999 2791 1290 2844 communi
1345 2808 1629 2846 consensu
1681 2792 1751 2846 de
1801 2793 1888 2846 his

254 2883 534 2953 placuerit
582 2883 718 2938 dare
765 2883 1125 2938 sententiam.
1176 2884 1323 2938 Nulli
1379 2888 1567 2940 autem
1624 2885 1886 2956 episcopo

255 2976 424 3032 liceat
436 2977 664 3048 propria
677 2978 827 3048 apud
845 2978 1218 3049 semetipsum
1234 2979 1471 3033 concilia
1486 2979 1668 3034 facere
1680 2983 1888 3050 praeter

257 3087 356 3124 eos
388 3071 594 3141 quibus
623 3073 971 3143 metropoles
998 3077 1129 3126 sunt
1157 3072 1409 3128 creditae.

325 3182 458 3238 XIX.
488 3183 570 3237 Ad
601 3183 907 3238 concilium
937 3188 1276 3239 convocatus
1322 3185 1622 3256 episcopus
1648 3202 1762 3239 non
1789 3185 1886 3240 de-

1987 601 2157 654 fuerit
2178 601 2446 668 devictus,
2463 600 2750 670 depositus
2772 601 2838 653 de
2863 600 3042 669 gradu
3069 615 3170 652 suo
3198 603 3376 652 cesset
3395 616 3426 651 a
3445 600 3612 653 clero.

1989 694 2042 748 Si
2068 693 2193 764 quis
2223 699 2420 747 contra
2472 695 2730 764 regulam
2773 694 2957 747 facere
2989 692 3434 763 praesumpserit,
3466 693 3614 764 quod

1991 787 2061 840 sit
2086 787 2400 840 contrarius
2427 787 2621 858 magni
2654 787 2875 841 concilii
2901 787 3236 858 projiciatur
3261 804 3293 839 a
3322 787 3491 839 clero.

2061 905 2235 958 XXIII.
2265 903 2546 957 Pmnitens
2573 908 2794 958 tantum
2835 903 2880 957 si
2904 903 3212 958 necessitas
3235 905 3332 956 aut
3364 920 3494 956 usus
3526 920 3620 957 co-

1988 997 2170 1068 egerit
2196 997 2346 1051 inter
2376 997 2637 1051 ostiarios
2680 998 2836 1068 prius
2881 997 3192 1068 deputetur
3230 997 3315 1050 vel
3361 997 3512 1050 inter
3543 999 3619 1051 le-

1990 1095 2194 1158 ctores,
2222 1091 2304 1144 ita
2331 1096 2391 1145 ut
2418 1090 2724 1161 Evangelia
2748 1092 2835 1144 vel
2865 1091 3198 1162 Apostolum
3225 1092 3396 1162 legat.
3418 1091 3470 1145 Si
3489 1091 3618 1162 quis

1990 1189 2181 1238 autem
2226 1189 2354 1238 ante
2406 1183 2696 1238 ordinatus
2751 1189 2853 1253 est,
2905 1185 3056 1237 inter
3099 1183 3472 1238 subdiaconos
3521 1185 3620 1238 ha-

1989 1278 2207 1345 beatur,
2236 1277 2316 1331 ita
2341 1283 2404 1331 ut
2428 1295 2630 1331 manus
2660 1294 2775 1332 non
2802 1278 3072 1348 imponat,
3097 1281 3194 1330 aut
3222 1295 3381 1332 sacra
3402 1276 3620 1332 contin-

1990 1376 2104 1441 gat.
2135 1373 2211 1425 Ex
2241 1371 2550 1442 paenitente
2579 1371 2730 1425 enim
2758 1371 3016 1440 dicimus,
3050 1371 3119 1426 de
3149 1388 3212 1425 eo
3240 1371 3336 1442 qui
3363 1377 3490 1442 post
3518 1370 3618 1425 ba-

1989 1466 2262 1536 ptismum
2285 1483 2386 1535 pro
2406 1465 2735 1534 homicidio,
2755 1470 2852 1519 aut
2877 1482 2982 1536 pro
3009 1464 3243 1518 diversis
3267 1465 3618 1531 criminibus,

1989 1563 2087 1613 aut
2113 1559 2458 1629 gravissimis
2501 1559 2744 1630 peccatis
2784 1559 3068 1630 publicam
3098 1558 3490 1629 paenitentiam
3521 1559 3622 1613 sub

1989 1653 2169 1706 cilicio
2199 1669 2400 1724 gerens
2427 1653 2618 1706 divino
2648 1653 2824 1706 fuerit
2849 1652 3245 1706 reconciliatus
3274 1653 3498 1707 altario.

2058 1764 2228 1818 XXIV.
2259 1763 2315 1818 Si
2347 1763 2472 1834 quis
2501 1764 2798 1834 presbyter
2835 1768 2932 1818 aut
2963 1764 3234 1817 diaconus
3268 1764 3388 1817 sine
3432 1763 3624 1835 aliqua

1990 1856 2408 1912 examinatione
2439 1857 2688 1911 ordinati
2714 1860 2866 1924 sunt,
2900 1861 2998 1910 aut
3027 1860 3201 1926 certe,
3226 1873 3356 1911 cum
3385 1857 3621 1910 discute-

1989 1954 2207 2016 rentur,
2230 1951 2465 2004 confessi
2495 1955 2628 2004 sunt
2657 1951 2960 2005 criminosa
2985 1955 3216 2021 peccata
3243 1967 3362 2018 sua,
3383 1954 3482 2004 aut
3498 1954 3624 2022 post

1991 2044 2410 2099 ordinationem
2460 2045 2531 2098 ab
2570 2044 2694 2099 aliis
2747 2050 2878 2098 sunt
2923 2045 3150 2111 detecti,
3178 2044 3519 2114 abjiciantur
3557 2061 3624 2098 ex

1989 2138 2158 2193 clero.
2181 2138 2451 2193 Similiter
2463 2155 2596 2192 vero
2621 2140 2678 2191 et
2701 2138 2771 2192 de
2790 2137 3052 2192 universo
3066 2137 3262 2192 ordine
3285 2137 3620 2192 clericorurn

1989 2237 2259 2298 servetur,
2297 2249 2430 2286 nam
2476 2232 2580 2286 hoc
2625 2231 2729 2285 sibi
2783 2232 2940 2303 quod
2991 2231 3488 2303 irreprehensibile
3539 2237 3624 2285 est

1990 2330 2186 2380 sancta
2215 2326 2484 2380 catholica
2505 2325 2761 2380 defendit
2791 2325 3057 2379 Ecclesia.

2059 2429 2206 2481 XXV.
2237 2427 2291 2482 Si
2322 2427 2447 2498 quis
2477 2428 2771 2498 presbyter
2798 2431 2929 2481 ante
2961 2427 3377 2481 ordinationem
3419 2444 3615 2497 pecca-

1988 2522 2147 2589 verit,
2181 2527 2235 2576 et
2265 2527 2392 2592 post
2419 2521 2838 2575 ordinationem
2865 2526 3154 2591 peccatum
3187 2521 3468 2575 confessus
3493 2521 3618 2575 fue-

1987 2616 2063 2669 rit
2089 2616 2242 2686 quod
2269 2619 2401 2668 ante
2431 2615 2659 2680 erravit,
2681 2631 2795 2668 non
2816 2613 3034 2681 offerat,
3055 2614 3153 2668 sed
3182 2618 3377 2668 tamen
3407 2631 3511 2685 pro
3538 2631 3620 2669 re-

1987 2709 2197 2780 ligione
2223 2725 2433 2762 nomen
2474 2709 2786 2779 presbyteri
2813 2713 3028 2778 portet;
3059 2707 3104 2761 si
3132 2713 3324 2762 autem
3359 2708 3477 2778 ipse
3503 2725 3620 2763 non

1989 2803 2296 2870 confessus,
2314 2802 2410 2857 sed
2427 2802 2496 2856 ab
2512 2802 2620 2854 alio
2639 2802 2862 2872 publice
2887 2802 3063 2855 fuerit
3089 2802 3396 2868 convictus,
3410 2818 3524 2855 non
3545 2801 3618 2855 ad

1989 2898 2097 2950 hoc
2125 2897 2310 2967 ipsum
2338 2895 2550 2950 habeat
2578 2899 2938 2966 potestatem,
2966 2898 3032 2948 ut
3060 2911 3273 2949 nomen
3304 2895 3622 2965 presbyteri

1987 2994 2192 3063 portet.
2224 2989 2497 3045 Similiter
2529 2994 2584 3043 et
2611 2989 2680 3044 de
2706 2988 3041 3043 diaconibus
3073 2988 3490 3044 observandum
3515 2995 3618 3058 est,

1987 3091 2052 3140 ut
2078 3086 2124 3139 si
2149 3084 2268 3155 ipse
2297 3084 2587 3138 confessus
2612 3083 2782 3137 fuerit
2811 3083 3070 3137 ordinem
3113 3082 3440 3138 subdiaconi
3471 3083 3616 3138 acci-
3647 3071 3659 3081 ’

1987 3179 2123 3250 piat.

255 3275 352 3332 bet
381 3282 771 3347 contemnere,
801 3278 899 3332 sed
925 3278 1030 3346 ire,
1055 3283 1110 3332 et
1135 3295 1203 3332 ea
1230 3295 1356 3349 quae
1386 3279 1459 3332 ad
1479 3279 1784 3334 utilitatem
1802 3297 1886 3334 ec-
1907 3283 1960 3356 ρ
2058 3283 2223 3335 XXVI.
2257 3281 2310 3335 Si
2339 3280 2464 3351 quis
2485 3279 2712 3333 viduam
2741 3284 2838 3333 aut
2861 3279 2930 3332 ab
2963 3280 3074 3333 alio
3103 3278 3424 3335 dimisssam
3453 3281 3620 3336 duxe-

253 3371 458 3439 clesiae,
483 3372 572 3426 vel
603 3376 944 3426 caeterorum
968 3372 1266 3443 pertinent
1292 3373 1493 3427 docere
1520 3372 1566 3427 si
1595 3374 1770 3443 novit,
1789 3377 1888 3428 aut

254 3463 446 3519 doceri
475 3465 522 3519 si
551 3466 744 3533 nescit,
775 3482 908 3520 nam
933 3467 978 3519 si
1007 3467 1413 3537 contempserit
1440 3466 1522 3521 ire
1549 3472 1708 3521 extra
1724 3468 1888 3538 aegri-

252 3558 537 3626 tudinem,
567 3575 698 3614 reus
725 3558 835 3614 erit
857 3559 1093 3614 fraterni
1125 3559 1366 3615 concilii.

321 3671 428 3725 XX.
469 3670 528 3725 Si
569 3670 694 3742 quis
738 3671 969 3742 triginta
1013 3671 1192 3726 aetatis
1234 3688 1350 3726 suae
1401 3689 1518 3728 non
1567 3672 1888 3744 impleverit

255 3780 441 3819 annos
460 3764 616 3819 nullo
635 3764 808 3819 modo
827 3765 1124 3836 presbyter
1147 3765 1464 3833 ordinetur,
1489 3765 1706 3820 etiamsi
1728 3767 1886 3822 valde

253 3857 324 3912 sit
372 3857 600 3928 dignus,
630 3858 764 3929 quia
812 3861 868 3912 et
914 3859 1033 3928 ipse
1079 3859 1352 3913 Dominus
1393 3859 1688 3930 trigesimo
1733 3876 1885 3914 anno

251 3949 570 4022 baptizatus
619 3955 720 4018 est,
755 3956 808 4005 et
857 3952 932 4005 sic
979 3953 1146 4023 coepit
1195 3952 1416 4006 docere.
1467 3955 1702 4025 Oportet
1747 3970 1884 4025 ergo

252 4059 386 4098 eum
403 4043 502 4115 qui
533 4044 878 4098 ordinandus
909 4049 992 4100 est
1019 4062 1194 4118 usque
1221 4047 1294 4100 ad
1324 4047 1471 4101 hanc
1501 4050 1729 4101 aetatem
1750 4048 1886 4119 legi-

251 4137 454 4192 timam
481 4138 822 4192 conservari.

321 4245 447 4300 XXI.
478 4244 533 4300 Si
575 4245 700 4317 quis
727 4261 844 4317 prae
885 4247 1224 4318 aegritudine
1273 4249 1551 4303 naturalia
1583 4265 1615 4303 a
1655 4248 1887 4304 medicis

248 4340 456 4394 habuit
486 4343 658 4407 secta,
684 4339 943 4396 similiter
969 4346 1024 4396 et
1048 4343 1148 4413 qui
1176 4360 1209 4396 a
1228 4342 1483 4397 barbaris
1514 4348 1611 4397 aut
1639 4342 1885 4397 dominis

248 4433 440 4489 stultis
463 4433 681 4487 fuerint
706 4434 948 4504 castrati,
971 4441 1026 4490 et
1055 4436 1312 4490 moribus
1342 4437 1502 4508 digni
1531 4437 1882 4507 fuerintvisi,

248 4526 352 4580 hos
369 4543 552 4581 canon
580 4524 831 4582 admittit
850 4527 920 4582 ad
936 4529 1232 4583 clericatus
1255 4529 1506 4584 ofﬁcium
1537 4531 1881 4600 promoveri.

247 4619 303 4675 Si
331 4620 462 4692 quis
489 4623 685 4674 autem
713 4638 879 4675 sanus
915 4639 1032 4677 non
1064 4639 1166 4694 per
1209 4623 1564 4694 disciplinam
1595 4624 1886 4695 religionis
1906 4656 1964 4727 D

251 4718 310 4768 et
339 4714 723 4785 abstinentiae,
754 4716 853 4770 sed
879 4732 980 4786 per
1007 4717 1378 4772 abscisionem
1419 4718 1682 4786 plasmati
1713 4736 1745 4771 a
1771 4719 1885 4772 Deo

251 4808 526 4879 corporis,
547 4809 878 4865 existimans
902 4827 1062 4881 posse
1081 4828 1114 4865 a
1131 4828 1188 4865 se
1211 4811 1464 4865 carnales
1490 4811 1888 4882 concupiscen-

248 4901 355 4956 tias
383 4902 692 4974 amputari,
725 4904 1050 4959 castraverit
1075 4922 1152 4975 se,
1182 4922 1299 4959 non
1343 4922 1474 4960 eum
1514 4905 1733 4959 admitti
1782 4906 1882 4959 de-

246 4995 539 5050 cernimus
553 4995 626 5050 ad
639 4996 866 5068 aliquod
878 4997 1173 5052 clericatus
1189 4999 1460 5069 ofﬁcium;
1477 5000 1632 5072 quod
1649 4999 1696 5053 si
1713 4999 1884 5054 etiam

241 5088 370 5159 jam
416 5089 604 5144 fuerat
645 5094 944 5161 promotus
989 5091 1061 5145 ad
1102 5093 1339 5163 clerum,
1370 5093 1690 5164 prohibitus
1723 5110 1756 5147 a
1787 5110 1886 5147 suo

247 5183 574 5238 ministerio
601 5184 932 5255 deponatur.

318 5286 471 5340 XXII.
514 5285 622 5349 Qui
665 5286 981 5358 baptizatus
1023 5289 1196 5345 fuerit
1231 5289 1353 5360 jam
1396 5294 1560 5344 astate
1604 5290 1881 5360 legitima,

247 5394 368 5434 non
397 5379 671 5434 continuo
701 5381 892 5436 licebit
914 5399 1044 5438 eum
1065 5384 1134 5438 ad
1153 5383 1594 5438 ecclesiasticum
1622 5385 1883 5438 ordinem

244 5473 601 5543 promoveri,
620 5474 753 5544 quia
774 5481 999 5546 oportet
1023 5478 1188 5532 illum
1209 5479 1366 5548 prius
1393 5479 1580 5532 doceri
1601 5477 1884 5548 quomodo

242 5567 431 5636 possit
473 5567 696 5634 docere,
737 5574 793 5623 et
836 5571 1016 5624 multo
1065 5573 1318 5642 tempore
1359 5575 1487 5643 post
1537 5571 1884 5642 baptismum

243 5660 502 5730 probari,
525 5665 584 5715 ut
600 5661 748 5716 bene
767 5663 1037 5733 probatus
1050 5665 1239 5719 veniat
1254 5666 1320 5720 ad
1337 5666 1550 5719 clerum
1573 5665 1884 5719 secundum

245 5760 606 5826 praeceptum
655 5757 904 5827 Apostoli
957 5757 1196 5813 dicentis
1247 5775 1260 5812 :
1309 5780 1338 5809 «
1381 5759 1763 5831 Neophytum,
1814 5776 1886 5814 ne

244 5847 398 5904 forte
424 5849 486 5902 in
517 5849 842 5920 superbiam
874 5852 1056 5906 elatus
1082 5852 1144 5907 in
1173 5852 1453 5922 judicium
1479 5853 1694 5909 incidat
1716 5856 1774 5908 et
1801 5853 1883 5908 la-

247 5956 467 6019 queum
502 5941 714 5997 diaboli
741 5944 790 6016 (Ι
815 5946 951 6000 Tim.
984 5962 1062 6015 III,
1087 5948 1160 6018 6).
1191 5965 1218 5998 »
1247 5947 1306 6002 Si
1333 5951 1521 6002 autem
1553 5947 1884 6003 succedente

1987 3376 2079 3444 rit,
2098 3392 2212 3428 non
2233 3373 2570 3427 admittatur
2590 3372 2661 3426 ad
2681 3372 3005 3426 clericatum
3023 3391 3039 3441 ;
3059 3373 3210 3442 quod
3237 3373 3284 3426 si
3305 3373 3621 3444 obrepserit

1986 3468 2296 3538 dejiciatur.
2333 3465 2609 3521 Similiter
2634 3465 2680 3518 si
2711 3465 3029 3532 homicidii,
3049 3470 3147 3519 aut
3166 3466 3333 3533 facto,
3361 3470 3459 3520 aut
3479 3484 3619 3537 prae-

1986 3565 2169 3632 cepto,
2194 3563 2292 3613 aut
2323 3559 2575 3628 consilio,
2607 3562 2705 3612 aut
2748 3559 3075 3612 assensione
3115 3563 3241 3629 post
3267 3559 3617 3630 baptismum

1986 3654 2241 3709 conscius
2270 3653 2461 3721 fuerit,
2492 3656 2548 3706 et
2573 3668 2676 3723 per
2705 3652 2955 3723 aliquam
2985 3652 3409 3723 subreptionem
3429 3654 3498 3708 ad
3515 3655 3622 3708 cle-

1986 3750 2224 3803 ricatum
2273 3746 2512 3814 venerit,
2544 3745 2861 3816 dejiciatur,
2913 3750 2970 3800 et
3009 3746 3068 3800 in
3104 3747 3276 3800 linem
3326 3748 3453 3801 vitm
3501 3765 3616 3802 sua:

1986 3841 2444 3898 communionem
2474 3840 2726 3910 recipiat.

2057 3947 2252 4001 XXVII.
2283 3945 2339 4000 Si
2370 3943 2495 4016 quis
2537 3943 2832 4014 presbyter
2857 3947 2955 3998 aut
2985 3943 3252 3998 diaconus
3293 3944 3467 3999 fuerit
3495 3945 3614 4000 for-

1987 4042 2207 4095 nicatus
2237 4045 2336 4094 aut
2365 4039 2697 4105 moechatus,
2726 4037 3056 4109 projiciatur
3088 4041 3144 4092 et
3177 4045 3310 4110 agat
3339 4040 3615 4111 poeniten-

1986 4136 2123 4190 tiam
2135 4177 2147 4189 .

2057 4238 2282 4294 XXVIII.
2317 4237 2369 4292 Si
2412 4236 2540 4290 laici
2589 4253 2737 4289 uxor
2777 4235 2836 4289 in
2881 4235 3160 4289 adulterio
3205 4236 3376 4290 fuerit
3423 4237 3618 4308 depre-

1988 4334 2181 4397 hensa,
2209 4331 2301 4384 hic
2330 4331 2455 4383 talis
2486 4330 2558 4383 ad
2582 4327 2962 4383 ministerium
2994 4328 3430 4383 ecclesiasticum
3461 4331 3617 4385 nullo

1985 4426 2156 4480 modo
2180 4424 2512 4478 adducatur.
2541 4423 2598 4477 Si
2625 4425 2818 4476 autem
2846 4427 2972 4493 post
2997 4422 3420 4476 ordinationem
3450 4424 3621 4478 alicu-

1978 4521 2073 4590 jus
2087 4518 2276 4572 clerici
2293 4534 2432 4571 uxor
2450 4516 2762 4570 adulterata
2783 4515 2974 4582 fuerit,
2991 4515 3235 4569 dimittat
3251 4514 3297 4587 1
3316 4514 3440 4587 43
3457 4533 3613 4584 eam;

1987 4613 2032 4666 si
2057 4614 2247 4665 autem
2276 4627 2407 4664 cum
2437 4609 2558 4680 ipsa
2586 4608 2827 4662 voluerit
2853 4624 3211 4679 permanere,
3242 4625 3275 4662 a
3307 4609 3616 4664 ministerio

1989 4705 2208 4760 alienus
2237 4704 2323 4758 sit.

2058 4809 2227 4863 XXIX.
2294 4807 2348 4862 Si
2409 4824 2519 4878 qua
2583 4805 2749 4860 vidua
2803 4803 3068 4876 episcopi,
3125 4805 3212 4859 vel
3277 4805 3612 4878 presbyteri,

1987 4907 2085 4957 aut
2150 4902 2374 4956 diaconi
2439 4901 2710 4955 maritum
2769 4898 3064 4969 acceperit,
3119 4898 3308 4952 nullus
3359 4901 3611 4969 clericus,

1990 4997 2143 5051 nulla
2170 4996 2429 5068 religiosa
2472 5011 2601 5048 cum
2630 5011 2698 5048 ea
2729 4992 3044 5047 convivium
3085 4998 3290 5060 sumat,
3320 5010 3614 5066 nunquam

1987 5090 2390 5159 communicet,
2419 5087 2681 5143 morienti
2713 5089 2936 5141 tantum
2967 5085 3017 5139 ei
3046 5091 3467 5142 sacramentum
3488 5090 3616 5144 sub-

1985 5185 2194 5239 veniat.

2058 5289 2207 5343 XXX.
2256 5288 2335 5341 De
2381 5285 2498 5339 ﬁlia
2532 5282 2796 5354 episcopi,
2827 5283 2914 5336 vel
2962 5283 3302 5355 presbyteri,
3341 5284 3454 5340 sive
3493 5287 3612 5343 dia-

1985 5383 2137 5449 coni,
2171 5381 2216 5435 si
2263 5382 2376 5434 Deo
2422 5379 2620 5433 devota
2664 5376 2837 5430 fuerit
2867 5380 2923 5430 et
2965 5377 3240 5432 maritum
3291 5379 3536 5451 duxerit,
3571 5383 3615 5435 si

1986 5494 2114 5532 eam
2143 5480 2307 5546 pater
2332 5473 2416 5526 vel
2445 5475 2628 5526 mater
2653 5470 2710 5524 in
2741 5470 3005 5526 affectum
3040 5474 3378 5544 receperint,
3403 5492 3436 5528 a
3465 5491 3613 5528 com-

1985 5569 2255 5624 munione
2273 5566 2590 5621 habeantur
2608 5564 2796 5618 alieni.
2820 5567 2985 5619 Pater
2997 5582 3128 5620 vero
3141 5583 3333 5621 causas
3355 5567 3411 5620 in
3433 5567 3615 5621 conci-

1985 5664 2060 5718 lio
2077 5680 2136 5717 se
2158 5661 2377 5717 noverit
2401 5663 2827 5731 praestaturum.
2848 5658 3044 5714 Mulier
3058 5676 3192 5714 vero
3211 5676 3324 5713 non
3350 5659 3612 5714 admitta-

1984 5761 2078 5814 tur
2095 5757 2168 5812 ad
2181 5754 2664 5824 communionem,
2680 5752 2786 5807 nisi
2802 5753 3004 5808 marito
3021 5753 3287 5808 defuncto
3301 5753 3483 5821 egerit
3499 5769 3611 5824 pm—

1985 5851 2306 5908 nitentiam.
2321 5849 2417 5904 Sin
2433 5853 2627 5904 autem
2639 5847 2859 5902 vivente
2875 5845 3170 5900 recesserit
3183 5847 3242 5898 et
3259 5845 3612 5916 paenituerit,

1987 5945 2450 6002 communionem
2472 5942 2530 5998 in
2547 5942 2752 5997 ultimo
2774 5941 2884 5993 ﬁne
2899 5939 3028 5993 vita:
3051 5936 3341 6007 deficiens,
3357 5940 3621 6012 accipiat.
