4032 6332
400 364 509 417 583·

1291 353 1576 411 ΑΡΡΕΝΙ).
1615 350 1702 409 AD
1740 351 1901 407 SIEC.
1941 352 2029 408 IX.
2058 381 2127 393 —-
2166 352 2409 409 ISIDORI
2448 350 2872 409 MERCATORIS

3659 350 3765 404 584

478 469 649 525 XXXI.
725 467 996 521 Devotam
1070 467 1400 536 peccantem
1473 478 1588 516 non
1638 460 2029 532 recipiendam
2050 460 2276 548 Alibus
2298 459 2455 515 laicis
2482 460 2553 514 sit
2577 459 2894 528 decretum,
2928 458 2975 513 si
3006 457 3066 512 in
3089 456 3341 529 aliquam
3381 456 3618 511 haeresis
3645 457 3768 528 opi-

401 563 463 617 in
525 560 781 627 ecclesia,
847 559 955 614 nisi
1014 573 1247 629 peccare
1324 555 1569 622 desierit,
1637 558 1694 609 et
1766 554 2028 609 desinens

402 657 587 728 egerit
631 658 824 726 aptam
871 651 1261 723 paenitentiam
1307 650 1507 704 decem
1559 649 1741 719 annis,
1792 652 1849 702 et
1890 648 2031 702 reci-

397 751 518 823 piat
543 746 1029 803 communionem.
1062 744 1220 798 Prius
1248 749 1439 798 autem
1477 759 1649 813 quam
1692 743 1751 796 in
1796 742 2031 795 ecclesia

397 842 748 909 admittatur,
796 839 868 894 ad
923 838 1257 903 orationem,
1308 837 1378 891 ad
1449 837 1658 890 nullius
1712 835 2032 889 convivium

400 934 723 990 christiana;
748 931 1004 987 mulieris
1030 930 1288 997 accedat;
1323 929 1475 1001 quod
1499 930 1545 983 si
1574 929 1818 984 admissa
1836 928 2027 995 fuerit,

400 1029 577 1084 etiam
625 1028 750 1082 haec
802 1041 931 1097 quia
982 1041 1113 1079 eam
1163 1023 1446 1094 receperit
1492 1023 1767 1077 habeatur
1808 1022 2027 1090 absens,

382 1125 795 1192 corruptorem
845 1117 1020 1174 etiam
1075 1133 1179 1188 par
1232 1133 1401 1187 poena
1471 1116 1843 1186 constringat.
1895 1116 2030 1179 Quae

395 1221 587 1270 autem
663 1212 938 1267 maritum
1012 1210 1317 1281 acceperit,
1369 1227 1487 1265 non
1552 1208 1885 1263 admittatur
1958 1207 2032 1261 ad

397 1305 817 1380 paenitentiam,
882 1304 994 1358 nisi
1066 1303 1251 1358 adhuc
1326 1302 1550 1357 vivente
1619 1302 1742 1372 ipso
1821 1302 2030 1355 marito

397 1404 548 1456 caste
575 1399 798 1469 vixerit,
825 1403 924 1453 aut
946 1401 1250 1469 postquam
1292 1396 1412 1467 ipse
1446 1396 1517 1451 de
1558 1396 1664 1450 hac
1694 1395 1804 1450 vita
1844 1396 2031 1450 deces-

398 1494 551 1550 serit.

467 1586 660 1642 XXXII.
736 1585 933 1639 Nullus
1029 1583 1349 1655 episcopus,
1427 1599 1610 1654 neque
1710 1582 2028 1654 presbyter,

399 1696 587 1752 neque
644 1678 936 1748 diaconus,
989 1694 1173 1749 neque
1221 1677 1453 1732 omnino
1505 1675 1707 1747 aliquis
1768 1693 1839 1730 ex
1886 1676 2033 1731 clero

397 1772 690 1829 licentiam
719 1772 926 1826 habeat
951 1770 1370 1826 intromittendi
1403 1769 1474 1824 ad
1504 1786 1584 1837 se,
1617 1768 1776 1840 quasi
1805 1768 2027 1840 adopti-

399 1883 533 1921 vam
574 1865 824 1937 aliquam
873 1863 1199 1932 mulierem,
1245 1864 1405 1935 quasi
1449 1863 1510 1917 in
1559 1864 1683 1917 loco
1736 1863 1886 1932 ﬁliae,
1933 1848 2107 1919 autB
2200 1866 2464 1921 XXXVIII.
2548 1865 2951 1936 Presbyterum
3027 1864 3099 1919 ad
3172 1863 3444 1918 secundas

401 1960 627 2029 sororis,
670 1964 769 2014 aut
808 1958 1029 2026 matris,
1070 1958 1178 2012 nisi
1225 1958 1369 2012 forte
1420 1973 1675 2011 sororem
1720 1957 1900 2028 patris
1942 1957 2031 2011 vel

401 2054 620 2122 matris,
651 2056 708 2108 et
748 2053 874 2107 illas
916 2052 1062 2106 solas
1104 2068 1377 2123 personas
1420 2068 1549 2122 quae
1580 2051 1650 2104 ab
1683 2050 1839 2104 omni
1884 2051 2032 2105 mala

402 2147 721 2218 suspicione
765 2146 967 2201 alienae
1007 2151 1159 2199 sunt.
1212 2144 1485 2201 Similiter
1526 2148 1583 2199 et
1621 2144 1902 2215 religiosis
1947 2144 2029 2199 fe-

401 2241 573 2296 minis
614 2241 894 2295 laicorum
937 2239 1254 2293 alienorum
1302 2237 1747 2293 familiaritatem
1801 2243 1856 2292 et
1896 2254 2030 2292 con-

402 2335 644 2390 sortium
685 2333 1078 2406 prohibemus,
1123 2348 1323 2388 eorum
1366 2331 1599 2401 scilicet,
1643 2331 1743 2402 qui
1783 2348 1887 2386 nec
1935 2331 2031 2385 Dei

401 2427 597 2484 timori
656 2428 918 2499 subjecti,
966 2443 1071 2482 nec
1132 2425 1499 2481 continentiae
1566 2425 1816 2479 retinent
1873 2425 2032 2480 disci—

402 2522 634 2594 plinam.

473 2612 690 2672 XXXIII.
731 2615 787 2671 Si
818 2614 946 2687 quis
983 2614 1044 2668 in
1090 2616 1423 2685 contemptu
1461 2612 1675 2685 positus
1715 2612 2031 2684 presbyter,

400 2710 498 2760 aut
538 2705 828 2772 diaconus,
855 2703 942 2759 vel
967 2702 1293 2774 quicunque
1338 2720 1409 2757 ex
1450 2703 1602 2757 clero
1632 2704 1933 2757 recesserit
1962 2702 2034 2756 ab

402 2797 640 2854 ecclesia
663 2814 783 2865 sua,
812 2797 966 2851 nullo
994 2796 1163 2851 modo
1188 2795 1249 2849 in
1274 2795 1382 2849 alia
1409 2795 1746 2866 suscipiatur
1782 2794 2031 2862 ecclesia,

403 2893 502 2947 sed
520 2891 753 2945 omnino
773 2890 1146 2961 compellatur
1170 2892 1233 2942 ut
1247 2888 1321 2943 ad
1341 2906 1500 2943 suam
1526 2893 1847 2944 revertatur
1866 2889 2036 2943 eccle-

404 2985 577 3054 siam;
605 2984 652 3039 si
678 2986 869 3039 autem
894 2982 1273 3054 permanserit
1316 2982 1373 3036 in
1415 2982 1704 3053 superbia,
1735 2986 1791 3036 et
1827 2981 2036 3037 reverti

403 3077 675 3148 noluerit,
722 3076 1252 3132 excommunicetur
1294 3078 1352 3130 et
1404 3075 1753 3147 projiciatur.
1805 3076 1864 3131 Si
1911 3074 2037 3147 quis

405 3166 596 3227 autem
648 3170 942 3243 episcopus
1004 3185 1172 3224 ausus
1231 3168 1405 3223 fuerit
1464 3185 1597 3224 eum
1648 3169 1910 3224 ordinare
1977 3169 2036 3222 in

407 3281 510 3320 sua
569 3263 820 3335 ecclesia,
874 3279 993 3319 non
1058 3262 1445 3318 consentiente
1515 3262 1781 3334 episcopo
1853 3279 1954 3317 suo
2004 3280 2039 3316 a

407 3374 523 3431 quo
553 3358 802 3425 recessit,
834 3356 1113 3413 ordinatio
1144 3356 1294 3411 illius
1322 3373 1501 3411 vacua
1529 3357 1853 3428 deputetur.

472 3453 686 3507 XXXIV.
717 3452 773 3508 Si
818 3451 945 3523 quis
991 3436 1308 3523 presbyter,
1338 3454 1437 3527 aut
1478 3450 1773 3521 diaconus,
1802 3453 1901 3505 aut
1939 3450 2037 3505 ali-

405 3547 532 3619 quis
557 3547 627 3602 de
654 3547 803 3601 clero
841 3545 1133 3617 propriam
1177 3544 1469 3599 ecclesiam
1513 3545 1934 3616 derelinquens,
1964 3545 2036 3599 ad

402 3641 637 3697 alteram
664 3639 962 3695 ecclesiam
986 3639 1160 3709 vadit,
1186 3643 1242 3694 et
1266 3639 1446 3693 multo
1469 3641 1724 3711 tempore
1748 3638 1825 3692 ibi
1847 3637 2039 3693 demo-

403 3738 583 3804 ratur,
618 3734 856 3790 omnino
899 3749 1198 3804 nunquam
1248 3732 1536 3787 ministret
1582 3733 1640 3785 in
1687 3733 1860 3802 clero,
1894 3737 1950 3786 et
1994 3732 2039 3786 si

404 3827 768 3882 admonuerit
791 3842 924 3881 eum
954 3826 1253 3897 episcopus
1278 3842 1433 3893 suus,
1465 3829 1531 3879 ut
1557 3825 1629 3879 ad
1657 3841 1817 3879 suam
1845 3823 2040 3879 redeat

407 3919 754 3992 parochiam,
788 3923 846 3973 et
866 3918 1052 3973 redire
1076 3904 1469 3993 noluerit,\ubi
1498 3922 1600 3985 est,
1624 3917 1705 3970 ibi
1741 3918 1810 3971 de
1851 3918 2037 3973 ofﬁcio

409 4031 511 4068 suo
539 4014 876 4084 deponatur,
908 4012 987 4066 ita
1009 4016 1074 4066 ut
1097 3997 1394 4083 nunquam
1436 3995 1688 4065 insuum
1720 4013 2039 4066 revertatur

412 4107 658 4179 gradum
695 4108 931 4178 propter
966 4104 1348 4160 dissolutionis
1391 4109 1707 4178 peccatum.
1750 4104 1805 4160 Si
1847 4108 2039 4161 autem

412 4200 708 4273 episcopus
730 4200 874 4255 alter
898 4215 1032 4255 eum
1074 4199 1349 4271 receperit
1378 4199 1476 4271 qui
1512 4200 1582 4254 de
1620 4202 1784 4254 reatu
1809 4199 1929 4270 ejus
1956 4203 2042 4254 est

411 4294 687 4364 conscius,
703 4296 947 4367 oportet,
961 4293 1149 4365 ipsum
1169 4294 1498 4366 episcopum
1516 4293 1635 4348 sine
1652 4293 2041 4365 increpatione

411 4389 471 4444 in
500 4388 792 4445 communi
818 4388 1062 4444 concilio
1089 4405 1208 4443 non
1230 4388 1482 4456 admitti,
1510 4392 1572 4443 ut
1597 4387 2043 4443 ecclesiasticum

412 4500 690 4540 canonem
715 4484 863 4539 ultra
887 4500 1005 4540 non
1037 4484 1232 4538 solvat.

2057 3217 2112 3291 C

2130 556 2363 609 nionem
2392 553 2610 608 fuerint
2634 552 2932 608 nominati.

2200 648 2440 702 XXXVII.
2483 646 2541 702 Si
2569 646 2694 718 quis
2721 647 3017 717 episcopus
3055 644 3115 698 in
3158 644 3393 698 concilio
3436 660 3769 698 excommu—

2129 741 2346 796 nicatus
2393 740 2583 807 fuerit,
2616 740 2732 794 sive
2779 739 3095 811 presbyter,
3130 742 3229 793 aut
3276 739 3561 806 diaconus,
3588 755 3619 791 a
3663 753 3768 791 suo

2131 840 2414 911 episcopo,
2432 844 2488 893 et
2502 841 2633 909 post
2644 837 3295 893 excommunicationem
3313 836 3765 907 praesumpserit,

2130 933 2245 987 sive
2269 932 2561 1003 cpiscopus
2585 932 2700 998 ille,
2717 936 2814 985 aut
2831 931 3148 1002 presbyter,
3163 930 3253 983 vel
3282 930 3566 997 diaconus,
3580 929 3767 983 facere

2131 1026 2475 1080 oblationem
2500 1026 2587 1078 vel
2616 1022 2987 1094 matutinum)
3016 1026 3116 1077 aut
3143 1021 3528 1093 vespertinum
3561 1021 3769 1075 sacriﬁ-

2131 1118 2282 1172 cium
2305 1118 2465 1190 quasi
2488 1118 2548 1172 in
2568 1117 2756 1172 ofﬁcio
2789 1134 2888 1171 suo
2912 1132 3081 1187 agere
3102 1115 3247 1170 sicut
3266 1114 3442 1186 prius,
3466 1130 3579 1168 non
3599 1113 3768 1168 liceat

2133 1212 2186 1266 ei
2216 1228 2321 1266 nec
2348 1212 2409 1265 in
2436 1211 2545 1265 alio
2572 1211 2808 1265 concilio
2835 1226 2999 1280 spem
3030 1207 3506 1264 reconciliationis
3531 1206 3765 1270 habere,

2130 1321 2234 1359 nec
2262 1305 2413 1359 ultra
2440 1304 2811 1372 reconciliari,
2846 1304 2943 1358 sed
2972 1304 3140 1359 etiam
3170 1319 3285 1372 eos,
3318 1301 3416 1373 qui
3457 1300 3774 1355 communi-

2132 1398 2404 1467 caverint,
2434 1414 2633 1453 omnes
2664 1398 2733 1452 ab
2760 1398 2997 1452 ecclesia
3031 1396 3242 1467 respui,
3272 1394 3518 1449 maxime
3550 1410 3647 1448 eos
3666 1393 3770 1464 qui

2131 1491 2385 1547 sciebant
2426 1508 2557 1546 eum
2587 1508 2706 1546 esse
2735 1491 3039 1562 dejectum.
3069 1490 3123 1545 Si
3159 1495 3351 1544 autem
3389 1486 3773 1559 permanserit

2130 1585 2369 1640 turbans
2398 1590 2453 1639 et
2478 1584 2765 1640 concitans
2793 1583 3091 1639 ecclesiam
3115 1599 3219 1654 per
3242 1581 3571 1636 forasticam
3600 1585 3765 1651 pote-

2133 1681 2357 1746 statem,
2386 1682 2608 1749 oportet
2651 1695 2786 1732 eum
2829 1677 2977 1732 sicut
3018 1674 3448 1732 seditionarium
3487 1674 3556 1728 ab
3607 1672 3772 1729 omni

2131 1772 2297 1843 plebe
2327 1771 2616 1843 compelli.

3539 1860 3771 1933 nuptias

2129 1959 2420 2015 convivam
2466 1960 2591 2013 ﬁeri
2634 1976 2749 2013 non
2792 1962 3036 2030 oportet,
3082 1958 3235 2029 quod
3279 1957 3326 2011 si
3372 1955 3445 2010 ad
3492 1955 3771 2011 secundas

2128 2054 2358 2125 nuptias
2410 2053 2648 2120 venerit,
2696 2052 3091 2124 paenitentiam
3140 2051 3415 2122 postulet.
3468 2048 3769 2113 Quomodo

2128 2147 2426 2218 presbyter
2440 2146 2531 2200 ille
2545 2150 2734 2218 potest
2750 2160 2869 2201 esse
2885 2146 2981 2217 qui
2998 2150 3231 2216 propter
3250 2142 3572 2199 convivium
3594 2141 3775 2196 inter-

2132 2244 2218 2294 est
2245 2239 2348 2293 tali
2382 2239 2694 2310 conjugio‘?
2734 2222 2750 2331 ρ

2200 2334 2410 2387 XXXIX.
2441 2327 2843 2403 Diaconus’qui
2872 2332 3119 2403 eligitur,
3151 2330 3197 2385 si
3223 2332 3565 2385 contestatus
3594 2327 3775 2382 fuerit

2131 2444 2239 2499 pro
2269 2426 2595 2498 accipiendo
2621 2425 3007 2493 matrimonio,
3039 2429 3097 2479 et
3126 2424 3338 2479 dixerit
3364 2439 3481 2480 non
3515 2437 3680 2494 posse
3708 2421 3770 2474 in

2133 2521 2388 2575 castitate
2423 2536 2781 2591 permanere,
2809 2520 2902 2574 hic
2939 2535 3052 2573 non
3085 2518 3412 2587 ordinetur;
3445 2515 3600 2587 quod
3636 2514 3681 2569 si
3711 2514 3775 2568 in

2132 2613 2490 2669 ordinatione
2520 2612 2779 2680 tacuerit,
2811 2617 2866 2667 et
2909 2612 3205 2667 ordinatus
3253 2610 3444 2678 fuerit,
3478 2614 3536 2664 et
3575 2611 3775 2680 postea

2135 2707 2570 2762 matrimonium
2601 2705 3024 2773 desideraverit,
3045 2705 3264 2760 alienus
3285 2704 3357 2759 sit
3374 2721 3407 2757 a
3432 2701 3771 2767 ministerio,

2136 2804 2200 2855 ut
2224 2805 2384 2856 vacet
2409 2818 2442 2855 a
2467 2800 2640 2855 clero.

2206 2895 2309 2948 XL.
2325 2895 2448 2948 Non
2461 2894 2631 2948 liceat
2647 2893 2957 2949 diaconum
2977 2895 3108 2948 ante
3127 2891 3529 2964 presbyterum
3551 2889 3772 2957 sedere,

2136 2988 2247 3042 nisi
2274 3004 2405 3043 cum
2422 2987 2675 3058 jussione
2701 2986 3039 3059 presbyteri.

2207 3082 2332 3137 XLI.
2363 3083 2484 3135 Non
2529 3081 2696 3135 liceat
2737 3081 2965 3135 cuilibet
3008 3078 3324 3133 ministeria
3370 3082 3629 3148 tangere,
3660 3075 3777 3129 nisi

2138 3174 2481 3229 subdiacono
2521 3179 2620 3229 aut
2662 3175 2944 3246 acolytho,
2973 3173 3034 3228 in
3071 3172 3373 3228 secretario
3413 3188 3544 3226 vasa
3586 3171 3780 3226 Domi-

2138 3269 2284 3323 nica.
2338 3266 2355 3349 ι

2206 3363 2359 3417 XLII.
2411 3363 2536 3416 Non
2586 3362 2749 3416 liceat
2806 3360 3113 3415 mulierem
3173 3360 3233 3414 in
3275 3358 3645 3414 secretarium
3696 3358 3780 3412 in-

2139 3456 2320 3528 gredi.

2208 3551 2378 3605 XLIII.
2413 3551 2630 3617 Lector,
2649 3549 2695 3603 si
2720 3549 2950 3603 viduam
2997 3547 3227 3602 alterius
3264 3547 3323 3600 in
3350 3561 3591 3600 uxorem
3619 3562 3779 3601 acce-

2136 3643 2304 3716 perit,
2334 3643 2394 3697 in
2420 3643 2649 3698 lectoris
2675 3646 2826 3697 statu
2852 3646 3205 3714 permaneat,
3221 3642 3320 3695 aut
3348 3639 3395 3693 si
3417 3639 3564 3693 forte
3586 3656 3782 3693 neces-

2139 3738 2271 3793 sitas
2297 3737 2388 3807 sit,
2419 3738 2685 3792 diaconus
2711 3737 2828 3803 ﬁat,
2861 3736 3008 3790 nihil
3039 3739 3232 3791 autem
3267 3750 3458 3805 supra.
3500 3732 3783 3788 Similiter

2139 3836 2195 3886 et
2224 3832 2271 3885 si
2295 3832 2560 3903 bigamus
2592 3829 2784 3885 fuerit.

2210 3926 2384 3980 XLIV.
2417 3924 2473 3979 Si
2506 3924 2889 3979 subdiaconus
2919 3922 3232 3977 secundam
3263 3921 3487 3975 duxerit
3515 3936 3780 3986 uxorem,

2138 4018 2288 4073 inter
2318 4020 2558 4073 lectores
2589 4019 2675 4073 vel
2708 4016 2969 4073 ostiarios
2998 4015 3297 4082 habeatur,
3325 4014 3404 4068 ita
3446 4019 3509 4069 ut
3544 4016 3786 4085 Aposto-

2139 4113 2260 4166 lum
2287 4128 2405 4166 non
2436 4112 2609 4183 legat.

2210 4206 2357 4261 XLV.
2388 4206 2512 4260 Non
2555 4205 2717 4260 liceat
2761 4204 2819 4258 in
2866 4203 3084 4275 pulpito
3132 4202 3378 4274 psallere
3419 4205 3517 4255 aut
3559 4201 3781 4271 legere,

2143 4299 2252 4354 nisi
2281 4299 2378 4370 qui
2408 4299 2479 4353 ab
2509 4299 2768 4370 episeopo
2797 4298 3034 4353 lectores
3062 4300 3195 4352 sunt
3219 4295 3490 4351 ordinati.

2212 4395 2385 4449 XLVI.
2436 4392 2489 4448 Si
2537 4393 2662 4464 quis
2713 4390 2994 4463 obligatus
3047 4396 3132 4445 est
3179 4389 3394 4447 tributo
3438 4387 3647 4456 servili,
3692 4388 3783 4442 vel

2143 4488 2331 4559 aliqua
2355 4486 2695 4553 conditione,
2721 4487 2807 4541 vel
2837 4484 3150 4557 patrocinio
3190 4483 3512 4554 cujuslibet,
3546 4497 3667 4536 non
3695 4484 3785 4535 est

482 4579 673 4634 XXXV.
718 4579 779 4633 Si
824 4578 951 4651 quis
1000 4577 1322 4649 episcopus,
1365 4577 1680 4648 presbyter,
1727 4581 1823 4630 aut
1865 4576 2123 4659 diaco-D
2147 4581 2495 4637 ordinandus
2521 4580 2774 4649 clericus,
2806 4579 2917 4633 nisi
2944 4579 3197 4651 probatas
3223 4576 3351 4631 vitae
3380 4575 3571 4642 fuerit,
3602 4579 3661 4629 et
3690 4590 3790 4645 pa-

414 4690 523 4728 nus
547 4672 1084 4741 excommunicatus,
1113 4671 1173 4725 in
1200 4671 1437 4725 concilio
1460 4670 1669 4741 injuste
1704 4685 1761 4723 se
1788 4670 2047 4740 queritur

414 4768 878 4835 condemnatum,
910 4766 981 4820 ad
1009 4765 1298 4835 majorum
1325 4763 1716 4834 episcoporum
1745 4762 2046 4819 concilium

414 4864 750 4928 revertatur,
765 4866 828 4914 ut
837 4875 1034 4914 eorum
1051 4856 1477 4928 inquisitionem
1491 4862 1548 4910 et
1556 4857 1578 4927 j
1589 4857 1837 4911 udicium
1850 4875 2047 4929 exspe-

418 4960 576 5010 etans
603 4954 668 5024 (si
711 4969 853 5025 quas
901 4968 961 5006 se
1003 4951 1183 5021 justas
1228 4966 1418 5003 causas
1460 4950 1674 5004 habere
1722 4955 1898 5023 putat)
1940 4952 2047 5007 illis

416 5050 678 5119 exponat.
704 5045 763 5101 Si
793 5048 986 5099 autem
1029 5044 1453 5115 contempserit,
1483 5047 1541 5097 et
1582 5044 1944 5117 importunas
1988 5063 2045 5101 se

418 5141 630 5213 palatio
653 5152 819 5194 aures
849 5136 1176 5210 principum
1212 5137 1529 5209 inquietare
1559 5140 1821 5210 voluerit,
1854 5140 1943 5194 hic
1975 5141 2046 5194 ad

420 5235 639 5290 nullam
655 5232 878 5288 veniam
892 5231 1104 5303 poterit
1122 5232 1434 5304 pervenire,
1450 5251 1638 5307 neque
1660 5251 1821 5306 spem
1840 5234 2047 5288 futurae

418 5326 899 5386 reconciliationis
923 5326 1174 5382 habebit.

491 5423 708 5480 XXXVI.
750 5422 807 5477 Si
846 5421 973 5494 quis
1015 5420 1329 5493 episcopus,
1360 5422 1472 5476 sive
1519 5422 1756 5493 alicujus
1800 5421 2049 5493 episcopi

419 5518 736 5592 presbyter,
766 5520 862 5572 aut
892 5516 1183 5585 diaconus,
1211 5515 1271 5568 in
1298 5514 1538 5585 alicujus
1574 5515 1807 5570 haeresis
1838 5514 2049 5585 opinio-

417 5630 553 5670 nem
581 5610 903 5681 oﬁ'enderit,
926 5612 985 5665 et
1008 5610 1081 5664 ob
1108 5609 1254 5661 hanc
1280 5624 1508 5662 causam
1533 5609 1705 5663 fuerit
1725 5625 2049 5665 excommu-

418 5708 657 5774 nicatus,
686 5705 880 5759 nullus
909 5702 1205 5774 episc0pus
1232 5716 1366 5754 eum
1392 5700 1454 5755 in
1481 5702 1941 5758 communionem
1965 5721 2050 5759 re-

422 5799 613 5873 cipiat,
644 5796 756 5852 nisi
780 5796 939 5867 prius
965 5794 1024 5847 in
1049 5793 1345 5847 communi
1370 5796 1606 5851 concilio
1633 5800 1893 5868 porrecto
1917 5799 2050 5854 ﬁdei

423 5907 540 5946 suae
563 5889 752 5967 libello
782 5886 1089 5942 satisfaciat
1120 5886 1403 5940 omnibus.
1429 5888 1542 5941 Hoc
1562 5890 1718 5943 idem
1747 5892 1890 5946 etde
1916 5893 2050 5947 ﬁde-

2146 4675 2299 4731 troni
2323 4692 2631 4730 consensus
2660 4672 2977 4729 accesserit.

2214 4771 2411 4825 XLVII.
2469 4770 2525 4824 Si
2573 4768 2701 4839 quis
2751 4783 2979 4821 servum
3030 4767 3284 4821 alienum
3340 4780 3503 4818 causa
3556 4762 3789 4833 religio-

2145 4864 2235 4919 nis
2290 4864 2489 4917 doceat
2561 4864 2924 4916 contemnere
2996 4859 3296 4914 dominum
3347 4872 3537 4922 suum,
3589 4858 3648 4910 et
3702 4872 3788 4909 re-

2146 4956 2345 5011 cedere
2393 4974 2427 5010 a
2478 4955 2705 5010 servitio
2756 4954 2897 5024 ejus,
2940 4952 3237 5008 durissime
3278 4951 3339 5005 in
3388 4948 3651 5004 omnibus
3699 4965 3789 5002 ar-

2148 5053 2378 5121 guatur.

2218 5146 2434 5201 XLVIII.
2463 5147 2585 5200 Non
2610 5144 2778 5199 liceat
2808 5143 2867 5198 in
2896 5141 3332 5215 quadragesima
3377 5138 3591 5193 natales
3621 5153 3783 5191 mar-

2146 5244 2338 5310 tyrum
2376 5239 2688 5305 celebrare,
2718 5237 2821 5292 sed
2851 5241 3078 5291 tantum
3114 5234 3342 5289 sabbato
3381 5237 3437 5286 et
3466 5229 3783 5300 Dominica,

2148 5350 2250 5404 pro
2277 5332 2817 5388 commemoratione
2848 5346 3048 5385 eorum
3076 5327 3391 5383 oblationes
3431 5323 3656 5391 offerre,
3683 5324 3787 5378 sed

2150 5444 2255 5482 nec
2280 5427 2553 5497 natalitia,
2582 5443 2685 5480 nec
2708 5425 2934 5496 nuptias
2960 5424 3125 5478 liceat
3151 5421 3210 5476 in
3237 5419 3665 5493 quadragesima
3690 5433 3785 5472 ce-

2147 5521 2371 5576 lebrari.

2218 5616 2390 5672 XLIX.
2427 5616 2549 5670 Non
2576 5613 2742 5670 liceat
2784 5619 2920 5669 ante
2959 5613 3100 5668 duas
3141 5609 3485 5681 septimanas
3528 5604 3783 5673 Paschae,

2149 5708 2247 5762 sed
2288 5713 2419 5763 ante
2469 5714 2604 5780 tres,
2644 5708 2718 5763 ad
2771 5706 3118 5779 baptismum
3175 5702 3460 5773 suscipere
3507 5698 3782 5769 aliquem.

2147 5802 2380 5873 Oportet
2423 5807 2615 5858 autem
2656 5805 2723 5856 ut
2765 5802 2826 5857 in
2868 5800 3006 5872 ipsis
3055 5797 3256 5853 diebus
3309 5793 3408 5868 qui
3457 5789 3787 5863 baptizandi

2150 5900 2300 5963 sunt,
2350 5896 2671 5967 symbolum
2725 5896 2960 5961 discant,
3003 5897 3060 5949 et
3112 5892 3173 5946 in
3230 5889 3432 5962 quinta
3480 5886 3625 5941 feria
3681 5902 3787 5947 no-
