4032 6298
281 337 387 391 585

1513 336 1981 391 DECRETALIUM
2015 335 2399 391 COLLECTIO.

3540 341 3642 393 586

276 442 530 498 vissimze
555 443 889 514 septimana:
905 443 1168 515 episcopo
1183 442 1270 498 vel
1290 442 1624 514 presbytero
1648 442 1908 497 reddant.
1934 454 1993 528 Α
2014 443 2364 515 Scripturam
2392 459 2522 514 quae
2549 443 2685 497 dicit
2713 460 2724 497 :
2759 465 2787 493 ‹‹
2819 444 3120 514 pecuniam
3147 460 3307 498 suam
3332 459 3450 499 non
3491 444 3646 501 dedit

350 537 413 590 L.
441 538 563 591 Non
590 536 754 592 liceat
782 536 982 608 quinta
1023 537 1169 591 feria
1215 536 1535 591 novissimae
1579 535 1913 606 septimanae

270 629 567 701 jejunium
585 631 825 699 solvere,
842 634 899 685 et
914 647 1149 686 omnem
1168 630 1517 685 exhonorare
1540 629 1914 699 Quadragesi—

277 739 461 790 mam,
477 724 578 779 sed
593 724 810 781 sincere
834 724 1183 778 abstinentes
1208 727 1386 778 totam
1410 722 1912 793 Quadragesimam

275 832 580 888 peragere.

350 910 438 964 LI.
470 910 639 966 Omni
666 914 925 982 tempore
957 910 1220 981 episcopo
1263 910 1431 964 liceat
1458 909 1710 963 chrisma
1736 908 1910 963 conﬁ-

277 1020 432 1071 cere,
461 1008 519 1059 et
541 1020 646 1075 per
676 1020 802 1058 suas
845 1003 1107 1059 dioeceses
1134 1004 1445 1070 destinare,
1474 1003 1551 1057 ita
1578 1006 1642 1056 ut
1671 1003 1743 1056 ad
1770 1002 1910 1057 diri-

279 1097 541 1168 gendum
594 1098 841 1152 chrisma
889 1097 1160 1151 diaconus
1220 1101 1320 1151 aut
1362 1096 1737 1151 subdiaconus
1783 1100 1912 1151 ante

278 1190 436 1246 diem
469 1191 693 1246 Paschae
720 1191 790 1246 de
820 1190 1062 1262 singulis
1090 1190 1339 1245 ecclesiis
1365 1190 1437 1245 ad
1464 1189 1793 1262 episc0pum
1822 1189 1914 1244 de-

281 1284 549 1339 stinetur.

351 1378 463 1432 LII.
520 1376 822 1448 Presbyter
877 1382 1160 1449 praesente
1226 1376 1492 1448 episcopo
1552 1392 1669 1431 non
1727 1376 1915 1447 signet

281 1470 548 1539 infantes,
597 1470 708 1524 nisi
754 1470 902 1525 forte
955 1470 1025 1525 ab
1075 1469 1337 1541 episcopo
1406 1469 1583 1524 fuerit
1632 1469 1711 1523 illi
1764 1485 1910 1540 prae-

278 1568 532 1635 ceptum.

349 1658 479 1712 LIII.
508 1658 629 1711 Non
657 1658 823 1713 liceat
842 1656 1173 1728 presbytero
1195 1656 1350 1728 prius
1378 1656 1649 1728 episcopo
1676 1655 1912 1711 introire

275 1751 336 1806 in
383 1750 802 1822 baptisterium,
832 1750 932 1805 sed
972 1767 1103 1805 cum
1152 1750 1437 1821 episcopo,
1469 1750 1578 1804 nisi
1623 1750 1769 1805 forte
1812 1754 1911 1804 aut

278 1844 484 1899 absens
514 1844 708 1912 fuerit,
737 1847 839 1899 aut
863 1847 1127 1915 aegrotus.

348 1939 476 1992 LIV.
514 1937 573 1991 Si
601 1954 713 2009 qua
748 1937 953 1992 mulier
980 1954 1289 2009 praegnans
1331 1936 1743 1992 desideraverit
1780 1952 1908 2007 gra-

274 2032 429 2086 tiam'
448 2031 715 2102 baptismi
742 2030 1057 2102 percipere,
1075 2030 1305 2102 quando
1323 2030 1570 2085 voluerit
1589 2030 1794 2084 habeat
1813 2046 1911 2099 po-

278 2128 558 2180 testatem.
590 2125 734 2178 Nam
758 2124 903 2179 nihil
932 2123 1241 2195 participat
1268 2124 1329 2178 in
1356 2123 1467 2178 hoc
1495 2127 1679 2183 mater
1704 2122 1909 2177 infanti

274 2218 372 2290 qui
400 2218 664 2285 nascitur,
696 2221 1003 2289 propterea
1029 2217 1186 2288 quod
1215 2216 1520 2288 unicuique
1551 2216 1783 2288 propria
1808 2233 1906 2270 vo-

272 2311 465 2365 luntas
488 2311 550 2365 in
575 2310 933 2366 confessione
963 2313 1338 2365 monstretur.

343 2406 451 2460 LV.
482 2406 603 2459 Non
630 2409 849 2476 oportet
890 2403 1108 2475 aliquid
1135 2403 1293 2458 aliud
1332 2403 1392 2457 in
1443 2402 1767 2457 sanctuario
1821 2404 1902 2457 of-

273 2498 435 2566 ferri,
453 2502 664 2569 praater
689 2514 899 2570 panem
916 2503 971 2553 et
984 2498 1184 2551 vinum
1215 2503 1271 2552 et
1291 2513 1521 2568 aquam,
1543 2513 1670 2568 quae
1690 2496 1750 2550 in
1772 2500 1905 2567 typo

275 2592 483 2648 Christi
510 2591 944 2657 benedicuntur,
974 2590 1108 2663 quia
1146 2590 1284 2645 dum
1322 2590 1382 2645 in
1409 2606 1572 2645 cruce
1603 2590 1902 2660 penderet,

273 2686 343 2743 de
369 2701 609 2757 corpore
638 2686 759 2756 ejus
801 2684 1036 2756 sanguis
1078 2684 1299 2739 efﬂuxit
1342 2687 1399 2739 et
1434 2700 1599 2754 aqua,
1632 2683 1757 2738 haec
1796 2683 1906 2738 tria

274 2796 459 2833 unum
490 2782 620 2833 sunt
645 2780 705 2833 in
732 2779 952 2833 Christo
995 2781 1149 2834 Jesu.
1182 2780 1311 2832 Haec
1361 2777 1547 2832 hostia
1595 2783 1652 2831 et
1698 2776 1902 2831 oblatio

274 2872 373 2928 Dei
400 2872 460 2927 in
490 2873 723 2927 odorem
750 2872 1063 2927 suavitatis.

344 2968 473 3021 LVI.
541 2965 836 3021 Foracistis
897 2965 1238 3038 presbyteris
1293 2968 1575 3037 praesente
1635 2964 1902 3036 episcopo

270 3061 356 3116 vel
402 3059 744 3131 presbyteris
789 3059 1024 3115 civitatis
1076 3059 1279 3114 offerre
1332 3075 1446 3113 non
1496 3058 1663 3113 liceat
1714 3075 1902 3129 neque

1931 1826 1988 1897 B

2011 537 2082 591 ad
2127 554 2359 591 usuram
2388 536 2551 605 (Psal.
2596 554 2708 605 xxv,
2740 538 2814 609 5),
2845 557 2873 590 »
2915 541 3045 609 post
3096 537 3245 592 hanc
3287 536 3643 608 agnitionem

2013 630 2193 684 sancti
2229 631 2451 684 concilii
2483 631 2844 700 feneraverit,
2875 635 2932 685 et
2959 629 3332 685 centesimam
3370 631 3641 702 exegerit,

2013 726 2112 777 aut
2141 740 2206 776 ex
2237 724 2490 793 quolibet
2515 725 2750 796 negotio
2789 728 2956 795 turpe
2987 726 3210 778 lucrum
3250 724 3557 795 quassierit,
3588 731 3647 780 et

2012 833 2115 888 per
2151 816 2396 870 diversas
2440 818 2654 889 species
2692 819 2808 891 vini
2852 819 2937 873 vel
2989 818 3190 888 frugis,
3219 818 3306 872 vel
3345 817 3644 888 cujuslibet

2011 910 2091 964 rei
2121 911 2362 964 emendo
2394 912 2478 964 vel
2507 912 2803 967 vendendo
2836 912 3025 981 aliqua
3068 910 3425 965 incrementa
3450 927 3641 966 susce-

2011 1004 2177 1074 perit,
2208 1003 2499 1074 depositus
2529 1005 2598 1058 de
2627 1005 2804 1076 gradu
2833 1003 3024 1076 144
3046 1020 3168 1073 suo,
3188 1004 3409 1058 alienus
3436 1004 3641 1059 habeas

2012 1099 2106 1150 tur
2131 1113 2164 1149 a
2185 1095 2353 1149 clero.

2083 1190 2256 1244 LXIII.
2292 1189 2350 1245 Si
2382 1189 2506 1260 quis
2526 1190 2823 1260 presbyter
2845 1195 2942 1245 aut
2983 1189 3255 1245 diaconus
3283 1190 3374 1244 vel
3404 1190 3642 1245 clericus

2012 1282 2263 1337 ecclesiae
2294 1284 2613 1354 deputatus,
2647 1282 2693 1336 si
2724 1284 2877 1338 intra
2902 1282 3184 1338 civitatem
3229 1283 3421 1352 fuerit,
3454 1287 3554 1338 aut
3581 1284 3638 1338 iu

2011 1376 2268 1448 quolibet
2295 1376 2416 1430 loco
2442 1376 2501 1429 in
2529 1393 2640 1447 quo
2666 1376 2905 1431 ecclesia
2931 1380 3032 1444 est,
3065 1379 3124 1431 et
3146 1376 3216 1431 ad
3246 1377 3641 1449 quotidianum

2011 1469 2288 1541 psallendi
2319 1470 2657 1523 sacriﬁcium
2685 1470 2986 1524 matutinis
3016 1470 3102 1523 vel
3125 1470 3459 1541 vespertinis
3485 1470 3642 1525 horis

2011 1563 2084 1617 ad
2128 1562 2423 1617 ecclesiam
2470 1579 2589 1617 non
2638 1563 2927 1631 convenit,
2955 1563 3281 1634 deponatur
3319 1580 3354 1616 a
3394 1563 3566 1631 clero,
3594 1564 3641 1619 si

2009 1660 2202 1711 tamen
2229 1655 2532 1726 castigatus
2557 1656 2781 1710 veniam
2807 1656 2875 1710 ab
2901 1655 3166 1727 episcopo
3192 1672 3295 1727 per
3313 1656 3643 1712 satisfactio-

2012 1765 2144 1803 nem
2169 1748 2419 1803 noluerit
2443 1749 2781 1819 promereri.

2083 1844 2252 1897 LXIV.
2276 1843 2396 1896 Non
2423 1842 2588 1897 liceat
2604 1841 2921 1913 quemlibet
2939 1841 3208 1897 clericum
3230 1842 3321 1898 die
3342 1842 3640 1899 Dominico

2008 1936 2079 1990 ab
2110 1935 2347 1990 ecclesia
2384 1936 2677 1990 absentem
2691 1952 2845 2005 Iesse,
2875 1936 2975 1989 sed
3017 1935 3321 1991 missarum
3352 1937 3641 1992 solemniis

2009 2028 2283 2083 interesse
2319 2032 2377 2083 et
2397 2029 2475 2099 jej
2485 1998 2703 2133 unio./

2082 2123 2227 2176 LXV.
2262 2124 2383 2176 Non
2427 2121 2660 2192 oportet'
2707 2121 2939 2176 clericos
2987 2122 3074 2175 vel
3125 2121 3295 2176 laicos
3346 2122 3639 2194 religiosos

2007 2221 2136 2270 ante
2167 2232 2384 2269 sacram
2408 2216 2614 2269 horam
2652 2214 2760 2269 diei
2804 2214 3031 2269 tertiam
3062 2214 3206 2269 inire
3239 2214 3513 2284 convivia,
3543 2232 3641 2270 ne-

2007 2324 2118 2380 que
2146 2308 2448 2380 aliquando
2473 2308 2727 2377 clericos,
2760 2307 2868 2362 nisi
2900 2308 3117 2379 hymno
3151 2308 3300 2364 dicto
3337 2309 3506 2364 edere
3535 2325 3637 2381 pa-

1962 2413 1967 2417 ‘
2006 2418 2160 2468 nem,
2194 2407 2251 2456 et
2275 2405 2401 2473 post
2428 2402 2582 2456 cibos
2610 2401 2817 2472 gratias
2855 2400 3074 2456 auctori
3096 2402 3213 2456 Deo
3239 2402 3473 2458 referre.

2076 2496 2250 2549 LXVI.
2284 2497 2404 2549 Non
2432 2498 2655 2567 oportet
2686 2495 2920 2549 clericos
2951 2511 3180 2549 comam
3207 2495 3449 2565 nutrire,
3479 2501 3536 2551 et
3561 2497 3638 2552 sic

2006 2588 2349 2657 ministrare,
2375 2588 2471 2643 sed
2500 2592 2718 2643 attonso
2740 2587 3283 2658 capite,patentibus
3310 2589 3561 2659 auribus,
3579 2594 3638 2646 et

2005 2681 2321 2736 secundum
2350 2684 2535 2736 Aaron
2562 2680 2803 2737 talarem
2832 2683 3048 2735 vestem
3077 2679 3335 2749 induere,
3362 2685 3425 2736 ut
3442 2681 3558 2737 sint
3574 2683 3634 2738 in

2003 2774 2203 2829 habitu
2231 2779 2456 2829 ornato.

2074 2868 2271 2923 LXVII.
2315 2870 2437 2922 Non
2482 2872 2706 2939 oportet
2746 2868 2995 2939 psalmos
3036 2867 3376 2939 compositos
3416 2871 3474 2924 et
3510 2869 3632 2924 vul-

2005 2977 2166 3033 gares
2196 2962 2255 3015 in
2286 2961 2520 3017 ecclesia
2546 2960 2755 3029 dicere,
2781 2977 2964 3032 neque
2989 2961 3159 3016 libros
3187 2960 3285 3032 qui
3313 2965 3445 3017 sunt
3472 2965 3636 3019 extra

2003 3071 2283 3109 canonem
2311 3057 2519 3126 legere,
2548 3054 2657 3109 nisi
2698 3054 2848 3110 solos
2888 3054 3185 3110 canonicos
3224 3054 3360 3109 Novi
3385 3059 3441 3110 et
3469 3057 3631 3112 Vete~

269 3154 598 3210 ministrare
671 3155 731 3209 in
804 3154 1031 3227 p0pulo,
1107 3152 1213 3207 nisi
1287 3152 1433 3207 forte
1517 3152 1625 3206 illis
1695 3151 1898 3207 absen-
1921 3148 2078 3267 Clris
2102 3149 2460 3205 Testamenti.

269 3248 417 3267 131.”;
2073 3243 2274 3267 IV‘YIII
2326 3244 2443 3267 Ἀῒν...

268 3248 439 3303 tibus.

340 3342 489 3395 LVII.
516 3329 582 3395 'Si
610 3341 737 3413 quis
778 3341 1076 3413 presbyter
1120 3340 1349 3412 publica
1390 3338 1725 3410 poenitentia
1751 3356 1785 3393 a
1812 3356 1900 3393 sa-

269 3434 498 3489 cerdote
526 3437 778 3505 accepta,
798 3439 896 3489 aut
914 3434 1104 3505 aliqua
1138 3432 1465 3487 necessitate
1498 3432 1589 3486 dic
1609 3431 1901 3487 Dominica

268 3545 371 3601 pro
408 3528 657 3600 quadam
688 3527 964 3598 religione
1000 3526 1365 3599 jejunaverit,
1396 3525 1542 3580 sicut
1588 3525 1896 3594 Manichaei,

267 3622 567 3676 anathema
596 3620 687 3676 sit.

338 3714 613 3770 Similiter
652 3717 710 3769 et
753 3715 905 3786 quod
952 3714 1022 3769 ab
1068 3715 1335 3787 apostolis
1388 3713 1685 3782 traditum,
1717 3729 1900 3767 canon

265 3813 422 3871 tenet
473 3808 765 3879 antiquus,
806 3809 1016 3880 placuit
1060 3813 1119 3861 ut
1166 3825 1268 3879 per
1313 3824 1509 3865 omnes
1555 3806 1895 3874 Dominicas,

269 3908 325 3957 et
336 3919 442 3974 per
452 3918 656 3957 omnes
673 3902 793 3957 dies
807 3903 1035 3957 Pascha:
1054 3919 1232 3973 usque
1250 3903 1318 3957 ad
1332 3901 1894 3972 quinquagesimum,

266 4011 381 4050 non
402 3999 772 4067 prosternant
792 4013 850 4049 se
871 3996 933 4050 in
964 3996 1213 4049 oratione
1242 3994 1601 4061 humilitatis,
1627 3994 1726 4048 sed
1745 3998 1898 4049 recto

266 4089 425 4145 vultu
448 4090 519 4144 ad
544 4089 847 4147 Dominum
883 4090 1201 4160 fungantur
1227 4088 1494 4143 orationis
1521 4087 1729 4155 ofﬁcio,
1763 4087 1899 4157 quia

266 4182 326 4236 in
349 4183 438 4238 his
467 4183 663 4239 diebus
690 4182 966 4254 gaudium
1006 4181 1435 4237 resurrectionis
1476 4180 1703 4235 Domini
1751 4180 1894 4237 cele-

267 4275 517 4332 bramus.

336 4371 514 4426 LVIII.
571 4370 631 4426 Si
686 4371 811 4442 quis
880 4387 994 4424 non
1054 4386 1158 4441 pro
1226 4368 1584 4438 abstinentia,
1635 4368 1737 4422 sed
1795 4385 1896 4439 pro

268 4464 651 4519 exsecratione
727 4480 986 4518 escarum
1073 4463 1339 4531 abstinet,
1410 4462 1621 4533 placuit
1702 4464 1896 4517 sancto

2073 3243 2293 3298 LXVIII.
2326 3244 2447 3297 Non
2477 3245 2707 3314 oportet
2736 3242 2971 3297 clericos
2998 3242 3227 3315 ignaros
3249 3247 3631 3316 praesumpto-

2001 3353 2091 3390 res
2121 3354 2293 3408 super
2316 3340 2686 3391 monumenta
2711 3336 2772 3390 in
2798 3352 3062 3407 campum
3089 3337 3359 3408 mysteria
3382 3341 3630 3408 portare,

2003 3435 2101 3485 aut
2126 3430 2459 3485 distribuere
2490 3432 2870 3497 sacramenta,
2904 3430 3001 3484 sed
3028 3432 3127 3484 aut
3150 3429 3211 3483 in
3247 3430 3500 3499 ecclesia,
3535 3435 3635 3484 aut

1998 3523 2060 3577 in
2086 3523 2315 3578 basilica
2348 3523 2444 3577 ubi
2471 3526 2790 3595 martyrum
2828 3522 3089 3594 reliquiae
3131 3527 3263 3577 sunt
3304 3523 3522 3594 positae,
3554 3524 3633 3578 ibi

1998 3634 2101 3688 pro
2127 3617 2407 3672 defunctis
2434 3617 2786 3672 oblationem
2809 3616 3018 3671 otferri.

2200 3711 2509 3780 Sequuntur
2534 3710 2773 3765 Canones
2801 3711 2877 3765 ad
2904 3712 3068 3766 laicos
3085 3712 3434 3781 pertinentes.

2069 3805 2239 3860 LXIX.
2270 3806 2392 3859 Non
2432 3804 2599 3860 liceat
2640 3803 2976 3859 Christianis
3025 3804 3261 3875 prandia
3303 3804 3379 3860 ad
3422 3804 3628 3860 defun-

1997 3902 2219 3953 ctorum
2244 3898 2502 3969 sepulcra
2526 3898 2746 3953 deferre
2772 3903 2828 3953 et
2854 3898 3171 3953 sacrificare
3196 3898 3459 3954 mortuis.
3495 3882 3519 3972 Ι

2071 3993 2219 4048 LXX.
2249 3993 2374 4047 Non
2423 3992 2591 4047 liceat
2634 3991 2788 4046 laicis
2834 3992 2923 4046 vel
2969 3991 3186 4047 clericis
3231 3992 3302 4047 ab
3352 3992 3631 4048 haareticis

1998 4086 2257 4158 eulogias
2302 4085 2582 4157 accipere,
2623 4085 2757 4158 quia
2801 4085 3230 4141 maledictiones
3274 4087 3475 4165 magis.
3502 4092 3633 4141 sunt

1999 4197 2171 4252 quam
2194 4179 2629 4247 benedictiones,
2665 4195 2851 4250 neque
2878 4179 3045 4234 liceat
3070 4182 3169 4234 aut
3194 4196 3327 4234 cum
3355 4180 3631 4236 hmreticis

1996 4279 2093 4328 aut
2117 4290 2247 4327 cum
2274 4272 2637 4328 schismaticis
2665 4288 2844 4327 orare.

2068 4368 2237 4421 LXXI.
2262 4366 2317 4421 Si
2337 4366 2464 4437 quis
2489 4382 2844 4437 paganorum
2866 4365 3336 4421 consuetudinem
3360 4383 3626 4439 sequens,

1998 4461 2216 4515 divinos
2244 4465 2299 4515 et
2324 4459 2626 4529 sortilegos
2654 4459 2713 4513 in
2741 4459 2974 4514 domum
3015 4476 3181 4514 suam
3224 4459 3625 4530 introduxerit,

269 4557 528 4625 concilio,
556 4560 621 4611 ut
649 4561 977 4629 praegustet,
1001 4560 1059 4611 et
1086 4556 1163 4610 sic
1191 4556 1238 4609 si
1267 4556 1385 4609 vult
1415 4555 1978 4635 abstinere,absti-D
2001 4554 2162 4626 quasi
2194 4559 2252 4608 ut
2278 4555 2495 4607 malum
2526 4552 2679 4606 foras
2726 4551 2974 4621 mittant,
3006 4555 3105 4606 aut
3151 4552 3434 4610 maleﬁcia
3471 4552 3625 4607 inve-

271 4654 424 4705 neat.
456 4650 558 4706 Sin
587 4655 778 4705 autem
804 4651 1037 4721 spernit,
1071 4650 1147 4704 ita
1179 4653 1240 4703 ut
1268 4651 1423 4702 olera
1455 4652 1612 4703 cocta
1632 4665 1761 4703 cum
1782 4665 1900 4702 car-

270 4744 437 4799 nibus
463 4760 580 4798 non
612 4744 892 4815 degustet,
916 4744 1021 4797 iste
1049 4759 1166 4798 non
1194 4741 1489 4808 obediens,
1511 4758 1615 4796 nec
1639 4741 1900 4812 suspicio-

268 4854 401 4893 nem
443 4837 676 4892 haeresis
704 4853 737 4892 a
764 4854 821 4893 se
865 4854 1191 4906 removens,
1220 4836 1535 4906 deponatur
1581 4834 1651 4889 de
1698 4834 1898 4889 ordine

271 4932 587 4987 clericatus.

336 5026 459 5080 LIX.
505 5026 631 5080 Non
668 5024 836 5081 liceat
888 5024 1271 5079 sacerdotibus
1307 5024 1398 5077 vel
1449 5021 1662 5077 clericis
1710 5021 1902 5093 aliqua

268 5119 585 5189 spectacula
624 5119 682 5172 in
708 5118 924 5189 nuptiis
947 5118 1036 5172 vel
1077 5118 1135 5171 in
1181 5116 1451 5172 conviviis
1494 5119 1770 5187 spectare,
1802 5116 1901 5169 sed

270 5215 502 5283 oportet
526 5215 840 5283 antequam
866 5212 1282 5283 ingrediantur,
1308 5212 1428 5281 ipsa
1448 5210 1766 5280 spectacula
1787 5225 1904 5263 sur-

274 5320 429 5375 gere,
457 5308 516 5359 et
543 5306 729 5360 redire
758 5305 892 5360 inde

338 5401 443 5455 LX.
474 5401 595 5453 Non
634 5400 799 5455 liceat
828 5399 1061 5455 clericos
1094 5399 1477 5453 incantatores
1513 5413 1633 5451 esse
1665 5399 1724 5450 et
1756 5395 1901 5466 liga-

268 5497 425 5549 turas
451 5493 665 5561 facere,
698 5494 848 5564 quod
876 5499 962 5548 est
990 5492 1277 5563 colligatio
1308 5493 1667 5558 animarum;
1702 5489 1748 5543 si
1777 5489 1905 5561 quis

269 5588 392 5642 haec
419 5587 574 5652 facit,
605 5586 674 5641 de
708 5586 950 5643 Ecclesia
984 5586 1330 5658 projiciatur.

340 5682 468 5737 LXI.
532 5681 658 5735 Non
723 5679 901 5735 liceat
951 5680 1269 5735 sacerdotes
1327 5680 1413 5735 vel
1481 5678 1733 5746 clericos,
1807 5676 1906 5730 sed

274 5791 375 5829 nec
404 5774 704 5849 religiosos
740 5773 911 5829 laicos
935 5774 1190 5830 convivia
1214 5774 1399 5829 facere
1432 5773 1502 5827 de
1530 5771 1813 5827 confertis.

344 5868 491 5929 LXII.
523 5867 581 5925 Si
608 5867 735 5943 quis
759 5867 966 5926 oblitus
993 5868 1265 5928 timorem
1292 5866 1535 5940 Domini,
1571 5868 1628 5923 et
1653 5869 1906 5923 sanctam

2000 4648 2177 4714 niant,
2205 4648 2291 4701 vel
2322 4645 2686 4701 lustrationes
2714 4661 3077 4716 paganorum
3110 4645 3340 4713 faciant,
3372 4645 3629 4717 quinque

2001 4741 2163 4795 annis
2189 4738 2587 4811 paenitentiam
2613 4741 2805 4809 agant.

2071 4836 2262 4889 LXXII.
2296 4836 2420 4889 Non
2463 4833 2628 4888 liceat
2676 4831 3011 4888 Christianis
3054 4834 3250 4887 tenere
3295 4831 3631 4889 traditiones

2002 4928 2325 4999 gentilium.

2076 5023 2291 5078 LXXIII.
2332 5023 2454 5077 Non
2496 5022 2664 5076 liceat
2711 5018 3040 5077 Christianis
3098 5019 3393 5076 observare
3440 5025 3497 5076 et
3538 5037 3629 5076 co-

2002 5117 2122 5171 lere
2153 5118 2449 5183 elementa,
2481 5118 2579 5169 aut
2604 5115 2780 5182 lunae,
2811 5116 2909 5167 aut
2947 5112 3243 5168 stellarum
3286 5130 3503 5185 cursus,
3537 5119 3636 5169 aut

2003 5210 2233 5265 inanem
2264 5210 2561 5279 signorum
2590 5207 2872 5262 fallaciam
2897 5224 3000 5278 pro
3028 5207 3201 5273 domo
3230 5208 3506 5279 facienda,
3538 5212 3637 5264 aut

2002 5308 2239 5374 propter
2265 5306 2488 5373 segetes
2517 5302 2604 5355 vel
2632 5301 2860 5355 arbores
2885 5301 3239 5372 plantandas,
3255 5303 3345 5357 vel
3371 5302 3636 5374 conjugia

2004 5396 2285 5450 socianda.
2318 5392 2599 5465 Scriptum
2630 5397 2715 5449 est
2741 5394 2897 5451 enim
2928 5412 2941 5449 :
2977 5415 3005 5443 «
3032 5394 3241 5451 Omnia
3267 5413 3395 5468 quae
3432 5396 3632 5461 facitis,

2004 5495 2100 5545 aut
2126 5489 2185 5543 in
2213 5489 2402 5557 verbo,
2422 5491 2521 5543 aut
2545 5488 2605 5542 in
2635 5505 2830 5560 opere,
2850 5488 3040 5544 omnia
3067 5489 3129 5544 in
3146 5490 3385 5545 nomine
3410 5489 3635 5543 Domini

2006 5583 2185 5637 nostri
2246 5583 2378 5637 Jesu
2437 5581 2647 5638 Christi
2708 5581 2896 5653 facite,
2954 5582 3165 5655 gratias
3224 5584 3457 5653 agentes
3516 5582 3633 5636 Deo

2006 5675 2227 5747 (Coloss.
2262 5691 2342 5742 III,
2379 5674 2487 5747 I7).
2531 5695 2558 5728 »

2076 5768 2293 5824 LXXIV.
2338 5769 2464 5823 Non
2508 5768 2674 5825 liceat
2726 5786 2897 5842 agere
2940 5770 3090 5825 diem
3145 5766 3529 5822 Kalendarum
3578 5774 3636 5823 et

2009 5862 2139 5922 otiis
2170 5878 2368 5921 vacare
2416 5863 2741 5938 gentilibus,
2771 5880 2957 5936 neque
3003 5863 3163 5919 lauro
3211 5865 3311 5918 aut
3352 5860 3635 5920 viriditate
