4032 6308
393 309 493 363 587

1290 305 1572 360 APPEND.
1613 304 1701 359 AD
1736 304 1898 359 SEC.
1938 304 2026 359 IX.
2057 330 2125 343 —-

2165 301 2407 358 ISIDORJ
2444 303 2868 361 MERCATORIS
3651 304 3757 359 588

396 416 663 471 arborum
691 414 924 486 cingere
952 414 1172 471 domos.
1202 414 1396 469 Omnis
1424 414 1543 468 haec
1574 412 1888 468 observatio
1914 430 2018 485 pa-
2042 423 2102 497 Α
2124 412 2194 468 ad
2224 412 2471 468 ecclesiae
2492 413 2755 485 januam,
2784 416 2842 468 et
2868 415 2994 484 post
3020 413 3125 468 hos
3150 412 3273 467 aliis
3297 413 3551 485 quinque
3585 414 3757 468 annis

397 509 704 581 ganissima
733 514 835 564 est.

463 604 655 658 LXXV.
678 604 801 658 Non
821 603 991 657 liceat
1014 602 1071 656 in
1101 600 1409 657 herbarum
1433 599 1873 668 collectionibus,
1891 617 2019 673 quae

393 696 758 750 medicinales
788 697 937 761 sunt,
968 694 1185 765 aliquas
1216 692 1654 762 observationes,
1683 697 1781 747 aut
1822 693 2017 748 incan-

392 790 636 845 tationes
664 788 980 854 attendere,
1009 787 1118 842 nisi
1145 790 1372 841 tantum
1401 802 1531 841 cum
1552 786 1807 858 symbolo
1833 786 2020 842 divino

391 887 447 939 et
474 883 727 940 oratione
767 881 1079 951 Dominica,
1110 884 1171 936 ut
1196 884 1423 937 tantum
1455 881 1604 935 Deus
1643 884 1867 935 creator
1895 897 2016 935 om-

389 977 549 1032 nium
575 981 631 1031 et
659 975 935 1031 Dominus
962 977 1301 1030 honoretur.

460 1071 671 1125 LXXVI.
704 1070 825 1124 Non
869 1069 1038 1123 liceat
1080 1068 1348 1123 mulieres
1393 1067 1728 1122 christianas
1765 1067 2018 1139 aliquam

387 1163 697 1219 vanitatem
722 1162 781 1217 in
812 1162 927 1216 suis
952 1160 1207 1216 laniﬁciis
1238 1161 1561 1227 observare,
1589 1160 1686 1215 sed
1716 1161 1896 1215 Deum
1927 1160 2017 1214 in-

386 1260 587 1312 vocent
629 1256 973 1328 adjutorem,
1005 1254 1103 1326 qui
1147 1254 1228 1309 eis
1272 1253 1609 1326 sapientiam
1657 1253 1888 1309 texendi
1915 1253 2015 1308 do-

389 1352 560 1406 navit.

456 1445 690 1500 LXXVH.
723 1443 780 1499 Si
808 1442 968 1513 cujus
998 1457 1136 1496 uxor
1178 1440 1523 1495 adulterium
1563 1440 1780 1509 fecerit,
1808 1445 1907 1495 aut
1935 1439 2020 1494 vir
2074 1428 2075 1431 “

382 1540 443 1594 in
470 1539 720 1593 alienam
748 1551 987 1592 uxorem
1013 1534 1260 1602 irruerit,
1293 1537 1513 1605 septem
1546 1534 1712 1588 annis
1736 1534 2013 1606 poeniten-

413 1633 525 1686 iam
552 1633 702 1686 agat.

413 1639 525 1686 'am
552 1648 583 1685 a
625 1639 702 1685 at.

384 1639 425 1687 tl
454 1647 713 1779 LXXE’III.
747 1722 801 1778 Si
828 1738 940 1794 qua
982 1721 1191 1776 mulier
1213 1720 1495 1777 fornicata
1522 1720 1713 1787 fuerit,
1746 1725 1801 1777 et
1828 1721 2013 1776 infan-

2121 505 2180 561 in
2218 506 2490 561 orationis
2536 506 3008 562 communionem
3049 510 3307 578 receptus
3354 506 3758 578 paenitentiam

2120 603 2271 669 agat,
2300 605 2356 655 et
2394 600 2472 654 sic
2521 600 2766 671 gratiam
2801 600 3071 671 suscipiat
3113 599 3475 655 sacramenti.
3508 601 3752 655 Interro-

2122 696 2330 763 gentur
2352 694 2547 747 autem
2575 692 2670 746 alii
2697 692 2766 747 de
2788 708 2855 748 eo
2878 692 3109 764 qualem
3129 692 3304 746 vitam
3331 691 3390 746 in
3418 692 3757 765 poenitentia

2121 785 2324 857 egerit,
2342 790 2398 839 et
2417 785 2494 839 sic
2508 785 2930 841 communionis
2956 785 3413 840 misericordiam
3447 802 3757 858 consequa-

2120 880 2231 932 tur.
2264 877 2317 933 Si
2344 878 2471 949 quis
2496 882 2690 933 autem
2734 881 2867 950 post
2893 878 3092 949 viginti
3137 895 3319 934 annos
3360 878 3577 933 habens
3605 895 3753 934 uxo-

2119 987 2263 1040 rem,
2305 971 2438 1026 huic
2482 974 2717 1043 peccato
2770 972 3019 1042 irruerit,
3047 972 3250 1043 viginti
3295 971 3545 1044 quinque
3586 973 3754 1027 annis

2120 1064 2431 1119 humilitati
2462 1064 2774 1135 subjaceat,
2808 1068 2865 1120 et
2888 1066 3139 1138 quinque
3187 1065 3350 1120 annis
3396 1065 3755 1121 orationibus

2117 1161 2344 1213 tantum
2365 1158 2821 1226 communicans,
2835 1162 3037 1231 postea
3051 1159 3287 1230 recipiat
3308 1162 3750 1214 sacramentum.

2117 1252 2277 1315 Quod
2310 1251 2354 1305 si
2384 1252 2534 1306 hanc
2560 1268 2885 1306 mensuram
2913 1252 3117 1324 aliquis
3138 1256 3522 1324 transgressus
3556 1252 3749 1319 fuerit,

2117 1348 2540 1400 sacramentum
2565 1344 2626 1399 in
2652 1346 2803 1400 exitu
2829 1349 3230 1418 consequatur,
3254 1350 3482 1417 oportet
3498 1345 3653 1400 enim
3673 1348 3753 1400 ta-

2117 1439 2199 1493 les
2222 1438 2373 1501 in‘ter
2401 1438 2778 1494 daemoniosos
2818 1455 3001 1494 orare.

2190 1560 2450 1614 LXXXIII.
2490 1559 2547 1615 Si
2582 1559 2708 1631 quis
2751 1559 2823 1613 de
2868 1574 3108 1630 corpore
3141 1558 3335 1614 exiens
3379 1558 3751 1615 novissimum

2116 1656 2173 1708 et
2200 1651 2580 1707 necessarium
2623 1652 3041 1708 communionis
3069 1651 3336 1707 viaticum
3366 1652 3597 1723 expetit,
3630 1669 3751 1708 non

2116 1746 2169 1801 ei
2192 1746 2537 1817 denegetur;
2567 1746 2720 1817 quod
2752 1746 2797 1799 si
2835 1746 2896 1800 in
2938 1745 3330 1817 desperatione
3359 1745 3596 1816 positus,
3623 1750 3751 1817 post

383 1824 503 1875 tem
519 1817 616 1890 qui
628 1816 829 1871 exinde
843 1814 1017 1870 fuerit
1030 1819 1196 1869 natus
1213 1814 1503 1884 occiderit,
1520 1820 1576 1869 et
1589 1831 1717 1886 quae
1732 1815 2015 1870 studuerit
2034 1794 2091 1867 Β
2114 1794 2439 1911 percepti-im
2460 1794 2919 1894 ορξηῖωηηίοηθω
2939 1794 3147 1895 ueram
3169 1855 3340 1894 sanus
3358 1794 3529 1894 fuerit
3544 1794 3747 1909 nicius,

383 1912 648 1967 aborsum
677 1910 883 1976 facere,
913 1912 970 1963 et
999 1908 1155 1980 quod
1182 1912 1519 1978 conceptum
1548 1913 1634 1963 est
1661 1924 1884 1977 necare,
1917 1911 2014 1962 aut

382 2008 535 2061 certe
548 2007 609 2058 ut
620 2020 735 2058 non
747 2002 1028 2074 concipiat
1047 2002 1358 2068 elaborare,
1374 2003 1486 2056 sive
1501 2018 1569 2056 ex
1587 2002 1882 2069 adulterio,
1897 2001 2012 2057 sive

383 2116 451 2154 ex
477 2097 735 2169 legitimo
761 2096 1045 2168 conjugio,
1069 2097 1169 2150 has
1190 2096 1326 2150 tales
1353 2095 1622 2150 mulieres
1647 2096 1706 2149 in
1728 2098 1910 2150 morte
1930 2112 2013 2150 re-

380 2192 569 2263 cipere
598 2190 1072 2245 communionem
1104 2189 1325 2260 priores
1351 2205 1597 2243 canones
1617 2189 2008 2259 decreverunt,

379 2302 483 2340 nos
509 2288 702 2340 tamen
728 2301 830 2355 pro
844 2282 1257 2350 misericordia,
1280 2281 1393 2337 sive
1414 2283 1557 2337 tales
1584 2282 1874 2350 mulieres,
1895 2283 2010 2339 sive

379 2377 632 2433 conscias
657 2377 935 2432 scelerum
962 2377 1235 2448 ipsarum,
1263 2376 1462 2431 decem
1493 2375 1657 2430 annis
1686 2392 1858 2447 agere
1887 2393 2007 2448 poe-

380 2471 682 2527 nitentiam
702 2460 1074 2547 judicamus.{

450 2566 659 2620 LXXIX.
690 2563 747 2619 Si
776 2562 901 2634 quis
932 2556 1252 2618 voluntarie
1280 2562 1658 2618 homicidium
1692 2563 1910 2632 fecerit,
1940 2564 2011 2620 ad

370 2659 613 2730 januam
663 2656 914 2712 ecclesiae
962 2656 1256 2712 catholicae
1324 2672 1551 2727 semper
1598 2657 1905 2728 subjaceat,
1952 2660 2008 2711 et

378 2751 842 2806 communionem
870 2751 931 2804 in
962 2750 1115 2805 exitu
1144 2750 1275 2804 vitae
1305 2766 1421 2804 suae
1450 2748 1715 2819 recipiat;
1745 2750 1791 2804 si
1821 2754 2010 2805 autem

376 2862 492 2900 non
518 2844 858 2911 voluntarie,
888 2844 984 2897 sed
1013 2860 1145 2897 casu
1178 2842 1366 2914 aliquo
1393 2842 1765 2897 homicidium
1793 2843 2008 2913 fecerit,

375 2938 535 3010 prior
562 2954 745 2991 canon
768 2941 983 3007 septem
1011 2935 1178 2990 annis
1207 2953 1377 3007 agere
1406 2935 1801 3007 paenitentiam
1821 2936 2008 3007 jussit,

378 3032 657 3086 secundus
686 3047 870 3085 canon
897 3029 1151 3100 quinque
1181 3030 1492 3085 mandavit.

450 3126 636 3179 LXXX.
668 3125 722 3179 Si
757 3140 870 3195 qua
899 3122 1102 3178 mulier
1131 3123 1273 3177 duos
1308 3123 1529 3188 fratres,
1556 3127 1656 3178 aut
1683 3123 1730 3178 si
1774 3123 1901 3195 quis
1925 3124 2011 3178 vir

2110 1937 2338 1988 tantum
2369 1934 2626 1988 oratione
2654 1933 2939 2004 particeps
2965 1933 3057 1988 sit.
3084 1934 3225 1988 Nam
3251 1949 3367 1988 non
3394 1932 3631 2004 accipiat
3652 1949 3746 1988 sa-

2111 2031 2487 2094 cramentum,
2518 2027 2699 2082 donec
2728 2026 3105 2081 constitutum
3143 2042 3285 2097 pure
3314 2025 3555 2097 impleat
3598 2030 3745 2082 tem-

2109 2137 2236 2192 pus.
2257 2120 2362 2184 Qui
2376 2137 2523 2191 .ergo
2545 2120 2604 2175 in
2630 2121 2781 2175 exitu
2811 2119 3008 2174 mortis
3036 2122 3187 2187 sunt,
3211 2125 3269 2175 et
3294 2119 3622 2174 desiderant
3646 2136 3744 2174 ac-

2111 2214 2299 2285 cipere
2327 2217 2772 2283 sacramentum,
2802 2230 2934 2268 cum
2974 2212 3427 2269 consideratione
3452 2216 3510 2268 et
3533 2212 3744 2286 proba-

2111 2308 2264 2362 tione
2300 2307 2549 2379 episcopi
2582 2307 2838 2379 accipere
2870 2307 3102 2363 debent.

2182 2429 2439 2484 LXXXIV.
2478 2429 2538 2484 Si
2564 2429 2692 2500 quis
2716 2429 2888 2484 intrat
2918 2428 2977 2483 in
3005 2428 3303 2484 ecclesiam
3341 2428 3438 2484 Dei
3467 2431 3525 2484 et
3562 2446 3746 2485 sacras

2112 2522 2428 2593 Scripturas
2473 2521 2653 2589 audit,
2701 2526 2758 2576 et
2804 2539 2909 2593 pro
2957 2521 3179 2576 luxuria
3223 2537 3323 2577 sua
3368 2521 3569 2578 avertit
3610 2539 3669 2577 se
3713 2541 3746 2578 a

2112 2616 2513 2671 communione
2539 2615 2896 2683 sacramenti,
2921 2620 2977 2671 et
2992 2615 3052 2669 in
3074 2615 3437 2671 observandis
3461 2617 3747 2688 mysteriis

2117 2709 2362 2764 declinat
2387 2710 2753 2764 constitutam
2802 2709 3061 2781 regulam
3103 2709 3431 2781 discipline,
3461 2710 3622 2765 illum
3652 2713 3742 2765 ta-

2110 2803 2224 2857 lem
2268 2802 2685 2874 projiciendum
2713 2802 2781 2858 de
2809 2803 3053 2857 Ecclesia
3087 2802 3365 2858 catholica
3393 2819 3511 2858 esse
3543 2803 3742 2859 decer-

2111 2895 2324 2965 nimus,
2344 2895 2523 2951 donec
2544 2896 2933 2967 paenitentiam
2959 2900 3090 2968 agat
3118 2898 3176 2952 et
3201 2896 3461 2952 ostendat
3491 2897 3745 2953 fructum

2109 2988 2457 3061 poenitentiae
2479 3006 2617 3053 sum,
2632 2994 2698 3044 ut
2716 2990 2912 3060 possit,
2936 2990 3337 3047 communione
3356 2995 3643 3063 percepta,
3658 2990 3745 3047 in-

2111 3082 2463 3155 dulgentiam
2506 3084 2844 3155 promereri.

450 3164 636 3179 mm...
668 3164 722 3179 υ.
758 3164 870 3195 Ψ...
900 3164 1092 3178 ........,.
1132 3164 1273 3177 μμυυ
1308 3164 1529 3188 ..........,
1556 3164 1656 3178 ιη...
1683 3164 1730 3178 υ.
1775 3164 1901 3195 νην

377 3219 518 3273 duas
563 3233 783 3272 sorores
831 3216 1111 3285 habuerit,
1154 3232 1189 3270 a
1236 3216 1644 3272 communione
1691 3164 2085 3273 abstineantC
2180 3196 2416 3251 Lxxxv-
2449 3196 2570 3251 Non
2612 3196 2775 3251 liceat
2812 3196 3236 3253 communicare
3278 3197 3741 3254 excommunica'

375 3328 556 3382 usque
582 3311 654 3365 ad
684 3315 949 3378 mortem,
978 3309 1038 3365 in
1078 3313 1263 3365 morte
1308 3314 1503 3365 autem
1533 3311 1603 3364 ab
1632 3310 1712 3365 eis
1745 3326 2006 3366 commu-

378 3405 551 3461 nione
578 3410 822 3477 accepta,
850 3404 898 3458 si
924 3404 994 3459 de
1022 3404 1355 3459 inﬁrmitate
1397 3404 1805 3475 convaluerint,
1838 3410 2011 3478 agant

375 3500 609 3571 plenam
635 3498 1029 3569 paenitentiam
1054 3503 1314 3570 tempore
1341 3498 1663 3553 constituto.

449 3594 657 3647 LXXXI.
689 3592 749 3648 Si
795 3593 923 3664 quis
966 3592 1161 3646 multis
1212 3591 1425 3663 nuptiis
1467 3592 1642 3649 fuerit
1691 3592 2006 3663 copulatus,

376 3686 773 3757 pcenitentiam
785 3690 935 3757 agat,
949 3685 1243 3741 conversio
1260 3688 1451 3741 autem
1464 3685 1670 3740 etﬁdes
1682 3685 2009 3757 pcenitentis

378 3780 707 3851 compendit
729 3783 977 3849 tempus.

448 3874 685 3928 LXXXII.
720 3872 779 3927 Si
804 3872 931 3942 quis
963 3871 1264 3942 cujuslibet
1307 3871 1569 3926 animalis
1612 3872 2008 3927 commistione

377 3964 712 4037 peccaverit,
741 3964 1067 4037 quindecim
1091 3964 1255 4019 annis
1279 3964 1337 4018 in
1370 3964 1693 4020 humilitate
1719 3965 2011 4036 subjaceat

2108 3287 2198 3358 tis,
2228 3305 2417 3360 neque
2445 3289 2505 3343 in
2535 3290 2735 3345 domos
2777 3307 2976 3345 eorum
3018 3292 3375 3346 introeuntes
3421 3308 3582 3347 orare
3611 3309 3744 3348 cum

2110 3382 2211 3450 eis,
2241 3398 2425 3454 neque
2455 3382 2627 3438 liceat
2654 3400 2785 3438 cum
2815 3384 2896 3439 eis
2920 3384 2982 3440 in
3009 3384 3122 3439 alia
3151 3385 3386 3440 ecclesia
3412 3386 3740 3458 segregari;

2110 3474 2155 3529 si
2180 3479 2377 3531 autem
2408 3476 2610 3549 aliquis
2638 3477 2958 3549 episcopus,
2986 3482 3086 3533 aut
3119 3480 3437 3551 presbyter,
3471 3479 3576 3534 aut'
3614 3479 3740 3535 dia-

2109 3586 2304 3637 conus,
2352 3573 2453 3624 aut
2498 3571 2736 3642 quilibet
2783 3572 3191 3627 ecclesiasticus
3244 3573 3743 3629 excommunicato

2110 3664 2625 3733 communicaverit,
2657 3665 2818 3736 quasi
2854 3666 3194 3736 perturbans
3225 3682 3457 3723 omnem
3487 3667 3740 3739 discipli-

2110 3772 2243 3811 nam
2274 3756 2709 3813 ecclesiasticam
2740 3760 3284 3816 excommunicetur.

2181 3873 2422 3944 Explicit
2446 3873 2592 3928 liber
2618 3881 3021 3947 excerptorum
3048 3876 3228 3933 sancti
3256 3877 3477 3933 Martini
3510 3879 3744 3933 Bracca-

2108 3967 2290 4022 rensis
2318 3966 2565 4039 episcopi
2595 3984 2663 4022 ex
2687 3969 2919 4040 synodis
2949 3970 3346 4027 Orientalium.

757 4287 1169 4382 INCIPIT
1256 4287 1871 4382 CONCILIUM
1966 4290 2775 4386 BRACCARENSE
2860 4294 3361 4388 TERTIUM

1170 4454 1489 4519 Habitum
1517 4473 1690 4517 anno
1720 4463 1956 4537 quarta
1999 4455 2359 4519 ιναφηύαηί
2385 4458 2557 4537 regis
2584 4474 2722 4521 aera
2747 4477 2954 4521 ncxm.

3747 4475 3787 4515 ι

449 4624 727 4680 Προεηῐθι*
774 4622 909 4677 satis
952 4636 1053 4692 per
1092 4620 1348 4677 divinum
1395 4620 1666 4693 Spiritum
1700 4620 1760 4674 in
1811 4621 2008 4675 Braca-
2031 4618 2244 4703 unia
2260 4617 2482 4673 nullum
2497 4624 2820 4675 nostrorum
2835 4620 3746 4696 schismaticierrorisfatigaverat

377 4718 530 4772 rensi
559 4718 695 4772 urbe
737 4715 975 4781 collecti,
1005 4718 1062 4769 et
1103 4716 1172 4770 de
1217 4714 1303 4769 his
1347 4731 1475 4785 quae
1513 4714 1665 4769 intra
1713 4713 2012 4769 ecclesiam

377 4829 639 4883 perversa
661 4810 878 4865 actione
907 4812 1185 4880 geruntur
1210 4807 1509 4861 tractaturi
1536 4806 1920 4874 convenimus,
1952 4811 2015 4861 ut

378 4905 675 4975 adjuvante
708 4920 808 4957 nos
844 4902 942 4956 illo
988 4901 1088 4972 qui
1112 4900 1270 4954 “dicit
1300 4917 1312 4954 :
1346 4921 1373 4949 ‹‹
1406 4900 1738 4971 Ubicunque
1783 4900 1896 4955 duo
1922 4901 2013 4955 vel

380 5001 495 5050 tres
515 4996 737 5051 collecti
763 4995 981 5050 fuerint
1009 4995 1068 5047 in
1087 4993 1322 5048 nomine
1350 5008 1499 5060 meo,
1521 4992 1598 5047 ibi
1625 5008 1722 5047 ero
1745 4992 1805 5048 in
1823 4994 2010 5050 medio

382 5107 582 5143 eorum
624 5089 840 5159 (Matth.
868 5103 1026 5155 xvul,
1056 5086 1165 5157 20),
1197 5106 1225 5137 »
1254 5086 1375 5158 pari
1414 5086 1609 5143 animo
1638 5088 1874 5160 parique
1908 5089 2008 5144 de-

378 5183 624 5237 votionis
650 5182 835 5237 studio
867 5184 1257 5251 exsurgentes,
1288 5181 1434 5236 male
1467 5181 1685 5237 habitos
1734 5184 2007 5253 exstirpe-

382 5292 511 5331 mus
551 5291 787 5330 errores.
827 5273 1052 5329 Etenim
1081 5274 1216 5329 dum
1248 5291 1351 5329 nos
1394 5275 1453 5330 in
1495 5293 1677 5331 unum
1727 5275 2011 5347 synodalis

376 5368 521 5425 actio
556 5373 940 5441 aggregasset,
980 5367 1185 5423 debitis
1230 5369 1290 5423 in
1322 5370 1547 5425 sedibus
1594 5369 1876 5433 collocati,
1901 5367 2012 5437 pri-

373 5481 535 5519 mum
563 5463 632 5519 de
663 5469 869 5520 sanctae
910 5461 1045 5517 ﬁdei
1088 5467 1445 5519 sacramento
1477 5463 1752 5533 coepimus
1798 5459 2006 5514 habere

376 5573 717 5623 sermonem,
748 5556 977 5625 scilicet,
1014 5572 1087 5612 ne
1134 5561 1235 5612 aut
1278 5557 1529 5611 vanitate
1573 5548 2044 5643 disputantium,\

376 5656 477 5706 aut
506 5651 816 5707 nescientia
846 5650 1192 5722 simplicium
1236 5649 1442 5704 erroris
1482 5646 1779 5718 quippiam
1806 5646 1866 5702 in
1896 5647 2008 5703 hoc

372 5748 729 5800 sacramento
756 5744 893 5800 ﬁdei
923 5746 1235 5808 teneretur,
1258 5741 1413 5796 unde
1443 5757 1572 5795 cum
1598 5757 1794 5796 omnes
1823 5759 1926 5798 nos
1947 5742 2006 5798 in

370 5852 501 5890 vera
534 5836 646 5890 fide
676 5843 735 5892 ut
766 5837 1063 5908 speculum
1094 5834 1567 5906 perlustraremus
1595 5835 1819 5905 illaesos,
1848 5836 1910 5893 in
1934 5853 2001 5892 eo

2113 4713 2300 4782 turbo,
2330 4713 2428 4768 sed
2453 4730 2584 4767 vera
2607 4730 2711 4769 nos
2753 4718 2811 4769 et
2854 4715 3090 4786 simplex
3129 4715 3189 4770 in
3236 4716 3345 4772 hoc
3387 4724 3744 4775 sacramento

2110 4807 2423 4878 apostolica
2449 4808 2694 4862 ostendit
2720 4807 2961 4863 idoneos
2991 4809 3333 4881 praedicatio,
3358 4816 3543 4881 grates
3563 4813 3748 4867 omni.

2110 4900 2326 4972 potenti
2357 4902 2682 4973 peregimus
2709 4903 2848 4971 Deo,
2880 4903 3034 4973 quod
3072 4904 3221 4958 hanc
3257 4910 3462 4960 nostrae
3491 4905 3620 4961 ﬁdei
3651 4924 3744 4960 re-

2112 4996 2307 5066 gulam
2334 4994 2470 5065 ipsis
2496 4995 2681 5049 verbis
2702 4998 2873 5067 atque
2899 4997 3190 5051 sententiis
3216 5004 3748 5055 commemoranter

2110 5088 2497 5159 praeteximus,
2530 5089 2733 5159 quibus
2761 5093 2819 5143 et
2847 5089 2907 5143 in
2939 5095 3222 5146 conventu
3269 5092 3477 5148 Nicaeni
3519 5094 3747 5150 concilii

2111 5181 2458 5236 declaratam
2489 5198 2607 5236 esse
2636 5183 2858 5237 scimus.

2184 5273 2481 5329 Credimus
2509 5276 2569 5329 in
2596 5292 2777 5330 unum
2805 5279 2983 5345 Deum
3013 5280 3239 5333 Patrem
3265 5279 3742 5352 omnipotentem,

2110 5367 2387 5423 factorem
2413 5369 2540 5424 coeli
2569 5374 2624 5423 et
2650 5374 2837 5439 terrae,
2871 5371 3175 5427 visibilium
3220 5374 3482 5429 omnium
3512 5379 3569 5429 et
3595 5376 3741 5431 invi-

2108 5460 2356 5516 sibilium
2400 5462 2771 5517 conditorem.
2806 5465 2872 5518 Et
2896 5465 2956 5519 in
2987 5482 3170 5520 unum
3217 5466 3517 5522 Dominum
3550 5470 3744 5525 Jesum

2108 5554 2394 5611 Christum
2423 5556 2624 5609 Filium
2656 5557 2750 5611 Dei
2797 5558 3182 5631 unigenitum,
3213 5577 3279 5615 ex
3326 5564 3494 5618 Patre
3542 5568 3746 5621 natum

2107 5653 2239 5704 ante
2261 5648 2457 5704 omnia
2478 5651 2703 5705 sazcula.
2732 5653 2913 5708 Deum
2941 5671 3006 5707 ex
3034 5654 3171 5722 Deo,
3190 5654 3389 5711 lumen
3405 5674 3475 5712 ex
3497 5658 3740 5731 lumine,

2105 5743 2286 5799 Deum
2341 5759 2539 5799 verum
2587 5760 2657 5800 ex
2706 5746 2820 5801 Deo
2868 5763 3023 5816 vero,
3072 5754 3288 5818 natum,
3336 5767 3452 5806 non
3499 5751 3736 5823 factum,

2104 5837 2401 5894 omousion
2447 5839 2614 5906 Patri,
2642 5839 2751 5896 hoc
2797 5846 2882 5897 est
2927 5840 3180 5914 ejusdem
3224 5860 3356 5901 cum
3403 5846 3566 5901 Patre
3596 5848 3736 5903 sub-
