4032 6312
196 339 308 392 589

1447 342 1917 399 DECRETALIUM
1957 343 2341 398 COLLECTIO.

3471 349 3571 402 590

193 446 448 514 stantite,
483 463 588 518 per
613 464 784 518 quem
817 450 1008 504 omnia
1037 452 1183 507 facta
1219 455 1501 523 suntquae
1530 451 1592 505 in
1620 452 1756 506 coelo
1778 455 1835 506 et
1855 462 1913 536 Α
1935 452 2064 507 dam
2091 468 2192 522 pro
2219 451 2640 522 complemento
2666 453 3086 508 communionis
3105 453 3343 508 credunt
3364 455 3570 525 pOpulo

195 555 331 610 qua:
359 539 420 593 in
447 543 618 608 terra,
661 542 760 612 qui
797 546 1033 615 propter
1072 561 1178 600 nos
1206 551 1262 601 et
1303 548 1534 617 propter
1574 548 1834 600 nostram

194 633 443 688 salutem
471 634 783 690 descendit.
808 637 877 691 Et
903 637 1234 694 incarnatus
1262 644 1346 694 est
1369 639 1438 694 de
1461 638 1674 710 Spiritu
1705 656 1832 694 san-

193 728 314 795 cto,
346 731 511 782 natus
541 743 608 782 ex
635 729 806 786 Maria
853 731 1098 802 virgine,
1145 749 1343 803 passus
1371 733 1474 788 sub
1512 733 1710 788 Pontio
1740 732 1833 788 Pi-

190 819 334 890 lato,
383 822 658 892 sepultus,
713 824 877 878 tertia
931 825 1022 880 die
1075 827 1415 895 resurrexit,
1464 827 1718 882 ascendit
1773 827 1833 882 in

192 914 386 980 ccelos,
416 915 574 970 sedet
610 917 681 972 ad
718 918 1008 974 dexteram
1067 921 1169 975 Dei
1215 921 1414 986 Patris,
1453 920 1663 976 iterum
1694 937 1830 975 ven-

193 1011 361 1063 turus
380 1009 642 1079 judicare
668 1010 823 1067 vivos
866 1018 923 1068 et
965 1017 1239 1069 mortuos.
1283 1015 1454 1085 Cujus
1510 1015 1674 1086 regni
1718 1031 1830 1092 nop

193 1103 311 1156 erit
327 1103 476 1158 ﬁnis.
492 1104 789 1160 Credimus
808 1109 864 1160 et
879 1106 939 1160 in
957 1107 1228 1179 Spiritum
1249 1113 1505 1164 sanctum
1523 1108 1831 1164 Dominum

191 1197 620 1267 vivificatorem,
651 1216 721 1254 ex
756 1201 917 1255 Patre
963 1205 1020 1256 et
1057 1202 1196 1257 Filio
1239 1203 1670 1274 procedentem,
1699 1219 1830 1258 cum

190 1293 362 1346 Patre
392 1295 448 1346 et
474 1292 614 1346 Filio
645 1293 1005 1349 adorandum
1031 1299 1089 1350 et
1118 1296 1574 1367 glorificandum.
1619 1298 1723 1362 Qui
1753 1299 1830 1353 lo-

190 1389 358 1440 cutus
387 1389 474 1441 est
498 1401 604 1457 per
625 1387 952 1458 prophetas.
981 1390 1049 1443 Et
1065 1406 1244 1444 unam
1276 1393 1552 1458 sanctam,
1584 1391 1826 1447 catholi-

190 1495 317 1533 cam
358 1483 416 1534 et
463 1480 1201 1552 apostolicam_Ecclesiam.
1245 1484 1596 1538 Confitemur
1649 1501 1824 1540 unum

189 1573 479 1644 baptisma
497 1574 557 1628 in
583 1575 980 1631 remissionem
999 1581 1391 1648 peccatorum.
1418 1579 1828 1650 Exspectamus

188 1666 664 1723 resurrectionem
694 1674 1071 1726 mortuorum.
1099 1672 1166 1725 Et
1205 1670 1377 1726 vitam
1407 1671 1586 1728 futuri
1607 1673 1822 1728 saeculi.

187 1755 418 1816 AmenJ

1935 545 2360 617 porrigendam,
2383 551 2439 600 et
2462 547 2614 617 quod
2636 547 2796 618 pejus
2813 547 2900 602 his
2927 547 3196 602 omnibus
3212 549 3314 614 est,
3337 547 3570 619 quidam

1935 639 2298 694 sacerdotum
2329 640 2388 694 in
2404 640 2552 696 vasis
2580 640 2803 695 Domini
2824 641 3019 713 epulas
3044 639 3151 695 sibi
3169 643 3491 714 apponunt,
3515 645 3571 696 et

1933 733 2281 788 manducare
2307 734 2366 789 in
2396 734 2476 788 eis
2502 740 2880 807 prmsumunt,
2913 735 3152 807 quidam
3180 735 3354 790 etiam
3381 751 3450 790 ex
3476 753 3565 791 sa-

1934 827 2257 882 cerdotibus
2282 827 2446 882 relati
2477 831 2627 898 sunt,
2658 829 2812 901 quod
2853 828 3243 884 ecclesiasticas
3271 833 3567 887 consuetu-

1933 920 2087 975 dinis
2105 920 2305 975 ordine
2336 921 2737 992 praetermisso,
2765 923 2998 978 missam
3023 922 3143 978 sine
3163 938 3330 995 prece
3355 924 3561 978 oratio-

1931 1015 2018 1069 nis
2045 1015 2294 1069 audeant
2318 1015 2528 1082 dicere,
2552 1018 2609 1070 et
2629 1016 2780 1086 quod
2801 1016 2860 1070 in
2881 1016 3335 1072 solemnitatibus
3359 1021 3565 1089 marty-

1929 1124 2061 1163 rum
2093 1107 2364 1180 reliquias
2394 1125 2496 1163 suo
2532 1109 2670 1164 collo
2701 1109 3016 1180 imponant,
3034 1113 3089 1164 et
3119 1110 3177 1164 in
3199 1110 3416 1166 sellulis
3445 1127 3564 1166 non

1931 1202 2001 1257 ab
2039 1201 2161 1256 aliis
2187 1217 2245 1256 se
2273 1202 2600 1273 portandos,
2632 1202 2739 1257 nisi
2766 1203 2836 1257 ab
2857 1202 3059 1258 albatis
3086 1203 3407 1259 diaconibus
3436 1221 3559 1260 cre-

1927 1295 2082 1351 dant.
2105 1295 2246 1350 Illud
2269 1312 2492 1368 quoque
2515 1295 2665 1368 quod
2683 1296 2938 1368 plerique
2961 1297 3314 1352 sacerdotum
3339 1297 3554 1370 absque

1927 1389 2251 1444 testimonio
2281 1406 2411 1445 cum
2435 1389 2661 1445 feminis
2693 1395 3136 1459 commorantur,
3169 1396 3225 1446 et
3253 1393 3403 1463 quod
3427 1392 3556 1464 qui-

1927 1483 2060 1538 dam
2095 1484 2324 1538 illorum
2353 1484 2661 1549 honoratos
2705 1483 2905 1539 fratres
2939 1500 3068 1539 suos
3105 1484 3435 1540 verberibus
3478 1486 3559 1541 in-

1925 1577 2180 1633 discretis
2210 1559 2818 1705 subjiciunt.lNecnon
2854 1581 2909 1633 et
2950 1577 3109 1645 illud,
3142 1579 3296 1649 quod
3323 1579 3556 1651 quidam

1925 1671 2169 1705 Ωἱτηηηῖο
2215 1671 2524 1705 nnniﬂllnln
2581 1671 2790 1705 annon};
2871 1687 3011 1705 ηιιηρ
3061 1672 3370 1705 Λπλὲηηι-ηις
3429 1679 3556 1705 ,ην-4

1923 1671 2172 1727 Simonis
2215 1671 2526 1743 cupiditate
2559 1671 2814 1743 ‘arrepti,
2871 1687 3014 1743 quos
3061 1672 3375 1728 ordinaturi
3428 1679 3561 1729 sunt

1928 1764 1977 1838 1
1993 1765 2119 1838 45
2149 1765 2252 1820 sub
2280 1765 2541 1820 cautione
2565 1764 2859 1820 dimittant
2883 1765 3127 1838 qualiter
3149 1770 3448 1838 postquam
3473 1784 3560 1822 or-

259 1837 408 1910 Post:
448 1855 618 1928 hujus
670 1859 881 1912 sancte
943 1857 1081 1913 ﬁdei
1141 1863 1563 1914 sacramentum
1617 1836 2103 1916 relatusBdinati
2134 1859 2377 1926 fuerint,
2422 1859 2722 1930 pecuniam
2763 1860 2835 1914 ab
2878 1836 2986 1914 illis
3035 1836 3378 1932 promissam
3410 1861 3554 1916 acci-

188 1954 268 2002 est
293 1948 353 2003 in
385 1950 651 2004 concione
675 1951 937 2006 omnium
959 1957 1284 2008 nostrorum
1311 1969 1472 2008 error
1491 1953 1824 2009 manifestus

187 2042 400 2113 pariter
423 2047 479 2099 et
509 2043 784 2111 diversus,
824 2045 925 2116 qui
953 2049 1112 2101 tanta
1149 2046 1322 2102 debet
1362 2046 1674 2120 disciplinas
1704 2052 1824 2104 arte

185 2136 434 2206 retundi,
459 2141 675 2209 quanta
695 2141 753 2194 et
766 2139 1134 2210 perversitate
1154 2141 1558 2213 comprobatur
1573 2141 1820 2198 infundi.

184 2229 430 2294 Quidam
460 2231 614 2286 enim
652 2232 712 2287 in
754 2233 1042 2289 sacrificiis
1079 2235 1307 2290 Domini
1348 2235 1517 2291 relati
1563 2240 1695 2291 sunt
1734 2237 1822 2291 lac

181 2339 282 2394 pro
310 2323 444 2382 vino
487 2325 710 2395 offerre,
754 2327 1155 2384 eucharistiam
1199 2345 1425 2402 quoque
1476 2329 1606 2387 vino
1631 2329 1819 2386 madi-

1923 1954 2103 2026 piant.
2118 1953 2258 2010 Illud
2281 1969 2504 2026 quoque
2522 1953 2675 2024 quod
2690 1952 2967 2009 familiam
2980 1953 3233 2009 ecclesias
3245 1953 3302 2010 in
3313 1955 3557 2026 propriis

1920 2048 2208 2102 laboribus
2239 2049 2510 2119 quassant
2540 2046 2820 2102 damnum
2847 2062 2877 2101 e
2902 2047 3210 2103 Dominicis
3235 2047 3506 2104 facientes
3535 2068 3548 2114 ;

1922 2158 2051 2214 quae
2078 2141 2291 2210 omnia,
2323 2157 2393 2196 ne
2422 2143 2657 2197 confuse
2697 2140 3000 2196 videantur
3031 2156 3150 2197 esse
3185 2141 3425 2213 prolata,
3465 2142 3552 2197 di-

1922 2235 2120 2294 scretis
2161 2235 2455 2292 titulorum
2498 2234 2793 2293 ordinibus
2827 2235 3113 2293 credimus
3136 2235 3545 2296 subnectenda.

1421 2644 1501 2711 IN
1507 2643 1823 2712 CIPIUNT
1896 2643 2311 2711 CAPITULA.

247 2833 298 2884 l.
331 2830 402 2886 Ut
448 2829 688 2902 repulsis
737 2831 1002 2888 omnibus
1041 2834 1406 2906 opinionibus
1450 2834 1806 2907 superstitio-

170 2937 331 2991 num,
362 2922 530 2995 panis
554 2927 782 2981 tantum
814 2929 873 2984 et
925 2927 1120 2983 vinum
1165 2945 1314 3001 aqua
1362 2929 1697 3001 permistum
1747 2928 1808 2986 in

171 3015 444 3072 sacriﬁcio
479 3016 811 3075 offerantur.

240 3113 292 3164 2.
324 3110 404 3166 Ne
436 3127 570 3168 vasa
603 3113 841 3169 Domino
885 3119 1102 3171 sacrata
1150 3115 1412 3172 humanis
1452 3117 1649 3174 usibus
1688 3135 1802 3176 ser-

167 3203 343 3258 viant.

239 3301 290 3352 3.
323 3299 403 3354 Ne
433 3301 700 3357 sacerdos
745 3301 866 3358 sine
907 3303 1090 3358 orario
1133 3304 1367 3360 missam
1412 3304 1621 3362 audeat
1648 3309 1796 3364 cele-

166 3390 348 3447 brare.

233 3486 286 3541 4.
317 3487 398 3540 Ne
448 3488 770 3544 sacerdotes
822 3490 939 3546 sive
996 3491 1322 3566 quicunque
1371 3509 1439 3548 ex
1491 3494 1640 3550 clero
1677 3496 1797 3552 sine

164 3579 487 3636 testimonio
519 3598 650 3637 cum
677 3583 1022 3655 quibuslibet
1045 3585 1276 3641 feminis
1305 3587 1578 3644 habitent.

232 3729 357 3784 CAP.
399 3731 444 3787 Ι.
489 3729 632 3785 Cum
670 3747 840 3786 omne
869 3733 1089 3790 crimen
1119 3739 1288 3807 atque
1311 3741 1610 3807 peccatum
1639 3736 1793 3792 obla-

165 3822 231 3876 tis
257 3823 369 3878 Deo
414 3823 699 3879 sacrificiis
741 3825 1016 3895 deleatur,
1067 3827 1206 3901 quid
1233 3829 1302 3884 de
1333 3835 1533 3886 caetero
1558 3848 1660 3902 pro
1690 3831 1790 3888 de-

161 3915 421 3972 lictorum
441 3917 760 3989 expiatione
789 3921 1026 3976 Domino
1060 3921 1306 3990 dabitur,
1330 3924 1559 3995 quando
1585 3924 1644 3979 in
1675 3925 1792 3997 ipsa

164 4011 415 4066 sacriﬁcii
441 4010 723 4068 oblatione
753 4019 975 4069 erratur
1003 4015 1032 4070 ?
1083 4016 1416 4072 Audivimus
1439 4017 1592 4073 enim
1619 4035 1785 4092 quos-

161 4103 287 4160 dam
316 4105 676 4161 schismatica
703 4108 1013 4164 ambitione
1044 4109 1306 4166 detentos
1347 4115 1542 4167 contra
1571 4112 1788 4168 divinos

160 4199 403 4270 ordines,
444 4203 504 4255 et
531 4201 862 4272 apostolicus
892 4203 1275 4260 institutiones
1304 4205 1388 4260 lac
1423 4223 1526 4277 pro
1561 4206 1691 4261 vino
1727 4207 1785 4262 in

158 4291 350 4348 divinis
397 4294 688 4350 sacrificiis
730 4296 1016 4368 dedicare,
1063 4298 1202 4352 alios
1244 4299 1452 4371 quippe
1484 4300 1783 4356 intinctam

157 4387 552 4444 eucharistiam
577 4389 803 4461 populis
813 4407 918 4462 pro
931 4391 1354 4463 complemento
1366 4394 1784 4449 communionis

158 4481 466 4553 porrigere;
499 4483 774 4555 quosdam
803 4485 974 4540 etiam
1001 4502 1118 4540 non
1149 4502 1480 4558 expressum
1509 4489 1700 4542 vinum
1723 4489 1780 4543 in

1983 2839 2034 2889 5.
2067 2835 2142 2889 De
2160 2834 2427 2890 damnata
2451 2832 2902 2906 prtesumption‘e
2920 2833 3308 2905 quorumdam
3327 2833 3541 2907 episco-

1908 2944 2114 3000 porum
2142 2929 2243 3001 qui
2280 2929 2340 2983 in
2366 2927 2758 2984 festivitatibus
2797 2929 3114 2999 martyrum
3145 2927 3218 2982 ad
3248 2927 3539 2984 ecclesiam

1905 3021 2579 3094 procedentes,fappensis
2604 3021 2747 3078 collo
2775 3020 3048 3092 reliquiis,
3077 3037 3112 3076 a
3131 3020 3456 3078 diaconibus
3479 3021 3539 3079 in

1900 3116 2122 3172 sellulis
2146 3121 2459 3172 vectantur.

1826 3210 1898 3286 ρ’
1978 3213 2030 3265 6.
2060 3212 2134 3265 De
2160 3211 2456 3266 honestate
2485 3211 2893 3266 honoratorum
2914 3211 3000 3264 est
3024 3207 3337 3282 disciplina.

1968 3309 2020 3359 7.
2055 3306 2132 3358 Ne
2161 3304 2530 3375 promissione
2571 3319 2895 3372 munerum,
2926 3303 3160 3358 honoris
3207 3304 3391 3374 gratia
3433 3320 3528 3359 ve-

1897 3397 2214 3453 nundetur.

1968 3494 2020 3546 8.
2048 3493 2126 3547 Ne
2151 3496 2394 3546 rectores
2423 3491 2672 3547 ecclesiae
2698 3490 2856 3562 prius
2885 3490 3119 3563 propria
3148 3507 3321 3564 quam
3346 3493 3523 3548 eccle-

1896 3583 2106 3640 siastica
2131 3585 2263 3656 jura
2287 3585 2542 3641 laborare
2564 3585 2879 3640 intendant.

1894 3733 2306 3804 complemento
2323 3733 2744 3787 communionis
2758 3732 3056 3788 intinctam
3070 3732 3307 3790 tradunt
3325 3736 3524 3790 eucha-

1892 3826 2112 3882 ristiam
2151 3826 2393 3899 populis,
2435 3843 2538 3882 nec
2576 3827 2685 3882 hoc
2720 3827 3003 3898 prolatum
3045 3826 3428 3884 testimonium
3454 3845 3520 3885 ex

1892 3919 2192 3992 Evangelio
2218 3921 2438 3992 recipit,
2473 3920 2570 3976 ubi
2597 3920 2865 3992 apostolis
2892 3937 3095 3993 corpus
3121 3938 3288 3977 suum
3315 3929 3372 3979 et
3397 3940 3522 3979 san-

1890 4014 2124 4086 guinem
2147 4015 2582 4082 commendavit,
2615 4031 2870 4070 seorsum
2901 4015 3053 4070 enim
3082 4017 3266 4088 panis,
3291 4021 3346 4073 et
3371 4033 3520 4074 seor-

1889 4124 2013 4162 sum
2030 4108 2218 4163 calicis
2235 4108 2654 4164 commendatio
2668 4113 3042 4165 memoratur.
3061 4110 3202 4165 Nam
3217 4111 3518 4167 intinctum

1886 4218 2093 4273 panem
2123 4203 2246 4258 aliis
2269 4203 2555 4259 Christum
2583 4203 2885 4273 praebuisse
2911 4220 3026 4258 non
3057 4203 3320 4275 legimus,
3354 4221 3516 4262 exce-

1886 4301 1981 4366 pto
2011 4296 2104 4350 illo
2144 4301 2368 4351 tantum
2407 4296 2681 4366 discipulo
2706 4338 2720 4365 ,
2771 4313 2945 4367 quem
2987 4296 3226 4352 intincta
3267 4299 3515 4355 buccella

1882 4389 2140 4459 magistri
2161 4388 2506 4460 proditorem
2531 4389 2872 4457 ostenderet,
2895 4405 3010 4443 non
3032 4407 3161 4461 quae
3176 4393 3514 4448 sacramenti

1882 4482 2480 4552 hujusinstitutionem
2492 4488 2853 4538 monstraret.
2874 4483 3012 4537 Nam
3028 4485 3184 4556 quod
3202 4485 3272 4539 de
3291 4502 3514 4557 expres-

156 4575 518 4632 sacramentis
546 4577 826 4633 Dominici
853 4579 1040 4634 calicis
1057 4580 1283 4648 offerre,
1315 4581 1412 4636 sed
1446 4582 1642 4637 oblatis
1663 4586 1779 4637 tan-
1798 4589 1856 4661 D
1881 4593 1939 4629 50
1968 4576 2154 4646 bOtI‘O,
2184 4576 2240 4630 id
2265 4580 2368 4645 est,
2395 4593 2630 4631 uvarum
2663 4579 2858 4648 granis
2878 4579 3120 4650 ροριιιιιε
3134 4580 3514 4636 communica‘

155 4673 265 4724 tum
289 4670 540 4742 populos
567 4672 1014 4728 communicare.
1050 4674 1211 4738 Quod
1235 4691 1407 4746 quam
1436 4675 1508 4729 sit
1533 4693 1774 4748 evange-

154 4760 264 4818 licae
293 4768 471 4836 atque
503 4765 830 4836 apostolica
859 4766 1134 4822 doctrinas
1168 4769 1517 4823 contrarium
1566 4775 1621 4824 et
1653 4788 1780 4825 con-

154 4857 438 4912 suetudini
478 4859 869 4915 ecclesiasticae
909 4861 1227 4930 adversum,
1278 4879 1390 4916 non
1431 4863 1658 4918 difficile
1708 4864 1778 4918 ab

152 4949 263 5020 ipso
289 4951 452 5006 fonte
491 4951 744 5007 veritatis
789 4954 1080 5025 probatur,
1112 4973 1144 5009 a
1175 4973 1286 5027 quo
1316 4956 1571 5011 ordinata
1600 4973 1781 5012 sacra-

151 5048 471 5098 mentorum
515 5047 787 5116 mysteria
831 5053 1250 5118 processerunt.
1283 5051 1434 5115 Cum
1480 5050 1632 5105 enim
1659 5069 1779 5107 ma-

151 5135 313 5207 gister
342 5137 600 5192 veritatis
626 5155 823 5194 verum
853 5142 1049 5196 salutis
1078 5147 1284 5197 nostrae
1306 5143 1639 5199 sacrificium
1663 5145 1776 5200 suis

148 5231 576 5286 commendaret
625 5231 928 5304 discipulis,
975 5253 1089 5290 non
1129 5235 1238 5290 illis
1277 5237 1380 5307 lac,
1431 5238 1529 5292 sed
1565 5255 1776 5309 panem

148 5326 363 5379 tantum
392 5329 449 5380 et
478 5325 709 5381 calicem
737 5327 840 5381 sub
865 5329 973 5383 hoc
1001 5335 1356 5385 sacramento
1385 5333 1776 5403 cognoscimus

147 5417 560 5474 commendata.
583 5419 847 5492 Aitjenim
866 5425 1189 5494 evangelica
1210 5424 1452 5480 Veritas:
1488 5447 1516 5475 «
1545 5427 1776 5497 Accepit

143 5510 288 5566 Iesus
319 5528 539 5583 panem
570 5516 629 5568 et
665 5514 918 5582 calicem,
957 5522 1014 5572 et
1049 5517 1387 5573 benedicens
1418 5519 1575 5574 dedit
1602 5519 1771 5574 disci-

146 5604 278 5672 pulis
302 5606 423 5660 suis
448 5607 639 5675 (Marc.
669 5623 777 5678 xxv,
807 5610 918 5679 22).
952 5629 980 5662 ››
1011 5610 1203 5666 Cesset
1237 5629 1374 5684 ergo
1403 5612 1486 5667 lac
1521 5613 1578 5668 in
1611 5613 1773 5668 sacri-

145 5696 260 5752 ﬁcio
281 5698 499 5767 offerri,
529 5700 664 5772 quia
690 5703 1059 5759 manifestum
1113 5709 1168 5760 et
1189 5706 1419 5761 evidens
1448 5708 1771 5779 exemplum

147 5793 481 5864 evangelicae
523 5795 786 5851 Veritatis
814 5796 1013 5865 illuxit,
1045 5799 1200 5875 quod
1233 5805 1440 5871 praeter
1472 5817 1679 5872 panem
1716 5805 1774 5857 et

147 5883 330 5942 vinum
366 5887 523 5946 aliud
558 5888 747 5946 offerri
788 5907 902 5946 non
929 5891 1082 5950 sinit.
1095 5892 1259 5992 {'Illud
1284 5911 1432 5965 vero,
1489 5895 1643 5968 quod
1670 5911 1771 5968 pro

1879 4676 1992 4738 tur,
2020 4669 2177 4724 valde
2204 4675 2289 4725 est
2315 4671 2549 4724 omnino
2568 4671 2888 4728 confusum.
2911 4673 3064 4728 Calix
3091 4673 3243 4728 enim
3266 4673 3512 4731 Domini-

1879 4781 1974 4818 cus
2001 4763 2180 4835 (juxta
2195 4764 2343 4836 quod
2361 4765 2592 4836 quidam
2622 4765 2820 4820 doctor
2833 4766 3109 4837 edisserit)
3135 4767 3266 4822 vino
3289 4772 3344 4823 et
3359 4784 3508 4840 aqua

1879 4858 2180 4929 permistus
2206 4859 2377 4914 debet
2397 4858 2610 4928 offerri,
2639 4860 2771 4931 quia
2787 4860 3046 4915 videmus
3074 4860 3132 4915 in
3156 4877 3307 4934 aqua
3336 4879 3510 4934 popu-

1875 4953 1994 5007 lum
2021 4953 2279 5026 intelligi,
2307 4953 2366 5007 in
2386 4953 2515 5008 vino
2534 4969 2666 5008 vero
2685 4954 2903 5009 ostendi
2921 4954 3259 5027 sanguinem
3281 4956 3505 5012 Christi.

1877 5048 2025 5117 Ergo
2054 5048 2282 5121 quando
2313 5047 2372 5102 in
2401 5047 2570 5103 calice
2608 5047 2736 5102 vino
2776 5065 2925 5119 aqua
2961 5049 3246 5118 miscetur,
3283 5051 3507 5108 Christo

1874 5142 2125 5212 populus
2151 5141 2458 5210 adunatur,
2490 5146 2548 5196 et
2579 5141 2935 5197 credentium
2977 5143 3136 5213 plebs
3166 5144 3216 5199 ei
3243 5144 3302 5199 in
3333 5163 3506 5218 quem

1875 5234 2116 5290 credidit
2163 5235 2479 5306 copulatur,
2528 5242 2584 5291 et
2621 5237 2904 5308 jungitur.
2958 5237 3096 5301 Quae
3131 5240 3414 5312 copulatio
3453 5248 3511 5298 et

1874 5329 2201 5399 conjunctio
2229 5344 2393 5399 aquae
2431 5335 2488 5383 et
2511 5329 2627 5384 vini
2667 5330 2744 5385 sic
2781 5330 3050 5386 miscetur
3085 5331 3143 5386 in
3183 5334 3354 5390 calice
3401 5336 3504 5391 Do-

1873 5421 2034 5488 mini,
2060 5425 2123 5476 ut
2149 5421 2475 5492 conjunctio
2503 5423 2596 5477 illa
2625 5440 2740 5478 non
2766 5425 2948 5496 possit
2975 5427 3260 5499 separari;
3297 5445 3432 5484 nam
3461 5431 3506 5484 si

1873 5520 2068 5574 vinum
2102 5523 2324 5575 tantum
2365 5522 2491 5593 quis
2538 5522 2760 5591 offerat,
2802 5525 3034 5596 sanguis
3071 5526 3279 5604 Christi
3310 5527 3504 5598 incipit

1872 5630 1992 5669 esse
2017 5614 2136 5669 sine
2164 5615 2343 5682 nobis,
2385 5615 2430 5670 si
2464 5632 2597 5670 vero
2627 5633 2774 5689 aqua
2806 5619 2881 5673 sit
2923 5620 3057 5688 sola,
3098 5621 3260 5693 plebs
3303 5620 3503 5691 incipit

1872 5724 1994 5763 esse
2031 5709 2150 5762 sine
2192 5708 2433 5764 Christo.
2477 5711 2625 5781 Ergo
2664 5712 2891 5783 quando
2920 5713 3118 5769 botrus
3153 5715 3300 5767 solus
3329 5713 3496 5768 offer-

1869 5806 1980 5871 tur,
2019 5802 2079 5856 in
2117 5819 2229 5874 quo
2264 5802 2380 5858 vini
2429 5807 2653 5860 tantum
2702 5806 3003 5863 efficientia
3048 5806 3495 5875 demonstratur,

1871 5902 2296 5955 sacramentum
2344 5901 2553 5954 nostra
2589 5900 2786 5956 salutis
2825 5898 3157 5972 negligitur,
3199 5900 3351 5972 quod
3394 5917 3498 5974 per
