4032 6310
469 307 561 361 591

1359 308 1642 364 ΛΡΡΕΝΙ).
1682 308 1770 364 ΑΙ)
1806 307 1966 362 ελΕΟ.
2010 307 2098 363 ιχ.
2122 335 2191 346 -
2228 305 2474 364 lSlDOBl
2512 306 2939 364 MERCATORIS

3739 314 3843 368 592

468 429 678 486 aquam
721 410 1090 486 significatur.
1129 414 1253 470 Non
1283 413 1435 470 enim
1476 417 1664 486 potest
1695 413 1843 470 calix
1872 414 2097 471 Domini
2117 417 2481 500 Apreparet
2508 414 2688 482 crucis
2714 433 2731 485 ;
2786 415 2834 470 si
2862 414 2991 487 quis
3027 411 3193 471 aliter
3218 414 3420 488 egerit,
3448 418 3843 474 excommuni-

471 523 593 563 esse
624 525 774 580 aqua
798 509 932 577 sola,
963 511 1060 563 aut
1083 507 1280 564 vinum
1305 509 1510 578 solum,
1540 508 1651 564 nisi
1667 511 1974 581 utrumque
1993 509 2100 566 sibi

472 602 798 670 misceatur,
830 608 886 658 et
909 603 1035 658 ideo
1059 601 1194 673 quia
1215 603 1340 673 jam
1370 619 1436 657 ex
1456 618 1523 658 eo
1551 601 1799 674 plurima
1824 607 1881 658 et
1911 603 2100 659 multi-

469 696 599 766 plex
629 696 914 766 majorum
956 695 1209 751 manavit
1235 696 1532 764 sententia,
1561 713 1802 767 quorum
1835 696 2013 768 pietas
2040 697 2100 752 in

470 790 646 844 Deum
674 788 938 860 religiosa
963 793 1444 845 sacramentorum
1465 790 1672 845 horum
1693 793 1751 844 et
1771 789 2101 846 efﬁcientias

471 883 722 954 copiosas
752 881 1034 950 disseruit,
1066 885 1124 938 et
1157 882 1545 939 institutiones
1579 883 1898 938 verissimas
1923 884 2102 939 decla-

471 976 635 1044 ravit,
667 976 851 1030 omnis
888 976 1017 1031 talis
1059 993 1218 1032 error
1260 980 1429 1048 atque
1477 977 1850 1050 praesumptio
1881 994 2103 1034 cessare

463 1070 585 1142 jam
605 1070 674 1124 de
726 1073 930 1126 caetero
969 1069 1156 1138 debet,
1202 1087 1276 1125 ne
1326 1087 1725 1141 perversorum
1781 1071 2105 1127 inordinata

472 1181 751 1236 compago
776 1167 984 1219 statum
1011 1163 1256 1219 veritatis
1275 1169 1518 1220 enervet.
1551 1166 1620 1220 Et
1637 1165 1768 1220 ideo
1790 1165 1931 1220 nulli
1951 1165 2106 1220 dein-

472 1275 604 1330 ceps
632 1258 851 1314 licitum
897 1258 968 1314 sit
1009 1257 1163 1313 aliud
1192 1258 1254 1312 in
1297 1258 1580 1313 sacriﬁciis
1624 1259 1830 1313 divinis
1875 1258 2103 1328 offerre,

472 1351 578 1407 nisi
605 1353 769 1424 juxta
803 1351 1177 1423 antiquorum
1206 1351 1548 1408 sententiam
1582 1351 1968 1422 conciliorum,
1998 1369 2102 1423 pa-

476 1462 612 1500 nem
643 1448 868 1500 tantum
897 1448 955 1500 et
980 1447 1211 1501 calicem
1230 1445 1361 1500 vino
1383 1448 1440 1500 et
1467 1462 1621 1517 aqua
1647 1445 2006 1517 permistum.
2030 1447 2107 1502 De

479 1545 680 1595 caetero
704 1538 871 1593 aliter
898 1555 1072 1610 quam
1096 1542 1451 1612 praeceptum
1487 1544 1572 1595 est
1608 1540 1817 1594 faciens
1849 1539 2047 1594 tandiu
2075 1556 2109 1594 a

479 1632 846 1688 sacrificando
888 1633 1142 1701 cessabit,
1184 1632 1438 1705 quandiu
1477 1633 1733 1704 legitima
1761 1633 2110 1704 poenitentiae

479 1725 856 1781 satisfactione
889 1729 1200 1797 correptus,
1235 1726 1309 1782 ad
1349 1725 1562 1798 gradus
1589 1725 1674 1780 sui
1713 1726 1882 1781 ofﬁcii
1916 1727 2112 1782 redeat

484 1819 640 1891 quod
668 1819 876 1875 amisit.

553 1913 617 1968 Il.
647 1911 816 1968 Omni
858 1928 996 1968 cura
1035 1913 1308 1985 omnique
1336 1913 1522 1970 studio
1551 1912 1971 1985 providendum
2007 1915 2110 1983 est,

485 2025 556 2064 ne
586 2008 647 2064 hi
671 2009 771 2081 qui
797 2009 985 2065 locum
1011 2009 1278 2065 videntur
1304 2009 1560 2066 obtinere
1585 2009 1899 2081 regiminis,
1923 2014 2117 2064 contu-

482 2103 713 2158 meliam
750 2102 1051 2159 videantur
1101 2104 1313 2160 inferre
1368 2103 1684 2160 coelestibus
1728 2103 2112 2159 sacramentis.

483 2197 711 2252 Etenim
737 2197 891 2268 quod
925 2202 980 2253 et
1017 2198 1236 2254 auditui
1267 2196 1519 2254 terribile
1548 2200 1607 2253 et
1632 2197 1775 2253 visui
1802 2197 2116 2253 execrabile

479 2289 784 2362 judicatur,
803 2290 1051 2346 relatum
1066 2295 1150 2347 est
1166 2291 1328 2346 nobis
1346 2292 1498 2363 qood
1515 2291 1744 2364 quidam
1760 2291 2117 2347 sacerdotum

486 2383 764 2456 sacrilega
789 2384 1109 2440 temeritate
1136 2384 1454 2456 prmcipites
1478 2402 1609 2439 vasa
1636 2384 1864 2440 Domini
1895 2384 1954 2438 in
1981 2401 2115 2455 pro-

483 2476 638 2548 prios
660 2494 796 2532 usus
821 2483 1133 2549 assumant,
1162 2479 1474 2551 epulasque
1505 2479 1609 2533 sibi
1636 2479 1694 2532 in
1718 2478 1797 2533 eis
1823 2478 2120 2532 comeden-

483 2571 585 2626 das
613 2575 918 2643 apponant,
941 2573 1091 2644 quod
1112 2573 1329 2650 malum
1355 2576 1411 2628 et
1429 2572 1796 2644 obstupentes
1816 2571 2116 2641 deflemus,

488 2669 545 2719 et
573 2665 842 2720 deflentes
855 2653 1334 2738 obstupescimus)
1347 2672 1410 2721 ut
1429 2667 1544 2721 illic
1563 2667 1812 2722 humana
1832 2665 2120 2722 temeritas

488 2758 593 2814 sibi
621 2759 856 2829 epulum
883 2762 1185 2831 praeparet,
1214 2759 1310 2814 ubi
1333 2741 1594 2814 tanctum
1622 2760 1900 2830 Spiritum
1920 2776 2121 2830 cogno-

491 2851 664 2906 scitur
705 2852 1022 2919 advocasse,
1065 2856 1122 2907 et
1166 2853 1244 2907 ibi
1292 2869 1454 2908 esum
1498 2853 1757 2908 carnium
1797 2853 2121 2924 crapulatus

492 2949 764 3012 assumat,
795 2945 891 3000 ubi
917 2946 1107 3000 divina
1133 2945 1285 3000 visus
1310 2951 1391 3001 est
1414 2947 1726 3002 celebrasse
1750 2946 2036 3017 mysteria,
2067 2950 2124 3000 et

492 3037 551 3092 in
578 3037 784 3108 quibus
808 3041 1029 3092 tantum
1055 3038 1158 3093 sibi
1179 3038 1369 3094 offerri
1411 3044 1762 3095 sacramenta
1811 3056 1913 3111 pro
1939 3040 2124 3111 expia-

492 3127 651 3182 tione
670 3126 1007 3182 delictorum
1029 3129 1317 3199 praecepit,
1338 3129 1397 3183 in
1417 3128 1506 3183 his
1531 3128 1753 3200 expleat
1771 3131 2123 3185 voluntatem

494 3219 730 3274 ludibrii
770 3219 875 3275 sui.
922 3221 990 3275 Et
1030 3220 1160 3276 ideo
1190 3221 1361 3292 hujus
1405 3222 1630 3277 decreto
1662 3223 2124 3295 praesumptionis

493 3330 734 3385 persona
762 3330 891 3386 quae
929 3313 1158 3370 sciendo
1190 3315 1384 3370 divina
1417 3332 1530 3385 vas,
1568 3316 1656 3370 vel
1688 3315 2003 3372 ministeria
2028 3321 2127 3371 aut

492 3407 553 3462 in
580 3424 714 3462 usus
747 3407 1116 3475 transtulerit,
1158 3413 1257 3463 aut
1281 3408 1576 3464 comedere
1606 3409 1666 3464 in
1696 3409 1802 3478 his,
1831 3411 1917 3464 vel
1946 3427 2123 3481 pocu-

495 3503 615 3556 lum
637 3501 744 3556 sibi
772 3501 1114 3556 sumendum
1161 3502 1418 3573 elegerit,
1468 3503 1678 3574 gradus
1720 3503 1806 3558 sui
1835 3504 1922 3558 vel
1953 3504 2125 3560 ofﬁcii

495 3593 812 3667 periculum
835 3594 1154 3664 sustinebit,
1184 3595 1262 3650 ita
1288 3598 1480 3651 tamen
1507 3600 1568 3651 ut
1591 3596 1636 3651 si
1664 3595 1734 3652 de
1766 3598 2128 3652 saecularibus

496 3687 700 3756 fuerit,
744 3691 1025 3759 perpetua
1068 3689 1661 3745 excommunicatione
1701 3691 2040 3760 damnetur;
2082 3691 2128 3746 si

495 3799 630 3838 vero
653 3781 955 3852 religiosus
981 3782 1050 3836 ab
1078 3781 1264 3837 officio
1283 3783 1623 3854 deponatur.
1647 3784 1763 3839 Sub
1780 3785 1883 3839 hac
1902 3801 2128 3856 quoque

499 3874 889 3932 damnationis
930 3875 1210 3929 sententia
1261 3879 1319 3931 et
1368 3875 1447 3930 illi
1497 3875 1730 3931 obnoxii
1780 3879 2132 3934 tenebuntur

501 3967 882 4023 ecclesiastica
938 3972 1296 4037 ornamenta,
1349 3967 1438 4023 vel
1484 3969 1596 4024 alia
1645 3970 1918 4042 quaelibet
1963 3972 2131 4027 indu-

502 4064 715 4128 menta,
747 4063 916 4133 atque
957 4061 1136 4116 etiam
1168 4061 1432 4116 utensilia
1466 4063 1691 4118 sciendo
1735 4063 1794 4118 in
1835 4081 1966 4119 suos
2004 4083 2133 4120 usus

501 4154 917 4224 transtulerint,
949 4155 1037 4211 vel
1069 4155 1164 4210 alii
1191 4155 1476 4223 donanda,
1510 4157 1595 4212 vel
1623 4157 1918 4214 vendenda
1947 4160 2129 4214 credi-

503 4249 713 4306 derint.

578 4346 662 4400 III.
713 4343 990 4409 Quoniam
1027 4345 1264 4417 antiqua
1301 4345 1674 4402 ecclesiastica
1700 4347 2026 4403 noverimus
2052 4347 2136 4402 in-

503 4439 796 4495 stitutione
825 4439 1146 4510 praeﬁxum,
1191 4443 1253 4494 ut
1286 4439 1470 4496 omnis
1507 4441 1768 4497 sacerdos
1807 4458 1937 4497 cum
1979 4441 2132 4496 ordi-

2197 508 2403 564 cationi
2429 508 2636 563 debitas
2661 509 2971 580 subjaceat.

2271 603 2354 656 ιν.
2389 602 2726 674 Quanquam
2756 603 2990 674 antiqua
3019 619 3305 658 canonum
3323 603 3606 660 institutio
3639 604 3710 660 de
3738 605 3844 660 hu-

2191 694 2445 766 jusmodi
2468 695 2913 768 praasumptione
2936 696 3220 752 absolutas
3239 702 3296 752 et
3315 698 3659 769 multiplices
3677 699 3841 754 disci-

2199 789 2380 861 plinas
2421 793 2591 860 atque
2626 789 3010 847 institutiones
3047 790 3312 858 ediderit,
3344 809 3449 846 nos
3478 795 3676 847 tamen
3708 793 3844 847 bre-

2199 881 2386 937 vitatis
2406 899 2574 937 causa
2599 899 2832 937 omnem
2849 883 3165 939 fomicandi
3182 885 3533 940 occasionem
3549 887 3848 958 cupientes

2200 976 2441 1045 auferre,
2475 976 2533 1030 id
2574 975 2906 1032 omnimoda
2933 977 3220 1032 sancimus
3261 978 3597 1034 auctoritate
3637 985 3846 1035 tenen-

2203 1069 2360 1138 dum,
2399 1073 2463 1123 ut
2507 1070 2694 1124 nullus
2735 1070 3097 1125 sacerdotum
3145 1071 3257 1126 sive
3297 1072 3536 1143 quisque
3573 1073 3644 1128 de
3694 1075 3847 1129 clero

2205 1163 2418 1234 absque
2449 1163 2688 1218 honesto
2734 1169 2790 1218 et
2829 1165 3174 1234 competenti
3217 1165 3562 1233 testimonio,
3611 1172 3849 1238 excepta

2205 1257 2322 1311 sola
2355 1259 2554 1324 matre,
2583 1273 2713 1310 cum
2734 1257 3081 1328 quibuslibet
3105 1257 3333 1312 feminis
3359 1264 3572 1314 secrete
3601 1277 3660 1315 se
3689 1278 3846 1332 pra:-

2207 1353 2393 1405 sumat
2421 1350 2759 1421 adjungerc,
2795 1355 2851 1405 et
2881 1367 2998 1405 non
3027 1351 3213 1405 solum
3242 1369 3372 1406 cum
3402 1354 3685 1408 extraneis
3713 1372 3848 1409 mu-

2206 1443 2455 1510 lieribus,
2486 1444 2584 1498 sed
2612 1460 2742 1498 cum
2774 1443 2909 1514 ipsis
2953 1445 3125 1499 etiam
3154 1446 3464 1514 sororibus,
3497 1447 3582 1502 vel
3608 1448 3846 1519 propin-

2211 1537 2356 1608 quis,
2390 1553 2465 1592 ne
2492 1537 2721 1592 licentia
2748 1554 3029 1607 sororum,
3057 1539 3145 1592 vel
3173 1540 3626 1611 propinquarum
3649 1542 3852 1597 mulie-

2208 1647 2338 1686 rum
2359 1630 2597 1702 quisque
2624 1631 2841 1686 solutus
2866 1631 3207 1687 familiarior
3233 1633 3512 1689 habeatur
3541 1635 3615 1689 ad
3640 1652 3847 1706 perpe-

2211 1725 2478 1779 trandum
2500 1723 2696 1778 scelus.
2721 1725 2897 1795 Hujus
2919 1741 3057 1796 ergo
3075 1727 3474 1797 praeceptionis
3492 1732 3853 1799 trangressor

2130 1797 2188 1870 Β
2211 1833 2310 1873 sex
2321 1817 2614 1872 mensibus
2627 1833 2687 1872 se
2700 1818 2922 1872 noverit
2936 1819 3282 1888 paenitentiae
3303 1819 3522 1891 legibus
3532 1821 3652 1892 subj
3662 1838 3850 1876 acere.

2283 1911 2347 1965 V.
2378 1911 2531 1965 Bona
2552 1911 2834 1982 siquidem
2860 1928 2952 1966 res
2981 1917 3065 1966 est
3091 1912 3280 1966 divina
3305 1914 3692 1969 sacerdotibus
3719 1932 3854 1970 con-

2213 2006 2453 2060 trectare
2478 2004 2770 2076 mysteria,
2807 2005 2906 2060 sed
2937 2006 3257 2061 cavendum
3295 2007 3457 2062 valde
3484 2011 3586 2077 est,
3629 2024 3703 2063 ne
3741 2009 3855 2063 hoc

2215 2098 2453 2170 quisque
2493 2097 2566 2152 ad
2597 2115 2763 2152 usum
2799 2099 3093 2170 pravitatis
3141 2117 3256 2154 suae
3307 2101 3652 2172 intorqueat,
3699 2102 3856 2157 unde

2215 2192 2316 2247 soli
2342 2193 2458 2246 Deo
2485 2190 2555 2247 de
2583 2192 2734 2247 bona
2761 2193 3107 2248 conscientia
3127 2195 3348 2264 placere
3375 2195 3669 2250 debuerat.
3700 2195 3855 2253 Scri-

2214 2284 2394 2357 ptum‘,
2410 2288 2495 2340 est
2523 2285 2696 2354 enim,
2755 2308 2782 2336 «
2811 2287 2906 2343 Vae
2953 2287 3040 2341 his
3068 2288 3165 2360 qui
3204 2288 3420 2343 faciunt
3457 2305 3598 2361 opus
3628 2290 3858 2344 Domini

2215 2379 2605 2435 fraudulenter
2649 2383 2704 2434 et
2748 2380 3026 2436 desidiose
3079 2381 3284 2450 (Jerc-m.
3321 2398 3508 2451 vam,
3553 2384 3680 2452 l0);
3714 2403 3741 2435 »
3795 2386 3861 2438 ut

2216 2473 2368 2528 enim
2395 2473 2776 2544 quorumdam
2806 2473 3203 2545 episcoporum
3225 2476 3560 2530 detestanda
3584 2493 3861 2548 praesum-

2216 2566 2335 2638 ptio
2381 2568 2575 2622 nostro
2625 2583 2682 2621 se
2717 2567 2885 2621 coetui
2922 2567 3114 2622 intulit
3141 2568 3481 2639 dirimenda,
3513 2570 3858 2641 agnovimus

2220 2660 2496 2732 quosdam
2528 2660 2598 2715 de
2631 2660 2908 2732 episcopis
2941 2663 3097 2732 quod
3126 2663 3184 2716 in
3217 2663 3667 2718 solemnitatibus
3697 2680 3859 2718 mar-

2221 2757 2412 2825 tyrum
2445 2753 2518 2807 ad
2553 2753 2845 2808 ecclesiam
2889 2757 3243 2826 progressuri
3288 2757 3554 2828 reliquias
3579 2758 3724 2815 collo
3754 2774 3862 2813 suo

2219 2847 2537 2919 imponant,
2563 2853 2629 2902 ut
2654 2848 2883 2919 majoris
2908 2848 3084 2903 fastus
3111 2851 3258 2921 apud
3288 2851 3554 2906 homines
3577 2851 3759 2924 gloria
3779 2852 3865 2906 in-

2221 2943 2560 3009 tumescant,
2588 2941 2744 3012 quasi
2785 2942 2893 3013 ipsi
2932 2942 3042 2996 sint
3090 2944 3462 3015 reliquiarum
3497 2961 3644 3014 arca,
3675 2946 3864 3001 levita!

2222 3034 2362 3089 albis
2388 3034 2571 3090 induti
2588 3034 2879 3101 insellulis
2903 3053 2999 3091 eos
3018 3037 3342 3108 deportent.
3365 3040 3498 3104 Quae
3527 3040 3866 3095 detestanda

2223 3127 2590 3200 praesumptio
2619 3129 2881 3200 abrogari
2912 3146 3017 3201 per
3047 3131 3238 3185 omnia
3276 3132 3462 3201 debet,
3502 3149 3573 3188 ne
3599 3133 3702 3188 sub
3730 3151 3864 3188 san-

2225 3221 2434 3277 ctitatis
2479 3221 2663 3294 specie
2711 3221 2974 3277 simulata
3014 3225 3231 3278 vanitas
3277 3226 3391 3280 sola
3435 3227 3758 3296 praevaleat,
3818 3228 3866 3282 si

2222 3316 2460 3371 modum
2481 3332 2651 3370 suum
2683 3316 3130 3389 uniuscujusque
3161 3319 3374 3373 ordinis
3405 3321 3721 3375 reverentia
3747 3338 3866 3377 non

2225 3411 2512 3480 agnoscat,
2541 3414 2598 3464 et
2627 3409 2754 3464 ideo
2784 3411 3014 3481 antiqua
3041 3412 3100 3466 in
3137 3413 3243 3466 hac
3274 3417 3455 3483 parte,
3495 3417 3552 3468 et
3595 3415 3866 3469 solemnis

2225 3503 2567 3558 consuetudo
2594 3503 2932 3571 servabitur,
2960 3510 3024 3558 ut
3046 3505 3105 3559 in
3133 3505 3289 3560 festis
3316 3507 3631 3579 quibusque
3663 3508 3867 3562 diebus

2227 3613 2418 3652 arcam
2447 3596 2671 3651 Domini
2694 3614 2820 3652 cum
2851 3598 3101 3668 reliquiis
3128 3617 3242 3654 non
3267 3601 3532 3672 episcopi,
3565 3603 3660 3656 sed
3680 3602 3866 3657 levita

2230 3691 2291 3746 in
2325 3689 2582 3763 humeris
2622 3694 2861 3761 gestent,
2885 3691 3092 3762 quibus
3120 3698 3177 3748 et
3224 3695 3280 3747 in
3314 3695 3489 3749 veteri
3532 3696 3678 3766 Lege
3723 3713 3869 3749 onus

2227 3784 2381 3840 idem
2403 3783 2735 3854 impositum
2773 3785 3033 3840 novimus
3069 3802 3186 3841 esse
3225 3794 3593 3859 praeceptum.
3625 3789 3786 3852 Quod
3823 3790 3869 3843 si

2231 3881 2289 3933 et
2317 3878 2616 3952 episcopus
2646 3881 2911 3952 reliquias
2938 3901 3044 3954 per
3071 3899 3127 3938 se
3147 3883 3445 3953 deportare
3467 3884 3726 3952 elegerit,
3752 3901 3868 3938 non

2230 3972 2352 4043 ipse
2402 3990 2432 4027 e
2491 3973 2820 4028 diaconibus
2877 3976 2933 4030 in
2977 3979 3174 4032 sellula
3227 3978 3481 4042 vehatur,
3527 3977 3624 4031 sed
3679 3978 3870 4047 potius

2231 4066 2541 4138 pedisequa
2592 4084 2660 4122 eo
2714 4085 2829 4123 una
2867 4087 2996 4125 cum
3035 4072 3257 4142 populis
3307 4072 3703 4142 progressione
3749 4089 3874 4142 pro-

2233 4160 2472 4215 cedente
2533 4161 2603 4215 ad
2661 4164 3049 4219 conventicula
3116 4170 3437 4219 sanctarum
3502 4165 3872 4220 ecclesiarum

2234 4258 2442 4310 sanctae
2480 4255 2580 4310 Dei
2609 4255 2862 4327 reliquiae
2892 4275 2997 4329 per
3026 4260 3290 4314 eumdem
3321 4259 3645 4330 episcopum
3675 4265 3870 4330 porta-

2233 4348 2474 4417 buntur;
2501 4349 2622 4420 jam
2639 4367 2772 4405 vero
2795 4351 2892 4422 qui
2908 4353 3026 4406 haec.
3042 4351 3288 4407 instituta
3309 4354 3536 4408 sciendo
3557 4353 3872 4425 adimplere

2237 4442 2539 4513 distulerit,
2575 4445 2827 4514 quandiu
2857 4445 2916 4499 in
2945 4447 3080 4500 vitio
3109 4447 3278 4501 fuerit
3303 4465 3335 4500 a
3363 4448 3727 4502 sacrificando
3761 4465 3875 4502 ces-

504 4537 695 4604 natur,
725 4533 908 4589 orario
931 4536 1175 4606 utroque
1213 4535 1455 4590 humero
1497 4533 1798 4603 ambiatur,
1828 4535 2038 4590 scilicet
2073 4539 2213 4614 utD
2236 4537 2400 4591 sabit.

503 4628 601 4701 qui
626 4627 1076 4701 imperturbatus
1115 4627 1440 4700 praecipitur
1467 4629 1772 4685 consistere
1812 4630 1966 4684 inter
2002 4645 2134 4700 pro-

504 4738 669 4794 spera
707 4727 763 4778 et
787 4722 1019 4777 adversa
1044 4723 1320 4777 virtutum
1345 4739 1576 4793 semper
1611 4725 1952 4778 ornamento
1978 4727 2135 4777 utro-

503 4816 679 4888 bique
708 4816 1117 4887 circumseptus
1158 4819 1433 4885 appareat
1469 4816 1729 4884 humero,
1770 4833 1884 4886 qua
1917 4817 2138 4871 ratione

502 4915 763 4979 tempore
779 4909 1038 4964 sacriﬁcii
1056 4924 1174 4962 non
1194 4908 1432 4961 assumit
1449 4908 1604 4979 quod
1624 4925 1680 4963 se
1699 4909 1760 4963 in
1784 4914 2138 4966 sacramento

508 5001 786 5072 accepisse
819 5019 935 5056 non
980 5000 1274 5055 dubitatur
1297 5000 1324 5054 ‘I
1379 5001 1622 5056 Proinde
1666 4999 1832 5057 nobis
1879 5003 2140 5060 omnibus

509 5095 788 5162 convenit,
817 5099 878 5149 ut
903 5094 1058 5166 quod
1087 5095 1325 5166 quisque
1356 5094 1609 5167 percepit
1632 5096 1692 5152 in
1723 5098 2141 5154 consecratione

509 5187 766 5255 honoris,
797 5188 903 5244 hoc
924 5190 1165 5246 retineat
1181 5195 1238 5248 et
1259 5192 1318 5248 in
1343 5190 1647 5263 oblatione,
1664 5191 1752 5248 vel
1777 5192 2140 5264 perceptione

512 5300 628 5338 suze
670 5281 885 5351 salutis,
927 5284 1136 5341 scilicet
1179 5290 1244 5342 ut
1285 5303 1416 5342 cum
1464 5285 1732 5342 sacerdos
1760 5286 1834 5342 ad
1861 5285 2142 5342 solemnia

511 5378 818 5435 missarum
836 5379 1074 5450 accedit,
1102 5384 1202 5436 aut
1229 5381 1350 5453 ipse
1382 5383 1496 5437 Deo
1527 5381 1866 5435 sacrificium
1913 5381 2139 5436 oblatu-

512 5490 630 5543 rus,
665 5477 765 5528 aut
784 5478 1206 5530 sacramentum
1235 5475 1486 5546 corporis
1512 5479 1570 5529 et
1595 5474 1886 5546 sanguinis
1915 5473 2143 5528 Domini

512 5571 688 5628 nostri
718 5573 846 5628 Iesu
873 5573 1081 5628 Christi
1130 5575 1482 5643 sumpturus,
1534 5589 1649 5627 non
1699 5572 1864 5628 aliter
1891 5571 2140 5639 accedat,

512 5683 689 5737 quam
735 5667 922 5722 orario
959 5671 1205 5736 utroque
1248 5665 1489 5721 humero
1524 5665 1954 5738 circumseptus,
1999 5666 2145 5721 sicut

514 5764 570 5814 et
591 5763 845 5831 tempore
866 5758 1241 5814 ordinationis
1261 5775 1378 5814 suae
1397 5759 1749 5831 dignoscitur
1761 5762 2141 5828 consecratus,

517 5850 595 5904 ita
623 5856 686 5905 ut
713 5853 783 5906 de
807 5868 922 5906 uno
958 5851 1274 5921 eodemque
1320 5852 1506 5906 orario
1534 5853 1812 5908 cervicem
1844 5853 2062 5923 pariter
2089 5855 2146 5906 et

517 5945 823 6016 utrumque
843 5944 1151 5999 humerum
1175 5960 1439 6016 premens
1463 5944 1692 6016 signum
1713 5945 1768 5999 in
1790 5961 1892 5999 suo
1916 5947 2144 6015 pectore

2307 4627 2389 4680 VI.
2421 4627 2559 4682 Cum
2588 4626 2788 4682 beatus
2817 4629 3116 4698 Apostolus
3145 4647 3405 4700 arguere,
3449 4632 3746 4686 obsecrare
3790 4635 3878 4687 vel

2237 4720 2530 4792 increpare
2582 4721 2641 4774 in
2686 4721 2844 4775 omni
2890 4723 3162 4792 patientia
3193 4725 3499 4795 pl‘u‘cipiat,
3533 4729 3687 4780 extra
3727 4726 3880 4779 hanc

2242 4815 2563 4870 doctrinam
2624 4815 2888 4869 novimus
2935 4817 3216 4886 quosdam
3263 4836 3328 4872 ex
3380 4819 3649 4872 fratribus
3702 4821 3881 4874 tantis

2239 4909 2486 4964 cmdibus
2512 4908 2570 4962 in
2593 4909 2906 4963 honoratos
2931 4910 3314 4979 effervescere,
3339 4916 3582 4982 quantas
3606 4919 3884 4983 poterant

2240 5002 2700 5057 latrocinantium
2761 5005 3078 5073 promereri
3137 5022 3410 5075 personae.
3466 5008 3532 5059 Et
3593 5006 3722 5060 ideo
3780 5010 3882 5078 qui

2243 5096 2452 5166 gradus
2472 5095 2594 5165 jam
2624 5095 3024 5150 ecclesiasticos
3055 5103 3409 5166 meruerunt,
3440 5099 3497 5153 id
3522 5104 3622 5164 est,
3649 5102 3881 5172 presby-

2241 5189 2368 5256 teri,
2403 5189 2638 5243 abbates
2682 5193 2738 5244 et
2775 5189 2978 5256 levitas,
3027 5192 3124 5262 qui
3167 5196 3397 5262 excepto
3445 5193 3796 5263 gravioribus
3823 5200 3882 5249 et

2241 5282 2573 5337 mortalibus
2586 5283 2783 5354 culpis,
2800 5285 2968 5338 nullis
2990 5285 3196 5340 debent
3210 5287 3536 5341 verberibus
3549 5287 3670 5357 subj
3679 5304 3843 5342 acere
3863 5307 3878 5358 ;

2241 5393 2360 5432 non
2388 5381 2473 5431 est
2499 5377 2736 5446 dignum
2757 5383 2821 5432 ut
2847 5379 3056 5449 passim
3078 5381 3462 5452 unusquisque
3490 5381 3757 5452 praelatus
3780 5384 3882 5438 hoc

2242 5471 2515 5526 norabilia
2554 5472 2810 5526 membra
2843 5490 2963 5540 sua,
3005 5480 3173 5545 prout
3202 5475 3441 5529 voluerit
3470 5481 3527 5530 et
3557 5476 3607 5530 ei
3645 5476 3881 5546 placue-

2243 5565 2337 5634 rit,
2365 5565 2692 5620 verberibus
2732 5567 2992 5637 subjiciat
3019 5572 3074 5623 et
3113 5568 3314 5634 dolori,
3349 5585 3422 5623 ne
3469 5569 3605 5622 dum
3650 5570 3883 5625 incaute

2245 5656 2467 5711 subdita
2498 5661 2743 5732 percutit
2773 5662 3050 5724 membra,
3085 5658 3206 5730 ipse
3237 5676 3462 5732 quoque
3495 5660 3743 5715 debitam
3775 5663 3884 5717 sibi

2244 5749 2603 5804 subditorum
2628 5751 3003 5805 reverentiam
3033 5752 3353 5819 subtrahat,
3375 5753 3542 5823 juxta
3564 5753 3702 5808 illud
3722 5755 3884 5825 quod

2246 5843 2478 5914 quidam
2495 5844 2718 5914 sapiens
2739 5845 2876 5900 dixit
2896 5863 2909 5900 :
2941 5846 3167 5901 Leniter
3182 5848 3484 5918 castigatus
3499 5848 3882 5902 reverentiam

2247 5935 2479 5992 exhibet
2499 5937 2827 6010 castiganti;
2858 5940 3380 6014 asperitate-autem
3408 5942 3600 5998 nimia:
3627 5940 3884 6017 increpa-
