4032 6316
231 351 340 404 593

1471 351 1945 409 DECRETALIUM
1981 353 2371 410 COLLECTIO.

3499 363 3601 418 594

233 455 341 524 tio,
372 471 480 512 nec
505 454 958 527 increpationem
987 455 1190 528 recipit
1215 473 1321 511 nec
1349 457 1612 514 salutem.
1643 460 1712 514 Et
1738 460 1868 516 ideo
1891 472 1950 546 Î‘
1970 465 2028 517 et
2053 479 2120 517 ex
2143 463 2248 518 hoc
2273 462 2661 518 ecclesiasticis
2698 463 2868 520 rebus
2905 469 3006 520 aut
3041 466 3368 538 neglectum
3395 467 3603 523 laboris

233 549 280 603 si
308 548 442 621 quis
473 549 640 605 aliter
665 565 837 620 quam
863 549 1077 605 dictum
1105 555 1190 606 est
1227 551 1530 622 pradictos
1559 553 1866 608 honorabi-

233 643 319 697 les
349 641 606 698 subditos
634 641 859 697 licentia
886 645 1171 714 percepta
1197 645 1488 715 potestatis
1515 645 1715 715 elatus,
1745 662 1866 701 ma-

233 734 358 790 litia
389 737 612 790 tantum
651 735 959 791 crediderit
993 736 1396 804 verberandos,
1426 739 1594 808 juxta
1631 740 1868 794 modum

235 829 545 884 verberum
580 845 752 900 quem
781 829 1058 898 intulerit,
1087 831 1739 888 excommunicationem
1769 849 1866 904 pa-

235 922 379 978 riter
405 926 462 978 et
491 922 676 978 exsilii
704 923 1045 978 sententiam
1071 923 1392 979 sustinebit.

310 1017 422 1070 VII.
449 1017 592 1080 Quia
620 1033 740 1072 non
775 1017 1015 1085 expedit,
1050 1020 1112 1072 ut
1154 1017 1368 1072 donum
1404 1019 1583 1073 sancti
1629 1019 1868 1090 Spiritus

236 1110 496 1181 pecuniis
536 1114 922 1182 comparetur,
955 1126 1289 1180 quanquam
1332 1128 1402 1165 ex
1449 1113 1556 1166 hoc
1601 1113 1865 1184 antiquo-

235 1221 369 1260 rum
397 1220 686 1259 canonum
725 1202 1040 1275 disciplina
1077 1208 1353 1258 maneant
1386 1204 1639 1274 diversae,
1674 1210 1868 1262 tamen

236 1303 371 1374 quia
419 1317 648 1357 necesse
702 1305 786 1356 est
832 1306 896 1356 ut
938 1301 1290 1374 frequentius
1341 1303 1680 1358 retundatur
1713 1305 1868 1375 quod

236 1396 359 1450 sine
388 1395 805 1451 intermissione
836 1396 1222 1466 prasumitur,
1256 1396 1386 1451 ideo
1422 1397 1662 1452 novellae
1697 1398 1868 1468 hujus

237 1489 614 1544 institutionis
688 1490 995 1544 formulam
1061 1489 1423 1546 instituentes
1483 1490 1864 1559 decernimus,

239 1583 565 1654 quicunque
639 1599 743 1654 pro
816 1583 1164 1638 conferendo
1243 1584 1513 1654 cuiquam
1591 1585 1868 1640 sacerdoti

241 1677 442 1748 gradu,
494 1681 593 1731 aut
640 1693 848 1731 munus
893 1677 1274 1749 quodcunque
1324 1682 1423 1732 aut
1466 1678 1867 1749 promissiones

239 1769 496 1824 muneris
537 1773 847 1841 antequam
895 1771 1189 1826 ordinetur
1227 1772 1524 1842 acceperit,
1565 1772 1652 1826 vel
1694 1773 1868 1826 etiam

1969 556 2251 626 exhibuit,
2269 561 2369 611 aut
2380 557 2722 612 minoration
2729 574 2822 614 em
2831 600 2845 626 ,
2857 558 2949 613 vel
2962 559 3346 630 perditionem
3356 560 3600 630 induxit,

1969 648 2247 720 quidquid
2289 649 2349 704 in
2388 650 2556 705 rebus
2596 651 2848 706 ecclesia
2872 652 3084 708 minuit
3113 653 3196 708 illi
3221 653 3502 723 restituat,
3536 671 3604 710 ex

1969 742 2130 813 cujus
2156 743 2328 797 rebus
2343 747 2514 815 atque
2537 744 2826 816 suffragiis
2845 762 2975 800 suos
2991 747 3284 802 convictus
3297 747 3468 803 fuerit
3487 764 3604 803 am-

1969 835 2180 906 pliasse
2202 835 2448 893 labores.
2462 838 2624 902 Quod
2641 839 2689 892 si
2707 837 2756 910 1
2772 838 2898 911 46
2914 839 3132 911 aliquid
3148 856 3252 911 pro
3267 840 3604 896 utilitatibus

1972 929 2224 983 ecclesia
2255 933 2354 985 aut
2384 930 2715 986 substantia
2756 932 3044 1003 expendit,
3077 937 3175 988 aut
3205 932 3487 1004 dispendi,
3515 936 3604 990 vel

1967 1022 2301 1094 perditionis
2332 1024 2628 1095 quippiam
2648 1025 2798 1094 tulit,
2818 1026 2865 1080 si
2892 1026 3000 1080 hoc
3021 1027 3386 1098 comprobari
3405 1032 3603 1099 potue-

1967 1117 2063 1184 rit,
2095 1120 2278 1171 totum
2311 1116 2451 1170 illia
2478 1118 2646 1172 rebus
2684 1118 2935 1172 ecclesia
2975 1120 3229 1191 ejusdem
3255 1121 3600 1176 reformabi-

1967 1213 2081 1278 tur,
2115 1226 2218 1280 pro
2255 1209 2416 1280 cujus
2459 1209 2798 1264 utilitatibus
2838 1212 2897 1266 id
2927 1213 3258 1283 expendisse
3300 1211 3598 1284 probatur.

1967 1302 2179 1357 Gratias
2225 1302 2415 1374 itaque
2463 1303 2851 1374 Omnipotenti
2894 1305 3248 1376 peregimus,
3294 1309 3425 1376 post
3478 1309 3600 1362 hac

1967 1396 2042 1451 sit
2085 1413 2218 1466 pax,
2250 1397 2418 1464 salus,
2458 1399 2512 1450 et
2551 1396 2892 1451 diuturnitas
2935 1397 3211 1466 piissimo,
3255 1403 3312 1453 et
3355 1400 3598 1454 amatori

1965 1489 2174 1544 Christi
2205 1487 2439 1544 domino
2464 1493 2658 1544 nostro
2678 1489 2994 1545 Wambano
3022 1491 3167 1562 regi,
3195 1492 3358 1561 cujus
3377 1493 3599 1548 devotio

1969 1600 2072 1638 nos
2100 1583 2174 1637 ad
2213 1583 2321 1638 hoc
2355 1582 2649 1638 decretum
2679 1583 3036 1639 salutiferum
3073 1586 3422 1654 convocavit,
3450 1586 3595 1641 divi-

1965 1693 2098 1732 nam
2110 1677 2463 1748 postulantes
2474 1676 2930 1744 clementiam,ut
2942 1675 3124 1748 gloria
3135 1677 3345 1734 Christi
3354 1695 3601 1750 regnum

1969 1770 2090 1840 ejus
2119 1770 2450 1825 corroboret
2471 1785 2655 1841 usque
2678 1771 2753 1825 ad
2776 1771 3040 1826 ultimam
3061 1774 3437 1840 senectutem,
3459 1790 3602 1844 pra-

241 1867 546 1934 postquam
602 1840 896 1918 ordinatus
943 1864 1119 1918 fuerit
1165 1865 1223 1918 in
1276 1840 1464 1936 aliquo
1509 1840 1567 1918 se
1612 1882 1714 1935 pro
1763 1840 1944 1919 hocB
1969 1868 2152 1918 stante
2178 1864 2321 1934 ipso,
2356 1864 2455 1936 qui
2481 1840 2612 1918 cum
2639 1866 2806 1919 Patre
2837 1869 2894 1919 et
2920 1863 3134 1936 Spiritu
3165 1868 3363 1920 sancto
3391 1840 3526 1921 vivit
3546 1873 3602 1922 et

240 1956 361 2027 ipso
386 1957 815 2029 prasumpserit
852 1958 1162 2027 munerari,
1194 1957 1309 2013 sive
1345 1959 1445 2028 qui
1488 1959 1724 2027 dederit,
1753 1959 1868 2013 sive

240 2049 332 2104 ille
373 2051 474 2120 qui
517 2051 818 2122 acceperit,
854 2051 1023 2121 juxta
1059 2051 1403 2106 sententiam
1443 2051 1871 2107 Calcedonensis

240 2143 482 2210 concilii,
513 2144 726 2214 gradus
755 2143 844 2198 sui
866 2144 1186 2214 periculum
1211 2143 1529 2199 sustinebit.

311 2238 442 2292 VIII.
472 2237 596 2291 Non
623 2237 787 2292 decet
807 2241 1056 2292 rectores
1084 2237 1331 2292 ecclesia
1357 2239 1416 2291 in
1443 2238 1556 2292 suis
1583 2241 1867 2305 strenuos,

241 2333 295 2384 et
318 2329 378 2384 in
411 2330 799 2385 ecclesiasticis
842 2331 1012 2385 rebus
1049 2348 1170 2386 esse
1220 2331 1506 2386 remissos.
1555 2332 1697 2385 Nam
1726 2349 1868 2403 quo-

238 2423 507 2478 rumdam
538 2425 717 2478 fertur
747 2424 940 2495 opinio
974 2425 1127 2495 quod
1153 2425 1384 2495 quidam
1412 2425 1764 2478 sacerdotum
1791 2425 1870 2479 fa-

238 2517 426 2572 milias
471 2517 720 2572 ecclesia
765 2519 844 2572 sic
882 2517 941 2572 in
986 2518 1100 2572 suis
1138 2518 1427 2573 laboribus
1467 2523 1755 2589 quassent,
1785 2518 1868 2572 rei

239 2610 485 2682 propria
510 2612 828 2681 profectum
855 2616 1154 2680 augentes,
1169 2611 1475 2666 Dominicis
1496 2628 1626 2665 vero
1649 2611 1870 2682 dispen-

239 2703 400 2758 dium
426 2704 762 2759 nutrientes.
785 2705 941 2759 Unde
968 2705 1313 2776 quicumque
1338 2705 1442 2759 sub
1467 2705 1573 2758 hoc
1604 2706 1868 2775 neglectu

237 2813 325 2852 res
347 2797 574 2852 divinas
596 2797 852 2852 laborare
878 2798 1160 2852 distulerit
1175 2797 1380 2869 placito
1396 2798 1630 2868 speciali
1643 2797 1868 2852 distrin-

238 2891 463 2962 gendus
507 2894 611 2961 est,
660 2891 904 2963 qualiter
948 2891 994 2946 si
1048 2891 1117 2946 de
1170 2892 1340 2946 rebus
1396 2908 1497 2946 seu
1545 2891 1868 2962 augmentis

239 2985 488 3041 ecclesia
519 2985 600 3040 sic
633 2989 915 3058 quastum
951 2985 1242 3040 laboribus
1280 2985 1395 3039 suis
1427 2986 1654 3057 proprie
1689 2985 1862 3052 auxit,

1972 1958 2251 2029 gloriatur
2287 1958 2345 2012 in
2387 1957 2657 2012 Trinitate
2702 1959 2870 2027 Deus,
2901 1959 2962 2012 in
3003 1960 3206 2014 sacula
3245 1959 3598 2015 saculorum.

1970 2054 2173 2106 Amen.
2202 2051 2500 2121 Leoâ€˜digius
2535 2051 2594 2105 in
2635 2051 2843 2106 Christi
2878 2051 3110 2108 nomine
3141 2053 3440 2124 episcopus
3465 2054 3598 2108 sub-

1969 2145 2186 2215 scripsi.
2202 2145 2455 2199 Julianus
2474 2145 2535 2198 in
2555 2144 2764 2200 Christi
2783 2145 3019 2200 nomine
3040 2145 3336 2217 episcopus
3356 2147 3598 2202 subscri-

1967 2238 2074 2310 psi.
2113 2238 2407 2292 Genitivus
2447 2239 2505 2292 in
2537 2239 2748 2293 Christi
2780 2239 3015 2294 nomine
3044 2239 3322 2294 Tudensis
3347 2241 3598 2295 ecclesia

1970 2331 2264 2402 episcopus
2303 2331 2625 2402 subscripsi.
2658 2332 2950 2386 Froaricus
2982 2334 3096 2387 Deo
3129 2333 3368 2404 jubente
3398 2335 3599 2388 Portu-

1972 2424 2219 2495 galensis
2249 2425 2495 2478 ecclesia
2523 2426 2818 2496 episcopus
2845 2425 2968 2479 sub.
3004 2425 3135 2480 Beia
3165 2426 3224 2480 in
3252 2426 3461 2480 Christi
3493 2444 3597 2486 no-

1969 2519 2124 2572 mine
2156 2518 2548 2572 Brittaniensis
2587 2518 2881 2589 episcopus
2911 2519 3161 2573 ecclesia
3196 2520 3320 2574 sub.
3353 2520 3598 2574 Isidorus

1967 2610 2287 2665 Asturensis
2313 2611 2557 2666 ecclesia
2585 2612 2883 2682 episcopus
2915 2612 3278 2667 sub.Alarius
3306 2612 3598 2667 Auresina

1968 2703 2219 2759 ecclesia
2239 2703 2535 2775 episcOpus
2551 2704 2676 2758 sub.
2693 2705 3042 2776 Reetogerus
3063 2706 3329 2761 Lucensis
3345 2705 3598 2762 ecclesia

1968 2797 2263 2868 episcopus
2318 2797 2639 2868 subscripsi.
2685 2797 3025 2868 Hidulphus,
3073 2799 3170 2870 qui
3225 2797 3600 2871 cognominor

1966 2890 2142 2959 Felix,
2176 2890 2448 2945 Hiriensis
2475 2891 2726 2946 ecclesia
2751 2891 3051 2964 episcopus
3077 2893 3404 2964 subscripsi.

1292 3093 1531 3165 Explicit
1563 3093 1865 3148 concilium
1894 3093 2260 3147 Braccarense
2289 3091 2540 3146 tertium.

1561 3228 1868 3238 --Î¿

937 3352 1336 3417 lNCIPIUNT
1380 3351 1771 3416 CAPITULA
1814 3349 2146 3415 CONCILII
2193 3348 2620 3414 SPALENSIS
2666 3348 2911 3413 PRIMI.

311 3518 358 3568 i.
403 3515 484 3568 De
513 3514 749 3570 concilio
776 3515 1031 3588 Spalensi
1061 3516 1131 3570 ad
1159 3514 1457 3587 Pegasium
1483 3514 1816 3586 episcopum
1841 3511 2035 3566 missa.

306 3607 359 3658 2.
402 3605 482 3658 De
506 3604 802 3675 mancipiis
832 3606 1093 3660 Ecclesia
1123 3605 1194 3659 ab
1221 3605 1486 3677 episcopo
1513 3604 1794 3676 proximis
1821 3603 1935 3658 suis
1967 3601 2200 3658 collatis.

307 3697 358 3748 3.
401 3694 479 3749 De
505 3694 724 3749 clericis
753 3711 884 3749 cum
913 3696 1122 3767 quibus
1154 3695 1423 3750 mulieres
1456 3693 1806 3750 cohabitant.

1116 3862 1403 3927 INCIPIT
1447 3860 1871 3928 CONCILIUM
1913 3857 2318 3926 SPALENSE
2363 3857 2724 3923 PRIMUM.

305 4009 546 4065 Domino
588 4014 781 4066 sancto
825 4017 880 4067 et
909 4017 1234 4067 reverenter
1271 4029 1303 4065 a
1339 4010 1501 4065 nobis
1530 4008 1865 4064 honorando
1887 4015 1942 4091 Ï
1967 4023 2079 4078 quo
2111 4006 2282 4060 modo
2321 4004 2390 4059 ab
2424 4003 2656 4058 ecclesia
2679 4004 2986 4073 transtulit,
3015 4003 3241 4059 irritum
3269 4002 3592 4058 haberetur.

235 4103 568 4158 charissimo
610 4104 775 4159 fratri
815 4107 1043 4160 PEGASIO
1075 4106 1361 4177 episcopo,
1397 4103 1666 4169 Leander,
1694 4104 1862 4157 Joan-

237 4212 354 4264 nes,
383 4198 656 4268 Agapius,
685 4199 1024 4268 Stephanus,
1058 4200 1310 4265 Basilius,
1338 4199 1583 4262 Velatus,
1610 4196 1862 4263 Fintitio,

241 4294 293 4344 et
323 4293 537 4360 Petrus,
573 4292 844 4363 episcopi,
868 4293 963 4364 qui
996 4294 1054 4347 in
1092 4311 1206 4347 una
1242 4293 1381 4347 urbe
1417 4291 1667 4363 Spalensi
1692 4290 1861 4343 adsu-

240 4402 385 4439 mus.
424 4386 794 4441 Sanctitatem
821 4392 978 4441 tuam
1016 4387 1306 4442 charitatis
1339 4387 1523 4442 studio
1560 4385 1864 4439 salutantes

242 4497 548 4550 precamur
586 4481 898 4535 Dominum
935 4481 1032 4552 qui
1069 4498 1175 4536 nos
1205 4481 1273 4535 de
1317 4481 1495 4534 salute
1529 4482 1749 4544 mutua,
1778 4477 1864 4532 vel

238 4573 456 4628 visione
488 4574 773 4628 latiï¬care
809 4575 1077 4646 dignatur
1105 4578 1160 4628 te
1187 4575 1385 4629 latum
1419 4574 1600 4628 multo
1629 4588 1860 4627 conser-

239 4669 328 4716 vet
359 4664 417 4716 in
447 4669 725 4734 tempore.

305 4759 434 4811 CAP.
483 4759 522 4811 l.
569 4759 788 4812 Interea
833 4758 1267 4814 consedentibus
1310 4755 1473 4810 nobis
1516 4757 1576 4808 in
1623 4753 1866 4808 Ecclesia

238 4851 499 4922 Spalensi
526 4855 720 4906 sancta
749 4852 1096 4906 Hierusalem
1121 4851 1291 4906 breve
1326 4849 1747 4920 mancipiorum
1773 4865 1863 4902 ec-

236 4945 421 4999 clesia
473 4960 602 5016 qua
650 4945 916 5000 liberasse
969 4946 1119 4999 visus
1175 4946 1362 4999 fuerat
1419 4944 1678 4998 decessor
1737 4945 1866 4995 tuus

237 5044 445 5093 sancta
493 5039 897 5094 recordationis
942 5039 1292 5093 Gaudentius
1335 5037 1650 5108 episcopus,
1696 5035 1867 5090 vestri

238 5133 398 5186 nobis
425 5132 651 5187 diaconi
680 5133 1028 5203 obtulerunt,
1058 5138 1115 5187 et
1150 5149 1264 5188 non
1297 5132 1481 5186 solum
1508 5147 1632 5201 qua
1659 5130 1863 5184 libera-

235 5231 389 5280 verat
437 5225 654 5280 ibidem
702 5226 1026 5297 relegimus,
1059 5226 1157 5282 sed
1205 5226 1375 5281 etiam
1422 5242 1551 5296 qua
1595 5223 1867 5295 proximis

1963 4103 2032 4156 Et
2071 4100 2200 4154 ideo
2249 4099 2295 4152 si
2338 4115 2427 4154 res
2464 4099 2823 4168 praeessoris
2870 4098 2952 4153 tui
3000 4097 3297 4153 Gaudentii
3347 4095 3594 4167 episcopi

1963 4193 2197 4249 ecclesia
2243 4195 2430 4246 vestra
2479 4209 2591 4245 non
2635 4192 2903 4261 possidet,
2937 4191 3101 4246 liberi
3131 4191 3228 4262 qui
3256 4190 3325 4245 ab
3363 4206 3431 4245 eo
3464 4189 3596 4244 facti

1965 4290 2116 4355 sunt,
2146 4301 2264 4339 non
2313 4290 2444 4338 sunt
2492 4284 2747 4354 legitime
2798 4285 3063 4340 absoluti.
3091 4287 3376 4341 Caterum
3415 4284 3463 4338 si
3507 4299 3595 4338 res

1963 4379 2116 4433 illius
2133 4378 2191 4431 in
2217 4377 2736 4448 compensationem
2759 4378 3004 4432 ecclesia
3024 4382 3224 4433 vestra
3247 4377 3593 4446 deserviunt,

1963 4471 2043 4526 illi
2074 4487 2307 4543 prorsus
2339 4473 2613 4524 maneant
2639 4470 2826 4526 liberi.
2849 4472 2991 4526 Nam
3023 4473 3102 4541 (ut
3127 4471 3468 4542 pradictum
3492 4471 3594 4540 est)

1965 4566 2010 4619 si
2040 4564 2357 4637 prastitum
2398 4564 2466 4618 de
2503 4565 2672 4618 rebus
2703 4564 2818 4618 suis
2846 4582 2962 4619 non
2991 4565 3145 4634 fecit,
3175 4565 3284 4619 tale
3315 4565 3592 4618 damnum

1966 4659 2162 4729 utique
2178 4657 2328 4712 ferre
2348 4674 2465 4711 non
2486 4657 2702 4711 debuit.
2720 4659 3036 4728 Pr0pterea
3059 4674 3194 4728 ergo
3221 4658 3290 4712 de
3315 4673 3432 4712 uno
3463 4671 3596 4711 con-

1965 4769 2133 4807 sensu
2169 4767 2368 4806 omnes
2413 4750 2821 4821 signiï¬camus,
2859 4752 3039 4822 magis
3077 4752 3386 4806 humanius
3422 4767 3593 4822 quam

1967 4846 2215 4901 severius
2258 4845 2588 4916 cogitantes,
2618 4849 2684 4899 ut
2728 4847 2786 4899 hi
2829 4863 2974 4917 quos
3009 4850 3228 4900 constat
3259 4846 3357 4900 tali
3394 4845 3593 4900 condi-

1966 4942 2121 4995 tione
2171 4940 2342 4994 fuisse
2377 4939 2641 4994 liberatos
2683 4940 2743 4994 in
2781 4941 2912 5011 jure
2955 4940 3202 4995 ecclesia
3239 4942 3506 4995 maneant
3535 4942 3599 4994 ut

1965 5035 2176 5103 idonei,
2209 5040 2264 5089 et
2312 5033 2598 5105 peculium
2645 5051 2812 5088 suum
2861 5050 2976 5088 non
3020 5035 3145 5089 aliis
3192 5034 3469 5105 personis,
3497 5033 3598 5089 sed

1965 5132 2195 5184 tantum
2244 5127 2374 5182 ï¬liis
2421 5127 2534 5181 suis
2574 5127 2994 5199 derelinquant,
3029 5128 3166 5199 ipsis
3209 5145 3438 5200 quoque
3468 5128 3598 5183 filiis

1967 5227 2026 5277 et
2055 5221 2358 5292 nepotibus
2385 5237 2514 5274 cum
2541 5221 2780 5291 peculiis
2813 5221 3066 5292 ipsorum
3102 5221 3264 5293 quasi
3288 5222 3507 5278 idoneis
3536 5223 3596 5276 in

236 5321 352 5374 suis
397 5319 468 5373 de
514 5319 739 5373 famulis
769 5319 1020 5374 ecclesia
1046 5320 1357 5375 donaverat
1389 5319 1446 5372 in
1477 5319 1680 5372 eodem
1709 5317 1866 5371 brevi
1960 5315 2093 5386 jure
2122 5313 2367 5370 ecclesia
2399 5314 2870 5384 permanantibus
2910 5315 2970 5368 in
3006 5319 3332 5372 extraneam
3364 5317 3444 5371 eis
3481 5332 3599 5371 non

237 5412 562 5466 invenimus
604 5415 900 5467 annotata.
932 5413 1051 5476 Qua
1091 5413 1160 5466 de
1194 5430 1254 5466 re
1291 5427 1575 5466 canonum
1613 5386 1944 5464 institutaD
1966 5408 2132 5464 liceat
2160 5422 2455 5478 personam
2496 5407 2791 5478 quidpiam
2837 5409 3250 5465 transmittere.
3280 5411 3334 5466 Si
3366 5410 3464 5482 qui
3495 5426 3596 5464 eo-

237 5505 651 5572 consuluimus,
675 5505 720 5559 si
738 5505 1248 5575 talislibertas,aut
1266 5504 1574 5559 transactio
1595 5503 1870 5575 potuisset
1968 5519 2097 5558 rum
2155 5500 2278 5554 sine
2337 5500 2563 5554 harede
2629 5500 3004 5574 decesserint,
3063 5504 3347 5575 peculium
3397 5518 3598 5556 eorum

236 5616 358 5653 esse
387 5599 626 5655 stabilis.
646 5599 1043 5670 Comperimus
1077 5603 1267 5654 autem
1296 5599 1356 5654 in
1380 5614 1618 5667 canone,
1651 5601 1715 5651 ut
1743 5596 1866 5668 epi-
1969 5598 2179 5650 sancta
2209 5593 2468 5664 proï¬ciat
2497 5594 2767 5650 ecclesia.

235 5709 436 5764 scopus
467 5694 568 5764 qui
593 5707 684 5750 res
709 5693 990 5765 proprias,
1027 5695 1264 5763 excepto
1291 5693 1420 5747 ï¬liis
1459 5697 1515 5747 et
1544 5691 1865 5763 nepotibus,
2038 5690 2099 5743 II.
2129 5689 2208 5742 Ea
2251 5703 2386 5741 vero
2426 5688 2710 5760 mancipia
2753 5706 2883 5761 qua
2925 5695 3272 5746 memoratus
3299 5688 3600 5760 episcopus

236 5786 422 5853 alteri,
452 5791 509 5841 et
541 5802 656 5840 non
688 5786 936 5841 ecclesia
983 5803 1098 5841 sua
1142 5786 1445 5854 dimiserit,
1479 5784 1756 5858 quidquid
1798 5783 1868 5838 de
1968 5781 2040 5836 de
2067 5782 2196 5853 jure
2234 5780 2487 5836 ecclesia
2528 5782 2773 5852 sublata,
2800 5785 2914 5840 suis
2954 5783 3226 5856 proximis
3266 5782 3524 5852 contulit,
3553 5783 3599 5838 si

238 5879 494 5938 ecclesia
530 5881 720 5949 rebus,
749 5883 847 5937 aut
877 5880 1130 5950 donavit,
1163 5883 1262 5938 aut
1289 5879 1561 5949 vendidit,
1595 5882 1694 5934 aut
1723 5893 1863 5950 quo-
1967 5875 2174 5934 similia
2190 5875 2260 5932 de
2276 5876 2506 5952 proprio
2531 5893 2633 5934 suo
2655 5877 2902 5936 ecclesia
2923 5877 3033 5950 ipsi
3053 5893 3170 5931 non
3192 5877 3596 5948 compensavit,
