4032 6304
421 325 522 378 595

1308 323 1589 379 APPEND.
1629 324 1716 378 AD
1753 323 1914 379 SEC.
1956 324 2043 379 IX.
2075 353 2142 365 --
2180 323 2431 380 ISIDORI
2466 324 2890 382 MERCATORIS

3678 329 3782 380 596

419 429 651 486 ecclesia
697 434 879 485 vestra
918 430 1131 502 absque
1179 430 1370 501 aliqua
1398 430 1754 502 oppositione
1781 431 2039 504 recipiat.
2065 444 2126 516 Α
2144 432 2297 488 cialis
2326 437 2601 503 coerceat,
2631 433 2762 488 dato
2791 439 2990 488 tamen
3025 433 3096 487 ab
3125 431 3338 488 eisdem
3363 432 3655 504 judicibus
3685 450 3778 488 sa-

419 525 571 578 Hanc
599 525 842 579 formam
870 541 985 579 non
1020 524 1203 578 solum
1229 526 1433 592 vestra,
1464 525 1572 579 hoc
1607 528 1692 579 est
1731 525 2048 595 Astigitana

421 617 667 673 servabit
693 617 948 686 ecclesia,
982 617 1084 671 sed
1105 619 1163 671 et
1182 632 1384 672 omnes
1410 618 1510 688 qui
1538 633 1641 688 per
1669 633 1904 672 omnem
1932 620 2049 672 Ba-

421 716 591 770 ticam
630 715 978 786 provinciam
1010 714 1106 769 tali
1149 714 1474 770 conditione
1506 717 1590 770 vel
1637 719 1788 771 sorte
1816 716 1886 771 de
1915 716 2048 787 jure

421 808 671 862 ecclesia
709 811 1125 876 commearunt,
1159 807 1282 880 pari
1320 809 1615 864 sententia
1650 809 2043 881 subjacebunt.

417 902 633 956 Durum
677 904 761 956 est
800 901 951 956 enim
997 904 1166 973 atque
1210 901 1611 972 irreligiosum,
1655 906 1717 958 ut
1751 903 2047 975 episcopus

420 995 517 1066 qui
566 995 954 1050 ecclesiasticis
1002 995 1300 1066 stipendiis
1338 996 1488 1064 vivit,
1528 1000 1585 1051 et
1629 997 2046 1068 pr0prietatem

417 1105 578 1143 suam
606 1089 774 1145 lucris
798 1089 1044 1144 ecclesia
1074 1089 1312 1144 minime
1341 1091 1579 1157 confert,
1612 1091 1856 1146 aliorum
1884 1091 2044 1146 obla-

419 1183 603 1237 tiones
634 1200 666 1236 a
683 1183 814 1254 jure
847 1183 1224 1238 ecclesiastico
1253 1183 1456 1254 privet.

493 1279 579 1332 lII.
609 1278 758 1330 Inter
783 1280 990 1331 catera
1015 1293 1149 1331 vero
1178 1277 1500 1347 cognoscite
1544 1293 1578 1331 a
1618 1277 1778 1332 nobis
1806 1277 1912 1333 hoc
1947 1279 2043 1333 de-

417 1369 644 1425 ﬁnitum
670 1387 773 1441 pro
800 1370 1089 1425 abolendis
1113 1370 1352 1424 maculis
1377 1370 1738 1438 clericorum,
1771 1372 1905 1442 quia
1927 1372 2049 1443 qui-

420 1464 552 1518 dam
580 1463 975 1534 episcoporum
1017 1479 1132 1519 non
1175 1463 1540 1519 observantes
1583 1481 1767 1536 nuper
1799 1465 2047 1520 edictum

421 1556 643 1612 concilii
672 1557 983 1613 Toletatani
1008 1559 1301 1613 decretum
1329 1557 1519 1612 minus
1549 1557 1772 1614 solliciti
1815 1558 1874 1612 in
1913 1558 2045 1614 sub-

415 1651 581 1722 jectis
611 1649 878 1720 existunt,
903 1651 1112 1722 placuit
1136 1651 1377 1723 proinde
1413 1656 1477 1706 ut
1500 1652 1549 1706 si
1574 1651 1892 1724 presbyter,
1925 1653 2045 1707 dia-

421 1744 545 1798 coni
575 1745 664 1798 vel
694 1743 879 1798 clerici
920 1745 1201 1800 consortia
1241 1748 1640 1800 extranearum
1678 1746 2045 1815 feminarum,

2147 529 2443 582 cramento
2471 526 2766 599 episcOpis,
2803 529 2866 581 ut
2893 542 2990 582 eas
3024 525 3240 582 clericis
3268 526 3423 582 nulla
3453 527 3577 582 arte
3607 525 3783 582 resti-

2144 621 2344 687 tuant;
2375 621 2528 692 quod
2577 621 2623 674 si
2669 619 3042 689 restituerint,
3084 620 3193 692 ipsi
3230 619 3454 691 judices
3493 621 3786 677 sententia

2146 713 2748 769 excommunicationis
2788 713 3088 770 feriantur.
3120 713 3448 769 Mulieribus
3491 730 3628 768 vero
3672 713 3786 769 illis

2141 808 2300 878 juxta
2319 807 2534 878 priores
2559 823 2801 863 canones
2820 825 2853 862 a
2878 807 3171 863 sacerdote
3197 807 3502 877 distractis,
3525 808 3783 879 pretium

2147 917 2344 956 earum
2374 901 2761 972 indigentibus
2797 901 3191 972 dispensetur;
3219 917 3346 973 qua
3373 905 3579 956 statuta
3602 918 3786 956 manu

2145 997 2342 1049 nostra
2383 994 2838 1068 subscripsimus,
2869 995 3005 1050 data
3045 995 3119 1049 ad
3149 993 3507 1050 sanctitatem
3530 997 3784 1049 vestram

2147 1089 2238 1145 die
2267 1089 2515 1144 secundo
2541 1089 2726 1143 Nonas
2752 1088 3104 1157 Novembris,
3132 1105 3286 1144 anno
3316 1088 3519 1160 quinto
3547 1088 3785 1159 gloriosi

2149 1183 2366 1238 domini
2395 1183 2577 1238 nostri
2610 1182 2938 1248 Reccaredi,
2973 1182 3142 1255 regis,
3173 1199 3288 1238 ara
3312 1198 3568 1239 ncxxvnl.
3597 1184 3784 1238 Lean-

2148 1277 2250 1332 der
2273 1275 2524 1331 ecclesia
2557 1279 2764 1330 sancta
2796 1275 3084 1347 Spalensis
3109 1276 3409 1348 episcopus
3434 1277 3584 1332 hanc
3613 1293 3782 1332 cons-

2145 1369 2469 1425 titutionem
2497 1368 2719 1424 ﬁrmavi
2759 1374 2817 1425 et
2855 1369 3179 1440 subscripsi.
3210 1372 3458 1425 Joannes
3483 1369 3786 1442 episcopus

2145 1463 2487 1535 Agabrensis
2541 1464 2686 1519 hanc
2740 1463 3205 1519 constitutionem
3257 1462 3482 1519 ﬁrmavi
3540 1467 3601 1518 et
3653 1463 3783 1519 sub.

2145 1557 2396 1628 Agapius
2454 1558 2706 1613 ecclesia
2774 1561 2984 1612 sancta
3049 1556 3429 1613 Cordubensis
3480 1557 3786 1629 episcOpus

2146 1650 2293 1706 hanc
2323 1651 2789 1706 constitutionem
2811 1650 3033 1706 ﬁrmavi
3061 1654 3119 1706 et
3145 1651 3272 1706 sub.
3296 1651 3618 1722 Stephanus
3638 1651 3785 1723 epis-

2147 1761 2320 1816 copus
2368 1745 2748 1800 Eliberitanus
2785 1745 2932 1800 hanc
2976 1744 3440 1801 constitutionem
3476 1743 3698 1800 ﬁrmavi
3724 1748 3786 1800 et

420 1838 509 1892 vel
537 1837 870 1893 ancillarum
897 1838 1343 1894 familiaritatem
1370 1855 1473 1910 per
1497 1839 1803 1894 sacerdotis
1833 1840 1922 1895 sui
1946 1840 2044 1894 ad-
2068 1815 2124 1888 B
2150 1815 2274 1893 sub.
2309 1839 2544 1893 Basilius
2571 1839 2872 1910 episcopus
2916 1839 3194 1911 Elipensis
3231 1840 3379 1894 hanc
3415 1839 3783 1894 constitutio-

420 1931 799 1987 monitionem
830 1951 863 1988 a
891 1949 952 1989 se
995 1933 1187 1988 minus
1219 1932 1587 2001 removerint,
1615 1933 1801 1988 saculi
1825 1932 2049 2004 judices

422 2025 648 2080 easdem
668 2025 934 2082 mulieres
957 2043 1089 2082 cum
1113 2028 1402 2082 voluntate
1423 2029 1481 2082 et
1500 2027 1780 2099 permissu
1799 2026 2048 2099 episcopi

421 2120 867 2190 comprehensas
886 2120 947 2175 in
969 2121 1083 2176 suis
1103 2121 1274 2176 lucris
1294 2126 1590 2192 usurpent,
1614 2124 1681 2175 ut
1695 2121 1899 2176 vitium
1915 2121 2044 2189 hoc,

419 2212 557 2268 dum
579 2214 840 2269 sacerdos
860 2213 1121 2270 inhibere
1151 2231 1267 2270 non
1293 2214 1588 2287 pravalet,
1620 2218 1871 2285 potestas
1887 2213 2046 2285 judi-

2149 1947 2282 1986 nem
2307 1931 2524 1986 ﬁrmavi
2557 1937 2613 1988 et
2652 1931 2977 2003 subscripsi.
3005 1933 3231 1989 Celatus
3272 1932 3572 2005 episcopus
3595 1931 3783 1987 Tuici-

2147 2028 2314 2081 tanus
2364 2026 2510 2080 hanc
2563 2025 3030 2082 constitutionem
3083 2026 3307 2082 ﬁrmavi
3351 2030 3410 2082 et
3452 2025 3783 2097 subscripsi.

2148 2121 2342 2175 Petrus
2387 2120 2684 2191 episcopus
2725 2119 3088 2176 Alberitanus
3134 2121 3280 2176 hanc
3321 2119 3786 2176 constitutionem

2147 2213 2369 2269 ﬁrmavi
2398 2216 2456 2268 et
2481 2213 2806 2285 subscripsi.

1056 2518 1454 2585 INCIPIUNT
1497 2519 1891 2584 CAPITULA
1935 2518 2269 2585 CONCILII
2313 2517 2743 2583 SPALENSIS
2787 2516 3144 2583 SECUNDI.

493 2672 540 2721 1.
570 2668 649 2723 De
686 2669 1048 2741 Theodulphi
1075 2671 1421 2727 Malacitana
1462 2671 1724 2727 Ecclesia
1751 2671 2045 2744 querimo-

419 2760 526 2814 niis
548 2762 819 2818 adversus
837 2764 1085 2836 reliquos
1105 2782 1238 2837 epp.
1263 2782 1368 2836 pro
1389 2765 1733 2837 quibusdam
1744 2765 2045 2837 parochiis.

489 2857 542 2908 2.
575 2856 653 2909 De
684 2857 1060 2928 querimoniis
1090 2858 1374 2929 Fulgentii
1401 2862 1460 2913 et
1495 2859 1727 2914 Honorii
1757 2859 2044 2931 episcopo-

420 2963 552 3002 rum
585 2964 688 3018 pro
718 2949 1062 3020 quibusdam
1089 2952 1395 3022 parochiis.

2222 2676 2274 2725 7.
2305 2671 2380 2724 De
2409 2670 2496 2724 his
2525 2687 2654 2741 qua
2684 2668 3063 2741 prohibentur
3089 2668 3469 2742 corepiscopis
3495 2670 3784 2743 presbyte-

2149 2763 2227 2819 ris
2254 2762 2314 2818 in
2340 2763 2730 2819 ecclesiasticis
2757 2761 3131 2818 sacramentis
3160 2779 3354 2835 agere.

2220 2860 2272 2912 8.
2302 2858 2380 2912 De
2420 2857 2680 2929 superbis
2724 2856 2976 2913 ecclesia
3015 2856 3254 2928 libertis,
3283 2862 3348 2913 ut
3379 2857 3450 2912 ad
3489 2857 3782 2916 servitium

2149 2955 2508 3007 revocentur.

490 3043 543 3095 3.
573 3041 652 3095 De
687 3041 1072 3098 desertoribus
1107 3044 1348 3113 clericis,
1383 3049 1446 3098 ut
1473 3043 1755 3117 episcopis
1780 3045 1896 3100 suis
1926 3061 2046 3099 res-
2068 3075 2124 3149 Ο
2221 3047 2273 3098 9.
2305 3045 2379 3098 De
2404 3043 2734 3114 aconomis,
2763 3059 2837 3098 ne
2864 3059 2928 3098 ex
2959 3043 3117 3099 laicis
3145 3043 3581 3099 constituantur.

420 3133 718 3188 tituantur.

487 3229 539 3282 4.
575 3228 654 3282 De
701 3228 948 3299 bigamis
994 3230 1066 3286 ad
1104 3230 1519 3303 presbyterium
1556 3231 1646 3286 vel
1685 3231 2046 3287 diaconatum

417 3337 534 3376 non
561 3323 986 3392 promovendis.

491 3418 540 3468 5.
572 3416 648 3470 Ne
688 3417 1003 3488 presbyteri
1041 3418 1362 3489 diaconum,
1394 3419 1483 3474 vel
1530 3419 1926 3492 presbyterum
1953 3437 2044 3475 or-

419 3507 614 3564 dinare
641 3516 1008 3580 prasumant.

487 3606 539 3656 6.
574 3603 651 3658 De
678 3604 1028 3676 presbyteris
1057 3605 1144 3662 vel
1170 3606 1504 3663 diaconibus
1529 3607 1600 3662 ab
1633 3623 1749 3662 uno
1782 3608 2045 3679 episcopo

415 3711 534 3752 non
564 3696 932 3769 deponendis.

2225 3141 2309 3191 10.
2343 3139 2419 3190 De
2443 3136 2801 3192 monasteriis
2828 3153 2944 3192 non
2975 3135 3375 3192 convellendis.

2223 3234 2308 3286 Η.
2361 3231 2438 3285 De
2489 3231 2852 3286 monasteriis
2907 3231 3227 3302 virginum,
3283 3234 3344 3285 ut
3395 3247 3428 3286 a
3479 3232 3782 3288 monachis

2149 3327 2437 3380 tueantur.

2221 3421 2306 3473 l2.
2336 3420 2410 3474 De
2437 3419 2685 3490 quodam
2714 3418 3122 3499 acephalorun;
3149 3419 3434 3490 episcopo.

2223 3513 2308 3566 l3.
2344 3512 2420 3565 De
2466 3511 2687 3566 duabus
2733 3511 2792 3567 in
2845 3510 3068 3568 Christo
3109 3511 3329 3567 naturis
3383 3517 3439 3568 et
3485 3529 3598 3568 una
3643 3529 3776 3584 per-

2146 3621 2305 3660 50118..

1212 3796 1503 3861 INCIPIT
1570 3797 1995 3863 CONCILIUM
2069 3794 2472 3860 SPALENSE
2547 3794 2990 3860 SECUNDUM.

1317 3923 1634 3986 Habitum
1661 3941 1799 3986 ara
1828 3942 2034 3998 ncux,
2071 3931 2354 4004 tempore
2380 3921 2672 3986 Sz'sebutz'
2695 3923 2888 4003 regis.

491 4081 552 4133 In
597 4077 830 4134 nomine
862 4079 1093 4136 Domini
1135 4081 1441 4137 Salvatoris
1468 4083 1647 4137 nostri
1679 4084 1812 4138 Jesu
1837 4082 2044 4138 Christi

415 4171 684 4242 Isidorus,
735 4171 1012 4244 Bisinnus,
1055 4177 1314 4245 Ruﬁnus,
1367 4176 1719 4249 Fulgentius,
1777 4176 2041 4247 Cambra,

416 4266 727 4335 Fidentius,
760 4268 1190 4342 Theodulphus,
1224 4276 1280 4326 et
1319 4271 1600 4326 Honorius
1642 4271 1912 4344 episcopi,
1947 4271 2044 4343 qui

415 4361 630 4432 pariter
654 4363 712 4418 in
740 4364 879 4419 urbe
912 4365 1169 4436 Spalensi
1197 4382 1301 4437 pro
1341 4364 1623 4437 aliquibus
1649 4365 2043 4422 ecclesiasticis

413 4455 658 4527 negotiis
683 4457 981 4513 coadunati
1010 4475 1225 4513 sumus.
1245 4459 1695 4515 Consedentibus
1717 4477 1856 4532 ergo
1879 4460 2044 4515 nobis

2146 4081 2559 4138 revertentibus
2584 4081 2847 4137 redditur
2882 4081 3121 4154 antiqua
3147 4081 3446 4154 possessio,
3474 4097 3590 4138 non
3613 4081 3782 4137 aliter

2148 4181 2204 4232 et
2237 4175 2470 4232 ecclesia
2506 4178 2808 4247 receptura
2835 4176 3185 4248 parochiam,
3220 4193 3394 4248 quam
3426 4180 3556 4232 ante
3597 4175 3781 4230 tenuit

2147 4286 2278 4325 cum
2309 4269 2479 4324 rebus
2523 4269 2655 4337 suis,
2687 4269 2800 4324 sive
2843 4269 2912 4324 ab
2959 4269 3084 4324 aliis
3118 4269 3367 4325 ecclesiis
3397 4268 3776 4342 possideatur,

2147 4364 2261 4421 sive
2309 4364 2369 4418 in
2414 4364 2717 4436 cujuslibet
2759 4363 3176 4436 possessionem
3219 4363 3506 4420 transfusa
3536 4363 3624 4431 sit,
3659 4379 3780 4417 non

2145 4459 2300 4514 enim
2331 4459 2441 4514 erit
2478 4457 2798 4529 objicienda
2842 4458 3191 4530 prascriptio
3222 4457 3520 4530 temporis,
3549 4456 3647 4510 ubi
3673 4471 3776 4511 ne-

345 4576 357 4581 -
412 4550 472 4605 in
499 4552 800 4608 secretario
829 4555 1205 4607 sacrosancta
1244 4553 1598 4609 Hierusalem
1640 4555 1922 4627 Spalensis
1952 4572 2044 4610 ec—
2065 4557 2125 4632 D
2148 4553 2379 4608 cessitas
2404 4551 2643 4607 interest
2666 4551 3013 4607 hostilitatis.

413 4644 596 4700 clesia
623 4662 754 4700 cum
794 4645 1108 4700 illustribus
1143 4645 1294 4714 viris,
1323 4646 1568 4704 Sisibuto
1596 4651 1820 4704 rectore
1848 4664 2042 4703 rerum

414 4738 776 4809 publicarum
817 4743 992 4810 atque
1035 4740 1272 4796 Sualane
1312 4747 1500 4797 actore
1537 4759 1731 4799 rerum
1759 4743 2043 4798 ﬁscalium

415 4836 598 4890 stante
627 4833 1055 4905 religiosissimo
1083 4835 1416 4891 clericorum
1445 4841 1613 4892 coetu.

483 4927 607 4982 CAP.
632 4930 674 4982 Ι.
697 4928 888 4983 Prima
906 4929 1127 4984 actione
1147 4929 1504 5002 Theodulphi
1531 4930 1878 4986 Malacitana
1900 4931 2044 4985 anti-

413 5019 556 5074 stitis
573 5021 821 5076 ecclesia
835 5022 909 5077 ad
926 5039 1032 5078 nos
1050 5022 1236 5078 oblata
1251 5024 1504 5095 precatio
1524 5027 1610 5078 est
1628 5024 1928 5080 asserentis
1949 5041 2046 5078 an-

410 5113 634 5184 tiquam
666 5115 925 5186 ejusdem
955 5117 1106 5172 urbis
1125 5119 1450 5190 parochiam
1473 5118 1739 5174 militaris
1760 5117 2044 5190 quondam

410 5207 735 5264 hostilitatis
779 5209 1102 5268 discrimine
1149 5213 1321 5268 fuisse
1373 5213 1649 5282 decisam,
1687 5216 1744 5268 et
1784 5230 1850 5267 ex
1880 5219 2042 5283 parte

410 5301 600 5373 aliqua
624 5302 693 5356 ab
733 5303 979 5359 ecclesiis
1015 5306 1398 5378 Astrigitana,
1437 5305 1841 5362 Celeberitana
1870 5310 2042 5377 atque

410 5396 752 5467 Agabrensis
769 5397 998 5454 urbium
1018 5415 1138 5456 esse
1155 5404 1458 5469 retentam,
1473 5417 1580 5473 pro
1603 5417 1715 5473 qua
1729 5417 1790 5456 re
1810 5400 2042 5472 placuit,

411 5495 478 5547 ut
503 5491 687 5546 omnis
713 5493 984 5563 parochia
1013 5510 1143 5566 qua
1169 5497 1237 5550 ab
1263 5494 1496 5567 antiqua
1528 5471 1744 5551 ditione
1771 5471 1903 5551 ante
1933 5493 2043 5549 mi-

411 5586 637 5641 litarem
663 5586 1043 5643 hostilitatem
1065 5589 1365 5645 retinuisse
1393 5590 1693 5646 ecclesiam
1715 5606 1874 5645 suam
1901 5589 2048 5662 quis-

415 5679 540 5753 quis
566 5682 988 5755 comprobaret,
1017 5683 1139 5755 ejus
1172 5683 1476 5756 privilegio
1506 5685 1922 5741 restitueretur.
1957 5683 2045 5739 Si-

415 5778 510 5829 cut
536 5777 690 5832 enim
715 5794 819 5849 per
845 5777 1035 5850 legem
1062 5778 1436 5846 mundialem,
1471 5779 1558 5834 his
1583 5795 1724 5851 quos
1751 5777 2047 5834 barbarica

415 5869 680 5926 severitas
707 5872 922 5943 captiva
969 5873 1305 5931 necessitate
1333 5874 1657 5942 transvexit,
1696 5871 2047 5946 postliminio

2217 4648 2278 4702 ll.
2311 4647 2460 4702 Inter
2495 4649 2846 4702 memoratos
2879 4646 3081 4700 fratres
3120 4649 3342 4700 nostros
3384 4645 3777 4716 Fulgentium,

2146 4739 2577 4811 Fastigitanum,
2611 4743 2669 4794 et
2689 4739 3005 4795 Honorium
3030 4739 3456 4796 Cordubensem
3480 4738 3780 4810 episcopos

2147 4834 2417 4889 discussio
2446 4833 2658 4905 agitata
2680 4838 2762 4888 est
2787 4837 3023 4905 propter
3051 4832 3385 4904 parochiam
3413 4831 3655 4887 basilica
3685 4848 3781 4885 cu-

2137 4928 2388 5000 jusdam,
2416 4944 2591 5000 quam
2617 4927 2826 4981 horum
2853 4927 2996 4982 alter
3021 4927 3417 4994 Celticensem,
3448 4927 3592 4981 alter
3613 4924 3783 4996 Regi-

2147 5038 2382 5077 nensem
2442 5020 2715 5089 asseruit,
2770 5026 2828 5076 et
2880 5020 3014 5092 quia
3070 5021 3220 5075 inter
3269 5025 3536 5091 utrasque
3589 5023 3783 5089 partes

2145 5116 2419 5171 hactenus
2465 5115 2663 5170 limitis
2713 5113 2860 5169 actio
2907 5113 3184 5168 vindicata
3237 5119 3338 5181 est,
3386 5113 3474 5167 cui
3519 5113 3783 5185 quamvis

2144 5213 2419 5265 vetustate
2447 5208 2765 5264 retentione
2794 5207 3018 5262 nullum
3035 5207 3183 5278 juris
3202 5206 3598 5279 prajudicium
3615 5205 3786 5261 affer-

2144 5306 2250 5360 ret.
2290 5303 2533 5375 Ideoque
2568 5319 2643 5357 ne
2690 5301 2748 5356 in
2789 5301 3028 5356 dubium
3070 5301 3221 5356 ultra
3263 5302 3417 5355 inter
3447 5317 3545 5356 eos
3582 5303 3784 5355 nostra

2146 5399 2522 5454 devocaretur
2548 5395 2850 5464 sententia,
2878 5396 3113 5468 prolatis
3151 5395 3462 5450 canonibus
3491 5393 3784 5466 synodalia

2145 5494 2369 5549 decreta
2399 5491 2644 5562 perlecta
2672 5495 2822 5557 sunt,
2853 5506 3099 5562 quorum
3126 5489 3435 5545 auctoritas
3463 5492 3783 5559 pramonet

2143 5588 2223 5643 ita
2253 5590 2518 5658 oportere
2544 5583 2793 5639 inhiberi
2821 5583 3214 5655 cupiditatem,
3241 5586 3309 5638 ut
3339 5599 3410 5637 ne
3437 5582 3562 5655 quis
3587 5580 3783 5636 termi-

2145 5699 2251 5737 nos
2281 5680 2498 5735 alienos
2541 5681 2796 5749 usurpet.
2829 5677 2912 5732 Ob
2955 5677 3063 5732 hoc
3104 5675 3320 5748 placuit
3361 5677 3509 5732 inter
3531 5675 3781 5730 alternas

2146 5778 2340 5848 partes
2363 5772 2728 5846 inspectionis
2754 5770 2907 5826 viros
2933 5771 3264 5838 mittendos,
3288 5771 3368 5826 ita
3395 5773 3461 5826 ut
3488 5769 3533 5824 si
3561 5769 3620 5824 in
3641 5767 3780 5823 dia-

2147 5870 2288 5926 cesis
2327 5865 2668 5942 possidentis
2721 5865 2890 5924 sitam
2925 5865 3218 5923 basilicam
3267 5864 3549 5922 veteribus
3598 5861 3780 5934 signis
