4032 6312
146 352 247 405 597

1383 349 1856 406 DECRETALIUM
1893 348 2280 406 COLLECTIO.

3408 357 3511 411 598

145 458 315 513 limes
343 457 614 529 praevisus
652 456 1071 526 monstraverit,
1101 457 1347 513 ecclesia
1390 457 1551 529 cujus
1572 458 1668 528 jus
1698 461 1780 512 est
1801 469 1859 544 Α
1880 473 2035 512 verse
2063 457 2255 529 adepti
2274 462 2422 526 sunt,
2451 457 2715 540 depositi,
2735 474 2898 530 aquo
2908 457 3126 529 judicio
3149 458 3505 531 abjiciantur,

146 550 482 606 retentionis
503 551 574 606 sit
603 552 882 605 aternum
913 549 1257 606 dominium.
1289 551 1454 616 Quod
1473 554 1530 607 et
1553 551 1598 605 si
1618 551 1780 606 limes

143 643 436 714 legitimus
465 643 731 698 eamdem
758 643 1048 699 basilicam
1078 661 1193 698 non
1220 644 1482 711 recludit,
1505 650 1560 699 et
1584 649 1778 700 tamen

141 738 302 807 longi
338 737 616 808 temporis
640 737 917 808 probatur
948 737 1169 808 objecta
1198 737 1568 809 praescriptio,
1591 739 1781 811 appel-

144 831 279 884 latio
311 831 623 901 repetentis
649 830 895 901 episcopi
936 847 1054 885 non
1081 831 1304 898 valebit,
1332 830 1469 902 quia
1492 830 1576 885 illi
1600 831 1777 901 trige-

143 923 293 977 nalis
313 923 554 995 objectio
576 923 869 978 silentium
896 923 1156 994 imponit,
1174 925 1280 979 hoc
1301 924 1456 979 enim
1479 927 1536 979 et
1555 925 1781 978 sacula-

145 1017 298 1072 rium
341 1017 666 1089 principum
717 1018 900 1073 edicta
962 1017 1318 1089 pracipiunt,
1365 1023 1423 1073 et
1469 1018 1778 1088 prasulum

143 1112 542 1167 Romanorum
603 1111 850 1167 decrevit
917 1112 1250 1180 auctoritas;
1301 1111 1390 1165 sin
1441 1127 1576 1165 vero
1629 1111 1779 1165 infra

142 1207 324 1258 metas
386 1204 639 1274 trigenas
693 1203 964 1275 temporis
1017 1209 1180 1259 extra
1235 1205 1447 1259 alienos
1501 1204 1779 1259 terminos

143 1297 385 1352 basilica
430 1297 642 1368 injusta
682 1298 923 1353 retentio
967 1298 1272 1370 reperitur,
1303 1297 1615 1369 repetentis
1659 1298 1776 1369 epi-

145 1391 299 1465 sc0pi
318 1391 442 1462 juri
469 1391 592 1446 sine
622 1407 780 1446 mora
819 1392 1170 1448 restituetur.

212 1486 300 1540 Ill.
332 1485 522 1540 Tertia
546 1485 881 1541 deﬁnitione
906 1487 977 1540 ad
1004 1503 1110 1541 nos
1135 1486 1322 1542 oblata
1360 1487 1607 1558 precatio
1634 1491 1718 1542 est
1745 1503 1778 1541 a

144 1579 618 1634 reverendissimo
682 1579 854 1635 fratre
916 1582 1112 1634 nostro
1176 1580 1423 1636 Cambra
1495 1580 1776 1636 ltalicensi

146 1672 411 1743 episcopo
468 1689 573 1744 pro
629 1673 874 1744 quodam
925 1673 1131 1728 clerico
1188 1673 1496 1743 Passando,
1553 1674 1653 1745 qui
1705 1674 1776 1729 de

143 1765 389 1820 ecclesia
404 1783 521 1820 sua
539 1766 694 1821 cultu
713 1767 773 1822 in
795 1783 907 1838 qua
926 1766 1144 1822 dicatus
1165 1767 1236 1822 ab
1259 1766 1501 1822 exordiis
1521 1766 1776 1822 infantia

1879 551 2017 607 tales
2035 553 2190 606 enim
2202 551 2408 607 merito
2422 550 2667 622 judicati
2678 555 2814 607 sunt
2824 552 3176 622 removendi,
3190 552 3327 625 quia
3339 570 3509 624 prave

1880 644 2094 700 inventi
2125 649 2257 700 sunt
2281 645 2597 700 constituti.

1949 740 2035 792 VI.
2059 738 2227 794 Sexta
2256 738 2474 794 actione
2501 738 2883 810 comperimus
2909 740 3279 812 Fragitanum
3305 741 3516 798 Cordu-

1879 832 2064 887 bensis
2090 832 2340 887 ecclesia
2381 832 2782 904 presbyterum
2809 849 2844 887 a
2870 833 3139 904 pontiﬁce
3165 850 3266 888 suo
3294 835 3506 905 injuste

1882 925 2018 980 olim
2037 925 2340 997 dejectum,
2355 930 2411 980 et
2435 925 2799 981 innocentem
2817 926 3016 982 exsilio
3043 927 3505 998 condemnatum,

1879 1035 2050 1090 quem
2079 1035 2273 1073 rursus
2304 1018 2489 1074 ordini
2534 1035 2636 1073 suo
2678 1019 3062 1088 restituentes,
3092 1020 3152 1074 id
3178 1021 3366 1076 denuo
3405 1021 3506 1076 ad-

1878 1128 2072 1166 versus
2131 1112 2640 1184 praesumptionem
2704 1119 2960 1168 nostram
3013 1113 3385 1181 decrevimus,
3446 1120 3508 1169 ut

1872 1206 2033 1276 juxta
2053 1206 2369 1276 priscorum
2396 1209 2623 1277 patrum
2645 1205 2933 1261 decretum
2953 1207 3210 1278 synodali
3229 1208 3511 1264 sententia

1879 1299 2070 1353 nullus
2113 1304 2376 1354 nostrum
2402 1299 2524 1354 sine
2550 1299 2774 1354 concilii
2820 1301 3081 1356 examine
3129 1301 3508 1371 dejiciendum

1879 1392 2194 1464 quemlibet
2216 1393 2609 1464 presbyterum
2639 1392 2726 1448 vel
2767 1393 3071 1448 diaconum
3111 1361 3362 1474 audeat.‘
3364 1397 3508 1452 Nam

1877 1487 2042 1540 multi
2073 1489 2206 1540 sunt
2232 1486 2332 1558 qui
2357 1485 2699 1542 indiscussos
2727 1488 3006 1558 potestate
3048 1486 3361 1558 tyrannica,
3393 1505 3507 1544 non

1879 1579 2210 1634 auctoritate
2253 1579 2526 1635 canonica
2571 1579 2870 1650 damnant,
2914 1585 2972 1635 et
3017 1580 3161 1635 sicut
3204 1581 3509 1636 nonnullos

1879 1672 2061 1743 gratia
2087 1672 2292 1728 favoris
2318 1673 2646 1740 sublimant,
2672 1673 2753 1728 ita
2781 1673 3058 1746 quosdam
3089 1673 3240 1742 odio,
3268 1673 3505 1728 invidia-

1878 1783 1988 1836 que
2011 1767 2254 1837 permoti
2283 1766 2612 1833 humiliant,
2641 1771 2698 1821 et
2728 1767 2835 1821 levi
2872 1766 3155 1839 opinionis
3194 1783 3334 1824 aura
3370 1783 3508 1823 con-

141 1859 348 1926 fuerat,
369 1860 440 1914 ad
465 1859 757 1914 ecclesiam
782 1859 1205 1915 Cordubensem
1234 1875 1292 1914 se
1321 1860 1578 1927 contulit,
1603 1877 1774 1932 quem
1795 1853 1853 1925 B
1876 1859 2170 1930 demnant,
2189 1876 2440 1932 quorum
2467 1860 2687 1915 crimen
2708 1877 2826 1916 non
2843 1861 3185 1933 approbant.
3203 1860 3511 1933 Episcopus

144 1953 421 2024 elegimus
447 1959 511 2008 ut
537 1952 584 2007 si
607 1953 750 2007 nihil
789 1958 1203 2024 proponeretur
1231 1953 1299 2008 de
1345 1970 1433 2020 eo,
1464 1953 1585 2007 sine
1627 1953 1770 2008 dila-

143 2045 307 2100 tionis
321 2046 547 2118 objectu
577 2047 808 2118 proprio
836 2047 1241 2102 reformaretur
1261 2047 1548 2118 episcopo.
1573 2047 1766 2103 Scribi-

142 2144 232 2195 tur
259 2140 417 2195 enim
448 2141 508 2194 in
536 2141 662 2212 lege
707 2140 992 2195 mundiali
1023 2140 1092 2194 de
1123 2140 1340 2195 colonis
1384 2157 1677 2212 agrorum,
1707 2145 1773 2195 ut

141 2234 235 2288 ubi
262 2251 389 2287 esse
417 2234 656 2305 quisque
677 2234 801 2305 jam
828 2234 997 2306 capit
1023 2233 1102 2288 ibi
1144 2235 1430 2306 perduret.
1463 2236 1585 2288 Non
1610 2234 1773 2290 aliter

143 2331 196 2382 et
209 2328 280 2381 de
302 2327 522 2382 clericis
535 2327 634 2400 qui
648 2328 709 2382 in
725 2344 863 2398 agro
888 2326 1136 2383 ecclesia
1150 2333 1474 2400 operantur,
1489 2344 1771 2383 canonum

139 2421 363 2476 decreto
396 2420 746 2492 pracipitur,
777 2421 888 2476 nisi
912 2424 973 2475 ut
1001 2420 1079 2476 ibi
1123 2427 1500 2493 permaneant
1523 2421 1624 2476 ubi
1651 2438 1772 2478 esse

139 2518 450 2587 coeperunt.
499 2515 737 2586 [deoque
776 2515 1009 2587 placuit,
1038 2520 1104 2570 ut
1139 2515 1183 2569 si
1211 2515 1338 2587 quis
1378 2515 1615 2570 clericus
1658 2515 1768 2570 mi-

137 2608 383 2664 nisteriis
412 2608 460 2682 1
477 2608 599 2680 4⁸7
629 2609 876 2664 ecclesiae
894 2609 1137 2680 propria
1159 2609 1481 2679 destitutus,
1501 2609 1574 2663 ad
1599 2608 1770 2664 aliam

136 2703 441 2758 transitum
470 2703 686 2772 fecerit,
718 2703 1094 2774 compellente
1124 2702 1198 2757 ad
1228 2719 1403 2775 quem
1431 2703 1645 2774 fugerit
1681 2720 1767 2757 sa-

137 2797 386 2865 cerdote,
401 2796 471 2850 ad
495 2795 790 2851 ecclesiam
812 2812 984 2867 quam
1009 2795 1166 2867 prius
1185 2796 1503 2851 incoluerat
1519 2797 1773 2852 remitta-

137 2893 255 2959 tur;
289 2890 391 2961 qui
419 2906 548 2944 vero
577 2906 708 2946 eum
748 2889 1075 2961 susceperit,
1107 2905 1212 2945 nec
1257 2889 1448 2945 statim
1489 2890 1611 2944 sine
1656 2890 1770 2944 ullo

136 2985 259 3038 nisu
281 2983 632 3055 exceptionis
651 2984 722 3038 ad
737 2984 1026 3055 propriam
1051 2983 1346 3039 ecclesiam
1359 2984 1770 3039 remittendum

137 3077 395 3148 elegerit,
443 3077 695 3148 quandiu
751 3093 882 3132 eum
936 3077 1203 3132 restituat
1251 3077 1660 3131 communione
1712 3093 1770 3131 se

135 3172 420 3242 privatum
450 3174 739 3242 agnoscat,
767 3170 1118 3226 desertorem
1149 3173 1341 3225 autem
1369 3170 1636 3225 clericum
1657 3170 1771 3225 cin-

1874 1953 2030 2007 enim
2058 1953 2452 2008 sacerdotibus
2479 1971 2544 2011 ac
2573 1953 2847 2008 ministris
2872 1955 3024 2009 solus
3053 1955 3334 2010 honorem
3370 1956 3509 2011 dare

1872 2050 2072 2118 potest,
2105 2047 2326 2102 auferre
2354 2049 2507 2102 solus
2536 2065 2654 2103 non
2697 2052 2902 2119 potest.
2936 2048 2992 2103 Si
3038 2048 3193 2103 enim
3236 2049 3294 2102 hi
3322 2049 3420 2120 qui
3445 2049 3506 2106 in

1872 2141 2074 2195 saculo
2097 2157 2128 2195 a
2145 2141 2389 2196 dominis
2410 2141 2525 2196 suis
2545 2142 2826 2197 honorem
2851 2141 3131 2196 libertatis
3153 2141 3347 2214 adepti
3374 2145 3509 2199 sunt

1871 2234 1930 2289 in
1942 2235 2223 2290 servitutis
2238 2252 2450 2291 nexum
2462 2252 2576 2291 non
2595 2235 2982 2304 revolvuntur,
2997 2234 3106 2291 nisi
3121 2235 3342 2307 publice
3353 2236 3507 2308 apud

1870 2333 2146 2400 pratores
2169 2329 2444 2384 tribunali
2474 2330 2597 2385 foro
2624 2329 2840 2386 fuerint
2863 2329 3126 2398 accusati,
3144 2334 3360 2402 quanto
3384 2346 3508 2385 ma~

1871 2421 1958 2492 gis
1981 2421 2042 2476 hi
2071 2423 2167 2494 qui
2198 2421 2406 2476 divinis
2435 2422 2708 2478 altaribus
2735 2421 3044 2477 consecrati
3072 2422 3293 2478 honore
3322 2425 3504 2480 eccle-

1871 2514 2088 2570 siastico
2141 2515 2498 2583 decorentur,
2539 2515 2637 2588 qui
2688 2532 2793 2587 pro
2847 2520 3076 2587 peccato
3126 2531 3230 2571 nec
3277 2515 3348 2570 ab
3387 2531 3505 2571 uno

1870 2609 2155 2676 damnari,
2175 2626 2281 2664 nec
2298 2625 2415 2663 uno
2434 2608 2726 2680 judicante
2747 2612 3020 2680 poterunt
3038 2608 3269 2664 honoris
3288 2609 3374 2664 sui
3393 2609 3505 2682 pri-

1869 2702 2088 2774 vilegiis
2119 2703 2272 2770 exui,
2299 2703 2399 2757 sed
2429 2703 2756 2774 prasentati
2801 2702 3056 2774 synodali
3100 2702 3318 2774 judicio
3347 2702 3506 2775 quod

1870 2813 2055 2851 canon
2082 2797 2152 2852 de
2179 2797 2289 2851 illis
2335 2797 2674 2868 praceperit
2711 2796 2956 2852 deﬁniri.

1943 2892 2047 2945 VH.
2076 2890 2328 2963 Septimo
2355 2890 2615 2945 examine
2642 2890 2890 2945 relatum
2919 2895 3004 2946 est
3031 2890 3197 2946 nobis
3225 2906 3503 2946 venemu-

1873 2984 2172 3038 dissimum
2236 2985 2524 3056 quondam
2580 2984 2860 3056 Agapium
2922 2984 3300 3040 Cordubensis
3350 2985 3506 3040 urbis

1871 3078 2201 3149 episcopum
2231 3079 2563 3150 frequenter
2590 3079 2997 3150 corepiscopos,
3023 3078 3112 3132 vel
3151 3078 3507 3150 presbyteros

1871 3171 2196 3239 destinasse,
2221 3172 2322 3244 qui
2347 3176 2542 3228 tamen
2564 3172 2729 3242 juxta
2758 3188 3001 3227 canones
3023 3187 3207 3226 unum
3232 3177 3384 3239 sunt,
3409 3171 3508 3244 qui

136 3221 420 3242 r""""'—
454 3221 739 3242 —O_"""I
775 3221 1117 3226 π--ν--ν-νπ
1152 3221 1341 3225 --—-~——
1664 3221 1748 3225 -——
1878 3221 2196 3239 —v-v---w-—v,
2227 3221 2322 3244 γ-
2354 3221 2542 3228 -~—---
2564 3221 2727 3242 u‘—"‘
2763 3221 2994 3227 ~——v—w
3029 3221 3207 3226 —————
3233 3221 3384 3239 ——-—-.
3414 3221 3502 3244 1—-

136 3265 268 3336 gulo
293 3264 529 3319 honoris
555 3267 727 3335 atque
757 3263 1132 3319 ordinationis
1159 3280 1274 3318 sua
1301 3264 1768 3335 exutum,aliquo
1789 3221 1844 3294 C
1873 3265 2110 3320 absente
2141 3265 2411 3336 pontiﬁce
2443 3265 2645 3320 altaria
2676 3265 2984 3336 erigerent,
3013 3265 3274 3320 basilicas
3303 3280 3502 3320 conse-

136 3362 392 3429 tempore
420 3358 766 3412 monasterio
794 3357 1026 3429 religari
1052 3357 1332 3425 convenit,
1354 3358 1548 3428 sicque
1574 3361 1770 3428 postea

134 3451 190 3505 in
218 3451 540 3508 ministerio
573 3451 931 3506 ecclesiastici
957 3451 1172 3506 ordinis
1192 3451 1467 3517 revocari,
1493 3467 1628 3506 nam
1650 3468 1766 3506 non

135 3545 345 3617 poterit
369 3545 431 3600 in
468 3544 672 3600 talibus
718 3545 1215 3616 pervagationibus
1259 3544 1473 3600 aboleri
1516 3545 1764 3612 licentia,

136 3639 238 3694 nisi
253 3638 502 3694 fueritin
519 3637 598 3693 eis
613 3643 847 3710 propter
873 3639 1292 3710 correptionem
1313 3637 1622 3710 disciplina
1643 3639 1768 3694 sub-

135 3736 320 3788 secuta
349 3748 610 3788 censura.

204 3828 288 3880 ιν.
316 3827 526 3891 Quarta
549 3825 772 3881 actione
796 3825 1124 3881 nuntiatum
1145 3828 1230 3881 est
1255 3825 1419 3880 nobis
1448 3825 1604 3897 apud
1625 3826 1766 3880 Asti-

137 3920 388 3991 gitanam
413 3919 704 3975 ecclesiam
733 3919 1012 3991 quasdam
1040 3936 1222 3991 nuper
1251 3918 1634 3974 ordinationes
1653 3919 1764 3974 illi-

136 4015 266 4069 citas
292 4013 596 4081 exstitisse,
627 4013 706 4068 ita
731 4017 795 4068 ut
827 4013 1057 4084 quidam
1085 4013 1384 4068 viduarum
1412 4013 1604 4067 mariti
1624 4014 1764 4068 lcvi-

136 4113 316 4163 tarum
335 4107 657 4163 ministerio
683 4113 1072 4175 sacrarentur;
1096 4123 1238 4179 quos
1255 4107 1487 4178 quidem
1508 4106 1770 4162 convenit

137 4201 376 4273 agradu
427 4203 687 4273 suscepto
742 4199 802 4255 in
856 4200 1083 4256 irritum
1136 4200 1416 4267 devocari,
1461 4216 1563 4254 nec
1618 4201 1768 4255 ultra

136 4295 368 4365 provehi
393 4295 463 4349 ad
490 4293 732 4349 diaconii
777 4293 1157 4348 ministerium
1201 4294 1298 4365 qui
1343 4297 1538 4348 contra
1579 4293 1768 4347 divina

133 4391 297 4460 atque
325 4387 706 4442 ecclesiastica
728 4386 863 4457 jura
890 4386 1133 4442 instituti
1159 4386 1548 4458 reperiuntur.

95 4447 129 4542 il
202 4484 261 4537 ν.
291 4481 502 4547 Quinto
526 4479 742 4550 judicio
766 4481 837 4535 ad
863 4480 1223 4552 agnitionem
1265 4480 1442 4535 nostri
1483 4479 1766 4535 examinis

1868 3362 2112 3426 crarent,
2140 3359 2294 3430 quod
2329 3358 2565 3430 quidem
2593 3375 2707 3413 non
2735 3363 2819 3413 est
2842 3357 3054 3412 mirum
3083 3357 3142 3412 id
3167 3358 3504 3429 pracepisse

1868 3452 2053 3506 virum
2083 3450 2476 3506 ecclesiastica
2518 3451 2830 3522 disciplina
2859 3450 3126 3521 ignarum
3159 3455 3215 3505 et
3254 3451 3442 3505 statim
3473 3468 3508 3504 a

1868 3544 2123 3599 saculari
2151 3544 2357 3600 militia
2383 3544 2442 3598 in
2470 3544 2819 3600 sacerdotale
2859 3543 3240 3598 ministerium
3271 3543 3504 3614 delega-

1868 3641 2018 3704 tum;
2048 3655 2183 3710 ergo
2211 3655 2283 3692 ne
2319 3638 2464 3692 ultra
2493 3637 2620 3692 talis
2663 3655 2696 3692 a
2724 3637 2890 3692 nobis
2917 3636 3143 3692 licentia
3176 3640 3500 3708 usurpatur,

1867 3731 2158 3787 communi
2205 3731 2483 3787 sententia
2536 3731 2904 3787 statuendum
2959 3729 3229 3803 oportuit,
3265 3729 3505 3786 scientes

1865 3827 2000 3896 quia
2026 3826 2170 3881 sicut
2211 3825 2545 3897 presbytero
2572 3827 2660 3880 vel
2691 3825 3055 3897 corepiscopo
3085 3824 3277 3880 illicita
3301 3840 3502 3880 conse-

1868 3919 2042 3974 cratio
2070 3925 2155 3974 est
2175 3919 2387 3987 altaris,
2420 3920 2500 3974 ita
2553 3923 2640 3976 est
2697 3918 3047 3975 constitutio.
3093 3917 3288 3974 Erexit
3328 3917 3506 3974 altare

1868 4014 2018 4067 solus
2048 4015 2257 4080 Aaron,
2286 4013 2407 4084 ipse
2431 4013 2619 4084 unxit,
2647 4014 2783 4084 quia
2807 4029 3067 4068 summus
3099 4012 3294 4084 utique
3324 4027 3509 4068 sacer-

1867 4107 1968 4162 dos
1994 4105 2098 4161 Dei
2128 4112 2266 4175 erat,
2298 4107 2440 4161 sicut
2468 4107 2745 4179 scriptum
2775 4111 2862 4161 est
2907 4106 2976 4162 de
3007 4123 3074 4161 eo
3105 4124 3118 4160 :
3153 4127 3181 4155 ‹‹
3208 4107 3419 4178 Moyses
3449 4111 3506 4160 et

1867 4201 2048 4254 Aaron
2079 4199 2138 4254 in
2183 4199 2571 4255 sacerdotibus
2612 4200 2734 4270 ejus
2760 4199 2925 4272 (Psal.
2960 4215 3142 4265 xcvm,
3177 4201 3252 4268 6).
3285 4218 3314 4250 »
3346 4199 3504 4254 Ideo-

1868 4309 1977 4364 que
2003 4292 2061 4347 id
2094 4293 2244 4364 quod
2279 4296 2505 4347 tantum
2544 4293 2731 4348 facere
2762 4293 3116 4363 principibus
3141 4291 3502 4346 sacerdotum

1859 4387 2083 4456 jussum
2135 4390 2236 4452 est,
2277 4402 2518 4457 quorum
2567 4391 2769 4457 typum
2813 4387 3028 4456 Moyses
3076 4389 3134 4439 et
3177 4387 3367 4440 Aaron
3413 4388 3500 4438 te-

1866 4483 2136 4546 nuerunt,
2157 4479 2471 4550 presbyteri
2500 4479 2598 4550 qui
2625 4479 2872 4534 ﬁliorum
2900 4485 3086 4535 Aaron
3114 4483 3338 4550 gestant
3357 4478 3501 4548 figu-

137 4575 474 4647 Agabrensis
507 4574 730 4629 diaconi
773 4575 952 4628 relatu
983 4574 1295 4628 deductum
1323 4579 1407 4628 est
1435 4575 1505 4628 de
1531 4574 1764 4646 quibus-
1786 4595 1845 4667 D
1868 4590 2010 4640 ram,
2040 4573 2322 4644 corripere
2346 4589 2462 4627 non
2491 4576 2860 4644 praesumant.
2890 4573 3033 4627 Nam
3071 4571 3329 4644 quamvis
3373 4587 3502 4625 cum

137 4670 262 4724 dam
289 4668 470 4740 ipsius
499 4666 752 4723 ecclesia
781 4667 1013 4735 clericis,
1046 4684 1293 4739 quorum
1323 4668 1458 4722 dum
1501 4684 1650 4722 unus
1697 4669 1767 4724 ad

137 4755 471 4833 presbyteri,
487 4761 600 4816 duo
620 4761 692 4816 ad
711 4761 1014 4816 levitarum
1033 4760 1368 4832 mysterium
1389 4764 1764 4829 sacrarentur,

135 4857 430 4927 episcopus
457 4870 659 4908 eorum
697 4855 993 4908 oculorum
1041 4854 1232 4909 dolore
1274 4855 1539 4909 detentus
1589 4855 1769 4909 fertur

133 4965 366 5003 manum
412 4964 575 5002 suam
615 4964 785 5018 super
810 4947 920 5003 hoc
963 4951 1186 5003 tantum
1233 4947 1511 5019 posuisse,
1540 4951 1597 5002 et
1636 4964 1764 5018 pre-

132 5043 320 5113 sbyter
334 5041 571 5113 quidam
588 5041 697 5095 illis
718 5045 919 5096 contra
935 5041 1373 5097 ecclesiasticum
1395 5041 1657 5096 ordinem
1675 5042 1768 5096 be-

132 5136 513 5190 nedictionem
542 5134 781 5201 dedisse,
814 5134 912 5206 qui
936 5135 1069 5190 licet
1109 5140 1342 5207 propter
1367 5139 1589 5190 tantam
1615 5152 1762 5208 pra-

132 5229 471 5301 sumptionis
500 5228 798 5284 audaciam
825 5233 1048 5300 poterat
1073 5232 1368 5284 accusatus
1391 5229 1607 5300 judicio
1626 5247 1766 5302 pra-

131 5324 269 5378 senti
303 5322 592 5392 damnari,
620 5322 667 5376 si
694 5322 879 5377 adhuc
904 5323 964 5377 in
994 5339 1228 5394 corpore
1252 5323 1469 5395 positus
1492 5340 1609 5378 non
1633 5324 1767 5378 fuis-

130 5423 207 5471 set
242 5417 448 5472 mortis
477 5415 774 5470 vocatione
820 5421 1162 5487 praventus,
1193 5417 1293 5470 sed
1335 5417 1466 5487 quia
1502 5418 1624 5487 jam
1671 5417 1764 5472 ille

128 5510 370 5565 examini
415 5509 611 5564 divino
659 5509 906 5576 relictus,
954 5511 1207 5564 humano
1247 5510 1468 5581 judicio
1517 5512 1764 5565 accusari

126 5619 232 5659 non
261 5609 472 5675 potest,
503 5603 562 5658 hi
592 5603 690 5674 qui
717 5607 1024 5674 supersunt
1053 5607 1110 5659 et
1138 5604 1208 5658 ab
1230 5620 1296 5659 eo
1325 5620 1442 5658 non
1473 5620 1760 5659 consecra-

128 5697 292 5753 tionis
323 5699 580 5766 titulam,
603 5697 703 5752 sed
725 5697 1057 5769 ignominia
1085 5698 1333 5769 elogium
1360 5705 1758 5770 perceperunt,

126 5807 191 5846 ne
208 5793 314 5846 sibi
335 5792 627 5849 licentiam
654 5790 780 5846 talis
807 5792 1096 5864 usurpatio
1110 5793 1301 5860 faciat,
1325 5792 1679 5848 decrevimus
1699 5796 1764 5848 ut

131 5901 159 5938 a
186 5887 368 5958 gradu
397 5884 762 5943 sacerdotalis
790 5885 876 5942 vel
920 5885 1126 5942 levitici
1173 5884 1389 5942 ordinis
1430 5902 1603 5958 quem
1630 5903 1756 5959 per-

1868 4666 2146 4739 episcopis
2179 4666 2432 4737 plurima
2479 4665 2589 4721 illis
2645 4665 3095 4721 ministeriorum
3136 4665 3501 4721 communio-

1866 4761 1952 4815 nis
1977 4761 2048 4816 sit
2074 4760 2436 4832 dispensatio,
2468 4759 2734 4832 quadam
2763 4765 2957 4814 tamen
2981 4759 3314 4814 auctoritate
3340 4762 3498 4813 vete-

1865 4854 1943 4909 ris
1966 4855 2151 4927 Legis,
2181 4855 2445 4926 quadam
2493 4854 2731 4909 novellis
2771 4860 2827 4910 et
2858 4853 3244 4908 ecclesiasticis
3288 4853 3502 4924 regulis

1867 4948 1971 5003 sibi
1997 4948 2285 5021 prohibita
2313 4949 2598 5016 noverint,
2627 4947 2771 5003 sicut
2797 4947 3264 5019 presbyterorum
3291 4952 3348 5002 et
3374 4946 3497 5001 dia-

1867 5059 2162 5111 conorum,
2192 5059 2255 5097 ac
2282 5042 2569 5114 virginum
2599 5041 2965 5108 consecratio,
3000 5041 3144 5096 sicut
3172 5040 3501 5096 constitutio

1868 5137 2077 5204 altaris,
2103 5137 2425 5192 benedictio
2444 5137 2534 5191 vel
2565 5136 2773 5206 unctio,
2795 5135 3074 5207 siquidem
3099 5151 3204 5190 nec
3227 5134 3394 5190 licere
3409 5135 3503 5190 be-

1864 5231 2129 5285 nediccre
2155 5231 2234 5286 eis
2251 5230 2560 5298 ecclesiam,
2576 5231 2663 5284 vel
2682 5228 2880 5285 altaria
2899 5244 3253 5296 consecrare,
3276 5245 3380 5284 nec
3400 5245 3503 5301 per

1864 5323 2257 5394 impositiones
2275 5340 2480 5378 manus
2497 5322 2760 5377 ﬁdelibus
2777 5322 3099 5394 baptizatis,
3113 5323 3198 5378 vel
3220 5323 3504 5379 conversis

1865 5432 1934 5471 ex
1960 5417 2168 5471 harcsi
2194 5417 2470 5488 Spiritum
2502 5417 2749 5485 tradere,
2779 5433 2882 5471 nec
2913 5416 3161 5472 chrisma
3202 5416 3498 5484 conﬁcere,

1862 5526 1971 5565 nec
2015 5511 2318 5565 chrismate
2365 5511 2782 5582 baptizatorum
2834 5511 3086 5567 frontem
3129 5511 3374 5583 signare,
3403 5510 3501 5564 sed

1862 5620 1969 5659 nec
1980 5605 2204 5675 publice
2218 5604 2452 5677 quidem
2469 5605 2528 5660 in
2545 5606 2738 5676 missa,
2757 5622 3088 5678 quanquam
3101 5606 3473 5678 panitentem
3484 5645 3499 5668 ,

1861 5697 2244 5767 reconciliare,
2263 5714 2369 5754 nec
2399 5699 2667 5755 formatas
2692 5699 2922 5755 cuilibet
2950 5700 3216 5771 epistolas
3245 5696 3495 5750 mittere.

1861 5794 1987 5848 Hac
2017 5790 2208 5846 omnia
2235 5791 2432 5849 illicita
2458 5809 2578 5849 esse
2604 5793 2947 5866 presbyteris
2974 5793 3059 5847 vel
3096 5786 3493 5860 corepiscopis,

1860 5886 1993 5960 quia
2020 5885 2380 5960 pontiﬁcatus
2406 5888 2630 5962 apicem
2661 5904 2774 5944 non
2805 5887 3036 5953 habent,
3057 5897 3226 5954 quem
3245 5881 3381 5939 solis
3401 5881 3499 5938 de-
