4032 6308
532 353 635 406 599

1416 348 1697 402 ΑΡΡΕΝΙ).
1737 347 1825 401 ΑΙ)
1861 347 2022 402 ΒᾸΞΟ.
2067 347 2151 400 ΙΧ.
2184 375 2253 386 —-
2292 345 2544 401 lSlDORl
2582 345 3008 401 MERCATORIS

3805 347 3908 400 600

533 455 953 527 beriepisc0pis
971 455 1304 509 auctoritate
1320 470 1600 508 canonum
1620 453 1970 525 praecipitur,
1986 457 2049 508 ut
2063 471 2168 526 per
2187 472 2246 544 Α
2266 459 2586 522 extraneus,
2619 470 2723 510 nec
2766 453 3024 525 proﬁciat
3054 432 3136 506 illi
3165 452 3386 507 bonum
3418 452 3548 508 fidei
3581 452 3672 508 vel
3713 453 3909 522 operis

531 550 643 606 hoc
689 552 745 603 et
786 549 1051 603 discretio
1103 547 1382 618 graduum
1430 552 1487 601 et
1536 545 1827 618 dignitatis
1871 547 2163 619 fastigium

531 642 742 697 summi
769 640 1052 712 pontiﬁcis
1079 640 1584 707 demonstraretur,
1615 640 1718 694 sed
1746 656 1930 712 neque
1971 657 2164 695 coram

533 737 798 807 episcopo
818 734 987 789 licere
1015 734 1093 788 eis
1121 733 1180 787 in
1206 733 1604 805 baptisterium
1622 733 1876 800 introire,
1897 750 2003 788 nec
2022 751 2166 806 prae-

532 834 688 883 sente
739 827 990 882 antistite
1036 827 1316 881 infantem
1355 827 1596 898 tingere,
1645 831 1744 881 aut
1789 827 2032 899 signare,
2060 844 2195 882 nec-

529 922 898 993 poenitentem
925 922 1045 974 sine
1073 924 1358 992 praecepto
1387 920 1635 991 episcopi
1661 921 1747 975 sui
1772 920 2162 988 reconciliare,

526 1031 632 1070 nec
659 1033 723 1069 eo
751 1020 1028 1086 praesente
1059 1017 1482 1068 sacramentum
1513 1013 1768 1084 corporis
1793 1020 1848 1069 et
1876 1015 2165 1085 sanguinis

530 1108 734 1162 Christi
761 1109 1058 1176 conﬁcere,
1087 1124 1192 1163 nec
1219 1124 1286 1162 eo
1333 1123 1521 1161 coram
1548 1107 1727 1177 posito
1761 1109 2038 1178 populum
2064 1109 2163 1163 do-

529 1218 674 1271 cere,
703 1202 790 1256 vel
821 1201 1179 1267 benedicere,
1210 1205 1308 1254 aut
1339 1201 1601 1269 salutare,
1633 1216 1740 1254 nec
1784 1200 2010 1270 plebem
2050 1202 2162 1254 uti-

527 1312 637 1367 que
691 1294 995 1363 exhortari,
1045 1310 1174 1364 quae
1226 1294 1418 1348 omnia
1465 1294 1544 1348 eis
1591 1310 1623 1348 a
1676 1293 1808 1349 sede
1858 1294 2165 1365 apostolica

527 1387 818 1461 prohibita
848 1404 965 1442 esse
990 1391 1327 1442 noscuntur.

601 1483 734 1535 VlIl.
763 1483 971 1536 Octava
1004 1481 1272 1536 discussio
1303 1481 1511 1552 agitata
1552 1485 1637 1535 est
1663 1481 1733 1535 de
1779 1481 2031 1552 quodam
2058 1483 2164 1537 He-

528 1575 686 1630 lisaeo
711 1591 776 1629 ex
792 1575 1007 1629 familia
1033 1575 1376 1645 Agabrensis
1402 1573 1671 1640 ecclesiae,
1687 1574 1785 1645 qui
1807 1574 1877 1628 ab
1900 1575 2164 1646 episcopo

529 1685 632 1723 suo
660 1667 901 1722 traditus
929 1669 1176 1722 libertati
1204 1667 1274 1721 de
1309 1668 1568 1722 libertate
1597 1668 1900 1722 confestim
1928 1668 2001 1722 ad
2028 1684 2163 1722 con-

529 1762 794 1816 tumacire
822 1761 1088 1816 morbum
1120 1761 1443 1828 transilivit,
1472 1760 1666 1832 sicque
1710 1777 1813 1832 per
1840 1761 2164 1832 superbiam

2264 550 2334 604 ad
2362 549 2622 616 salutem,
2650 548 2749 621 qui
2776 553 2952 604 tantae
2992 549 3049 602 et
3093 546 3352 601 salutaris
3389 545 3518 600 vitae
3556 546 3910 600 destruxerit

2262 641 2569 697 tramitem.
2606 642 2787 712 Super
2814 641 2924 695 hoc
2950 641 3123 695 etiam
3154 638 3401 694 universi
3434 638 3657 693 Baeticae
3683 639 3912 709 provin-

2264 735 2363 790 ciae
2391 735 2633 805 episcopi
2660 733 2988 806 congregati
3040 733 3311 788 eumdem
3340 733 3686 804 sacrilegum
3726 737 3907 787 coetus

2264 829 2350 882 sui
2372 844 2688 882 eversorem
2712 846 2744 882 a
2769 828 3171 882 communione
3200 826 3569 897 suspendant,
3594 829 3652 880 et
3676 826 3908 880 convul-

2264 939 2390 977 sum
2442 921 2853 976 monasterium
2903 937 3033 976 cum
3081 921 3249 974 rebus
3293 919 3407 974 suis
3455 922 3802 988 restaurent,
3845 923 3909 973 ut

2266 1016 2420 1087 quod
2443 1015 2616 1086 impie
2648 1032 2793 1068 unus
2823 1014 3180 1082 subvertcrit,
3212 1029 3411 1068 omnes
3440 1013 3784 1067 reforment.

2335 1111 2420 1164 XI.
2454 1109 2760 1164 Undecima
2796 1108 3019 1162 actione
3067 1105 3361 1162 communi
3387 1123 3672 1161 consensu
3703 1107 3903 1162 decre-

2264 1204 2468 1271 vimus,
2502 1206 2565 1256 ut
2591 1202 2934 1256 monasteria
2957 1202 3247 1272 virginum
3278 1201 3338 1254 in
3365 1201 3656 1271 provincia
3697 1200 3907 1254 Bmtica

2264 1297 2674 1350 monachorum
2725 1295 3223 1350 administratione
3266 1311 3330 1348 ac
3371 1293 3638 1365 praesidio
3689 1294 3902 1364 guber-

2265 1396 2502 1459 nentur;
2531 1393 2667 1444 tunc
2713 1389 2867 1445 enim
2914 1388 3157 1442 salubria
3187 1388 3408 1442 Christo
3437 1387 3636 1443 dicatis
3663 1386 3902 1458 virgini-

2263 1483 2368 1539 bus
2381 1482 2960 1554 przebemus,quando
2975 1483 3056 1536 eis
3068 1487 3257 1552 patres
3273 1481 3593 1552 spirituales
3613 1480 3902 1550 eligimus,

2267 1594 2510 1648 quorum
2537 1593 2656 1631 non
2693 1577 2886 1630 solum
2933 1575 3331 1645 gubernaculis
3376 1575 3547 1643 tueri,
3583 1574 3685 1627 sed
3729 1573 3902 1628 etiam

2265 1671 2535 1726 doctrinis
2580 1670 2842 1725 aedificari
2887 1673 3140 1742 possunt,
3169 1684 3236 1723 ea
3261 1672 3457 1722 tamen
3501 1667 3653 1721 circa
3693 1683 3901 1722 mona-

2265 1765 2398 1819 chos
2434 1766 2656 1818 cautela
2675 1768 2920 1830 servata,
2953 1768 3015 1817 ut
3039 1763 3243 1817 remoti
3271 1762 3342 1816 ab
3371 1777 3572 1815 earum
3604 1761 3907 1815 familiari-

531 1871 646 1909 non
663 1855 846 1909 solum
859 1855 1110 1925 ejusdem
1123 1854 1372 1926 episcopi
1392 1853 1662 1909 maleﬁcis
1688 1854 1902 1909 artibus
1924 1856 2162 1910 salutem
2183 1839 2240 1912 B
2266 1859 2382 1912 tate
2410 1874 2513 1911 nec
2547 1873 2723 1928 usque
2751 1857 2820 1911 ad
2852 1855 3193 1911 vestibulum
3219 1855 3470 1909 habeant
3493 1853 3805 1908 accedendi
3829 1855 3907 1907 fa-

531 1949 740 2003 laadere
759 1947 957 2015 voluit,
976 1949 1076 2003 sed
1095 1947 1264 2002 etiam
1289 1950 1592 2019 patronam
1623 1949 1917 2002 ecclesiam
1940 1948 2164 2004 liberta-

531 2041 602 2097 tis
616 2041 917 2096 immemor
936 2041 1362 2112 praedamnavit.
1377 2042 1655 2096 Adversus
1675 2057 1847 2113 quem
1870 2041 2163 2113 ingratum

526 2135 672 2189 actio
699 2151 983 2189 canonum
1011 2152 1076 2188 ac
1105 2136 1304 2206 legum
1346 2135 1656 2190 auctoritas
1691 2135 1843 2205 juste
1880 2135 2160 2206 dirigitur,

529 2228 742 2283 scilicet
767 2231 829 2282 ut
864 2228 1165 2283 immeritae
1193 2229 1471 2283 libertatis
1515 2229 1728 2282 damno
1769 2229 2061 2296 multatus,
2091 2230 2164 2283 ad

531 2321 814 2376 servitutis
846 2338 1057 2377 nexum
1088 2325 1403 2377 revocetur.
1436 2322 1655 2376 Talium
1685 2321 1839 2376 enim
1866 2327 2044 2376 status
2065 2322 2164 2394 qui

531 2418 727 2469 contra
758 2414 1086 2486 episcopum
1116 2432 1283 2469 suum
1310 2417 1397 2471 vel
1423 2419 1726 2486 patronam
1754 2415 2049 2470 ecclesiam
2075 2417 2160 2470 ni-

527 2511 730 2564 tuntur
758 2508 1016 2564 decidere
1043 2509 1230 2581 potius
1246 2526 1419 2580 quam
1442 2526 1776 2564 conservare
1801 2509 2085 2576 convenit,
2099 2513 2164 2563 ut

529 2618 777 2674 quorum
800 2602 1032 2658 libertas
1049 2602 1363 2674 perniciosa
1384 2607 1468 2657 est
1493 2603 1565 2657 sit
1585 2603 1876 2657 salutifera
1903 2603 2160 2672 servitus,

529 2697 593 2749 ut
621 2695 720 2765 qui
744 2695 1040 2766 superbire
1084 2696 1346 2750 noverint
1390 2696 1600 2767 adepta
1635 2695 1895 2751 libertate
1940 2696 2164 2766 praediti

531 2787 752 2843 discant
785 2789 1018 2844 obedire
1052 2790 1308 2860 subjecti.

541 2892 544 2894 ’
602 2885 690 2936 ΙΧ.
719 2883 879 2936 Nona
918 2882 1141 2937 actione
1186 2882 1486 2937 didicimus
1527 2882 1806 2952 quosdam
1852 2899 1921 2937 ex
1968 2885 2162 2937 nostro

530 2974 772 3046 collegio
801 2980 995 3030 contra
1023 2991 1211 3029 mores
1241 2975 1642 3030 ecclesiasticos
1667 2976 1839 3029 laicos
1863 2975 2073 3030 habere
2101 2976 2163 3031 in

530 3069 700 3124 rebus
720 3069 921 3124 divinis
947 3069 1287 3124 constitutos
1312 3085 1654 3124 oeconomos.
1681 3068 1921 3124 Proinde
1947 3069 2164 3140 pariter

531 3166 839 3218 tractantes
889 3163 1172 3233 eligimus,
1220 3166 1285 3217 ut
1325 3164 1720 3235 unusquisque
1765 3167 2027 3218 nostrum
2075 3179 2158 3217 se-

530 3256 782 3311 cundum
803 3257 1316 3312 Calcedonensium
1347 3261 1571 3328 patrum
1595 3257 1819 3312 decreta
1838 3273 1903 3312 ex
1923 3257 2160 3328 ‘pl‘OpI‘iO

531 3349 682 3404 clero
733 3367 1092 3405 aeconomum
1144 3350 1247 3404 sibi
1298 3351 1626 3406 constituat.
1688 3351 2025 3405 lndecorum
2079 3354 2165 3404 est

530 3443 686 3498 enim
715 3444 924 3499 laicum
950 3445 1221 3499 vicarium
1251 3461 1373 3498 esse
1403 3444 1672 3515 episcopi,
1704 3450 1759 3499 et
1784 3446 2077 3499 saculares
2104 3444 2164 3498 in

529 3538 764 3592 ecclesia
781 3539 1062 3609 judicare.
1090 3542 1152 3594 In
1181 3555 1294 3594 uno
1319 3539 1473 3594 enim
1500 3539 1811 3610 eodemque
1838 3538 2021 3592 ofﬁcio
2049 3555 2163 3592 non

530 3631 698 3686 debet
723 3632 912 3703 dispar
927 3649 1045 3687 esse
1069 3633 1359 3703 professio,
1375 3633 1529 3704 quod
1550 3633 1724 3686 etiam
1744 3633 1802 3686 in
1829 3633 1954 3702 lege
1977 3631 2164 3685 divina

526 3725 863 3795 prohibetur
903 3726 1123 3780 dicente
1167 3728 1396 3796 Moyse:
1435 3748 1462 3774 «
1513 3727 1638 3780 Non
1681 3726 1868 3780 arabis
1920 3726 1980 3779 in
2023 3725 2163 3780 bove

529 3818 700 3871 simul
735 3823 790 3872 et
816 3819 971 3873 asino
1007 3819 1183 3888 (Deut.
1207 3836 1343 3888 xm,
1380 3821 1485 3889 l0),
1518 3839 1544 3868 »
1575 3819 1633 3872 id
1659 3823 1744 3872 est
1771 3819 2033 3872 homines
2073 3819 2159 3872 di-

529 3927 706 3963 versae
731 3911 1096 3980 professionis
1126 3912 1185 3964 in
1218 3912 1405 3965 ofﬁcio
1439 3929 1552 3966 uno
1583 3929 1701 3965 non
1727 3912 2163 3966 sociabis.Unde

532 4007 590 4056 et
620 4006 849 4072 oportet
881 4020 982 4057 nos
1009 4007 1066 4058 et
1109 4004 1312 4058 divinis
1359 4004 1516 4058 libris
1566 4008 1892 4058 sanctorum
1937 4007 2165 4058 Patrum

531 4095 763 4150 obedire
806 4097 1122 4167 praeceptis,
1150 4096 1561 4151 constituentes
1592 4100 1651 4150 ut
1678 4096 1739 4150 hi
1764 4097 1862 4168 qui
1893 4097 1953 4150 in
1981 4097 2162 4151 admi-

529 4189 964 4244 nistrationibus
994 4191 1244 4244 ecclesiae
1270 4190 1632 4261 pontificibus
1655 4191 1942 4244 sociantur
1963 4190 2166 4246 discre-

527 4299 659 4354 pare
689 4299 806 4338 non
850 4283 1114 4352 debeant,
1145 4288 1242 4338 aut
1269 4300 1371 4338 nec
1410 4283 1778 4354 professione,
1805 4300 1910 4338 nec
1939 4284 2161 4352 habitu,

531 4394 665 4431 nam
677 4378 963 4431 cohaerere
986 4381 1043 4430 et
1056 4378 1328 4448 conjungi
1343 4394 1460 4432 non
1477 4382 1730 4448 possunt,
1749 4378 1955 4449 quibus
1977 4383 2031 4434 et
2051 4382 2165 4432 stu-

528 4470 620 4524 dia
639 4472 696 4523 et
712 4475 838 4523 vota
865 4469 1083 4522 diversa
1103 4475 1249 4524 sunt.
1275 4471 1331 4525 Si
1355 4470 1478 4542 quis
1499 4475 1688 4525 autem
1711 4471 2002 4542 episcopus
2019 4479 2165 4543 post-

2183 3207 2238 3281 C

2263 1950 2483 2005 miliare
2513 1950 2873 2021 permissum,
2902 1949 2997 2004 sed
3029 1965 3215 2020 neque
3244 1948 3509 2002 abbatem
3538 1947 3626 2002 vel
3653 1947 3906 2018 eumqui

2263 2045 2569 2115 praeficitur
2612 2049 2769 2098 extra
2810 2059 2935 2097 eam
2979 2059 3106 2113 qua:
3151 2044 3356 2112 praeest
3395 2041 3548 2112 loqui
3588 2040 3906 2111 virginibus

2264 2137 2470 2192 Christi
2498 2136 2710 2208 aliquid
2739 2136 2889 2206 quod
2923 2136 2993 2189 ad
3025 2135 3447 2189 institutionem
3473 2149 3704 2188 morum
3732 2135 3907 2204 perti-

2265 2235 2364 2285 net
2389 2231 2598 2297 licebit,
2631 2246 2817 2300 neque
2844 2245 2975 2283 cum
3002 2245 3068 2283 ea
3097 2229 3213 2283 sola
3239 2245 3366 2299 quae
3393 2231 3597 2298 praeest
3622 2227 3905 2298 frequen-

2262 2329 2352 2380 ter
2380 2341 2475 2379 eos
2513 2323 2671 2394 loqui
2717 2327 2958 2392 oportet,
2990 2322 3087 2376 sed
3133 2321 3236 2376 sub
3279 2320 3604 2376 testimonio
3653 2320 3903 2374 duarum

2263 2418 2350 2472 vel
2376 2418 2551 2471 trium
2577 2432 2859 2486 sororum,
2899 2416 2979 2490 ita
3005 2419 3069 2468 ut
3099 2431 3224 2468 rara
3269 2415 3340 2469 sit
3384 2413 3647 2482 accessio,
3677 2417 3736 2467 et
3774 2414 3905 2468 bre-

2263 2511 2344 2564 vis
2372 2511 2608 2564 omnino
2641 2510 2864 2564 locutio.
2906 2495 3066 2595 ζὼεῆ
3111 2509 3265 2563 enim
3298 2513 3361 2562 ut
3396 2508 3703 2562 monachos
3729 2507 3906 2578 (quod

2264 2604 2436 2658 etiam
2466 2605 2679 2658 dictum
2706 2603 2866 2658 nefas
2893 2603 2992 2671 est)
3021 2602 3228 2658 Christi
3252 2600 3566 2672 virginibus
3592 2601 3908 2656 familiares

2262 2713 2381 2753 esse
2421 2698 2677 2765 velimus,
2706 2698 2801 2752 sed
2843 2697 3004 2768 juxta
3052 2696 3202 2767 quod
3250 2696 3408 2765 jussa
3450 2695 3790 2765 regularum
3817 2695 3905 2749 vel

2263 2807 2549 2845 canonum
2576 2791 2896 2845 admonent
2913 2791 3082 2861 longe
3108 2789 3378 2844 discretos
3401 2792 3570 2859 atque
3595 2788 3904 2858 sejunctos,

2262 2899 2459 2939 eorum
2481 2891 2674 2938 tamen
2707 2884 2939 2938 easdem
2969 2882 3369 2954 gubernaculis
3397 2882 3758 2952 deputamus,
3774 2899 3909 2936 con-

2263 2978 2562 3032 stituentes
2580 2981 2643 3030 ut
2660 2994 2810 3032 unus
2837 2977 3253 3031 monachorum
3282 2975 3712 3046 probatissimus
3731 2975 3909 3048 eliga-

2260 3075 2372 3140 tur,
2408 3071 2567 3141 cujus
2601 3087 2751 3124 curae
2780 3070 2851 3124 sit
2882 3069 3114 3140 praediis
3144 3085 3341 3124 earum
3395 3068 3643 3135 rusticis,
3668 3069 3760 3122 vel
3808 3086 3904 3122 ur-

2261 3164 2422 3218 banis
2447 3163 2761 3232 intendere,
2791 3163 3031 3218 fabricas
3075 3166 3384 3231 exstruere,
3415 3166 3471 3217 et
3496 3161 3538 3215 si
3567 3162 3704 3232 quid
3746 3162 3906 3215 aliud

2263 3261 2346 3313 est
2371 3257 2444 3311 ad
2469 3257 2864 3312 necessitatem
2893 3255 3222 3311 monasterii
3242 3255 3558 3326 providere,
3592 3258 3654 3307 ut
3691 3255 3907 3309 Christi

2262 3352 2490 3406 famula:
2517 3368 2620 3421 pro
2640 3350 2847 3404 anima
2870 3366 2987 3403 sua:
3008 3353 3233 3403 tantum
3257 3348 3494 3403 utilitate
3518 3347 3794 3416 sollicite,
3821 3365 3907 3402 so-

2263 3445 2331 3499 lis
2359 3445 2561 3499 divinis
2591 3444 2856 3513 cultibus,
2885 3443 3265 3514 operibusque
3310 3441 3514 3496 sanctis
3566 3441 3902 3496 inserviant.

2263 3539 2407 3593 Sane
2435 3539 2483 3592 is
2510 3538 2606 3610 qui
2637 3537 2708 3591 ab
2751 3537 2953 3591 abbate
2998 3536 3360 3606 proponitur,
3389 3534 3605 3606 judicio
3649 3535 3736 3588 sui
3782 3535 3903 3605 epi-

2264 3631 2419 3702 scopi
2451 3631 2870 3701 comprobetur,
2897 3634 3080 3684 vestes
3107 3634 3300 3684 autem
3329 3628 3440 3682 illae
3468 3627 3664 3682 iisdem
3694 3628 3909 3681 faciant

2265 3742 2298 3778 a
2324 3725 2528 3795 quibus
2554 3724 2859 3779 tuitionem
2899 3727 3246 3793 exspectant,
3277 3725 3333 3776 et
3362 3721 3431 3776 ab
3475 3721 3672 3776 iisdem
3713 3721 3905 3775 denuo

2265 3820 2347 3887 (ut
2376 3818 2711 3888 praedictum
2741 3819 2842 3887 est)
2865 3816 3127 3870 laborum
3156 3816 3374 3870 fructus
3397 3818 3454 3869 et
3477 3814 3901 3886 procurationis

2264 3910 2601 3980 suffragium
2647 3916 2977 3981 recepturae.
3009 3909 3064 3965 Si
3103 3911 3199 3981 qui
3240 3914 3432 3964 autem
3483 3908 3902 3962 monachorum

2263 4005 2412 4060 hanc
2441 4005 2856 4059 ordinationem
2901 4009 3000 4058 aut
3027 4003 3475 4074 contempserint
3516 4005 3614 4055 aut
3652 4002 3906 4073 qualibet

2263 4097 2482 4152 inertiae
2509 4097 2878 4152 dissolutione
2905 4096 3278 4168 neglexerint,
3311 4095 3488 4150 sciant
3518 4095 3671 4166 quod
3697 4112 3899 4149 eorum

2263 4191 2553 4246 temeritas
2605 4197 2772 4262 atque
2839 4190 3104 4262 superbia
3171 4189 3780 4244 excommunicationis
3832 4190 3904 4242 sit

2263 4285 2563 4356 plectenda
2590 4301 2849 4340 censura.

2334 4381 2438 4434 XII.
2469 4379 2811 4433 Duodecima
2857 4379 3077 4433 actione
3104 4379 3391 4448 ingressus
3418 4379 3503 4431 est
3533 4377 3605 4431 ad
3637 4393 3740 4431 nos
3768 4378 3900 4448 qui-

2263 4474 2395 4528 dam
2425 4491 2494 4528 ex
2523 4473 2724 4528 haeresi
2752 4474 3166 4544 Acephalorum
3194 4473 3422 4528 natione
3449 4471 3640 4543 Syrus,
3664 4477 3730 4526 ut
3759 4489 3904 4526 asse-

528 4563 632 4616 bac
662 4563 1101 4617 ecclesiasticam
1139 4580 1262 4618 rem
1293 4569 1390 4619 aut
1413 4581 1514 4636 per
1530 4565 1784 4620 laicalem
1809 4566 2162 4637 procuratio-
2182 4575 2241 4647 D
2263 4566 2337 4622 rit
2378 4567 2496 4638 ipse
2542 4567 2857 4638 episc0pus,
2887 4567 3129 4620 duarum
3182 4568 3240 4621 in
3294 4566 3514 4623 Christo
3559 4568 3904 4619 naturarum

530 4672 666 4709 nem
692 4655 1197 4711 administrandam
1243 4659 1495 4729 elegerit,
1526 4661 1624 4713 aut
1670 4659 1790 4714 sine
1837 4659 2164 4714 testimonio

528 4751 807 4803 (economi
834 4751 1271 4820 gubernandam
1305 4752 1626 4822 crediderit,
1650 4769 1782 4808 vere
1816 4757 1877 4808 ut
1902 4757 2160 4807 contem-

526 4847 657 4914 ptor
686 4859 983 4911 canonum,
1013 4848 1068 4899 et
1096 4846 1392 4900 fraudator
1419 4846 1932 4902 ecclesiasticarum
1970 4863 2164 4900 rerum

525 4953 641 4990 non
671 4938 856 4991 solum
880 4955 912 4992 a
940 4939 1158 4993 Christo
1181 4941 1250 4994 de
1273 4941 1443 4994 rebus
1469 4955 1788 5011 pauperum
1811 4939 2164 5008 judicabitur

527 5046 677 5094 reus,
707 5032 805 5086 sed
831 5032 1000 5087 etiam
1030 5037 1087 5088 et
1112 5033 1344 5088 concilio
1365 5033 1620 5087 manebit
1646 5031 1946 5086 obnoxius.

597 5127 662 5179 Χ.
709 5126 938 5180 Decima
982 5127 1207 5181 actione
1262 5127 1623 5198 poscentibus
1672 5125 2160 5180 monasteriorum

528 5219 782 5289 patribus
808 5220 928 5290 pari
957 5221 1240 5275 sententia
1272 5221 1596 5286 statuimus,
1618 5220 1685 5272 ut
1705 5217 1963 5272 coenobia
1981 5235 2165 5289 nuper

528 5312 761 5367 condita
781 5312 838 5366 in
858 5315 1144 5383 provincia
1171 5314 1394 5380 Baetica,
1411 5312 1554 5366 sicut
1575 5314 1629 5365 et
1653 5310 1751 5364 illa
1771 5327 1899 5382 quae
1919 5316 2052 5366 sunt
2071 5330 2166 5366 an-

529 5406 692 5477 tiqua
723 5406 1010 5461 immobili
1030 5412 1086 5461 et
1113 5407 1444 5460 inconcussa
1469 5404 1769 5459 stabilitate
1795 5413 2164 5476 permaneant

526 5499 791 5554 solidata.
837 5499 890 5552 Si
934 5499 1061 5569 quis
1113 5503 1304 5553 autem
1338 5497 1514 5568 (quod
1556 5498 1723 5571 absit)
1764 5501 2044 5567 nostrum,
2073 5499 2162 5554 vel

527 5592 693 5646 nobis
722 5592 1141 5646 succedentium
1169 5591 1526 5647 sacerdotum
1552 5593 1846 5664 quodlibet
1873 5599 2158 5648 monaste-

525 5685 679 5738 rium
705 5688 802 5737 aut
829 5685 884 5736 vi
930 5684 1252 5755 cupiditatis
1297 5687 1750 5758 exspoliandum,
1784 5691 1883 5743 aut
1931 5687 2159 5742 simula-

529 5777 684 5831 tione
711 5777 898 5848 aliqua
920 5777 1140 5834 fraudis
1163 5781 1614 5849 convellendum,
1629 5784 1729 5836 aut
1747 5781 2166 5837 dissolvendum

529 5870 851 5938 tentaverit,
866 5872 1177 5928 anathema
1203 5873 1438 5931 aﬂ‘ectus
1468 5881 1716 5948 maneat,
1737 5880 1794 5932 et
1811 5894 1844 5931 a
1868 5891 2048 5947 regno
2069 5875 2166 5932 Dei

2263 4661 2673 4732 proprietatem
2703 4660 3016 4730 abnegans,
3039 4664 3094 4713 et
3116 4660 3389 4715 deitatem
3410 4658 3735 4730 passibilem
3758 4676 3908 4712 asse-

2263 4772 2414 4809 rens.
2445 4755 2617 4824 Cujus
2644 4754 2780 4808 dum
2810 4755 3016 4808 nostris
3049 4755 3306 4809 sensibus
3348 4753 3489 4807 tanti
3517 4753 3726 4806 erroris
3774 4770 3904 4807 con-

2264 4849 2410 4902 fusio
2454 4847 2743 4917 patuissct,
2777 4847 3007 4917 prolatis
3036 4847 3116 4900 illi
3146 4847 3214 4900 de
3245 4846 3634 4901 incarnatione
3675 4845 3903 4899 Domini

2261 4943 2388 4996 Jesu
2419 4940 2628 4996 Christi
2659 4941 3011 5010 testimoniis,
3041 4945 3486 5011 sanctorumque
3513 4941 3751 4993 Patrum
3783 4957 3906 4994 sen-

2265 5035 2456 5089 tentiis
2485 5035 2753 5103 recitatis,
2784 5034 2940 5088 omni
2979 5050 3110 5088 eum
3161 5034 3365 5088 deinde
3415 5033 3809 5087 exhortatione
3837 5033 3905 5086 ad

2263 5145 2410 5182 verte
2436 5127 2569 5181 ﬁdei
2599 5129 3000 5183 rectitudinem
3031 5127 3364 5182 sacerdotali
3391 5126 3673 5180 modestia
3698 5127 3901 5180 invita-

2263 5221 2471 5290 vimus,
2499 5223 2596 5293 qui
2622 5222 2960 5276 salutaribus
2987 5220 3216 5275 monitis
3235 5220 3605 5292 pertinaciter
3632 5236 3738 5290 per
3759 5220 3904 5274 mul-

2263 5319 2349 5370 tos
2377 5315 2792 5386 diuturnosque
2820 5313 3112 5369 conﬂictus
3142 5315 3412 5383 retinens,
3443 5313 3676 5368 tandem
3723 5313 3909 5381 gratia

2265 5409 2456 5464 divina
2478 5410 2675 5462 doctus
2702 5425 2892 5462 coram
2922 5407 3137 5462 cunctis
3162 5407 3471 5462 astantibus
3497 5406 3766 5460 haeresim
3783 5424 3910 5478 pro-

2263 5503 2445 5574 priam
2471 5502 2764 5568 abdicavit,
2781 5502 3033 5572 duasque
3055 5503 3282 5554 naturas
3303 5505 3359 5555 et
3391 5516 3563 5554 unam
3592 5516 3908 5570 personam

2264 5597 2325 5650 in
2351 5613 2469 5650 uno
2502 5595 2820 5667 eodemque
2863 5595 3101 5649 Domino
3127 5599 3319 5648 nostro
3346 5595 3475 5648 Jesu
3503 5593 3733 5648 Christo
3780 5611 3910 5648 con-

2267 5689 2444 5744 fessus
2485 5691 2589 5756 est,
2634 5688 2874 5744 credens
2918 5687 3324 5759 impassibilem
3369 5690 3633 5741 naturam
3676 5686 3912 5742 deitatis

2265 5787 2433 5854 atque
2460 5783 2520 5837 in
2541 5783 2658 5837 sola
2686 5781 3043 5837 humanitate
3069 5781 3378 5852 suscepisse
3399 5779 3768 5834 inﬁrmitates
3790 5798 3914 5851 pas-

2269 5877 2442 5932 sionis
2484 5881 2540 5932 et
2579 5878 2778 5935 crucis.
2833 5880 3147 5933 Conversus
3200 5875 3389 5947 itaque
3435 5879 3600 5948 atque
3646 5878 3914 5946 receptus
