4032 6298
159 314 256 367 601

1427 308 1903 387 DECRETALIUM
1940 309 2325 367 COLLECTIO.

3430 321 3531 376 602

151 422 432 492 suscepta
447 421 581 477 ﬁdei
598 422 1014 491 confessionem
1032 436 1164 479 cum
1175 420 1580 493 astipulationc
1602 424 1796 492 protu—
1816 432 1875 505 Α
1895 421 2031 475 dum
2061 424 2229 475 erant
2252 420 2457 491 abyssi,
2491 425 2547 477 et
2577 438 2684 492 ego
2706 421 2834 492 jam
2863 430 3140 495 concepta
3166 441 3325 480 eram
3347 426 3526 497 (Prov.

152 513 238 581 lit,
272 520 451 586 atque
479 515 549 569 ab
576 516 840 571 omnibus
864 517 978 571 suis
1008 516 1293 572 erroribus
1317 518 1591 586 purgatus
1617 530 1792 585 appa-

153 607 287 662 ruit.
319 609 560 681 Talique
589 626 694 680 pro
725 610 933 666 merito
965 610 1278 682 gaudentes
1322 608 1542 664 Christo
1587 608 1796 679 gratias

153 700 409 771 egimus,
445 702 597 772 quod
639 704 908 759 eumdem
933 708 1064 776 post
1098 703 1431 775 pravitatem
1459 701 1693 755 haresis
1723 701 1793 755 ad

149 794 561 859 rectitudinem
601 796 731 851 ﬁdei
761 797 950 852 divina
978 798 1160 869 gratia
1187 794 1583 867 promovisset,
1621 810 1796 865 quem

152 892 423 958 optamus
450 894 516 943 ut
539 906 886 960 permanens
906 890 967 945 in
994 890 1203 946 Christi
1223 889 1335 943 ﬁde
1364 906 1506 960 pure
1535 904 1601 942 ac
1626 886 1792 942 devo-

148 980 374 1035 tissime
400 987 778 1037 conservetur.

222 1074 356 1128 XIII.
388 1075 577 1130 Tertia
607 1075 829 1131 decima
867 1074 1265 1148 prosecutione
1289 1074 1536 1129 breviter
1558 1090 1790 1128 narran-

151 1166 291 1221 dum
320 1167 645 1237 putavimus
665 1168 738 1222 ad
769 1169 1178 1224 refutationem
1208 1167 1542 1222 earumdem
1571 1167 1794 1220 hareti-

150 1275 352 1313 corum
395 1261 496 1332 qui
538 1261 678 1316 duas
706 1265 939 1317 naturas
961 1262 1167 1318 Christi
1191 1266 1321 1333 post
1349 1260 1623 1339 unionem
1654 1259 1795 1314 deli-

151 1358 344 1408 rantes
388 1354 766 1424 confundunt,
799 1358 858 1410 et
893 1355 1217 1426 passibilem
1265 1354 1323 1408 in
1370 1370 1435 1409 eo
1483 1353 1793 1407 divinitatis

151 1444 358 1519 148
404 1447 778 1502 substantiam
818 1451 1100 1503 asserunt.
1134 1450 1345 1504 Contra
1384 1463 1632 1518 quorum
1677 1446 1795 1501 bla-

154 1539 447 1610 sphemias
472 1543 695 1611 oportet
719 1557 821 1595 nos
840 1540 901 1594 in
925 1558 1036 1596 una
1054 1558 1301 1613 persona
1323 1540 1530 1595 Christi
1552 1540 1794 1611 gemina

153 1635 379 1686 natura
426 1633 831 1704 proprietatem
864 1634 1179 1703 ostendere,
1214 1634 1647 1705 passionemque
1674 1632 1794 1703 ejus

148 1725 206 1779 in
240 1726 365 1780 sola
407 1726 782 1782 humanitatis
827 1727 1181 1799 susceptione
1224 1726 1613 1793 manifestare,
1649 1728 1715 1779 ut
1745 1724 1793 1779 si

1896 531 2015 583 vni,
2047 514 2199 585 24),»
2217 515 2532 569 humanam
2550 516 2866 570 secundum
2885 517 3012 583 hoc,
3042 518 3365 588 «sapientia
3393 521 3531 575 adi-

1896 607 2083 662 ﬁcavit
2108 607 2213 661 sibi
2239 607 2474 662 domum
2500 607 2676 679 (Prov.
2714 626 2859 678 xm,
2896 612 2966 679 3),
2999 633 3024 659 ››
3055 612 3310 681 corporis
3337 613 3535 684 utique

1897 700 1986 754 sui
2029 699 2329 770 templum,
2379 700 2440 754 in
2485 718 2597 772 quo
2643 701 2791 756 ﬁlius
2837 703 2938 756 Dei
2979 703 3347 772 inhabitaret,
3395 707 3533 760 dum

1895 792 2146 848 Verbum
2170 796 2256 848 est
2281 809 2408 848 caro
2436 793 2671 849 factum.
2704 796 3011 866 Prophetia
3036 797 3097 851 in
3124 797 3262 851 Isaia
3293 798 3394 852 sub
3418 816 3535 854 una

1898 886 2210 957 eademque
2247 886 2454 941 Christi
2484 904 2729 958 persona
2750 888 2827 943 sic
2849 890 3198 944 demonstrat
3224 895 3532 963 utramque

1896 982 2179 1046 naturam,
2226 979 2450 1035 deitatis
2498 982 2813 1035 secundum
2857 982 3038 1037 illud:
3076 984 3399 1055 «Nunquid
3432 985 3527 1057 qui

1892 1072 2030 1126 alios
2060 1089 2259 1143 parere
2288 1073 2457 1142 facio,
2488 1072 2607 1144 ipse
2633 1091 2747 1129 non
2777 1075 3015 1146 pariam,
3049 1076 3185 1130 dicit
3213 1077 3531 1134 Dominus?

1897 1165 2047 1234 (Isai.
2114 1182 2257 1233 var,
2325 1168 2398 1234 9.)
2463 1187 2490 1215 »
2556 1167 2928 1222 humanitatis
2989 1170 3299 1224 secundum
3362 1171 3526 1227 hoc:

1896 1280 1923 1308 «
1950 1260 2091 1313 Ecce
2118 1259 2280 1330 virgo
2310 1258 2370 1313 in
2400 1264 2565 1315 utero
2593 1260 2875 1332 concipiet
2902 1267 2959 1316 et
2975 1264 3161 1333 pariet
3185 1263 3366 1319 ﬁlium
3392 1265 3523 1335 (Isa.

1894 1369 1990 1420 vn,
2042 1352 2147 1423 14);
2199 1372 2227 1401 »
2278 1352 2585 1407 divinitatis
2629 1355 2940 1409 secundum
2985 1355 3123 1410 illud
3164 1373 3178 1410 :
3227 1378 3254 1405 ‹‹
3298 1359 3525 1427 Borate,

1894 1444 2017 1499 coeli
2062 1445 2325 1516 desuper,
2372 1449 2428 1500 et
2474 1446 2653 1501 nubes
2701 1447 2901 1517 pluant
2945 1448 3188 1519 justum,
3240 1451 3530 1521 aperiatur

1891 1541 2046 1592 terra
2071 1540 2129 1592 et
2159 1539 2444 1608 germinet
2469 1539 2838 1608 Salvatorem,
2869 1544 2926 1595 et
2944 1541 3168 1610 justitia
3192 1545 3410 1598 oriatur
3449 1545 3525 1598 si-

1891 1632 2013 1685 mul
2044 1630 2166 1700 (Isa.
2197 1648 2319 1699 XLV,
2347 1631 2420 1703 8).
2454 1652 2482 1684 »
2530 1635 2671 1688 Item
2714 1632 2867 1700 alibi,
2912 1635 3282 1691 humanitatis
3327 1653 3526 1692 secun-

1892 1724 2030 1778 dum
2060 1724 2186 1794 hoc,
2226 1746 2253 1775 «
2282 1726 2552 1779 Parvulos
2602 1732 2766 1781 natus
2814 1732 2899 1782 est
2926 1727 3092 1783 nobis
3123 1730 3252 1800 (Isa.
3286 1746 3361 1800 ιχ,
3390 1732 3462 1801 6),
3496 1753 3523 1781 η

149 1823 299 1878 forte
322 1823 503 1895 aliqui
522 1824 823 1879 stultorum
840 1824 1011 1895 hujus
1029 1824 1323 1879 sententia
1350 1840 1541 1879 errore
1563 1822 1783 1893 decepti
1812 1800 1868 1872 Β
1893 1816 2203 1871 divinitatis
2230 1817 2547 1872 secundum
2575 1818 2737 1887 illud,
2768 1841 2796 1868 »
2831 1820 3000 1875 Filius
3043 1821 3204 1877 datus
3243 1829 3329 1878 est
3365 1800 3530 1886 nobis

148 1921 300 1987 sunt,
335 1916 474 1971 dum
514 1917 622 1971 ista
668 1918 915 1989 legerint
943 1917 1295 1990 resipiscant,
1322 1922 1608 1988 rectaque
1650 1915 1784 1971 ﬁdei

147 2010 452 2065 veritatem
476 2010 719 2066 ﬁrmiter
744 2015 999 2067 teneant.
1026 2013 1165 2066 Nam
1189 2012 1387 2083 procul
1417 2008 1589 2065 dubio
1619 2009 1783 2063 multi

148 2106 301 2173 sunt,
330 2102 431 2174 qui
458 2092 774 2158 secundum
796 2104 1039 2176 apostoli
1068 2121 1265 2159 vocem
1291 2103 1611 2175 prurientes
1638 2102 1785 2157 auri-

146 2197 254 2251 bus
281 2215 317 2250 a
344 2196 585 2252 veritate
615 2197 876 2252 auditum
922 2200 1206 2266 avertunt,
1234 2198 1304 2253 ad
1335 2197 1552 2252 fabulas
1589 2200 1783 2251 autem

148 2293 580 2346 convertuntur.
608 2291 758 2363 Ergo
780 2291 924 2346 sicut
942 2291 1311 2346 immaculata
1336 2291 1494 2360 ﬁdes,
1513 2296 1569 2345 et
1593 2293 1784 2345 sancta

146 2384 246 2439 Dei
274 2384 524 2439 Ecclesia
554 2384 736 2453 docet,
770 2384 1112 2440 conﬁtemur
1161 2384 1471 2440 Dominum
1524 2388 1784 2439 nostrum

146 2478 339 2532 Jesum
410 2476 699 2533 Christum
768 2479 1225 2551 intemporaliter
1290 2494 1354 2533 ex
1425 2480 1591 2532 Patre
1669 2478 1781 2530 Deo

150 2577 369 2637 natum,
404 2571 793 2643 temporaliter
818 2589 884 2627 ex
912 2576 1078 2627 utero
1107 2572 1364 2643 gloriosa
1392 2571 1626 2642 virginis
1664 2571 1778 2625 Ma-

148 2664 249 2719 ria
280 2665 575 2720 hominem
619 2665 853 2737 editum,
884 2670 941 2720 et
985 2666 1057 2720 ob
1103 2666 1209 2720 hoc
1255 2666 1314 2719 in
1354 2682 1464 2719 una
1508 2664 1783 2719 existente

149 2774 393 2829 persona
433 2758 573 2813 duas
615 2761 845 2813 naturas
875 2760 1209 2826 habentem,
1245 2758 1472 2812 deitatis
1502 2774 1612 2828 qua
1647 2759 1781 2810 ante

147 2851 349 2905 sacula
382 2850 629 2921 genitus,
678 2856 734 2906 et
779 2852 1143 2907 humanitatis
1169 2852 1232 2910 in
1261 2868 1375 2922 qua
1419 2850 1619 2905 diebus
1651 2850 1780 2903 ulti-

150 2944 261 2999 mis
290 2943 481 2998 editus
530 2948 636 3013 est,
684 2944 742 2999 in
789 2946 889 3000 illa
934 2945 1244 3000 secundum
1287 2944 1533 2999 formam
1575 2942 1693 3009 Dei,
1724 2943 1780 2996 in

148 3037 257 3091 ista
308 3038 624 3092 secundum
679 3038 929 3093 formam
980 3038 1126 3093 servi
1175 3036 1516 3105 consistens;
1575 3036 1634 3089 in
1688 3036 1785 3089 illa

1884 1911 2097 1993 (Ibid).
2134 1930 2161 1961 »
2194 1912 2463 1966 Parvulus
2485 1912 2640 1967 enim
2656 1913 2909 1971 Christus
2934 1915 3002 1969 ad
3036 1919 3308 1987 suscepta
3325 1917 3533 1974 huma-

1881 2002 2072 2058 nitatis
2095 2010 2359 2059 naturam
2385 2006 2655 2077 pertinet,
2680 2007 2817 2078 quia
2849 2008 3026 2063 homo
3053 2012 3137 2063 est
3160 2010 3361 2080 factus,
3380 2012 3530 2067 ﬁlius

1848 2100 2075 2181 iautem
2106 2096 2288 2165 datus,
2326 2098 2397 2152 ad
2426 2098 2802 2169 divinitatem,
2833 2100 2965 2171 quia
3008 2101 3110 2156 Dei
3140 2101 3329 2158 Filius.
3364 2105 3433 2158 Et
3465 2107 3532 2161 ut

1885 2190 2211 2245 ostenderet
2241 2191 2300 2245 in
2337 2193 2580 2262 utraque
2610 2196 2814 2247 natura
2844 2210 3018 2248 unam
3059 2211 3180 2250 esse
3223 2208 3527 2267 personam

1880 2283 2099 2354 parvuli
2126 2284 2244 2338 nati
2274 2286 2330 2339 et
2356 2284 2455 2338 ﬁlii
2481 2286 2617 2352 dati,
2653 2285 2903 2357 adjecit:
2934 2309 2961 2338 ‹‹
2987 2289 3293 2343 Vocabitur
3318 2307 3529 2349 nomen

1881 2376 2004 2446 ejus
2019 2377 2219 2447 magni
2249 2377 2466 2431 consilii
2490 2378 2748 2448 angelus,
2783 2381 2926 2435 Deus
2946 2381 3125 2450 fortis,
3154 2383 3420 2456 princeps
3438 2385 3533 2440 fu2

1881 2470 1995 2523 turi
2021 2469 2213 2523 saculi
2245 2469 2376 2540 (Isa.
2405 2487 2480 2539 ιχ,
2508 2472 2580 2541 6).
2612 2494 2639 2521 »
2669 2473 2728 2525 In
2756 2474 3060 2545 Evangelia
3082 2492 3310 2548 quoque
3326 2477 3387 2532 in
3410 2495 3525 2535 uno

1885 2562 2198 2633 eodemque
2212 2562 2436 2618 Christo
2453 2563 2659 2618 divina
2672 2570 2889 2620 natura
2903 2566 3257 2637 signiﬁcatio,
3277 2588 3305 2621 «
3320 2571 3420 2626 Om
3428 2570 3524 2627 nia

1882 2671 1987 2727 per
2016 2654 2203 2725 ipsum
2248 2656 2395 2710 facta
2443 2660 2577 2711 sunt
2621 2657 2789 2726 (Rom.
2834 2675 2872 2726 ι,
2900 2661 3008 2731 37),
3042 2680 3070 2710 ››
3114 2661 3384 2717 humana
3417 2681 3523 2719 na-

1882 2752 2027 2802 tura
2073 2747 2424 2817 signiﬁcatio,
2485 2771 2512 2798 α
2565 2751 2689 2805 Non
2746 2751 2876 2806 veni
2926 2752 3114 2808 facere
3172 2756 3519 2812 voluntatem

1882 2856 2099 2908 meam,
2144 2842 2241 2897 sed
2292 2844 2643 2898 voluntatem
2694 2845 2817 2915 ejus
2858 2844 2954 2917 qui
3000 2847 3156 2903 misit
3202 2864 3296 2904 me
3343 2850 3525 2906 Patris

1885 2934 2061 3005 (Joan.
2106 2953 2183 3003 γι,
2234 2936 2345 3007 38).
2397 2958 2426 2986 »
2471 2937 2677 2991 Paulus
2719 2954 2947 3011 quoque
2977 2941 3267 3011 apostolus
3308 2942 3367 2998 in
3401 2961 3525 3002 uno

1887 3028 2205 3100 eodemque
2257 3029 2480 3084 Christo
2538 3034 2802 3086 naturam
2856 3032 3168 3090 divinitatis
3221 3036 3519 3108 exprimit,

147 3130 296 3184 Patri
324 3146 567 3185 manens
595 3131 851 3202 aqualis,
884 3131 942 3185 in
986 3131 1097 3185 ista
1137 3130 1259 3185 sine
1298 3133 1532 3201 peccato
1581 3127 1783 3183 similis
1807 3165 1863 3240 Ο
1889 3138 2022 3177 cum
2048 3122 2182 3177 dicit
2212 3142 2225 3178 :
2261 3144 2289 3173 «
2316 3123 2738 3194 Primogenitus
2768 3124 2952 3181 omnis
2980 3131 3259 3184 creatura
3284 3130 3407 3203 ipse
3439 3138 3527 3188 est

260 3226 272 3240 ι
515 3224 598 3240 ιἰ·
690 3224 700 3235 ο
778 3225 788 3235 ι
869 3224 922 3240 ⁸11
994 3224 1004 3235 ⁸
1091 3224 1101 3234 ⁸
1147 3224 1160 3240 1
1201 3224 1214 3240 1
1244 3223 1296 3240 ’1⁸
1382 3223 1391 3233 ³
1473 3223 1482 3234 ⁸
1521 3225 1555 3240 ιν
1622 3221 1749 3240 ,,,,!
1889 3220 2015 3240 ...ιιιλ
2048 3232 2239 3240 Am“..-
2293 3219 2342 3240 ,ι
2378 3217 2562 3240 -..ρ-..ζμ
2589 3217 2642 3240 Ζ..
2666 3218 2752 3240 311Δ
2781 3222 3030 3240 --..-ι,..ι
3060 3221 3250 3240 In,1_,_
3365 3228 3434 3240 ι-ι

148 3226 361 3278 nostra
390 3224 740 3294 conditioni;
774 3225 835 3279 in
866 3224 965 3278 illa
990 3223 1349 3293 inviolabilis,
1378 3223 1436 3277 in
1469 3223 1577 3276 ista
1603 3221 1785 3293 passi-

147 3316 306 3385 bilis;
340 3317 402 3371 in
424 3317 522 3371 illa
549 3334 618 3372 ex
644 3334 760 3390 qua
783 3317 932 3373 mori
958 3334 1073 3372 non
1098 3317 1304 3389 potuit,
1332 3317 1391 3371 in
1435 3316 1545 3370 ista
1588 3316 1645 3370 in
1674 3333 1787 3387 qua

149 3413 397 3465 mortem
423 3411 687 3483 suscepit.
729 3411 900 3482 Cujus
942 3411 1190 3483 gemina
1239 3413 1457 3465 natura
1500 3409 1786 3465 distinctio

148 3504 406 3576 primum
449 3521 516 3559 ex
566 3504 771 3560 litteris
796 3505 959 3577 legis,
993 3504 1204 3560 deinde
1232 3520 1301 3559 ex
1329 3503 1701 3576 propheticis,
1732 3508 1789 3557 et

1887 3220 2019 3270 ante
2045 3232 2260 3284 omnes,
2288 3219 2346 3272 et
2373 3217 2570 3272 omnia
2589 3217 2646 3271 in
2665 3218 2758 3273 illo
2775 3222 3037 3275 constant
3057 3221 3272 3291 (Coloss.
3293 3241 3331 3292 ι,
3358 3228 3463 3296 l7),
3488 3248 3516 3276 η

1886 3313 2264 3368 humanitatis
2291 3314 2539 3369 declarat
2565 3318 2852 3386 naturam,
2882 3334 3015 3372 cum
3047 3318 3200 3386 dicit,
3232 3342 3260 3371 ‹‹
3293 3323 3413 3393 Ipse
3440 3325 3523 3378 est

1887 3412 2059 3477 caput
2107 3407 2359 3478 corporis
2402 3408 2663 3462 Ecclesia
2713 3410 2927 3471 (Coloss.
2956 3428 2995 3479 1,
3032 3415 3051 3466 t
3065 3413 3139 3483 8),
3176 3434 3203 3461 ››
3252 3418 3310 3468 et
3337 3415 3514 3473 alibi:

1891 3520 1918 3548 ι(
1947 3498 2054 3561 Qui
2091 3516 2223 3554 cum
2267 3500 2326 3554 in
2355 3501 2543 3555 forma
2572 3501 2668 3556 Dei
2700 3507 2867 3568 esset,
2908 3520 3027 3558 non
3071 3505 3517 3576 rapinamarbi-

150 3598 495 3669 evangelicis
522 3600 695 3669 atque
722 3598 1045 3671 apostolicis
1074 3597 1392 3670 promenda
1418 3602 1503 3651 est
1529 3596 1782 3668 paganis,
1821 3586 1839 3699 Ι
1885 3595 2064 3648 tratus
2110 3597 2195 3647 est
2240 3609 2361 3647 esse
2400 3610 2457 3648 se
2500 3596 2777 3665 aqualem
2825 3597 2958 3664 Deo,
3004 3599 3102 3653 sed
3148 3600 3519 3673 semetipsum

147 3697 213 3746 ut
238 3709 306 3748 ea
331 3708 459 3763 qua
488 3693 792 3747 asserimus
818 3709 936 3748 non
965 3692 1343 3764 argumentis,
1377 3689 1478 3745 sed
1511 3689 1786 3761 exemplis

149 3784 573 3856 Scripturarum
596 3786 911 3841 ﬁrmemus.
945 3786 1060 3841 Lex
1084 3786 1145 3839 in
1175 3802 1290 3841 una
1317 3784 1633 3855 eademque
1662 3798 1786 3855 per-

149 3894 292 3933 sona
312 3878 622 3934 Salvatoris
650 3879 827 3935 nostri
854 3879 933 3934 sic
964 3880 1319 3935 demonstrat
1347 3881 1652 3949 utramque
1680 3892 1782 3930 na-

150 3974 373 4039 turam,
427 3972 717 4041 divinam,
776 3972 1015 4028 Domino
1065 3973 1333 4044 loquente
1385 3971 1455 4025 ad
1510 3971 1781 4041 Moysen:

152 4088 177 4114 ‹‹
208 4066 376 4133 Ecce,
404 4065 611 4138 inquit,
638 4066 800 4122 mitto
828 4068 1100 4138 angelum
1132 4082 1326 4121 meum
1373 4064 1471 4136 qui
1501 4062 1784 4136 pracedat

150 4162 225 4226 te,
260 4159 503 4214 observa
534 4175 683 4227 ,eum
727 4163 784 4214 et
827 4160 961 4215 audi
997 4176 1198 4215 vocem
1240 4159 1362 4230 ejus
1398 4157 1593 4229 (Exod.
1626 4173 1782 4224 xxm,

148 4254 257 4323 20),
294 4274 321 4301 ››
350 4252 484 4324 quia
510 4257 596 4307 est
630 4269 846 4309 nomen
873 4270 1070 4309 meum
1096 4253 1157 4308 in
1186 4254 1307 4320 illo,
1336 4252 1672 4319 humanam,
1699 4251 1783 4305 lo-

150 4350 365 4417 qnente
415 4346 618 4400 eodem
663 4346 902 4401 Domino
942 4347 1013 4401 ad
1042 4346 1328 4401 Abraham
1359 4363 1371 4400 :
1412 4367 1439 4396 «
1477 4346 1533 4399 In
1565 4341 1783 4398 semine

146 4444 245 4494 tuo
274 4439 687 4495 benedicentur
716 4456 917 4495 omnes
947 4444 1147 4512 gentes
1178 4439 1326 4511 (Gen.
1362 4455 1497 4509 xxu,
1529 4440 1635 4509 18),
1671 4456 1698 4487 ››
1725 4434 1786 4490 id

1885 3685 2193 3741 exinanivit
2235 3685 2480 3741 formam
2529 3688 2670 3741 servi
2708 3688 2992 3760 accipiens
3020 3692 3237 3763 (Philip.
3283 3710 3352 3763 ιι,
3381 3697 3457 3767 6).
3486 3717 3514 3747 η

1886 3780 1992 3833 Per
2022 3780 2131 3834 hoc
2154 3780 2311 3834 enim
2331 3780 2480 3851 quod
2502 3779 2659 3850 dicit,
2685 3782 2932 3853 quicum
2954 3783 3012 3838 in
3028 3785 3217 3841 forma
3235 3788 3517 3858 Deiesset,

1884 3876 2148 3927 naturam
2170 3873 2231 3927 in
2262 3889 2329 3929 eo
2361 3873 2569 3929 divina
2598 3875 2913 3947 majestatis
2953 3879 3218 3951 ostendit,
3266 3898 3371 3953 per
3409 3883 3519 3939 hoc

1883 3970 2077 4021 autem
2110 3968 2264 4039 quod
2289 3966 2513 4038 adjecit,
2540 3968 2782 4025 formam
2813 3971 2962 4025 servi
2986 3974 3220 4045 accepit,
3250 3979 3519 4033 naturam

1884 4060 2259 4116 humanitatis
2280 4061 2581 4133 signiﬁcat,
2600 4065 2657 4117 et
2676 4062 2916 4119 iterum:
2936 4087 2963 4116 ‹‹
2977 4066 3118 4122 Cum
3132 4073 3295 4140 esset,
3308 4069 3517 4144 inquit,

1885 4154 2063 4222 dives,
2103 4171 2321 4226 pauper
2348 4155 2527 4210 factus
2578 4159 2662 4210 est
2702 4158 2777 4229 (II
2804 4161 2923 4216 Cor.
2964 4177 3081 4229 vni,
3116 4163 3188 4233 9),
3222 4185 3249 4213 »
3284 4169 3345 4219 ut
3369 4164 3519 4220 illius

1883 4246 2080 4319 inopia
2124 4264 2225 4302 nos
2270 4248 2466 4302 divites
2514 4252 2937 4319 essemus;'ubi
2983 4254 3137 4309 enim
3180 4254 3339 4326 dixit,
3385 4275 3517 4314 cum

1885 4343 2031 4395 esset
2067 4339 2239 4408 dives,
2276 4339 2479 4394 divina
2523 4346 2741 4397 natura
2782 4344 2963 4413 gloria
3010 4347 3298 4417 panditur,
3334 4355 3392 4405 et
3419 4350 3516 4406 ubi

1885 4432 2112 4504 adjecit,
2141 4448 2356 4504 pauper
2376 4432 2556 4487 factus
2583 4437 2685 4503 est,
2719 4435 2991 4493 humana
3020 4438 3365 4497 inﬁrmitatis
3392 4445 3520 4499 sub-

153 4537 258 4603 est,
284 4533 345 4587 in
374 4549 545 4587 carne
567 4532 794 4601 Christi,
823 4551 952 4605 qua
983 4534 1053 4589 de
1083 4533 1321 4588 Abraha
1346 4532 1523 4603 stirpe
1552 4532 1780 4585 descen-
1801 4538 1862 4610 D
1879 4525 2051 4596 jectio
2068 4526 2488 4580 demonstratur
2508 4531 2678 4598 atque
2700 4530 2916 4585 servilis
2938 4531 3163 4587 habitus
3182 4537 3510 4607 assumptio.

151 4625 253 4682 dit.
285 4626 595 4698 Prophetia
622 4626 684 4681 in
710 4628 944 4698 psalmis
974 4626 1078 4682 sub
1105 4644 1221 4681 una
1250 4626 1563 4697 eademque
1581 4623 1787 4679 Christi

151 4737 399 4793 persona
440 4720 518 4774 sic
566 4720 817 4776 ostendit
839 4725 1146 4792 utramque
1187 4723 1477 4787 naturam,
1507 4717 1782 4786 divinam,

150 4811 470 4867 secundum
518 4811 679 4879 illud,
732 4831 759 4863 «
791 4828 858 4865 ex
900 4815 1065 4866 utero
1112 4815 1245 4865 ante
1280 4807 1584 4865 luciferum
1612 4804 1786 4878 genui

150 4909 204 4960 te
248 4906 422 4976 (Psal.
458 4921 569 4975 cxx,
597 4908 672 4975 3),
703 4926 732 4956 »
777 4906 1108 4973 humanam,
1151 4904 1463 4959 secundum
1507 4902 1637 4969 hoc,
1671 4922 1698 4949 «
1732 4904 1788 4954 et

151 4997 322 5054 homo
351 5002 520 5054 natus
552 5002 637 5053 est
662 4998 723 5054 in
752 5016 839 5067 ea,
883 5004 940 5054 et
981 4999 1103 5070 ipse
1146 4996 1404 5053 fundavit
1445 5012 1575 5051 eam
1614 4992 1783 5066 (Psal.

150 5108 365 5163 LXXXVI,
400 5095 474 5164 ὅ),
508 5114 537 5143 ››
568 5092 843 5163 divinam,
876 5092 1194 5148 secundum
1222 5091 1361 5147 illud
1392 5108 1405 5145 :
1442 5112 1470 5140 «
1502 5086 1788 5143 Eructavit

150 5203 248 5243 cor
271 5203 472 5243 meum
500 5186 741 5242 verbum
782 5188 1000 5242 bonum
1046 5186 1215 5258 (Psal.
1248 5201 1390 5253 mv,
1417 5186 1492 5254 2),
1521 5204 1550 5233 »
1579 5180 1786 5237 huma—

150 5296 302 5350 nam,
334 5279 653 5337 secundum
690 5280 843 5336 hoc:
878 5301 907 5331 «
937 5279 1230 5352 Speciosus
1272 5278 1458 5333 forma
1500 5293 1621 5348 pra
1660 5274 1788 5329 ﬁliis

150 5370 455 5431 hominum
482 5376 648 5445 (Psal.
678 5390 825 5443 xuv,
852 5374 928 5446 8).
957 5395 985 5423 »
1031 5372 1340 5445 Prophetia
1367 5371 1428 5426 in
1473 5367 1787 5425 Proverbiis

149 5468 207 5523 in
228 5487 346 5525 una
371 5470 692 5540 eademque
711 5468 918 5523 Christi
947 5484 1192 5540 persona
1206 5466 1285 5521 sic
1309 5464 1561 5522 declarat
1577 5465 1789 5517 utram-

151 5579 257 5635 que
284 5569 578 5632 naturam,
601 5562 860 5618 divinam
884 5561 1196 5619 secundum
1222 5559 1385 5630 illud,
1418 5577 1445 5611 «
1465 5560 1598 5613 ante
1618 5556 1789 5611 colles

152 5658 349 5728 genuit
382 5673 476 5712 me
514 5657 626 5726 (Iob
656 5672 745 5727 xv,
775 5656 851 5729 '7),
883 5678 911 5707 »
948 5656 1267 5711 humanam
1305 5653 1619 5709 secundum
1655 5649 1786 5720 hoc,

158 5752 489 5807 «Dominus
548 5750 760 5806 creavit
800 5767 895 5806 me
951 5750 1012 5805 in
1056 5748 1219 5805 initio
1273 5747 1494 5802 viarum
1555 5760 1790 5801 suarum

158 5845 326 5917 (Prov.
362 5861 481 5919 VIII,
526 5847 637 5918 22);
671 5864 698 5897 ››
730 5843 980 5923 divinam
1027 5842 1343 5900 secundum
1387 5838 1548 5908 illud,
1594 5860 1622 5890 «
1654 5854 1789 5894 nec-

1886 4622 2026 4676 ltem
2070 4619 2129 4673 in
2174 4619 2297 4690 ipso
2338 4619 2500 4674 initio
2543 4622 2835 4691 apostolici
2884 4625 3128 4695 symboli
3160 4629 3389 4698 gemina
3436 4630 3517 4686 sic

1887 4713 2206 4769 ostenditur
2229 4712 2289 4767 in
2316 4729 2432 4767 uno
2478 4714 2791 4786 eodemque
2816 4716 3038 4773 Christo
3068 4724 3286 4777 natura
3314 4721 3512 4779 distin-

1887 4807 2015 4873 ctio,
2045 4806 2268 4861 deitatis
2307 4822 2375 4861 ex
2417 4808 2603 4875 Patre,
2652 4808 2791 4863 dum
2835 4809 3007 4866 dicit:
3039 4812 3218 4869 Credo
3244 4814 3304 4870 in
3335 4833 3515 4873 unum

1887 4901 2063 4955 Deum
2092 4901 2316 4954 Patrem
2342 4898 2813 4973 omnipotentem,
2847 4907 2903 4958 et
2925 4904 2986 4959 in
3010 4906 3299 4963 Christum
3322 4910 3517 4967 Jesum

1887 4993 2088 5048 Filium
2106 4994 2156 5064 ej
2166 4993 2497 5062 usunicum,
2514 4995 2823 5051 Dominum
2848 5001 3125 5071 nostrum,
3147 5001 3520 5060 humanitatis

1888 5104 1960 5142 ex
1988 5092 2189 5154 matre,
2218 5087 2357 5142 dum
2403 5084 2631 5159 adjecit,
2661 5092 2861 5144 natum
2889 5091 2958 5145 de
2988 5092 3199 5164 Spiritu
3224 5100 3420 5153 sancto
3449 5114 3521 5155 ex

1888 5183 2051 5236 utero
2083 5179 2268 5236 Maria
2295 5180 2548 5251 virginis.
2599 5183 2737 5236 Ecce
2786 5199 2851 5238 ex
2883 5187 3127 5258 utroque
3156 5188 3521 5249 Testamento

1887 5274 2015 5329 dua
2044 5277 2262 5329 natura
2292 5274 2350 5328 in
2376 5274 2618 5343 Christo,
2651 5273 2959 5333 divinitatis
2985 5296 3119 5350 una,
3146 5282 3519 5342 humanitatis

1886 5370 2083 5433 altera,
2124 5384 2260 5440 qua
2295 5365 2525 5438 quidem
2568 5368 2801 5439 gemina
2827 5387 3003 5427 unam
3036 5374 3168 5431 fecit
3190 5393 3520 5450 personam,

1888 5460 2020 5532 quia
2048 5476 2192 5514 unus
2213 5457 2482 5531 idemque
2498 5458 2779 5518 mediator
2798 5463 2894 5519 Dei
2923 5470 2979 5522 et
3001 5466 3317 5539 hominum,
3348 5473 3518 5529 homo

1886 5555 2140 5652 Christus
2162 5554 2342 5609 Jesus.
2366 5544 2403 5652 χ

1956 5646 2082 5702 lam
2124 5664 2259 5703 vero
2306 5645 2686 5720 de'passione
2713 5650 2971 5723 ejusdem
3003 5651 3302 5712 Salvatoris
3337 5658 3517 5715 nostri

1890 5744 1949 5797 et
1977 5740 2204 5796 Domini
2251 5741 2385 5796 Jesu
2428 5741 2637 5797 Christi
2680 5759 2853 5816 quam
2893 5745 2954 5801 in
2998 5747 3113 5802 sola
3142 5748 3512 5822 humanitate,

1892 5852 2006 5891 non
2028 5835 2088 5890 in
2117 5833 2328 5891 deitate
2359 5836 2646 5907 sustinuit,
2671 5838 2815 5893 sicut
2842 5839 3098 5915 superius
3128 5839 3269 5917 legis
3298 5848 3357 5903 et
3379 5861 3517 5921 pro.

3549 1026 3587 1141 Ι
