4032 6308
532 328 635 387 603

1430 323 1714 384 APPEND.
1754 323 1842 383 AD
1881 325 2040 382 SEC.
2081 319 2169 380 IX.
2201 353 2270 364 —
2306 321 2552 380 ISlDORI
2590 317 3014 379 MERCATORIS

3797 317 3901 374 604

527 439 831 510 pbetarum
855 435 1178 502 auctoritas,
1207 435 1639 506 Evangeliorum
1671 449 1894 505 quoque
1922 437 1980 487 et
2021 449 2156 502 apo-
2181 448 2239 522 Α
2261 448 2429 487 carne
2464 431 2827 502 judicantem
2851 427 3179 484 videbunt?
3221 428 3356 482 Ecce
3388 427 3804 498 pronuntiatur
3832 442 3902 481 ex

530 533 805 586 stolorum
830 530 1155 603 praedicatio
1185 528 1504 603 adhibenda
1531 529 1769 582 estzlex
1797 528 1866 582 de
1894 527 2158 598 passione
2184 520 2385 595 lege
2431 528 2488 579 et
2535 525 2849 595 prophetis.
2892 523 3062 594 Cujus
3111 521 3344 593 quidem
3388 521 3518 575 ﬁdei
3567 520 3780 575 veritas
3820 524 3904 574 est

531 625 782 696 corporis
808 600 1013 679 Christi
1042 623 1118 677 sic
1145 621 1279 676 dicit
1306 600 1384 675 :‘«
1419 621 1654 677 Lavabit
1683 621 1740 674 in
1785 621 1916 674 vino
1955 621 2158 674 stolam

531 735 711 786 suam,
741 723 795 771 et
823 717 880 770 in
907 715 1182 787 sanguine
1212 731 1332 768 uvas
1359 715 1597 786 pallium
1625 731 1791 769 suum
1824 714 1971 782 (Gen.
2015 730 2155 780 XLIX,

532 811 637 880 11).
681 832 708 860 ››
735 809 878 873 Quid
909 808 1000 863 hic
1034 809 1268 879 pallium
1288 809 1315 862 ?
1347 808 1482 879 quid
1514 809 1671 876 stola,
1701 807 1815 862 nisi
1838 824 1971 861 caro
1999 807 2154 864 Chri-

529 902 600 958 sti
645 903 915 974 passionis
961 902 1237 972 sanguine
1297 901 1608 956 decorata?
1658 902 1782 955 hate
1833 901 1987 955 enim
2043 901 2161 954 sola

527 996 896 1051 contumelias
949 995 1128 1050 crucis
1171 995 1457 1064 sustinuit,
1511 995 1715 1050 divinas
1766 1011 1900 1049 vero
1945 997 2161 1048 natura:

530 1091 793 1161 majestas
838 1089 980 1144 nihil
1025 1089 1250 1159 injuriae
1300 1088 1507 1156 sensit;
1538 1090 1815 1159 propheta
1841 1104 2064 1160 quoque
2102 1086 2160 1140 in

529 1184 760 1255 psalmis
787 1185 1112 1254 passionem
1147 1182 1354 1237 Christi
1387 1183 1444 1236 in
1475 1199 1644 1236 carne
1671 1183 1789 1237 sola
1814 1182 1890 1236 sic
1919 1180 2116 1236 asserit
2144 1197 2156 1234 :

532 1298 561 1327 ‹‹
593 1277 875 1332 Foderunt
891 1293 1094 1330 manus
1120 1292 1274 1330 meas
1298 1278 1356 1328 et
1373 1277 1544 1346 pedes
1569 1292 1746 1343 meos,
1771 1275 2162 1329 dinumerave—

531 1376 666 1425 runt
698 1370 890 1424 omnia
916 1387 1040 1424 ossa
1071 1385 1201 1423 mea
1232 1370 1396 1438 (Psal.
1427 1386 1536 1436 xxI,
1576 1368 1682 1440 17),
1721 1390 1748 1418 ››
1778 1369 1875 1422 ubi
1903 1385 2019 1421 non
2050 1367 2164 1420 dei-

531 1463 684 1530 tatis,
703 1463 804 1516 sed
819 1465 1044 1516 tantum
1057 1461 1314 1532 corporis
1326 1461 1533 1532 injuria
1545 1461 1904 1532 intelligitur.
1917 1461 1996 1514 Ibi
2008 1459 2161 1514 enim

533 1555 922 1610 membrorum
949 1555 1362 1626 signiﬁcatione
1390 1557 1507 1608 sola
1535 1572 1663 1610 caro
1694 1555 1863 1609 clavis
1890 1570 2165 1625 suspensa

533 1650 593 1704 in
626 1650 782 1720 ligno
807 1654 976 1720 atque
1007 1648 1211 1702 sufﬁxa
1252 1648 1677 1718 pronuntiatur,
1726 1648 1870 1702 sicut
1901 1651 1959 1701 et
1983 1648 2042 1700 in
2071 1648 2160 1700 Je-

534 1743 716 1798 remia
746 1743 972 1814 legitur,
999 1764 1027 1791 «
1049 1740 1270 1809 Venite,
1300 1741 1597 1796 mittamus
1623 1741 1849 1811 lignum
1869 1741 1928 1794 in
1955 1757 2162 1814 panem

2259 623 2372 672 tam
2428 618 2653 684 efﬁcax,
2709 621 2771 670 ut
2825 633 2954 671 eam
3013 632 3115 670 nec
3165 615 3396 686 tyranni
3447 631 3546 668 sua
3603 612 3904 684 potuerint

2259 711 2598 765 crudelitate
2643 710 3013 775 confundere,
3059 725 3166 763 nec
3210 698 3611 762 hazretiCorum
3664 707 3902 761 subdola

2260 804 2666 858 circumventio
2707 803 3071 874 pessundare,
3109 817 3214 856 nec
3261 801 3689 872 hypocritarum
3732 801 3900 854 dimi-

2263 914 2439 951 nuerc
2467 898 2641 951 fallax
2663 897 2965 951 simulatio.

2332 994 2704 1046 Transeamus
2751 990 2889 1044 inde
2943 990 3011 1044 ad
3061 989 3393 1060 Evangelia,
3444 987 3521 1042 ibi
3573 1004 3903 1059 quaeramus

2261 1084 2549 1141 Christum
2593 1084 2795 1139 Filium
2841 1084 2940 1137 Dei
2969 1083 3030 1138 in
3067 1084 3190 1138 sola
3216 1099 3380 1137 carne
3407 1085 3668 1153 portasse
3692 1081 3900 1136 valitu-

2264 1176 2425 1232 dines
2457 1177 2723 1248 passionis
2750 1182 2805 1231 et
2835 1177 3104 1248 injuriam
3128 1175 3330 1246 crucis,
3360 1177 3634 1247 loquente
3661 1175 3788 1246 ipso
3816 1175 3900 1228 di-

2263 1271 2492 1342 scipulis
2519 1288 2531 1325 :
2566 1294 2593 1320 ‹‹
2623 1273 2763 1324 Ecce
2791 1271 3149 1325 ascendimus
3193 1269 3632 1340 Jerosolymam,
3675 1272 3736 1322 et
3765 1285 3900 1322 con-

2262 1364 2708 1418 summabuntur
2730 1364 2925 1419 omnia
2940 1380 3067 1435 qua:
3093 1363 3301 1433 scripta
3321 1365 3452 1417 sunt
3470 1378 3575 1432 per
3591 1362 3902 1432 prophetas

2263 1458 2333 1512 de
2357 1457 2492 1511 Filio
2522 1456 2790 1526 hominis,
2817 1458 3076 1512 tradetur
3101 1456 3258 1512 enim
3285 1455 3571 1527 gentibus,
3606 1457 3664 1509 et
3692 1455 3897 1509 illude-

2263 1557 2358 1606 tur
2384 1557 2440 1606 et
2466 1551 2864 1622 ﬁagellabitur,
2891 1554 2950 1604 et
2984 1555 3348 1622 conspuetur,
3376 1552 3434 1604 et
3455 1554 3763 1620 postquam
3797 1550 3899 1602 tla-

2265 1644 2616 1715 gellaverint,
2649 1643 2906 1699 occident
2949 1661 3099 1714 eum,
3132 1649 3189 1698 et
3212 1643 3271 1696 in
3309 1642 3400 1698 die
3437 1643 3609 1696 tertia
3637 1646 3904 1711 resurget

2265 1737 2413 1808 (Luc.
2445 1755 2599 1809 vaII,
2628 1741 2716 1802 31,
2751 1740 2860 1809 33),
2892 1759 2918 1787 »
2950 1737 3101 1808 quod
3137 1741 3322 1792 totum
3353 1736 3415 1790 in
3444 1735 3668 1790 Christo
3694 1751 3901 1790 secun-

535 1836 656 1906 cjus
687 1836 812 1904 (εἶεν.
844 1851 917 1901 XI,
953 1837 1058 1904 19),
1091 1856 1118 1883 ››
1153 1835 1207 1888 id
1237 1839 1342 1900 est,
1371 1851 1594 1889 crucem
1639 1835 1697 1888 in
1747 1847 1982 1905 corpore
2019 1834 2158 1904 ejus.
2185 1822 2241 1894 B
2266 1831 2402 1885 dum
2427 1831 2722 1886 hominem
2745 1831 3110 1900 dictum,non
3143 1831 3213 1886 ad
3242 1829 3612 1884 substantiam
3645 1829 3900 1894 deitatis,

534 1929 728 2000 Neque
755 1929 908 1983 enim
940 1928 1201 1984 divinitas
1224 1928 1380 1998 ligno
1406 1929 1677 2000 suspendi
1701 1928 1908 1999 potuit,
1929 1928 2028 1982 sed
2049 1928 2165 1980 sola

534 2021 859 2076 humanitas
895 2021 955 2076 in
1004 2037 1169 2076 cruce
1210 2020 1412 2076 sufﬁxa
1460 2022 1746 2092 pependit.
1793 2021 1963 2091 Cujus
1993 2021 2166 2075 etiam

533 2133 662 2171 caro
688 2115 1053 2170 tolerantiam
1080 2115 1280 2170 mortis
1309 2132 1576 2187 perpessa
1594 2115 1670 2169 sic
1691 2115 2010 2170 ostenditur
2029 2115 2162 2168 alibi

533 2208 669 2262 dum
697 2207 943 2262 dicitur:
981 2228 1009 2260 «
1039 2209 1178 2263 Caro
1223 2224 1353 2262 mea
1392 2208 1706 2279 requiescet
1754 2208 1814 2263 in
1856 2223 1952 2278 spe
1999 2207 2160 2276 (Psal.

533 2318 625 2370 xv,
653 2303 725 2370 9),
756 2321 782 2352 »
811 2301 1008 2372 utique
1036 2301 1168 2372 quia
1206 2302 1322 2355 sola
1366 2301 1426 2355 in
1469 2301 1684 2357 Christo
1713 2300 1948 2355 materia
1978 2300 2164 2354 carnis

533 2395 730 2450 mortis
761 2395 1069 2465 fragilitate
1103 2394 1389 2462 defuncta,
1412 2411 1571 2466 spem
1596 2393 2026 2449 resurrectionis
2046 2410 2160 2447 suae

533 2488 917 2559 exspectabat,
962 2493 1018 2543 et
1064 2488 1183 2542 sine
1227 2489 1593 2559 corruptione
1635 2492 1993 2558 recepturam
2022 2488 2161 2542 dum

532 2581 730 2652 adjicit
758 2598 769 2636 :
803 2582 960 2635 «Nec
983 2581 1141 2636 dabis
1161 2587 1418 2636 sanctum
1438 2587 1602 2635 tuum
1629 2581 1822 2635 videre
1855 2580 2164 2652 corruptio-

532 2691 667 2729 nem
710 2675 854 2744 (Act.
890 2691 947 2738 II,
994 2677 1102 2746 27).
1143 2698 1172 2724 »
1225 2676 1493 2731 Salomon
1551 2678 1744 2731 autem
1801 2675 1860 2728 in
1918 2674 2163 2729 Canticis

531 2769 882 2823 canticorum
909 2769 1234 2839 passionem
1260 2769 1447 2823 carnis
1475 2768 1677 2824 Christi
1722 2768 1801 2823 sic
1844 2768 2162 2839 praedicans

533 2862 669 2916 dicit
702 2879 715 2915 :
752 2884 779 2912 «
809 2861 999 2916 Manus
1024 2878 1170 2916 mea;
1213 2861 1626 2916 distillaverunt
1652 2862 1963 2933 myrrham,
1997 2865 2052 2915 et
2077 2860 2158 2915 di-

535 2955 636 3026 giti
663 2955 779 3008 mei
808 2957 1026 3025 guttam
1055 2955 1230 3024 (Cant.
1261 2972 1314 3021 v,
1347 2957 1419 3023 5),
1455 2977 1482 3004 ››
1517 2953 1614 3008 ubi
1639 2955 1957 3025 specialiter
1981 2960 2164 3008 osten-

533 3049 686 3104 ditur
727 3048 788 3102 in
831 3047 1095 3103 manibus
1134 3065 1198 3102 ac
1240 3049 1433 3120 digitis
1472 3049 1646 3103 solam
1683 3065 1912 3103 carnem
1958 3049 2162 3104 Christi

532 3141 768 3196 inﬁxam
817 3139 1029 3211 stipite,
1075 3141 1220 3196 sicut
1259 3141 1316 3195 in
1361 3142 1576 3212 psalmo
1618 3143 1928 3197 centesimo
1971 3147 2162 3196 octavo

534 3235 756 3290 decimo
783 3233 996 3305 legitur
1021 3253 1034 3289 :
1070 3256 1097 3284 ‹‹
1128 3234 1360 3307 Conﬁge
1410 3236 1577 3291 clavis
1607 3236 1825 3291 timoris
1855 3236 1938 3290 tui
1967 3252 2163 3290 carnes

533 3345 692 3384 meas
721 3329 888 3398 (Psal.
938 3345 1119 3400 CLvIII,
1159 3330 1297 3400 120).
1350 3351 1379 3379 »
1434 3329 1603 3385 Isaias
1646 3333 1838 3385 autem
1878 3330 2164 3386 Christum

531 3422 590 3477 in
618 3424 739 3476 sola
753 3422 1110 3478 humanitate
1127 3439 1257 3495 quae
1285 3423 1570 3496 apparuit,
1591 3424 1872 3496 passionis
1894 3423 2162 3495 injuriam

533 3515 840 3588 suscepisse
883 3517 961 3572 ita
1001 3517 1260 3590 praedixit
1294 3536 1307 3572 :
1345 3541 1371 3567 «
1405 3519 1612 3589 Homo,
1641 3518 1845 3590 inquit,
1885 3518 1946 3573 in
1992 3519 2165 3589 plaga

533 3612 589 3666 et
614 3610 792 3666 sciens
843 3610 992 3666 ferre
1023 3611 1405 3682 inﬁrmitates,
1438 3629 1568 3667 vere
1597 3612 1902 3683 languores
1939 3616 2165 3667 nostros

529 3704 650 3775 ipse
680 3704 926 3775 portavit
973 3704 1101 3775 (Isa.
1129 3721 1241 3772 LIII,
1280 3705 1353 3776 4);
1395 3725 1423 3757 »
1473 3707 1600 3776 quis
1651 3706 1772 3776 ipse
1816 3705 1923 3760 nisi
1968 3705 2165 3777 utique

529 3797 742 3852 homo?
781 3798 923 3852 Nam
950 3799 1086 3868 pati,
1117 3803 1173 3852 et
1198 3799 1441 3853 deficere
1477 3799 1538 3852 in
1564 3798 1661 3852 illo
1689 3803 1894 3853 natura
1921 3799 2019 3853 Dei
2046 3816 2162 3852 non

531 3891 738 3963 potuit,
768 3889 867 3944 sed
897 3891 1074 3944 homo
1101 3889 1346 3961 portavit
1375 3891 1434 3944 in
1471 3908 1538 3944 eo
1570 3892 1896 3961 passionem
1925 3897 1980 3946 et
2006 3908 2163 3945 mor-

530 3990 670 4050 tem,
697 3983 758 4037 in
784 3999 898 4054 quo
933 3987 992 4037 et
1028 3984 1151 4054 ipsa
1190 3999 1342 4038 mors
1368 3983 1543 4038 habet
1572 3984 1979 4039 conditionem.
2023 3987 2164 4039 Nam

533 4093 664 4130 cum
692 4090 825 4130 eum
853 4076 1063 4130 diceret
1087 4075 1280 4132 venire
1311 4077 1379 4131 de
1405 4075 1565 4131 Edon
1599 4076 1789 4131 tinctis
1815 4077 2065 4133 vestibus
2093 4079 2163 4132 de

536 4167 701 4223 Bosra
752 4169 1001 4240 adjecit:
1039 4191 1065 4218 «
1101 4169 1288 4234 Quare
1334 4169 1574 4224 rubrum
1631 4172 1715 4224 est
1766 4171 2164 4227 vestimentum

534 4265 716 4331 tuum,
739 4265 796 4317 et
820 4262 1223 4318 indumentum
1251 4267 1416 4318 tuum
1446 4266 1721 4336 tanquam
1751 4265 2164 4320 calcantiumin

533 4357 845 4412 torculari?
887 4357 1013 4428 (Isa.
1044 4373 1191 4425 LXIII,
1223 4357 1300 4428 2.)
1336 4379 1358 4406 »
1401 4356 1543 4422 Quid
1573 4357 1664 4412 hic
1706 4375 1810 4430 per
1852 4357 2161 4414 vestimen-

533 4455 658 4505 tum
689 4466 858 4505 suum
899 4454 1176 4521 tanquam
1224 4449 1564 4506 calcantium
1595 4449 1654 4505 in
1685 4453 1949 4507 torculari
1968 4454 1995 4507 ?
2019 4453 2164 4518 Quid

2264 1924 2360 1978 sed
2391 1924 2466 1978 ad
2503 1930 2770 1979 naturam
2800 1925 3051 1996 pertinet
3091 1925 3298 1994 carnis,
3328 1925 3484 1995 quod
3517 1925 3693 1978 etiam
3725 1923 3789 1977 in
3817 1939 3902 1978 se-

2263 2019 2568 2090 quentibus
2587 2019 2839 2086 docetur,
2855 2018 3068 2074 Judaeis
3089 2018 3405 2074 dicentibus
3417 2017 3662 2088 Christo,
3687 2035 3714 2068 ‹‹
3737 2016 3906 2080 Quod

2263 2111 2493 2183 signum
2539 2111 2787 2168 ostendis
2840 2112 3023 2179 nobis,
3054 2113 3188 2184 quia
3228 2113 3336 2167 hoc
3378 2111 3561 2166 facis?
3617 2112 3793 2180 (Joan.
3841 2127 3900 2178 II,

2268 2208 2371 2273 18.)
2405 2224 2431 2257 ››
2479 2207 2546 2260 Et
2592 2206 2732 2260 dixit
2771 2207 2932 2260 Jesus
2971 2223 2984 2260 :
3035 2227 3062 2254 «
3096 2206 3301 2261 Solvite
3342 2205 3448 2259 hoc
3489 2205 3796 2275 templum,
3848 2207 3905 2256 et

2262 2303 2391 2370 post
2434 2298 2690 2353 triduum
2739 2299 3016 2354 suscitabo
3057 2299 3196 2354 illud
3240 2299 3417 2370 (Joan.
3468 2314 3526 2366 II,
3573 2299 3680 2366 19),
3714 2318 3737 2347 ››
3798 2298 3902 2350 hoc

2264 2397 2455 2447 autem
2484 2392 2622 2446 dixit
2649 2393 2717 2448 de
2747 2393 2963 2464 templo
3005 2393 3255 2463 corporis
3285 2392 3391 2460 sui,
3419 2407 3556 2446 nam
3586 2396 3643 2445 et
3671 2391 3729 2444 in
3771 2407 3900 2462 pas-

2264 2485 2423 2540 sione
2479 2502 2601 2552 sua,
2653 2485 2791 2540 dum
2837 2487 3150 2557 corripiens
3204 2486 3579 2558 proditorem,
3632 2485 3899 2539 diceret:

2266 2580 2477 2646 «Juda,
2525 2581 2714 2634 osculo
2769 2579 2974 2633 Filium
3019 2580 3268 2634 hominis
3306 2578 3520 2634 tradis?
3561 2577 3711 2648 (Luc.
3761 2594 3901 2643 xin,

2261 2674 2371 2744 48.)
2401 2696 2428 2723 »
2462 2673 2642 2736 Quem
2672 2673 2897 2728 tradere
2923 2673 3274 2744 proditorem
3302 2672 3599 2744 signiﬁcat,
3633 2671 3744 2725 nisi
3790 2672 3901 2725 ho-

2262 2766 2480 2820 minem
2521 2783 2692 2837 quem
2728 2769 2787 2820 et
2815 2767 3411 2838 comprehenderunt?
3452 2766 3574 2820 Non
3620 2765 3902 2819 deitatem

2262 2876 2432 2930 quam
2479 2860 2668 2914 caecati
2722 2860 2960 2931 perﬁdia
3016 2877 3329 2932 agnoscere
3390 2876 3509 2915 non
3564 2862 3900 2930 potuerunt,

2265 2953 2468 3008 Beatus
2494 2957 2685 3007 autem
2718 2953 3004 3024 apostolus
3029 2955 3237 3008 Paulus
3262 2954 3545 3009 Christum
3571 2954 3632 3006 in
3663 2953 3902 3008 homine

2263 3047 2446 3100 solum
2471 3047 2769 3118 pertulisse
2796 3063 3024 3102 crucem
3055 3047 3133 3102 sic
3163 3047 3366 3102 asserit
3396 3064 3408 3103 :
3445 3068 3474 3098 «
3501 3049 3570 3103 Ut
3593 3047 3791 3113 homo,
3820 3047 3904 3101 in-

2264 3139 2405 3211 quit,
2450 3139 2770 3194 humiliavit
2816 3140 3208 3212 semetipsum,
3251 3141 3429 3195 factus
3481 3140 3756 3196 obediens
3803 3157 3897 3195 us-

2269 3188 2405 3211 ‘l""7
2450 3188 2769 3194 ““““”““““’““’“⁷
2817 3188 3208 3212 ⁷⁷⁸⁵“”ἰ’”“’““⁴“7
3253 3188 3426 3195 ““’⁹“”
3486 3188 3752 3196 “’”“’“’““⁷““”
3808 3188 3870 3195 ’⁵⁷

2184 3188 2374 3306 Cque
2422 3234 2494 3289 ad
2540 3237 2809 3303 mortem,
2856 3237 3100 3290 mortem
3147 3239 3339 3289 autem
3369 3234 3548 3290 crucis
3585 3235 3810 3306 (Philip.
3841 3252 3899 3304 II,

2264 3331 2336 3397 8).
2362 3347 2389 3380 »
2436 3329 2547 3392 Qui
2582 3327 2823 3399 proinde
2856 3328 2997 3382 dixit
3044 3333 3106 3384 ut
3152 3329 3343 3398 homo,
3376 3333 3441 3383 ut
3477 3329 3902 3401 nuncupatione

2265 3422 2513 3477 hominis
2560 3421 2842 3477 distinctio
2896 3427 3120 3477 naturas
3166 3422 3552 3478 insinuaretur
3595 3423 3899 3495 passibilis,

2263 3520 2414 3591 quod
2462 3519 2808 3575 conﬁrmans
2861 3520 3000 3574 alias
3042 3521 3123 3574 ait
3166 3538 3179 3574 :
3230 3542 3257 3570 «
3298 3523 3386 3574 An
3439 3522 3899 3592 experimentum

2263 3614 2516 3686 quaeritis
2543 3614 2665 3684 ejus
2693 3614 2793 3685 qui
2819 3614 2878 3668 in
2909 3631 2999 3669 me
3025 3614 3281 3685 loquitur
3306 3615 3562 3670 Christus
3582 3616 3610 3670 ?
3651 3616 3751 3688 qui
3778 3633 3900 3671 non

2266 3707 2608 3777 inﬁrmatur,
2641 3709 2738 3763 sed
2769 3711 2968 3778 potens
2994 3711 3078 3762 est
3104 3708 3163 3762 in
3186 3707 3363 3763 vobis.
3405 3709 3547 3763 Nam
3596 3713 3653 3763 et
3690 3708 3736 3762 si
3776 3726 3902 3764 cru-

2265 3799 2463 3856 ciﬁxus
2493 3803 2578 3855 est
2615 3819 2679 3856 ex
2727 3801 3075 3870 inﬁrmitate,
3129 3801 3224 3856 sed
3270 3801 3405 3857 vivit
3452 3820 3522 3856 ex
3562 3801 3770 3857 virtute
3799 3803 3900 3858 Dei

2266 3894 2342 3966 (Π
2362 3897 2481 3952 Cor.
2518 3911 2632 3961 XIII,
2663 3897 2772 3965 34).
2802 3917 2830 3944 ››
2862 3897 3063 3950 Passus
3089 3898 3176 3949 est
3204 3912 3343 3966 ergo
3375 3895 3629 3972 Christus
3658 3900 3714 3950 et
3738 3913 3896 3952 mor-

2267 3991 2417 4055 tuus,
2449 3988 2544 4042 sed
2583 4004 2652 4043 ex
2685 3992 2874 4044 nostra
2918 3989 3272 4058 inﬁrmitate,
3307 3987 3439 4044 vivit
3461 3975 3656 4044 autem
3685 3990 3899 4062 impas-

2265 4085 2440 4140 sibilis
2464 4091 2520 4141 et
2545 4087 2905 4154 immortalis,
2937 4087 3035 4142 sed
3075 4105 3140 4142 ex
3182 4104 3283 4142 sua
3313 4087 3541 4157 virtute,
3573 4105 3702 4159 quae
3735 4092 3898 4144 tanta

2267 4185 2370 4246 est,
2396 4181 2462 4234 ut
2489 4177 2547 4234 in
2570 4196 2627 4235 se
2655 4197 2759 4236 nec
2785 4181 3112 4253 passionem
3135 4181 3388 4251 recipiat,
3405 4197 3507 4236 nec
3532 4187 3781 4238 mortem
3802 4183 3900 4238 ad-

2265 4272 2472 4328 mittat.
2503 4275 2699 4328 Petrus
2726 4291 2956 4346 quoque
2985 4276 3292 4346 apostolus,
3320 4274 3586 4347 princeps
3615 4277 3900 4347 apostolo-

2263 4382 2414 4434 rum,
2445 4367 2651 4422 Christi
2697 4367 3038 4439 supplicium
3083 4369 3161 4423 sic
3204 4369 3478 4439 praedicat
3517 4369 3576 4423 in
3612 4370 3733 4424 solo
3771 4387 3896 4425 cor-

2262 4476 2403 4530 pore
2429 4465 2891 4516 consummatum
2923 4479 2936 4514 :
2978 4483 3005 4510 ‹‹
3031 4461 3137 4526 Qui
3179 4464 3432 4533 peccata,
3462 4461 3667 4533 inquit,
3700 4466 3900 4519 nostra

531 4544 626 4598 hic
667 4560 771 4616 per
805 4543 1204 4598 indumentum
1254 4547 1311 4598 et
1353 4543 1752 4600 vestimentum
1800 4547 2038 4601 rubrum
2075 4554 2499 4632 vo-Dpertulit
2545 4555 2602 4609 in
2648 4571 2885 4627 corpore
2929 4571 3030 4610 suo
3077 4572 3250 4627 super
3289 4556 3531 4627 lignum,
3558 4561 3623 4610 ut
3652 4557 3898 4627 peccatis

529 4636 641 4693 luit
664 4637 981 4704 ostendere,
1031 4635 1136 4691 nisi
1187 4639 1364 4693 solam
1395 4638 1600 4694 Christi
1631 4639 1814 4694 carnis
1840 4640 2163 4712 passionem

533 4730 714 4786 crucis
765 4730 1033 4785 infectam
1088 4745 1286 4787 cruore
1321 4733 1348 4786 Ὺ
1403 4732 1559 4787 Unde
1608 4737 1664 4787 et
1724 4733 1847 4804 ipsa
1903 4734 2163 4806 passione

535 4821 834 4896 chlamyde
865 4823 1123 4880 coccinea
1150 4824 1404 4881 Christus
1431 4826 1705 4896 induitur,
1724 4833 1788 4883 ut
1811 4829 2003 4900 imago
2028 4847 2160 4885 san-

537 4919 725 4992 guinis
776 4920 996 4972 tantum
1050 4917 1107 4973 in
1162 4936 1330 4974 carne
1385 4920 1826 4976 demonstretur.
1892 4923 2163 4978 Jcremias

535 5027 764 5084 quoque
790 5027 994 5082 corpus
1011 5028 1178 5067 suum
1197 5013 1466 5069 obtulisse
1495 5013 1784 5070 Christum
1812 5015 1871 5069 in
1901 5016 2163 5087 passione

535 5105 615 5161 sic
645 5105 896 5177 loquitur
929 5124 942 5161 :
980 5126 1007 5159 ‹‹
1038 5107 1158 5161 Non
1198 5124 1346 5177 sum,
1376 5106 1586 5179 inquit,
1622 5112 1950 5177 contumax,
1978 5126 2163 5181 neque

534 5199 877 5268 contradico,
924 5217 1125 5273 corpus
1162 5219 1358 5258 meum
1391 5200 1519 5257 dedi
1547 5202 1994 5273 percutientibus
2034 5203 2160 5274 (Isa.

533 5307 584 5361 L,
619 5293 691 5362 6),
721 5315 748 5343 »
780 5310 896 5349 non
922 5294 1059 5350 dixit
1085 5295 1440 5351 divinitatem
1471 5312 1600 5367 quae
1635 5295 1959 5366 passionem
1985 5296 2165 5351 nescit

530 5387 801 5459 perferre.
863 5390 929 5443 Et
979 5389 1187 5445 iterum
1231 5407 1244 5444 :
1293 5411 1322 5438 «
1358 5388 1527 5444 Posui
1585 5389 1840 5461 scapulas
1893 5405 2045 5444 meas
2091 5390 2163 5444 ad

530 5481 772 5554 ﬂagella,
802 5482 1060 5538 maxillas
1086 5482 1158 5537 ad
1176 5481 1402 5553 palmas
1423 5481 1625 5553 (Ibid),
1654 5503 1681 5535 »
1705 5482 1861 5555 quod
1894 5487 1950 5537 et
1977 5483 2164 5556 ipsum

532 5582 602 5637 ad
633 5581 817 5636 carnis
845 5581 1204 5652 patientiam,
1235 5596 1348 5634 non
1380 5579 1454 5634 ad
1484 5581 1711 5636 deitatis
1740 5583 1988 5638 refertur
2012 5583 2160 5655 inju-

531 5675 701 5730 riam.
719 5676 788 5729 Et
805 5673 1100 5728 Zacharias
1125 5692 1138 5728 :
1165 5694 1191 5721 ‹‹
1216 5671 1520 5744 Videbunt,
1547 5675 1754 5747 inquit,
1771 5675 1828 5729 in
1849 5693 2016 5748 quem
2036 5694 2165 5732 con-

533 5768 785 5821 ﬁxerunt
813 5766 990 5837 (Zach.
1023 5782 1118 5834 xu,
1154 5767 1260 5835 10);
1292 5787 1320 5815 ››
1352 5782 1527 5836 quem
1551 5768 1747 5837 alium,
1793 5769 1901 5825 nisi
1933 5771 2162 5826 indubi-

538 5861 725 5913 tanter
765 5857 1059 5912 hominem
1103 5873 1274 5928 quem
1322 5858 1507 5914 Judaei
1545 5861 1971 5932 cruciﬁxerunt,
2015 5869 2071 5919 et
2104 5862 2163 5917 in

2264 4648 2491 4716 mortui,
2513 4648 2750 4719 justiﬁes
2788 4648 3124 4717 viveremus,
3156 4649 3319 4720 cujus
3357 4649 3533 4704 livore
3579 4651 3768 4705 sanati
3801 4669 3896 4706 su-

2263 4758 2390 4795 mus
2415 4741 2457 4813 (l
2487 4745 2629 4797 Petr.
2659 4759 2718 4810 II,
2749 4743 2858 4814 24);
2893 4765 2922 4794 ››
2953 4748 3008 4797 et
3035 4743 3202 4815 paulo
3229 4748 3393 4814 post:
3422 4743 3689 4799 «Christo
3717 4744 3898 4816 igitur

2263 4851 2429 4906 passo
2449 4835 2511 4890 in
2539 4853 2724 4892 carne.
2746 4858 2774 4886 »
2799 4837 2945 4908 Ergo
2969 4837 3014 4891 si
3033 4837 3284 4893 Christus
3310 4837 3370 4891 in
3405 4853 3573 4892 carne
3592 4853 3792 4908 passus
3813 4845 3897 4894 est

2265 4945 2381 4984 non
2401 4930 2716 4984 secundum
2735 4930 2935 4998 Deum,
2953 4930 3052 4985 sed
3070 4931 3381 4986 secundum
3397 4931 3697 4986 hominem
3719 4932 3896 4987 cruci-

2262 5021 2428 5077 ﬁxus.
2474 5025 2613 5078 Ecce
2662 5024 2952 5096 perpatuit
2991 5024 3061 5079 de
3087 5025 3222 5080 Filio
3252 5025 3353 5079 Dei
3379 5025 3534 5097 quod
3563 5042 3761 5096 passus
3789 5032 3891 5097 est,

2263 5117 2413 5188 quod
2439 5123 2696 5173 mortuus
2735 5123 2834 5187 est,
2879 5118 3129 5189 corporis
3156 5121 3379 5173 tantum
3405 5118 3600 5189 fuisse,
3629 5136 3747 5174 non
3777 5120 3893 5175 dei-

2262 5210 2410 5264 tatis.
2440 5211 2636 5266 Aliena
2663 5217 2796 5267 sunt
2835 5211 2990 5267 enim
3016 5211 3120 5266 ista
3147 5211 3218 5267 de
3242 5229 3332 5282 eo,
3355 5214 3593 5268 testante
3614 5214 3898 5284 propheta

2264 5302 2333 5357 de
2364 5303 2494 5359 illo:
2533 5327 2561 5354 ‹‹
2591 5307 2738 5360 Deus
2786 5305 3166 5378 sempiternus
3196 5307 3472 5361 Dominus
3516 5324 3713 5362 creans
3756 5307 3899 5363 ﬁnes

2264 5397 2451 5467 terra),
2497 5415 2615 5452 non
2657 5398 2958 5470 laborabit,
2987 5415 3174 5471 neque
3206 5400 3431 5455 deﬁciet
3459 5400 3580 5469 (Isa.
3612 5417 3697 5468 xL,
3723 5403 3836 5472 28),
3868 5425 3893 5450 »

2264 5496 2320 5546 et
2344 5491 2402 5545 in
2432 5491 2652 5562 psalmo
2683 5509 2696 5545 :
2733 5514 2762 5541 ‹‹
2787 5494 2866 5547 Tu
2896 5495 3089 5547 autem
3115 5493 3266 5548 idem
3296 5494 3418 5564 ipse
3446 5510 3524 5564 es,
3558 5499 3614 5549 et
3643 5495 3785 5548 anni
3813 5496 3897 5550 tui

2263 5601 2378 5638 non
2410 5584 2677 5639 deﬁcient
2705 5586 2871 5656 (Psal.
2899 5603 2970 5656 Cl,
3001 5588 3110 5655 28);
3143 5609 3170 5636 »
3202 5604 3399 5642 omnes
3429 5587 3580 5643 enim
3631 5589 3690 5641 in
3741 5589 3899 5645 Chri-

2264 5681 2349 5732 sto
2377 5677 2736 5734 inﬁrmitates
2764 5680 3092 5735 humanitas
3118 5681 3236 5734 sola
3259 5681 3523 5752 portavit.
3570 5683 3711 5736 Caro
3740 5683 3898 5737 enim

2265 5770 2467 5826 habuit
2491 5773 2710 5844 vagitus
2739 5774 2986 5842 infantis,
3018 5791 3131 5828 non
3160 5774 3442 5830 divinitas.
3474 5776 3615 5830 Caro
3645 5780 3732 5830 est
3757 5792 3900 5847 pan-

2264 5865 2352 5920 nis
2380 5865 2655 5936 involuta,
2683 5883 2800 5922 non
2823 5866 3018 5923 deitas.
3041 5868 3182 5923 Caro
3207 5868 3408 5923 habuit
3432 5867 3721 5924 alimenta.
3751 5871 3897 5927 Caro
