4032 6316
255 319 364 374 605

1470 331 1943 400 DECRETALIUM
1982 344 2382 418 COLLECTIO.

3527 375 3628 434 606

243 448 491 519 portavit
514 454 747 508 aetatum
777 459 1138 514 commercia.
1180 461 1321 517 Nam
1349 468 1403 518 et
1432 466 1587 537 quod
1617 468 1882 540 fatigatus
1905 464 1962 538 Α
1982 460 2205 514 caturus
2235 460 2306 515 de
2333 461 2470 517 vivis
2516 480 2580 520 ac
2625 469 2888 525 mortuis.
2941 473 3180 530 Prolatis
3221 494 3358 549 ergo
3393 481 3528 537 Novi
3561 503 3624 540 ac

245 547 351 608 est,
377 544 526 613 quod
538 547 748 614 esuriit,
766 551 1220 624 quod_dormivit,
1239 557 1391 626 quod
1403 558 1578 627 ﬂevit,
1595 565 1744 633 quod
1757 580 1886 634 pas-

242 634 392 689 sioni
418 638 716 707 proximus
730 641 904 698 tristis
929 645 1054 713 fuit,
1077 648 1230 718 quod
1251 655 1540 720 postremo
1566 654 1747 726 ipsam
1765 675 1888 728 pas-

243 728 468 784 sionem
496 737 551 786 et
579 734 776 790 mortis
816 738 1204 796 conditionem
1245 745 1528 816 sustinuit,
1562 751 1742 804 totum
1779 751 1887 806 hoc

243 822 319 876 ad
351 822 746 883 inﬁrmitatem
772 831 1023 900 pertinet
1055 834 1570 907 humanitatis,non
1587 842 1656 897 ad
1673 843 1888 899 incom-

238 916 683 986 prehensibilem
717 923 1083 981 substantiam
1132 927 1374 985 deitatis.
1423 933 1577 988 Unus
1617 939 1702 990 est
1733 939 1886 993 enim

238 1009 496 1064 Christus
531 1013 676 1069 Deus
715 1022 771 1071 et
813 1018 1010 1087 homo,
1045 1038 1172 1077 caro
1200 1025 1258 1076 et
1296 1025 1563 1081 Verbum.
1598 1029 1701 1084 Sed
1727 1033 1884 1086 unde

243 1102 410 1174 Deus,
443 1105 574 1161 inde
604 1107 774 1164 habet
807 1111 1315 1185 immortalitatem,
1345 1120 1498 1175 unde
1525 1121 1718 1192 homo,
1749 1124 1883 1180 inde

240 1198 479 1267 pertulit
494 1200 843 1275 passionem,
861 1211 917 1260 et
937 1208 1085 1263 unde
1103 1225 1252 1278 caro,
1274 1211 1407 1266 inde
1424 1220 1699 1286 mortuus,
1717 1221 1772 1272 et
1785 1236 1886 1273 un-

241 1289 313 1344 de
326 1292 600 1362 Verbum,
615 1295 746 1351 inde
758 1301 1023 1355 aeternus.
1047 1305 1238 1374 Neque
1263 1305 1414 1359 enim
1434 1311 1619 1377 potest
1635 1327 1754 1366 esse
1770 1312 1886 1366 dei-

237 1387 357 1438 tate
384 1386 685 1456 passibilis,
715 1391 812 1461 qui
832 1398 917 1448 est
936 1394 1141 1451 virtute
1166 1402 1423 1468 paternae
1446 1401 1639 1472 gloriae
1666 1408 1884 1460 naturae

235 1479 490 1549 aequalis,
529 1482 684 1537 unde
713 1485 863 1539 Patri
895 1486 1222 1560 derogatur,
1255 1492 1393 1547 dum
1423 1499 1623 1551 natura
1655 1496 1881 1554 deitatis

233 1569 294 1625 in
327 1572 464 1627 Filio
479 1575 762 1645 passibilis
785 1579 1056 1637 creditur.
1086 1583 1226 1638 Nam
1254 1585 1300 1638 si
1327 1603 1445 1641 una
1466 1590 1642 1644 Patris
1670 1595 1727 1645 et
1755 1593 1881 1648 Filii

233 1664 551 1721 substantia
577 1671 680 1736 est,
699 1670 896 1742 utique
913 1673 1057 1728 sicut
1071 1678 1257 1746 Pater,
1279 1678 1358 1734 ita
1375 1685 1428 1734 et
1451 1682 1620 1737 Filius
1635 1683 1877 1741 immor-

233 1758 385 1812 talis.
434 1760 504 1814 Et
534 1777 641 1832 ego
671 1765 728 1816 et
750 1766 917 1821 Pater
950 1784 1132 1824 unum
1172 1788 1388 1839 sumus,
1440 1775 1585 1830 sicut
1621 1777 1678 1831 in
1711 1780 1878 1835 Patre

232 1867 351 1906 non
381 1857 468 1907 est
493 1870 664 1925 mors,
700 1855 777 1911 ita
801 1875 906 1914 nec
936 1861 996 1915 in
1022 1863 1120 1916 Dei
1146 1864 1280 1919 Filio
1307 1882 1482 1922 mors.
1517 1871 1584 1923 Et
1611 1871 1656 1925 si
1677 1888 1875 1928 verum

233 1949 340 2011 est,
381 1947 581 2002 omnia
610 1963 739 2021 quae
768 1951 942 2008 habet
963 1955 1130 2010 Pater
1155 1974 1283 2012 mea
1306 1965 1455 2029 sunt,
1480 1978 1616 2033 ergo
1635 1963 1871 2021 immor-

232 2038 424 2094 talitas
470 2041 648 2096 Patris
691 2057 822 2100 cum
867 2046 1003 2102 Filio
1046 2053 1366 2107 communis
1395 2058 1495 2108 est.
1527 2057 1689 2125 Nam,
1719 2061 1873 2130 quod

231 2132 314 2186 ait
329 2134 630 2204 Apostolus
658 2135 728 2190 de
755 2137 1078 2197 inﬁdelium
1099 2143 1439 2216 ignorantia,
1472 2170 1500 2198 «
1529 2149 1584 2205 Si
1603 2151 1758 2206 enim
1786 2170 1872 2208 co-

230 2227 582 2298 gnovissent,
603 2245 900 2303 nunquam
921 2235 1226 2292 Dominum
1251 2240 1447 2311 gloriae
1461 2244 1873 2302 cruciﬁxissent

229 2317 280 2388 (Ι
306 2322 425 2377 Cor.
458 2337 519 2389 ιι,
550 2321 623 2395 8),
660 2345 688 2374 »
735 2342 852 2381 non
889 2329 1043 2399 quod
1084 2332 1245 2402 quasi
1271 2334 1542 2391 Dominus
1573 2338 1770 2409 gloriae
1801 2340 1872 2395 sit

227 2413 552 2486 cruxifixus,
610 2422 672 2472 ut
715 2422 923 2475 natura
957 2421 1182 2479 deitatis
1229 2425 1486 2484 videatur
1527 2447 1648 2486 esse
1690 2433 1894 2524 passi-.

225 2504 378 2576 bilis,
424 2509 524 2563 sed
553 2511 689 2582 quia
714 2528 861 2568 unus
888 2514 948 2569 in
977 2521 1218 2589 utraque
1242 2525 1449 2576 natura
1483 2527 1568 2578 est
1592 2504 1888 2596 Christusgl

224 2601 540 2656 secundum
602 2612 955 2679 assumptam
997 2611 1246 2667 hominis
1292 2615 1538 2671 formam
1589 2621 1866 2676 Dominus

222 2696 420 2768 gloriae
459 2699 664 2757 dicitur
713 2720 927 2777 passus,
983 2708 1127 2765 sicut
1181 2716 1498 2770 econtrario
1545 2721 1632 2770 est
1675 2718 1860 2775 illud:

220 2791 403 2846 Nemo
440 2795 692 2850 ascendit
739 2797 798 2852 in
849 2800 1075 2869 cmlum,
1130 2804 1238 2859 nisi
1286 2807 1387 2877 qui
1442 2809 1736 2866 descendit
1792 2813 1863 2868 de

220 2885 363 2939 C(elo
392 2886 560 2942 Filius
597 2889 863 2959 hominis,
909 2894 1046 2949 dum
1091 2896 1162 2951 de
1212 2900 1349 2955 caelo
1387 2918 1504 2956 non
1545 2903 1860 2960 descendis-

221 2983 324 3046 set,
377 2977 484 3034 nisi
532 2985 757 3038 tantum
806 2985 906 3040 Dei
950 2987 1140 3057 Filius,
1183 2993 1440 3048 nondum
1487 2995 1637 3050 idem
1681 2997 1864 3054 factus

218 3069 395 3125 Filius
445 3072 717 3130 hominis.
765 3079 999 3150 Propter
1073 3097 1332 3153 personae
1387 3103 1525 3158 ergo
1581 3089 1862 3146 unitatem

220 3161 416 3236 149
443 3171 501 3222 et
540 3168 608 3222 ad
653 3169 944 3227 hominem
998 3174 1326 3233 referuntur
1372 3178 1432 3234 in
1473 3181 1692 3238 Christo
1730 3200 1859 3256 quae

215 3257 321 3312 Dei
347 3258 579 3332 propria
607 3267 759 3333 sunt,
799 3271 856 3320 et
891 3265 1172 3326 divinitati
1207 3273 1565 3330 ascribuntur
1603 3294 1732 3349 quae
1758 3278 1856 3334 ho-

215 3350 389 3406 minis
417 3357 569 3423 sunt,
600 3358 658 3411 et
681 3356 813 3412 ideo
840 3359 979 3415 dum
1027 3363 1143 3434 pati
1184 3380 1251 3419 ac
1291 3367 1434 3422 mori
1465 3367 1689 3439 dicitur,
1739 3390 1853 3427 non

215 3448 303 3499 est
325 3445 578 3519 deitatis,
607 3449 704 3504 sed
733 3452 920 3508 carnis
949 3457 1266 3528 prOprium,
1299 3460 1378 3514 sic
1406 3465 1597 3518 tamen
1623 3470 1856 3537 propter

212 3537 498 3595 unitatem
543 3557 799 3613 personae
845 3545 968 3618 ipse
1003 3549 1165 3620 Deus,
1213 3557 1270 3608 et
1308 3556 1477 3609 natus
1516 3573 1583 3610 ex
1609 3557 1850 3630 virgine,

211 3636 270 3686 et
314 3650 514 3704 passus
547 3640 604 3690 et
655 3643 916 3695 mortuus
965 3643 1326 3716 praedicatur,
1370 3649 1469 3703 sed
1516 3649 1851 3709 inﬁrmitate

212 3727 402 3781 carnis
450 3735 680 3799 nostras,
733 3749 852 3788 non
898 3735 1104 3792 virtute
1155 3738 1464 3796 divinitatis
1510 3760 1647 3800 suae.
1690 3745 1850 3810 Quod

211 3840 346 3880 vero
397 3824 550 3881 idem
595 3832 894 3900 Apostolus
941 3833 1021 3888 ait
1050 3852 1062 3890 :
1123 3855 1151 3887 «
1179 3837 1235 3892 Si
1264 3838 1420 3893 enim
1453 3840 1674 3897 inimici
1702 3860 1850 3899 esse-

213 3933 363 3988 mus,
405 3922 753 3979 reconciliati
792 3943 988 3982 sumus
1030 3929 1144 3984 Deo
1178 3947 1284 4002 per
1308 3939 1553 3990 mortem
1583 3936 1703 3990 Filii
1729 3938 1850 4008 ejus

211 4012 382 4082 (Rom.
416 4030 470 4082 v,
507 4017 610 4087 l0),
643 4037 673 4065 »
711 4018 788 4072 sic
824 4020 1031 4077 dicitur
1059 4022 1156 4078 Dei
1191 4024 1363 4080 Filius
1395 4033 1677 4098 mortuus,
1709 4031 1850 4086 sicut

211 4105 422 4160 dicitur
473 4107 543 4164 de
572 4113 915 4183 martyribus
960 4117 1137 4188 passis
1192 4134 1256 4173 ac
1284 4121 1546 4192 mortuis,
1601 4139 1848 4194 quorum

207 4201 404 4255 tamen
435 4217 550 4256 non
575 4210 706 4260 sunt
731 4206 938 4263 anima;
963 4211 1160 4266 occisae
1189 4211 1250 4266 in
1278 4215 1535 4286 corporis
1565 4217 1843 4287 passione,

208 4308 306 4355 ore
371 4294 636 4351 Veritatis
689 4301 974 4358 testante:
1035 4326 1063 4353 ‹‹
1105 4305 1287 4362 Nolite
1347 4308 1551 4364 timere
1601 4327 1694 4364 eos
1749 4313 1846 4384 qui

209 4387 481 4444 occidunt
509 4407 730 4462 corpus,
765 4393 1016 4451 animam
1048 4402 1243 4454 autem
1275 4418 1391 4456 non
1432 4406 1671 4474 possunt
1698 4406 1841 4460 occi-

209 4476 345 4534 dere
373 4480 589 4552 (Matth.
623 4499 676 4552 x,
707 4489 818 4556 28),
849 4509 876 4536 ››
911 4489 1006 4544 ubi
1031 4494 1261 4563 agnosci
1288 4499 1532 4566 oportet,
1566 4497 1612 4551 si
1637 4499 1846 4553 anima:

1986 552 2199 607 Veteris
2221 555 2567 613 Testamenti
2588 561 3005 634 testimoniisin
3029 569 3233 639 quibus
3261 573 3388 628 duae
3411 581 3629 632 natura;

1985 643 2192 699 Christi
2215 649 2506 718 patefactae
2535 656 2670 706 sunt
2693 655 2755 709 in
2799 672 2917 711 una
2968 660 3337 720 subsistentes
3363 684 3626 741 persona,

1985 736 2047 790 in
2085 739 2292 809 quibus
2330 747 2387 797 et
2427 745 2613 815 passio
2663 748 2785 818 ejus
2839 753 3104 822 apparuit
3142 755 3200 809 in
3249 757 3483 816 homine
3509 765 3628 818 solo

1987 832 2229 902 expleta.
2238 839 2256 914 ί

2059 915 2271 982 Deinde
2325 932 2576 1001 oportuit
2629 937 2939 993 sententias
2993 940 3248 998 subnecti
3298 950 3622 1002 sanctorum

1984 1023 2214 1090 patrum
2238 1023 2336 1093 qui
2372 1023 2433 1078 in
2463 1027 2635 1082 sacris
2672 1028 2872 1085 litteris
2914 1032 3132 1105 ingenti
3173 1037 3352 1108 gloria
3387 1041 3617 1096 refulse-

1984 1118 2140 1183 runt,
2185 1117 2248 1168 ut
2295 1117 2464 1172 etiam
2519 1136 2718 1176 eorum
2763 1125 3070 1182 traditione
3124 1137 3436 1202 perpateat,
3490 1136 3623 1206 quia

1984 1206 2258 1262 Dominus
2281 1214 2473 1266 noster
2494 1214 2652 1268 Jesus
2686 1217 2939 1273 Christus
2966 1237 3032 1275 ex
3075 1223 3296 1279 duabus
3321 1227 3538 1282 naturis
3566 1232 3623 1283 et

1982 1315 2096 1354 una
2125 1318 2368 1372 persona
2392 1305 2662 1376 subsistit,
2694 1311 2828 1380 quia
2855 1319 3096 1369 mortem
3125 1320 3182 1371 et
3206 1319 3526 1388 passionem
3557 1322 3617 1376 in

1983 1393 2104 1447 sola
2127 1411 2297 1452 carne
2327 1400 2587 1471 suscepit.
2622 1402 2855 1459 Sanctus
2893 1422 3028 1478 ergo
3071 1409 3311 1466 Hilarius
3340 1412 3398 1468 in
3424 1415 3616 1485 expla-

1981 1488 2212 1544 natione
2245 1490 2500 1562 epistolae
2524 1495 2594 1549 ad
2623 1496 2987 1554 Timotheum
3026 1501 3107 1556 sic
3131 1503 3386 1575 loquitur
3415 1523 3427 1561 :
3472 1509 3616 1563 Nam

1983 1584 2039 1634 et
2087 1598 2218 1637 cum
2274 1584 2409 1641 dicit
2463 1587 2768 1661 Scriptura,
2814 1593 2991 1647 homo
3046 1595 3317 1665 Christus,
3377 1605 3436 1655 et
3486 1618 3616 1657 cum

1981 1673 2116 1730 dicit
2143 1677 2397 1733 Christus
2433 1687 2694 1737 mortuus
2737 1687 2840 1753 est,
2880 1703 3012 1741 cum
3045 1688 3183 1745 dicit
3210 1691 3455 1748 Verbﬂm
3488 1711 3615 1750 caro

1980 1767 2192 1824 factum
2237 1775 2341 1842 est,
2384 1789 2498 1828 non
2543 1780 2628 1831 est
2665 1778 2994 1849 spoliandus
3034 1799 3140 1853 per
3177 1783 3613 1843 fraudulentiam

1975 1859 2216 1932 legentis
2253 1866 2701 1937 expositionibus
2740 1871 2856 1926 suis
2894 1890 3103 1930 sermo.
3141 1877 3283 1932 Nam
3314 1878 3410 1934 ubi
3439 1881 3612 1936 homo

1973 1954 2224 2011 Christus
2266 1965 2368 2030 est,
2404 1963 2677 2032 praecedit
2724 1966 3002 2022 mediator
3049 1969 3149 2024 Dei
3193 1976 3364 2043 atque
3418 1973 3610 2029 homio

1972 2064 2134 2117 num,
2164 2067 2232 2106 ex
2258 2053 2370 2107 Deo
2398 2054 2566 2110 homo
2586 2061 2827 2130 uterque
2846 2077 3028 2116 unum
3055 2067 3112 2117 et
3139 2063 3290 2119 inter
3311 2065 3609 2123 hominem

1972 2145 2029 2195 et
2057 2145 2238 2198 Deum
2276 2147 2493 2202 medius
2528 2151 2876 2208 confessione
2911 2153 2971 2208 in
3009 2171 3066 2210 se
3105 2156 3400 2230 utriusque
3437 2164 3606 2215 natu-

1970 2252 2070 2305 rae,
2105 2237 2198 2292 ubi
2237 2239 2490 2296 Christus
2527 2247 2786 2299 mortuus
2827 2252 2918 2323 est
2947 2249 3266 2321 subjicitur,
3299 2252 3396 2323 qui
3425 2269 3612 2309 resur-
3645 2240 3650 2254 ’

1968 2329 2133 2398 rexit,
2164 2332 2261 2402 qui
2286 2337 2372 2388 est
2398 2335 2456 2389 in
2485 2335 2719 2394 dextera
2772 2329 2915 2416 Deij
2951 2343 3010 2396 In
3039 2346 3225 2399 morte
3264 2345 3386 2416 ejus
3423 2347 3606 2402 carnis

1969 2429 2179 2478 nostrae
2209 2424 2510 2484 inﬁrmitas
2538 2435 2642 2500 est,
2692 2433 2751 2486 in
2796 2424 3211 2491 resurrectione
3253 2439 3428 2494 virtus
3460 2441 3601 2512 ejus,

1967 2516 2026 2570 in
2068 2534 2348 2574 consensu
2386 2523 2483 2578 Dei
2525 2525 2793 2595 dignitas.
2833 2531 3070 2583 Sanctus
3095 2547 3318 2602 quoque
3361 2535 3601 2589 Ambro-

1966 2609 2081 2665 sius
2142 2612 2202 2667 in
2265 2616 2616 2687 expositione
2675 2620 2965 2692 Evangelii
3020 2623 3334 2679 secundum
3390 2626 3601 2684 Lucam

1965 2703 2042 2757 sic
2070 2707 2271 2760 asserit
2306 2725 2319 2762 :
2371 2709 2494 2764 Non
2525 2711 2679 2766 enim
2722 2729 2902 2781 suam,
2951 2715 3049 2770 sed
3082 2721 3340 2772 nostram
3368 2736 3595 2776 crucem

1963 2797 2218 2855 Christus
2260 2803 2531 2873 ascendit,
2585 2822 2688 2860 nec
2737 2823 2894 2862 mors
2941 2809 3040 2864 illa
3095 2809 3443 2881 divinitatis,
3498 2817 3598 2870 sed

1961 2891 2209 2949 hominis
2259 2895 2412 2966 fuit;
2486 2903 2545 2952 et
2611 2902 2778 2970 paulo
2857 2905 3027 2972 post:
3076 2904 3301 2960 Etenim
3345 2908 3597 2964 Christus

1964 2987 2180 3054 omnia,
2209 2991 2266 3042 et
2287 2989 2348 3043 in
2376 2990 2597 3046 Christo
2630 2993 2842 3062 omnia,
2875 2999 2932 3049 et
2964 2995 3025 3050 in
3054 2996 3294 3069 singulis
3322 3000 3594 3058 Christus.

1959 3080 2098 3134 Caro
2141 3084 2332 3138 tamen
2383 3085 2646 3155 moritur,
2693 3091 2757 3141 ut
2802 3094 3080 3160 resurgat.
3123 3093 3268 3146 Item
3302 3093 3362 3148 in
3395 3095 3596 3151 eodem

1959 3171 2106 3228 libro
2151 3192 2440 3246 exponens
2481 3178 2631 3233 inter
2671 3180 2779 3235 alia
2821 3182 2998 3236 dicit:
3047 3185 3239 3241 Tristis
3279 3190 3366 3240 est
3407 3191 3598 3244 anima

1958 3283 2088 3321 mea
2120 3285 2133 3335 ;
2185 3273 2243 3324 et
2266 3270 2399 3325 alibi
2429 3289 2442 3326 :
2501 3274 2659 3327 Nunc
2681 3274 2872 3328 anima
2889 3293 3022 3331 mea
3052 3279 3279 3334 turbata
3304 3287 3389 3336 est
3414 3283 3592 3338 valde.

1955 3361 2078 3416 Non
2107 3379 2241 3434 ergo
2269 3364 2600 3436 suscipiens,
2646 3368 2743 3422 sed
2781 3373 3038 3441 suscepta
3079 3373 3356 3443 turbatur,
3400 3375 3596 3432 anima

1955 3455 2111 3510 enim
2151 3456 2398 3512 obnoxia
2442 3460 2826 3530 passionibus,
2861 3462 3122 3518 divinitas
3152 3465 3348 3534 libera,
3379 3471 3594 3525 etenim

1955 3548 2182 3618 spiritus
2207 3555 2528 3622 promptus,
2575 3571 2703 3608 caro
2741 3560 2935 3610 autem
2973 3556 3220 3613 inﬁrma.
3263 3561 3455 3616 Tristis
3484 3580 3587 3618 au-

1952 3646 2072 3697 tem
2096 3660 2214 3699 non
2237 3645 2358 3715 ipse
2389 3651 2490 3712 est,
2531 3647 2625 3702 sed
2652 3649 2864 3717 anima,
2893 3666 3008 3705 non
3050 3656 3136 3706 est
3173 3653 3347 3708 tristis
3373 3656 3592 3726 sapien-

1952 3737 2050 3805 tia,
2078 3754 2191 3792 non
2233 3737 2422 3792 divina
2451 3740 2784 3810 substantia,
2817 3743 2914 3798 sed
2945 3745 3154 3799 anima.
3183 3746 3442 3820 Suscepit
3465 3766 3588 3804 cor-

1951 3847 2058 3901 pus
2083 3848 2295 3902 meam,
2325 3849 2443 3888 non
2479 3851 2572 3888 me
2609 3835 2828 3903 fefellit,
2880 3841 2942 3892 ut
2975 3837 3132 3893 aliud
3166 3845 3313 3896 esset
3341 3845 3398 3896 et
3434 3843 3590 3898 aliud

1951 3923 2260 3981 videretur.
2318 3927 2554 3983 Sanctus
2611 3929 2955 3984 Athanasius
3001 3932 3062 3986 in
3115 3936 3358 3989 tractatu
3415 3953 3587 4008 quem

1950 4019 2174 4090 scripsit
2217 4021 2286 4074 de
2326 4021 2533 4077 Christi
2577 4023 2868 4079 nativitate
2916 4025 2994 4080 sic
3037 4026 3216 4082 dicit:
3260 4030 3322 4083 In
3367 4029 3473 4086 hoc
3519 4031 3590 4087 sit

1947 4128 2108 4183 ergo,
2161 4114 2363 4169 fratres
2406 4117 2745 4187 charissimi,
2793 4119 2933 4174 ﬁdes
2976 4124 3190 4190 nostra,
3233 4122 3292 4176 in
3333 4123 3440 4179 hoc
3469 4129 3586 4180 tota

1948 4207 2094 4261 salus
2165 4211 2221 4261 et
2278 4209 2390 4263 vita
2445 4211 2732 4278 consistat,
2787 4215 2853 4266 ut
2899 4214 3198 4270 credamus
3254 4217 3435 4272 Deum
3489 4219 3588 4274 Dei

1946 4299 2150 4354 Filium
2195 4301 2471 4372 primum,
2517 4310 2650 4358 ante
2691 4306 2890 4360 omnia
2942 4308 3146 4362 saecula
3192 4326 3226 4363 a
3269 4311 3385 4366 Deo
3424 4313 3587 4368 Patre

1945 4391 2305 4449 invisibiliter
2334 4395 2612 4465 genitum,
2642 4397 2852 4453 deinde
2882 4417 2914 4453 a
2943 4400 3111 4454 Maria
3137 4401 3357 4474 virgine
3382 4420 3584 4460 secun-

1948 4486 2085 4540 dum
2128 4487 2424 4542 hominem
2475 4493 2692 4557 natum,
2744 4494 3059 4548 secundum
3098 4495 3247 4550 hunc
3290 4496 3584 4552 hominem

207 4579 528 4646 martyrum
593 4594 829 4650 corpore
884 4589 1180 4657 perempto
1231 4587 1520 4660 suppliciis
1563 4581 2196 4664 exstinguiDPassum:
2235 4584 2548 4650 mortuum:
2587 4583 2891 4654 sepultum.
2933 4603 3302 4642 ι’θειΙΓΓθΧιεεθ
3339 4589 3409 4643 ab
3443 4590 3584 4644 Infe-

207 4683 323 4722 non
351 4675 606 4740 possunt,
634 4671 776 4728 Deus
802 4675 899 4746 qui
931 4678 1191 4734 conditor
1215 4684 1301 4736 est
1325 4683 1672 4751 animarum,
1698 4703 1842 4757 quo-

206 4762 376 4818 modo
398 4779 503 4835 per
530 4781 755 4821 crucem
778 4770 960 4824 carnis
985 4772 1104 4842 pati
1123 4774 1312 4844 potuit
1333 4776 1571 4831 exitium
1598 4780 1798 4834 mortis
1820 4780 1847 4834 ?

207 4853 370 4918 Quod
408 4856 579 4912 etiam
602 4858 732 4914 alibi
776 4863 1026 4934 apertius
1063 4866 1405 4939 declaratur,
1453 4871 1656 4926 eodem
1705 4873 1845 4928 Filio

207 4947 307 5003 Dei
332 4950 598 5022 loquente
631 4971 644 5008 :
682 4974 708 5007 ς(
736 4955 1078 5014 Potestatem
1106 4960 1288 5016 habeo
1319 4965 1565 5034 ponendi
1586 4964 1845 5021 animam

205 5057 438 5111 meam,
515 5049 573 5100 et
645 5052 991 5119 potestatem
1053 5053 1236 5110 habeo
1305 5055 1514 5111 iterum
1583 5059 1847 5114 sumendi

205 5151 331 5191 eam
376 5139 557 5206 (Joan.
611 5157 664 5209 χ,
715 5143 829 5215 l7).
877 5166 904 5194 »
961 5145 1124 5210 Quod
1163 5148 1210 5203 si
1243 5149 1365 5220 ipsa
1402 5150 1578 5206 deitas
1621 5155 1847 5208 mortua

205 5230 439 5301 exstitit,
469 5249 667 5304 quaaro
693 5236 819 5307 quis
849 5239 1102 5296 animam
1133 5242 1310 5313 ipsius
1339 5246 1662 5316 resumpsit,
1717 5247 1847 5301 stul-

205 5325 329 5379 tum
358 5331 446 5380 est
477 5339 616 5400 ergo
646 5331 824 5386 crucis
852 5335 1177 5405 passionem
1204 5336 1408 5392 divinte
1433 5339 1719 5410 applicare
1744 5357 1842 5394 na-

205 5423 370 5487 tura,
398 5420 499 5476 sed
518 5425 744 5480 tantum
759 5427 986 5483 creabili
1003 5431 1059 5484 et
1085 5430 1374 5500 humanae,
1405 5432 1522 5487 sola
1540 5432 1692 5488 enim
1715 5451 1846 5488 caro

204 5513 384 5569 crucis
420 5513 663 5572 exitium
707 5521 910 5592 sensit,
950 5522 1071 5578 sola
1110 5539 1243 5580 caro
1290 5526 1552 5582 lanceam
1589 5527 1842 5598 pertulit,

207 5607 328 5662 sola
367 5609 647 5682 sanguine
701 5618 760 5670 et
804 5631 952 5686 aqua
982 5618 1251 5689 manavit,
1297 5620 1420 5690 ipsa
1451 5621 1568 5676 sola
1593 5624 1844 5691 mortua,

205 5701 326 5772 ipsa
376 5705 495 5759 sola
541 5705 602 5760 in
653 5709 912 5778 sepulcro
970 5712 1175 5783 posita,
1215 5712 1340 5784 ipsa
1382 5715 1502 5769 sola
1548 5715 1718 5770 tertia
1758 5715 1846 5770 die

204 5798 558 5868 resuscitata,
611 5800 784 5857 etiam
839 5804 1151 5875 gloriﬁcata
1199 5807 1367 5862 ccelos
1416 5807 1575 5872 adiit,
1630 5807 1687 5863 in
1737 5825 1849 5880 qua

207 5897 483 5947 venturus
549 5899 634 5950 est
709 5896 968 5967 judicare
1033 5899 1093 5956 in
1163 5899 1343 5972 gloria
1410 5901 1589 5957 Patris
1618 5944 1632 5970 ,
1692 5901 1843 5973 judi~

1947 4673 2046 4739 ris,
2079 4674 2401 4728 ascendisse
2431 4675 2490 4728 in
2523 4676 2754 4730 coelum.
2790 4678 2930 4732 Item
2959 4679 3113 4734 idem
3147 4681 3206 4734 in
3234 4681 3582 4752 expositione

1946 4766 2121 4822 ﬁdei:
2169 4767 2441 4835 Verbum,
2495 4768 2698 4840 inquit,
2751 4771 3003 4826 nascitur
3045 4772 3114 4827 de
3158 4773 3328 4829 Maria
3363 4773 3582 4847 virgine

1948 4861 2230 4934 accipiens
2257 4879 2463 4934 corpus
2489 4860 2757 4931 animale,
2781 4864 2876 4918 sed
2905 4883 3092 4938 neque
3113 4884 3301 4922 sermo
3317 4885 3576 4942 compre-

1947 4955 2157 5010 hensus
2183 4961 2268 5012 est
2298 4973 2486 5025 carne,
2527 4957 2621 5012 sed
2657 4957 2713 5011 in
2745 4975 2911 5014 carne
2955 4963 3012 5014 et
3048 4977 3216 5032 supra
3243 4979 3497 5035 carnem,
3527 4969 3583 5022 et

1947 5051 2090 5105 sicut
2137 5050 2235 5105 Dei
2286 5052 2590 5123 praascius,
2649 5053 2725 5108 ita
2778 5053 2876 5109 Dei
2931 5055 3141 5123 virtus,
3198 5057 3299 5111 Dei
3355 5060 3576 5117 veritas.

1947 5145 2144 5199 Passus
2180 5149 2376 5201 autum
2400 5147 2652 5202 humana
2675 5163 2864 5216 carne,
2895 5150 2993 5204 sed
3019 5166 3206 5205 sermo
3234 5153 3338 5206 Dei
3364 5153 3578 5226 impas-

1946 5238 2122 5293 sibilis
2145 5242 2248 5294 est.
2281 5242 2341 5294 In
2368 5242 2636 5312 passione
2659 5243 2893 5313 quidem
2923 5245 3166 5300 moritur
3193 5247 3386 5316 homo,
3420 5253 3481 5304 ut
3509 5252 3581 5305 vi-

1947 5332 2196 5387 viﬁcaret
2232 5335 2642 5405 protoplastum
2687 5337 2786 5408 qui
2823 5338 3096 5394 ceciderat
3129 5356 3231 5411 per
3257 5341 3578 5400 inobedien—

1947 5426 2106 5480 tiam.
2155 5427 2392 5482 Sanctus
2448 5429 2751 5500 Gregorius
2801 5430 3052 5487 scribens
3087 5434 3157 5488 ad
3211 5438 3579 5493 Caledonium

1946 5518 2082 5573 dicit
2115 5537 2126 5573 :
2168 5521 2393 5574 Naturae
2425 5521 2580 5576 enim
2613 5523 2743 5578 duae
2770 5524 2827 5579 in
2855 5525 3100 5598 Christo,
3130 5529 3274 5583 Deus
3303 5535 3358 5584 et
3383 5531 3572 5598 homo,

1946 5629 2059 5667 non
2091 5616 2286 5668 autem
2315 5615 2426 5668 duo
2467 5615 2608 5684 Filii,
2637 5635 2741 5673 nec
2766 5619 2845 5674 dii
2876 5615 3180 5684 duo.lltem
3209 5623 3358 5676 idem
3386 5623 3445 5676 in
3466 5639 3576 5678 ser-

1946 5723 2114 5762 mone
2140 5707 2208 5762 de
2235 5707 2399 5762 Filio:
2433 5709 2554 5764 Uno
2589 5714 2806 5783 autem,
2839 5707 3046 5784 inquit,
3080 5715 3326 5785 capitulo
3347 5731 3571 5785 moneo,

1945 5807 2010 5857 ut
2037 5801 2243 5857 altiora
2277 5802 2508 5874 quidem
2542 5805 2790 5860 ascribas
2824 5806 3098 5862 divinitati
3144 5811 3200 5861 et
3228 5807 3310 5861 illi
3354 5813 3573 5868 natura).

1948 5913 2076 5970 quae
2102 5895 2450 5968 passionibus
2479 5901 2538 5952 et
2565 5915 2799 5970 corpore
2836 5899 3110 5970 probatur
3139 5915 3257 5955 esse
3292 5905 3570 5980 superior,
