4032 6312
458 316 560 367 607

1352 312 1632 368 ΑΡΡΕΝΙ).
1673 311 1763 366 ΑΒ
1802 312 1964 367 ΒιέΕΟ.
2007 311 2092 365 IX.
2127 338 2195 352 -
2223 309 2467 366 [SIDORI
2504 309 2926 364 MERCATORIS

3730 313 3834 364 608

468 420 771 476 humiliora
797 423 986 476 autem
1007 423 1226 475 naturae
1253 419 1520 473 humanae
1543 418 1840 486 attribuas,
1871 434 1998 489 quae
2031 435 2094 471 ex
2117 437 2178 510 Α
2197 417 2397 471 sitione
2413 417 2642 471 Joannis
2669 417 3058 487 evangelista:
3087 417 3219 480 Quis
3245 433 3381 487 ergo
3413 419 3501 470 est
3522 431 3628 487 per
3660 432 3836 486 quem

461 517 627 586 parte
656 513 1000 569 inﬁrmitatis
1029 520 1231 567 nostra:
1261 515 1554 583 assumpta
1585 515 1686 567 est.
1726 514 1869 566 Item
1895 512 2016 582 ipse
2037 512 2096 565 in

459 612 663 680 quarto
693 607 836 661 libro
866 613 1062 662 contra
1089 606 1430 661 Eunomium
1453 623 1464 659 :
1488 607 1556 659 Et
1585 622 1659 659 ne
1685 606 1888 677 aliquis
1919 606 2100 660 incor-

454 701 711 772 ruptibili
741 705 960 755 natura:
998 700 1223 754 deitatis
1255 715 1482 754 crucem
1517 699 1791 770 passionis
1833 700 2093 770 applicet,

457 812 562 867 per
574 794 684 848 alia
696 794 1046 847 manifestius
1058 794 1230 848 talem
1249 792 1524 846 emendat
1535 809 1810 861 errorem,
1824 793 2098 846 mediato-

457 904 579 944 rem
593 887 784 958 ipsum
807 886 904 940 Dei
921 886 1223 940 hominum
1241 889 1299 940 et
1323 886 1616 940 hominem
1629 889 1686 941 et
1702 887 1886 939 Deum
1905 886 2096 956 ipsum

458 980 778 1047 nominans,
821 983 885 1034 ut
913 996 1043 1033 cum
1074 980 1186 1034 duo
1215 980 1286 1034 de
1316 996 1431 1034 uno
1463 980 1741 1048 dicantur,
1774 996 2095 1050 congruum

455 1074 815 1145 intelligatur
842 1074 986 1127 circa
1011 1078 1337 1145 utrumque.
1371 1073 1531 1128 Circa
1548 1075 1723 1127 Deum
1753 1077 1947 1126 tamen
1967 1075 2093 1144 qui-

457 1167 588 1221 dem
607 1167 1048 1237 impassibilitas,
1066 1166 1212 1220 circa
1226 1167 1644 1220 humanitatem
1661 1171 1854 1221 autem
1873 1166 2096 1236 dispen-

454 1261 596 1315 satio
634 1260 932 1331 passionis.
976 1260 1214 1314 Sanctus
1254 1276 1484 1330 quoque
1528 1259 1761 1314 Basilius
1787 1260 1848 1313 in
1888 1265 2092 1330 quarto

453 1354 600 1408 libro
629 1356 829 1407 contra
869 1353 1192 1407 Eunonium
1223 1353 1305 1406 ita
1343 1353 1536 1407 scribit
1567 1370 1579 1406 :
1611 1353 1756 1416 Quid
1785 1356 1870 1406 est
1901 1353 2089 1407 Domi-

456 1463 566 1500 nus
593 1447 807 1500 creavit
853 1462 943 1500 me
980 1451 1037 1499 et
1072 1452 1203 1499 ante
1253 1462 1450 1500 omnes
1495 1446 1665 1501 colles
1705 1447 1903 1516 genuit
1945 1463 2038 1500 me
2066 1446 2093 1500 ?

457 1540 561 1594 Ubi
616 1539 1050 1609 intelligendum
1095 1543 1200 1606 est,
1255 1540 1363 1593 hoc
1417 1539 1573 1610 quod
1625 1539 1824 1609 genuit
1869 1539 1938 1593 de
1998 1539 2094 1594 Dei

459 1632 619 1702 Filio,
681 1633 790 1687 hoc
840 1635 1032 1687 autem
1074 1633 1227 1703 quod
1279 1632 1414 1686 dicit
1451 1632 1660 1686 creavit
1699 1632 1770 1687 de
1815 1649 1882 1686 ea
1908 1639 2089 1704 parte,

457 1742 574 1798 qua
621 1726 680 1780 in
727 1725 914 1779 forma
941 1725 1090 1779 servi
1129 1728 1234 1795 est,
1269 1729 1331 1779 ut
1383 1730 1681 1797 utramque
1724 1729 1988 1780 naturam
2033 1726 2090 1779 in

2197 511 2378 565 factus
2421 516 2506 564 est
2549 511 2798 564 mundus
2826 510 2853 564 ?
2897 510 3160 564 Christus
3188 513 3368 579 Jesus,
3420 511 3518 564 sed
3547 509 3609 562 in
3640 509 3837 564 forma

2199 603 2338 672 Dei;
2392 604 2517 675 quis
2562 608 2647 658 est
2692 603 2794 657 sub
2847 604 3043 659 Pontio
3069 604 3247 658 Pilato
3274 602 3627 658 crucifixus?
3681 602 3836 657 idem

2197 697 2316 767 ipse
2345 697 2615 764 Christus,
2671 697 2769 751 sed
2811 696 2870 750 in
2914 698 3101 751 forma
3130 697 3298 752 servi.
3349 697 3553 750 Beatus
3599 713 3836 768 quoque

2197 790 2306 843 Leo
2383 791 2704 860 apostolicae
2766 790 2916 844 sedis
2988 791 3222 845 antistes
3284 791 3346 844 in
3415 806 3514 843 sua
3589 790 3836 860 epistola

2198 900 2367 954 quam
2399 883 2622 954 scripsit
2658 883 2728 937 ad
2773 883 3106 938 Flavianum
3143 883 3834 954 Constantinopolitanum

2196 977 2524 1048 episcopum
2552 977 2629 1031 sic
2659 977 2738 1030 ait
2764 995 2778 1032 :
2812 977 2979 1032 Salva
3001 994 3138 1048 ergo
3164 977 3511 1049 proprietate
3530 977 3833 1048 utriusque

2196 1075 2415 1125 naturm
2447 1075 2503 1125 et
2525 1070 2586 1124 in
2612 1086 2792 1124 unam
2821 1076 3058 1126 coeunte
3089 1087 3420 1141 personam,
3455 1074 3715 1140 suscepta
3750 1075 3838 1123 est

2194 1181 2226 1217 a
2250 1164 2542 1234 majestate
2575 1163 2883 1233 humilitas,
2909 1181 2942 1217 a
2973 1164 3180 1218 virtute
3214 1163 3535 1233 inﬁrmitas,
3560 1163 3630 1216 ab
3668 1166 3836 1216 aeter-

2193 1258 2368 1312 nitate
2410 1258 2752 1327 mortalitas,
2811 1261 2870 1310 et
2914 1257 2987 1311 ad
3035 1257 3433 1312 resolvendum
3489 1256 3834 1311 conditionis

2193 1355 2400 1406 nostra-3
2426 1351 2682 1406 debitum
2717 1351 3056 1405 inviolabilis
3101 1356 3301 1405 natura
3346 1357 3430 1404 est
3473 1349 3632 1404 unita
3668 1353 3835 1404 natu-

2194 1461 2273 1518 ra;
2310 1445 2586 1517 passibili,
2636 1447 2699 1498 ut
2723 1446 2879 1516 quod
2907 1444 3114 1498 nostris
3156 1444 3418 1499 remediis
3461 1444 3831 1514 congruebat,

2192 1554 2342 1592 unus
2372 1544 2543 1609 atque
2567 1538 2724 1592 idem
2772 1537 3055 1592 mediator
3083 1538 3184 1592 Dei
3222 1541 3280 1592 et
3319 1537 3622 1592 hominum
3649 1537 3835 1590 Chris-

2193 1634 2283 1685 tus
2319 1633 2477 1685 Jesus
2502 1637 2558 1686 et
2590 1632 2740 1686 mori
2779 1636 2968 1702 posset
2995 1648 3060 1685 ex
3079 1647 3215 1700 uno,
3245 1637 3300 1685 et
3329 1632 3476 1685 mori
3501 1647 3616 1696 non
3635 1635 3836 1701 posset

2196 1740 2261 1778 ex
2310 1726 2547 1802 altered"
2572 1728 2634 1778 lu
2688 1724 2913 1795 integra
2969 1741 3106 1796 ergo
3161 1725 3410 1779 hominis
3460 1725 3834 1797 perfectaque

456 1834 574 1873 una
603 1834 850 1890 persona
877 1819 1224 1873 ostenderet.
1270 1819 1503 1874 Sanctus
1542 1819 1779 1891 Cyrillus
1815 1820 1875 1873 in
1914 1815 2172 1890 primaB
2197 1819 2313 1872 veri
2357 1823 2580 1886 natura,
2637 1835 2800 1873 verus
2846 1823 3010 1872 natus
3060 1824 3144 1872 est
3185 1819 3354 1885 Deus,
3401 1821 3550 1872 totus
3602 1817 3663 1870 in
3691 1817 3832 1884 suis,

458 1913 531 1967 ad
560 1912 890 1967 Successum
936 1912 1171 1983 epistola
1216 1912 1398 1966 dicit:
1457 1914 1603 1983 Ergo
1654 1918 1934 1984 quantum
1965 1913 2090 1984 qui-

458 2006 592 2060 dem
619 2006 693 2060 ad
730 2005 1085 2061 intellectum
1129 2007 1382 2077 pertinet
1421 2013 1478 2060 et
1511 2007 1708 2074 ﬁdem,
1738 2007 2094 2062 tantumdem

458 2099 636 2154 oculis
650 2100 875 2169 animae,
890 2099 1377 2170 quemadmodum
1389 2100 1716 2155 incarnatus
1731 2105 1814 2155 est
1831 2100 2093 2172 unigeni-

455 2198 567 2261 tus,
597 2194 738 2248 duas
755 2198 989 2248 naturas
1019 2209 1138 2249 esse
1165 2193 1428 2265 dicimus,
1456 2210 1638 2248 unum
1665 2199 1860 2250 autem
1889 2195 2094 2249 Filium

458 2291 516 2342 et
541 2287 828 2342 Christum
861 2286 1165 2342 Dominum
1206 2287 1404 2355 Deum,
1447 2288 1694 2342 Verbum
1736 2288 2093 2342 incarnatum

459 2383 516 2436 et
535 2380 826 2435 hominem
853 2381 1064 2435 factum
1100 2381 1464 2435 conﬁtemur.
1491 2383 1631 2436 Item
1661 2381 1722 2435 in
1748 2381 1996 2436 secunda
2023 2381 2094 2436 ad

457 2474 730 2530 eumdem
761 2475 1098 2529 Successum
1127 2474 1362 2546 epistola
1390 2475 1469 2528 sic
1500 2475 1578 2529 ait
1602 2491 1614 2528 ε
1649 2476 1784 2530 Cum
1814 2491 1983 2542 unus,
2012 2475 2098 2529 in—

456 2568 598 2640 quit,
645 2568 716 2623 sit
746 2568 895 2622 solus
941 2567 1110 2622 Filius
1152 2567 1425 2637 Christus,
1481 2568 1635 2623 idem
1678 2568 1796 2640 ipse
1844 2571 1987 2623 Deus
2038 2573 2096 2623 et

455 2662 630 2717 homo
650 2662 794 2717 sicut
808 2662 870 2716 in
889 2662 1101 2716 deitate
1118 2663 1423 2734 perfectus,
1446 2662 1526 2716 ita
1554 2665 1612 2716 et
1635 2661 1692 2716 in
1713 2662 2089 2717 humanitate.

455 2757 578 2810 Non
601 2759 794 2812 autem
819 2755 1005 2826 ipsum
1033 2755 1400 2826 unigenitum
1425 2755 1630 2809 Filium
1653 2756 1749 2809 Dei
1771 2755 2090 2811 secundum

457 2849 612 2921 quod
629 2849 965 2919 intelligitur
986 2852 1043 2904 et
1061 2852 1148 2903 est
1169 2850 1330 2917 Deus,
1351 2866 1580 2920 passum
1601 2865 1722 2904 esse
1739 2849 1798 2902 in
1816 2866 1916 2904 sua
1934 2854 2095 2903 natu-

457 2959 543 3012 ra,
588 2942 686 2997 sed
739 2948 964 2996 terrena
1009 2947 1235 2997 natura.
1280 2942 1520 3012 Oportet
1577 2943 1730 2997 enim
1779 2943 2092 2998 necessario

457 3042 699 3107 utraque
714 3051 938 3090 servare
950 3035 1052 3089 uni
1064 3038 1263 3090 etvero
1277 3036 1502 3104 Filio,et
1515 3053 1632 3090 non
1644 3037 1765 3108 pati
1778 3038 2092 3092 secundum

459 3129 754 3196 deitatem,
785 3134 842 3183 et
852 3129 960 3193 dici
980 3145 1210 3200 passum
1229 3146 1351 3184 esse
1367 3129 1632 3184 eumdem
1650 3130 1963 3184 secundum
1992 3131 2094 3184 hu-

456 3222 818 3292 manitatem,
834 3223 1008 3294 ipsius
1025 3223 1180 3278 enim
1205 3240 1367 3294 passa
1393 3227 1478 3278 est
1501 3240 1655 3279 caro.
1687 3226 1826 3279 Item
1846 3225 1906 3278 in
1922 3240 2090 3296 expo-

458 3315 662 3370 sitione
701 3316 933 3371 Levitioi
971 3316 1118 3372 inter
1169 3317 1320 3371 alia:
1375 3318 1578 3371 Totum
1629 3317 1687 3371 in
1745 3317 1832 3372 his
1878 3318 2090 3372 iterum

455 3410 830 3482 circumspice
860 3411 1172 3466 Salvasoris
1203 3411 1381 3465 nostri
1416 3412 1773 3483 mysterium,
1804 3416 1862 3466 et
1886 3429 2088 3466 emun-

453 3504 739 3560 dationem
767 3522 898 3577 quae
929 3522 1034 3577 per
1061 3509 1320 3560 sanctum
1348 3506 1634 3576 baptisma
1661 3507 1743 3574 fit,
1778 3505 1915 3560 duas
1935 3507 2091 3561 enim

451 3599 694 3654 aviculas
721 3600 1134 3670 sumijubetur,
1163 3599 1316 3654 vivas
1343 3602 1401 3654 et
1424 3600 1690 3671 mundas,
1719 3606 1784 3655 ut
1802 3600 2090 3671 intelligas

448 3708 552 3764 per
596 3693 847 3748 volatilia
875 3694 1160 3749 caslestem
1191 3694 1487 3748 hominem
1515 3695 1684 3748 simul
1727 3697 1783 3748 et
1821 3696 2000 3748 Deum
2031 3694 2090 3748 in

451 3786 670 3841 duabus
694 3787 935 3855 naturis,
965 3791 1246 3858 quantum
1283 3787 1529 3858 pertinet
1555 3788 1628 3842 ad
1657 3787 1961 3857 rationem,
1999 3788 2085 3840 di-

450 3879 763 3934 videndum
811 3880 1120 3951 unicuique
1171 3881 1635 3935 convenientem.
1688 3883 1828 3934 Item
1866 3885 2089 3935 sanctus

452 3973 806 4043 Augustinus
836 3990 848 4026 :
903 3974 1097 4043 Neque
1139 3973 1295 4027 enim
1324 3973 1384 4027 in
1432 3973 1528 4026 illa
1557 3974 1912 4044 susceptione
1943 3975 2085 4030 alte-

453 4082 585 4120 rum
637 4082 836 4120 eorum
879 4066 941 4120 in
994 4067 1240 4120 alterum
1287 4082 1620 4121 conversum
1666 4070 1835 4138 atque
1896 4073 2085 4123 muta-

448 4164 574 4213 tum
613 4164 716 4228 est,
763 4175 870 4214 nec
927 4158 1192 4214 divinitas
1241 4160 1452 4232 quippe
1494 4160 1554 4214 in
1598 4166 1913 4216 creaturam
1954 4179 2082 4217 mu-

451 4255 569 4307 tata
611 4256 717 4322 est,
774 4271 881 4308 nec
932 4255 1190 4308 creatura
1225 4254 1286 4308 in
1329 4254 1684 4310 divinitatem
1739 4261 2083 4328 augmenta-

449 4347 529 4400 vit
591 4347 807 4418 aliquid
870 4345 1115 4402 deitatis.
1196 4347 1300 4402 Sed
1365 4348 1512 4403 absit
1598 4354 1660 4404 ut
1707 4341 2084 4423 augmentum

448 4439 691 4512 recipiat
748 4439 1052 4495 ineffabilis
1111 4445 1167 4496 et
1202 4442 1797 4514 incomprehensibilis
1843 4445 2085 4516 plenitu-

450 4533 545 4602 do,
580 4537 775 4588 manet
801 4549 937 4606 ergo
964 4538 1205 4607 utraque
1238 4537 1359 4591 Filii
1381 4537 1478 4592 Dei
1498 4542 1699 4593 natura
1730 4545 1786 4594 et
1813 4555 1928 4595 una
1953 4556 2081 4611 per-

449 4643 612 4682 sona.
671 4627 885 4683 Rursus
943 4629 1069 4700 ipse
1123 4630 1386 4686 adversus
1434 4633 1781 4688 Maximum:
1839 4634 1892 4688 Si
1946 4649 2082 4706 ergo

449 4721 710 4776 attendas
774 4721 1165 4780 distinctiones
1227 4729 1585 4797 naturarum,
1649 4727 1820 4781 Filius
1868 4727 1970 4782 Dei
2012 4728 2082 4782 de

448 4816 586 4871 coelo
631 4816 941 4885 descendit,
1003 4818 1175 4873 Filius
1225 4820 1478 4875 hominis
1526 4820 1823 4876 cruciﬁxus
1867 4826 1995 4888 est;
2036 4821 2083 4875 si

448 4909 729 4965 unitatem
763 4927 1041 4982 personae,
1069 4913 1240 4968 Filius
1263 4914 1331 4969 de
1352 4915 1488 4968 coelo
1516 4913 1810 4968 descendit
1837 4917 1894 4967 et
1911 4913 2083 4968 Filius

447 5003 748 5060 cruciﬁxus
773 5009 874 5075 est,
887 5005 949 5060 in
975 5010 1126 5061 terra
1151 5024 1168 5077 ;
1197 5007 1351 5063 idem
1378 5007 1439 5061 in
1464 5006 1828 5079 sequentibus
1860 5024 1872 5061 :
1907 5007 2082 5078 Opor-

446 5097 598 5151 tebat
635 5097 921 5154 Christum
962 5100 1080 5171 pati
1104 5103 1178 5165 [et
1203 5115 1503 5170 resurgere
1530 5117 1564 5155 a
1588 5100 1826 5156 mortuis
1850 5101 1940 5157 die
1965 5107 2077 5157 ter-

447 5189 546 5260 tia,
577 5191 676 5246 ubi
704 5194 969 5265 resurgit,
1002 5193 1111 5248 nisi
1131 5192 1190 5248 in
1219 5210 1286 5249 eo
1311 5193 1466 5264 quod
1487 5193 1674 5264 potuit
1702 5194 1904 5251 cadere
1923 5195 1950 5250 ?
1982 5196 2081 5252 ubi

445 5285 757 5342 resurrexit
781 5287 892 5342 nisi
921 5287 980 5341 in
1023 5303 1090 5342 eo
1121 5287 1220 5342 ubi
1245 5290 1506 5343 mortuus
1529 5287 1556 5342 ?
1597 5288 1794 5352 Quaere
1830 5293 2079 5348 mortem

444 5376 505 5431 in
558 5378 763 5446 Verbo,
810 5395 1110 5451 nunquam
1160 5395 1282 5434 esse
1337 5381 1537 5450 potuit.
1587 5381 1790 5446 Quaere
1833 5389 2078 5442 mortem

443 5471 505 5526 in
549 5487 738 5540 carne,
771 5465 944 5543 plane
985 5473 1064 5526 ibi
1093 5472 1221 5543 fuit,
1253 5477 1308 5528 et
1338 5473 1466 5530 ideo
1500 5475 1579 5531 ibi
1617 5476 1728 5532 fuit
1757 5478 1892 5549 quia
1921 5495 2078 5536 mors

443 5581 579 5620 vera
604 5565 740 5634 fuit;
762 5570 820 5620 et
846 5565 1016 5636 paulo
1039 5571 1200 5638 post:
1232 5567 1379 5632 Quid
1403 5569 1664 5627 miraris?
1689 5575 1850 5629 Certe
1867 5574 1982 5629 vita
1993 5577 2079 5629 est

444 5658 721 5728 Christus,
754 5674 948 5730 quaere
973 5663 1262 5718 mortuam
1280 5663 1473 5734 vitam,
1502 5683 1606 5723 nec
1637 5670 1828 5723 anima
1851 5675 2077 5724 mortua

445 5755 550 5820 est,
579 5768 683 5806 nec
709 5752 956 5808 Verbum
983 5758 1275 5812 mortuum
1303 5764 1404 5814 est.
1435 5761 1575 5816 Caro
1601 5765 1824 5818 tantum
1854 5766 2078 5819 mortua

448 5846 555 5913 est,
579 5861 752 5915 quare
767 5846 794 5900 ‘2
823 5853 883 5902 ut
909 5847 966 5902 in
995 5866 1064 5906 ea
1091 5867 1243 5906 mors
1267 5860 1603 5912 moreretur.
1640 5857 1793 5912 Idem
1820 5858 1878 5912 in
1911 5875 2078 5929 expo-

2197 1915 2342 1966 totus
2369 1912 2429 1966 in
2459 1911 2695 1978 nostris;
2723 1915 2781 1964 et
2807 1913 2978 1983 paulo
3001 1917 3153 1982 post:
3178 1913 3284 1980 Qui
3304 1928 3540 1966 manens
3568 1911 3628 1965 in
3646 1911 3834 1964 forma

2192 2005 2292 2060 Dei
2322 2005 2453 2060 fecit
2478 2006 2793 2072 hominem,
2835 2006 2990 2060 idem
3037 2005 3099 2059 in
3130 2006 3310 2060 forma
3351 2005 3497 2059 servi
3534 2006 3714 2059 factus
3745 2007 3835 2058 est

2194 2100 2389 2168 homo,
2417 2102 2578 2154 tenet
2602 2099 2756 2154 enim
2784 2099 2905 2153 sine
2947 2099 3172 2154 defectu
3215 2099 3620 2170 proprietatem
3661 2115 3833 2152 suam

2198 2197 2435 2264 utraque
2476 2196 2703 2263 natura,
2739 2198 2795 2247 et
2844 2193 2989 2246 sicut
3033 2193 3217 2247 forma
3261 2193 3407 2246 servi
3447 2193 3548 2246 Dei
3578 2192 3832 2245 formam

2193 2302 2311 2340 non
2332 2285 2554 2352 adimit,
2585 2286 2665 2339 ita
2686 2287 2869 2340 forma
2897 2286 2994 2339 Dei
3019 2287 3260 2340 formam
3281 2284 3426 2339 servi
3446 2301 3564 2339 non
3590 2283 3828 2338 minuit.

2196 2381 2336 2434 Item
2362 2380 2530 2450 paulo
2561 2383 2718 2450 post:
2753 2380 2883 2450 Agit
2909 2379 3064 2432 enim
3079 2383 3321 2450 utraque
3336 2379 3521 2432 forma
3540 2394 3671 2432 cum
3693 2378 3834 2432 alte-

2191 2472 2310 2526 rius
2335 2474 2740 2528 communione
2767 2473 2922 2545 quod
2947 2473 3243 2544 prOprium
3273 2479 3376 2541 est,
3407 2472 3586 2526 Verbo
3614 2471 3834 2527 scilicet

2193 2569 2464 2637 operante
2509 2568 2664 2638 quod
2710 2567 2871 2622 Verbi
2911 2571 3010 2634 est,
3061 2573 3118 2622 et
3157 2567 3218 2620 in
3263 2582 3433 2620 carne
3477 2569 3832 2637 exsequente

2192 2661 2349 2732 quod
2375 2661 2557 2715 carnis
2601 2665 2686 2716 est
2714 2677 2727 2728 ;
2774 2677 2954 2716 unum
2983 2660 3190 2715 horum
3228 2665 3485 2715 coruscat
3511 2659 3829 2728 miraculis,

2195 2754 2350 2809 aliud
2376 2754 2694 2808 succumbit
2727 2754 2972 2825 injuriis,
3006 2759 3062 2810 et
3091 2754 3236 2809 sicut
3260 2754 3507 2809 Verbum
3527 2753 3598 2807 ab
3627 2769 3830 2825 aequa-

2191 2847 2346 2902 litate
2371 2851 2628 2919 paternaa
2657 2848 2854 2918 gloriae
2892 2864 3007 2902 non
3033 2848 3267 2917 recedit,
3293 2847 3372 2902 ita
3400 2863 3528 2902 caro
3557 2850 3832 2903 naturam

2193 2941 2372 2995 nostri
2406 2941 2633 3012 generis
2661 2958 2780 2996 non
2835 2942 3127 3014 relinquit.
3159 2942 3399 2996 Sanctus
3435 2957 3660 3013 quoque
3702 2942 3833 2996 Ful-

2193 3035 2418 3106 gentius
2445 3034 2502 3088 in
2532 3035 2678 3089 libro
2706 3051 2878 3106 quem
2906 3036 2975 3090 de
3004 3034 3395 3091 Incarnatione
3427 3034 3658 3090 Domini
3697 3051 3832 3089 nos-

2194 3129 2268 3182 tri
2293 3130 2422 3183 Jesu
2451 3128 2656 3184 Christi
2697 3129 2923 3200 scripsit
2950 3129 3097 3184 inter
3131 3128 3242 3184 alia
3281 3129 3359 3183 sic
3396 3128 3587 3184 intulit
3619 3145 3634 3184 :
3687 3129 3828 3183 Dico

2190 3222 2384 3294 itaque
2423 3222 2580 3277 vobis
2613 3223 2781 3293 juxta
2815 3229 3140 3279 sanctorum
3175 3226 3404 3294 patrum
3431 3222 3825 3291 traditionem,

2192 3316 2498 3371 Dominum
2548 3321 2810 3372 nostrum
2872 3319 3065 3372 Jesum
3133 3317 3422 3373 Christum
3482 3317 3543 3372 in
3601 3317 3830 3372 duabus

2192 3410 2407 3465 naturis
2435 3411 2764 3482 inconfusis,
2798 3411 2859 3465 id
2889 3415 2974 3466 est
3009 3411 3316 3467 divinitatis
3343 3416 3400 3467 et
3424 3411 3824 3483 humanitatis,

2191 3521 2364 3559 unam
2407 3521 2715 3576 personam
2760 3505 2875 3560 sive
2919 3506 3293 3561 substantiam
3319 3506 3617 3576 conﬁteri;
3662 3506 3826 3561 idem

2189 3604 2318 3671 post
2355 3599 2508 3654 alia:
2567 3600 2623 3655 Si
2671 3600 2797 3671 quis
2851 3616 2987 3671 ergo
3038 3601 3100 3655 in
3154 3599 3392 3655 Domino
3445 3604 3638 3655 nostro
3690 3601 3829 3656 Jesu

2188 3693 2430 3762 Christo,
2474 3696 2574 3748 aut
2607 3694 2746 3748 duas
2794 3699 3022 3748 naturas
3058 3697 3156 3748 aut
3194 3711 3372 3748 unam
3400 3693 3670 3765 noluerit,
3702 3694 3825 3748 sive

2191 3786 2530 3842 dubitaverit
2567 3788 2819 3857 credere,
2865 3791 2963 3842 aut
2991 3788 3314 3859 praedicare,
3351 3804 3677 3860 personam,
3730 3789 3826 3842 vel

2188 3880 2235 3935 si
2299 3880 2427 3952 quis
2492 3881 2740 3936 noluerit
2797 3882 3050 3937 conﬁteri
3097 3883 3364 3938 eumdem
3410 3883 3593 3938 Deum
3645 3885 3824 3952 atque

2188 3975 2509 4042 hominem,
2579 3975 2638 4028 id
2676 3979 2775 4030 est
2812 3976 3058 4031 Verbum
3108 3975 3466 4035 incarnatum
3520 3977 3589 4031 de
3644 3976 3825 4032 Maria

2186 4068 2407 4140 virgine
2439 4085 2545 4140 pro
2583 4071 2774 4123 nostra
2811 4070 2993 4124 salute
3023 4069 3293 4126 veraciter
3317 4073 3538 4139 natum,
3569 4074 3760 4124 tamen
3788 4087 3824 4123 a

2186 4162 2460 4217 catholica
2485 4162 2596 4217 ﬁde
2618 4162 3068 4234 deprehenditur
3091 4181 3154 4219 ac
3183 4164 3608 4221 demonstratur
3641 4167 3823 4220 extra-

2186 4271 2346 4326 neus,
2384 4261 2445 4311 ut
2471 4260 2829 4312 sacramento
2862 4258 3274 4330 redemptionis
3300 4259 3568 4314 humanae
3587 4257 3825 4313 resistat

2184 4349 2466 4422 ingratus.
2482 4351 2548 4405 Et
2557 4353 2728 4422 paulo
2738 4357 2864 4422 post
2880 4369 2893 4407 :
2919 4352 3164 4407 Verbum
3177 4369 3309 4408 caro
3320 4353 3538 4408 factum
3551 4356 3654 4420 est,
3670 4369 3823 4407 unus

2185 4458 2255 4496 ex
2280 4445 2523 4513 utraque
2548 4446 2606 4498 et
2629 4443 2688 4496 in
2702 4447 2964 4515 utraque,
2979 4444 3040 4498 id
3067 4444 3225 4499 estin
3240 4445 3490 4500 humana
3509 4444 3821 4515 divinaque

2183 4538 2389 4590 natura
2413 4552 2646 4607 prorsus
2668 4537 2833 4595 initio
2853 4538 3094 4609 gloriosa
3103 4539 3375 4610 persistit,
3393 4539 3583 4594 utsive
3610 4537 3816 4592 divini-

2183 4630 2287 4685 tati
2304 4629 2508 4686 Christi
2526 4631 2945 4687 humanitatem
2965 4632 3091 4704 quis
3107 4633 3321 4705 demat,
3339 4633 3453 4688 sive
3474 4633 3822 4687 humanitati

2183 4723 2538 4780 divinitatem
2565 4725 2848 4795 detrahat,
2870 4726 3157 4784 Christum
3179 4727 3452 4799 sacrilega
3477 4726 3820 4782 inﬁdelitate

2183 4822 2238 4872 et
2279 4817 2610 4889 blaspheme
2648 4820 3046 4891 praedicatione
3110 4821 3394 4877 dissolvat.
3450 4824 3593 4878 Item
3644 4821 3817 4892 paulo

2180 4915 2348 4983 post:
2389 4913 2642 4968 Christus
2686 4931 2790 4985 pro
2840 4914 3002 4970 nobis
3044 4933 3212 4971 carne
3257 4920 3343 4971 est
3370 4933 3569 4988 passus
3606 4916 3706 4988 qui
3741 4915 3815 4971 de

2181 5007 2297 5064 Deo
2322 5008 2484 5063 Patre
2511 5012 2675 5063 natus
2704 5009 2857 5064 solus
2883 5013 2970 5064 est
3006 5009 3371 5082 impassibliis
3404 5011 3572 5066 Deus.
3620 5013 3818 5082 Ipsum

2179 5100 2370 5173 itaque
2410 5102 2699 5184 Christum
2737 5102 2939 5158 Filium
2972 5104 3068 5158 Dei
3107 5106 3206 5175 qui
3230 5122 3337 5178 pro
3368 5105 3532 5162 nobis
3560 5111 3817 5161 mortem

2179 5212 2352 5251 carne
2383 5185 2670 5268 gustasse}
2701 5197 2851 5253 salva
2873 5198 3299 5255 immortalitate
3325 5199 3638 5255 divinitatis
3665 5201 3813 5272 ejus,

2177 5289 2454 5345 veraciter
2492 5293 2797 5349 credimus.
2843 5294 2986 5348 Item
3027 5301 3160 5366 post
3199 5295 3344 5350 hoc:
3392 5295 3538 5359 Quia
3571 5312 3688 5351 non
3728 5301 3819 5351 est

2176 5385 2320 5440 alter
2346 5385 2511 5454 Deus,
2542 5387 2690 5442 alter
2717 5389 2911 5458 homo,
2945 5388 3046 5445 sed
3081 5389 3235 5446 idem
3263 5406 3408 5446 unus
3439 5394 3526 5445 est
3559 5391 3818 5448 Christus

2176 5481 2324 5536 Deus
2369 5485 2426 5535 et
2488 5482 2682 5550 homo,
2727 5483 2984 5554 profecto
3016 5483 3170 5540 idem
3206 5486 3355 5541 Deus
3406 5485 3660 5543 Christus
3713 5489 3816 5559 qui

2177 5580 2232 5630 et
2259 5577 2504 5630 mortem
2529 5591 2695 5631 suam
2717 5593 2884 5634 carne
2913 5577 3175 5650 suscepit,
3191 5583 3250 5634 et
3273 5580 3428 5636 idem
3454 5581 3629 5637 homo
3656 5583 3817 5638 Chri-

2176 5673 2295 5725 stus
2347 5673 2434 5724 est
2484 5671 2581 5743 qui
2628 5679 2872 5732 mortem
2924 5693 3088 5732 suam
3154 5678 3450 5736 divinitate
3493 5683 3811 5760 destruxit,

2174 5763 2332 5820 idem
2361 5766 2574 5840 quippe
2602 5771 2854 5827 Christus
2894 5772 2994 5826 Dei
3032 5773 3182 5828 Flius
3209 5774 3308 5846 qui
3335 5775 3630 5834 divinitate
3660 5783 3814 5838 mori

2175 5878 2288 5917 non
2320 5863 2527 5934 potuit,
2559 5882 2731 5922 carne
2747 5870 3004 5923 mortuus
3024 5872 3128 5938 est,
3147 5887 3322 5942 quam
3344 5875 3813 5934 mortalem-Deus
