4032 6312
147 345 249 400 eos
1385 339 1852 402 DECRETALIUM
1889 332 2276 400 consono.
3412 330 3512 404 6ίό
3570 389 3572 391 .

146 457 491 513 immortalis
545 458 794 530 accepit,
863 463 922 513 et
977 457 1106 513 ideo
1159 457 1414 512 Christus
1459 457 1558 512 Dei
1613 456 1780 512 Filius
1803 456 2112 542 Anomine
2158 455 2404 511 ecclesia
2444 451 2808 511 Asidonensis
2849 451 3144 527 episcopus
3189 453 3512 528 subscripsi.

145 569 319 607 carne
350 558 610 608 mortuus
628 551 959 619 resurrexit,
990 551 1122 624 quia
1154 551 1645 606 immortalitatem
1666 567 1783 606 sua
1882 550 2122 605 Cambra
2145 551 2203 604 in
2233 549 2440 605 Christi
2469 550 2700 604 nomine
2726 550 2975 605 ecclesia
3018 550 3270 606 ltalensis
3297 549 3512 622 episco-

146 645 465 702 divinitatis
495 663 666 702 carne
697 648 955 701 mortuus
976 663 1090 701 non
1114 646 1334 716 amisit;
1364 644 1497 701 hinc
1524 649 1610 701 est
1633 645 1785 718 quod
1884 661 1990 716 pus
2010 645 2332 716 subscripsi.
2368 644 2655 700 Fidentius
2685 644 2744 700 in
2773 645 2979 700 Christi
3009 645 3239 700 nomine
3268 643 3515 700 ecclesiae

146 740 326 794 etiam
370 745 500 812 post
548 740 1020 797 resurrectionem
1050 756 1212 795 suam
1242 740 1389 794 sicut
1431 739 1492 794 in
1524 739 1787 795 cicatrici-

146 834 254 888 bus
297 834 449 889 veris
497 841 554 891 et
600 835 659 890 in
702 851 838 889 vera
883 817 1234 890 co-mestione
1280 834 1452 906 piscis
1505 839 1561 889 et
1601 833 1786 888 mellis

147 928 499 984 soliditatem
535 929 595 983 in
652 945 710 984 se
755 945 886 985 vere
936 927 1122 984 carnis
1169 928 1419 995 edocuit,
1466 928 1544 982 ita
1587 927 1788 982 clausis

149 1023 372 1078 foribus
398 1022 729 1095 ingrediens
748 1039 943 1078 veram
969 1023 1030 1077 in
1057 1039 1115 1078 se
1134 1022 1404 1078 virtutem
1425 1021 1788 1094 sempiterna

149 1116 468 1172 divinitatis
513 1117 780 1184 ostendit,
832 1123 894 1172 ut
951 1121 1357 1188 agnosceretur
1407 1121 1463 1172 et
1512 1116 1790 1171 naturalis

151 1209 330 1266 fuisse
373 1210 584 1266 Christi
639 1209 933 1265 morientis
978 1210 1300 1278 inﬁrmitas,
1348 1215 1405 1266 et
1449 1209 1635 1265 eidem
1672 1226 1791 1264 mo-

152 1304 323 1359 rienti
349 1303 624 1360 naturalis
662 1304 848 1359 inesse
891 1305 1160 1376 majestas
1191 1321 1205 1360 :
1235 1305 1359 1359 hac
1386 1304 1622 1376 quidem
1663 1319 1790 1375 qua

150 1401 276 1452 tam
317 1397 524 1452 divina
569 1397 878 1469 Scriptura
924 1414 1095 1470 quam
1135 1399 1306 1452 etiam
1334 1400 1658 1452 sanctorum
1688 1397 1786 1450 Pa-

152 1495 310 1546 trum
334 1491 659 1563 eloquentia
688 1491 1023 1562 docuerunt,
1043 1491 1287 1546 decretis
1314 1490 1522 1546 nostris
1547 1490 1794 1546 breviter

152 1586 369 1640 inserta
395 1586 757 1658 protulimus,
788 1586 1248 1641 demonstrantes
1289 1584 1580 1657 geminam
1607 1584 1794 1639 carnis

156 1683 214 1733 et
261 1679 494 1735 deitatis
541 1683 804 1734 naturam
847 1679 907 1734 in
952 1697 1066 1735 una
1114 1679 1346 1735 Domini
1391 1684 1447 1734 et
1492 1677 1795 1735 Salvatoris

154 1773 337 1828 nostri
364 1790 632 1845 persona,
677 1790 903 1846 passum
949 1790 1178 1846 quoque
1218 1773 1486 1829 eumdem
1512 1772 1570 1827 in
1600 1788 1668 1827 ea
1691 1789 1792 1827 na-

154 1871 291 1922 tura
317 1883 446 1938 qua
475 1867 724 1939 corporis
745 1871 847 1936 est,
874 1884 990 1922 non
1016 1884 1245 1939 passum
1266 1867 1325 1922 in
1351 1884 1418 1923 ea
1446 1871 1647 1922 natura
1666 1883 1794 1938 qua
1815 1849 1871 1921 Β

155 1960 387 2016 deitatis
407 1964 508 2016 est.
545 1961 682 2016 Hinc
711 1977 846 2033 ergo
877 1961 1142 2016 concordi
1168 1961 1450 2016 sententia
1477 1959 1796 2015 deﬁnitioni

155 2072 263 2126 pro
278 2055 718 2111 conﬁrmatione
731 2056 816 2110 sui
829 2056 1118 2126 propriam
1133 2054 1608 2126 subscriptionem
1622 2053 1742 2124 subj
1750 2069 1800 2108 e-

156 2148 359 2203 cimus.
389 2149 634 2204 Isidorus
666 2150 726 2203 in
745 2149 952 2204 Christi
981 2149 1214 2204 nomine
1237 2148 1483 2204 ecclesia
1513 2147 1798 2219 Spalensis

155 2241 457 2314 episcopus
473 2243 798 2314 subscripsi.
815 2242 1037 2298 Bisinus
1059 2243 1118 2297 in
1141 2241 1347 2299 Christi
1368 2242 1604 2296 nomine
1626 2241 1798 2297 eccle-

156 2336 255 2391 sia
267 2336 605 2393 Liberitana
617 2336 914 2408 episcopus
926 2336 1029 2392 sub
1041 2337 1258 2408 scripsi.
1275 2336 1510 2391 Ruﬁnus
1521 2335 1579 2390 in
1591 2335 1798 2392 Christi

1884 738 2188 794 Tuicitana
2251 739 2545 811 episcopus
2607 739 2931 812 subscripsi.
2997 739 3395 811 Theodulphus
3458 739 3518 795 in

1885 832 2091 888 Christi
2120 833 2355 888 nomine
2384 833 2634 888 ecclesia
2662 832 3040 888 Cordubensis
3068 833 3363 905 episcopus
3393 833 3520 888 sub-

1888 925 2105 998 scripsi.
2140 927 2414 982 Honorius
2457 926 2520 981 in
2561 927 2766 982 Christi
2795 927 3028 983 nomine
3066 927 3316 983 ecclesia
3345 927 3515 983 Mala-

1888 1021 2090 1077 citana
2118 1021 2413 1093 episcopus
2439 1021 2759 1094 subscripsi.

1960 1144 2134 1200 Habes
2188 1145 2497 1216 hucusque.
2527 1145 2760 1199 studiose
2812 1145 2971 1199 lector
3022 1145 3260 1216 (auctore
3312 1145 3517 1203 Isidoro

1890 1215 2180 1284 Spalensz),
2212 1231 2365 1284 quem
2403 1215 2645 1269 ordinem
2689 1216 2969 1270 observare
3002 1217 3246 1278 debeant,
3274 1220 3372 1286 qui
3394 1233 3513 1271 con-

1888 1288 2093 1358 cilium,
2118 1287 2382 1340 celebrare
2425 1290 2776 1351 constituunt,
2823 1302 3048 1342 canones
3089 1290 3214 1358 item
3248 1288 3515 1358 apostolo-

1889 1374 2033 1426 rum,
2061 1357 2274 1412 decreta
2299 1373 2505 1427 quoque
2537 1361 2603 1412 30
2639 1361 2971 1428 pontiﬁcum,
3017 1375 3051 1412 a
3084 1357 3342 1413 Clemente
3366 1359 3516 1414 scili-

1891 1435 1970 1483 cet
1999 1444 2166 1498 usque
2203 1429 2277 1483 ad
2316 1428 2659 1492 Silvestrum,
2689 1435 2812 1484 acta
2853 1431 3082 1499 denique
3121 1432 3519 1500 quinquaginta

1892 1501 2119 1555 duorum
2147 1501 2509 1554 conciliorum.

1967 1619 2014 1692 1
2033 1618 2157 1693 50
2175 1623 2442 1693 Hactenus
2464 1621 2683 1693 digestis
2712 1621 2950 1676 conciliis
2973 1625 3281 1675 sanctorum
3298 1623 3523 1693 Patrum

1891 1692 2192 1762 sequuntur
2208 1692 2420 1746 decreta
2431 1692 2723 1761 prasulum
2739 1693 3098 1746 Romanorum
3116 1694 3365 1762 praefata
3385 1692 3525 1748 sedis

1895 1764 2202 1833 apostolica
2222 1763 2521 1832 prasulum
2549 1765 2863 1825 constituta,
2891 1779 3012 1833 qua
3039 1764 3114 1818 ad
3136 1764 3264 1832 ﬁdei
3281 1764 3526 1832 regulam

1894 1837 1979 1888 vel
2015 1836 2424 1889 ecclesiasticam
2460 1836 2733 1903 pertinent
2777 1835 3127 1904 disciplinam
3164 1837 3223 1888 in
3263 1837 3357 1889 hoc
3393 1835 3528 1890 libro

1896 1907 2147 1972 diligenti
2173 1921 2305 1960 cura
2346 1906 2566 1960 collecta
2596 1911 2740 1966 sunt,
2773 1908 2852 1960 ita
2880 1913 2941 1960 ut
2966 1907 3306 1976 singulorum
3339 1909 3526 1975 ponti-

1895 1982 2055 2047 ﬁcum
2115 1981 2374 2046 quotquot
2426 1977 2638 2030 decreta
2693 1993 2726 2029 α
2789 1979 2938 2031 nobis
2987 1982 3200 2047 reperta
3251 1982 3380 2031 sunt
3432 1977 3529 2031 sub

1896 2049 2321 2118 uniuscujusque
2362 2048 2599 2117 epistola
2627 2049 2760 2102 serie
2778 2052 3020 2118 propriis
3052 2049 3226 2103 titulis
3253 2055 3524 2118 praenota-

1896 2125 2084 2175 rentur
2099 2136 2156 2174 eo
2181 2120 2334 2174 modo
2357 2135 2459 2188 quo
2470 2121 2718 2189 superius
2733 2123 3034 2189 priscorum
3053 2121 3281 2174 Patrum
3302 2135 3530 2174 canones

1895 2197 2076 2246 nostro
2093 2192 2272 2246 studio
2293 2192 2533 2244 ordinati
2557 2196 2702 2252 sunt,
2734 2197 2998 2259 quatenus
3026 2193 3233 2246 lectoris
3257 2190 3532 2246 industria

1894 2264 2116 2330 facilius
2158 2263 2455 2330 intelligere
2487 2263 2675 2332 possit,
2721 2263 2849 2317 dum
2888 2263 3146 2334 capitulis
3173 2263 3412 2333 prapriis
3440 2261 3527 2316 di-

1896 2337 2096 2389 stincta
2123 2334 2376 2388 intendit.

173 2461 3522 2492 Μ

271 2596 784 2687 INCIPIUNT
866 2597 1602 2688 DEGERPTIONES
1691 2599 1829 2687 EX
1912 2594 2388 2685 DEGRETIS
2471 2593 2821 2684 SANGTI
2905 2596 3423 2686 SILVESTRI

1723 2745 1972 2812 PAPIE.

228 2899 603 2971 Temporibus
646 2900 825 2955 sancti
869 2900 1122 2956 Silvestri
1162 2917 1324 2972 papa
1355 2905 1411 2955 et
1443 2899 1796 2955 Constantini

159 2993 396 3064 piissimi
435 2993 676 3065 Augusti
720 2994 928 3049 factum
977 2998 1064 3048 est
1098 3011 1374 3066 magnum
1404 2995 1711 3050 concilium
1737 2995 1796 3048 in

159 3087 390 3141 Nicana
414 3086 714 3158 Bythinia,
730 3093 786 3143 et
799 3088 1130 3158 congregati
1141 3092 1272 3142 sunt
1284 3088 1623 3160 regulariter
1642 3089 1792 3159 ejus-

159 3182 289 3235 dem
333 3181 593 3236 Silvestri
640 3197 803 3253 papa
846 3181 1137 3236 vocatione
1181 3182 1241 3236 in
1284 3182 1531 3254 idipsum
1561 3181 1796 3237 trecenti

1896 2899 2068 2965 bitur,
2129 2898 2503 2954 subdiaconus
2528 2939 2541 2965 ,
2601 2896 2918 2970 acolythus,
2978 2897 3274 2966 exorcista,
3336 2900 3532 2967 lector,

1897 2993 2159 3048 ostiarius
2187 2993 2316 3060 nisi,
2350 2993 2494 3048 sicut
2524 2992 2799 3065 scriptum
2826 2997 2929 3060 est,
2968 2991 3026 3047 in
3053 2996 3272 3064 septem
3300 2992 3533 3048 testibus

1895 3104 2012 3142 non
2043 3087 2426 3142 damnabitur.
2458 3088 2647 3142 Testes
2675 3090 2865 3141 autem
2908 3092 2965 3141 et
3007 3091 3362 3142 accusatores
3411 3087 3534 3143 sine

1898 3182 2090 3253 aliqua
2131 3183 2246 3236 sint
2290 3181 2525 3236 infamia
2577 3196 2782 3236 uxores
2828 3183 2884 3235 et
2925 3180 3074 3236 ﬁlios
3114 3180 3422 3250 habentes,
3479 3185 3535 3237 et

166 3232 287 3235 ﬁ___
341 3232 416 3236 μ-
641 3232 798 3253 Pl.--
1181 3232 1241 3236 ___
1285 3232 1531 3254 ___r‘____
1901 3232 2090 3253 πηγῇ
2291 3232 2524 3236 ---η-η
2582 3232 2776 3236 ____--
2836 3232 2878 3235 -.
3114 3232 3422 3250 _W__---,
3486 3232 3530 3237 -_

161 3274 362 3330 decem
393 3277 452 3328 et
477 3280 604 3329 octo
634 3275 886 3346 episcopi
907 3275 1176 3330 catholici
1207 3275 1304 3347 qui
1335 3279 1718 3347 exposuerunt
1737 3277 1797 3330 ti-
1818 3232 1872 3306 C
1899 3276 2132 3331 omnino
2181 3275 2468 3330 Christum
2517 3275 2924 3346 praedicantes;
2973 3275 3364 3331 testimonium
3407 3275 3536 3332 laici

159 3368 296 3423 dem
324 3369 615 3441 integram
643 3369 977 3424 catholicam
1008 3370 1454 3437 immaculatam,
1478 3373 1535 3424 et
1555 3370 1793 3425 damna-

158 3467 364 3518 verunt
386 3463 607 3532 Arium,
638 3462 922 3533 Fotinum,
947 3463 1370 3536 Sabelliumque
1402 3468 1573 3536 atque
1603 3481 1797 3536 sequa-

159 3573 249 3611 ces
280 3573 507 3612 eorum.
552 3556 877 3629 Eodemque
918 3560 1179 3629 tempore
1207 3561 1262 3612 et
1291 3575 1386 3614 xm
1416 3558 1794 3613 Kalendarum

156 3652 180 3706 J
189 3651 456 3718 aliarum,
473 3651 564 3706 die
582 3668 693 3723 qua
705 3658 1110 3720 memoratum,
1130 3653 1431 3707 concilium
1446 3669 1723 3724 magnum
1736 3653 1795 3707 in

159 3744 344 3799 Nicaa
370 3749 787 3816 congregatum
827 3750 928 3814 est,
963 3746 1236 3800 canonica
1274 3746 1394 3817 jam
1441 3747 1588 3800 facta
1631 3763 1792 3818 papa

157 3839 461 3894 vocatione
481 3838 542 3892 in
561 3838 761 3894 urbem
779 3839 1016 3894 Romam
1037 3840 1426 3911 congregavit,
1451 3845 1507 3895 et
1523 3841 1642 3912 ipse
1663 3857 1792 3895 cum

157 3933 396 3988 concilio
423 3933 642 4005 prafati
670 3934 1029 3991 Constantini
1061 3935 1297 4006 Augusti
1325 3935 1594 3989 ducentos
1622 3935 1789 4006 quin-

158 4027 442 4099 quaginta
487 4033 614 4083 octo
659 4028 974 4100 episcopos,
1009 4031 1066 4082 et
1093 4028 1389 4084 damnavit
1419 4028 1628 4083 iterum
1675 4034 1792 4084 tam

155 4122 436 4177 Calixtum
487 4138 664 4193 quam
705 4121 922 4192 Arium,
970 4127 1026 4177 et
1073 4122 1340 4177 Fotinum
1384 4126 1554 4194 atque
1599 4123 1788 4178 Sabel-

155 4215 320 4286 lium,
366 4219 425 4271 et
465 4215 764 4270 constituit
807 4221 867 4271 ut
912 4215 1306 4288 presbyterum
1347 4217 1623 4272 Arianum
1650 4217 1787 4271 resi-

157 4309 475 4380 piscentem
521 4326 636 4364 non
677 4309 1007 4382 susciperet,
1054 4310 1161 4364 nisi
1203 4310 1502 4382 episcopus
1533 4309 1790 4381 ejusdem

157 4402 262 4457 loci
291 4418 427 4458 eum
448 4403 857 4472 reconciliaret,
890 4406 947 4457 et
975 4408 1335 4458 sacrosancto
1367 4403 1667 4459 chrismate
1688 4420 1792 4475 per

157 4497 492 4568 episcopalis
518 4512 724 4552 manus
739 4497 1165 4569 impositionem
1188 4498 1371 4552 sancti
1395 4497 1635 4569 Spiritus
1658 4514 1788 4569 gra-

1896 3369 2160 3425 adversus
2187 3370 2454 3424 clericum
2482 3385 2654 3424 nemo
2691 3368 2947 3439 recipiat,
2977 3385 3149 3424 nemo
3178 3368 3333 3425 enim
3362 3369 3530 3425 cleri-

1897 3481 2024 3518 cum
2053 3463 2369 3535 quemlibet
2397 3463 2456 3517 in
2483 3462 2710 3535 publico
2738 3463 3055 3519 examinare
3090 3467 3398 3534 prasumat
3424 3465 3531 3518 nisi

1894 3557 1953 3610 in
1981 3556 2242 3624 ecclesia;
2287 3573 2457 3612 nemo
2505 3556 2661 3611 enim
2707 3556 2942 3611 clericus
2991 3556 3077 3610 vel
3124 3556 3394 3611 diaconus
3433 3562 3532 3613 aut

1896 3650 2205 3722 presbyter,
2243 3653 2478 3722 propter
2505 3649 2822 3722 quamlibet
2861 3665 3088 3705 causam
3133 3650 3308 3705 intret
3337 3650 3397 3706 in
3427 3653 3530 3705 cu-'

1895 3745 2057 3815 riam,
2087 3761 2190 3800 nec
2219 3749 2349 3799 ante
2370 3743 2626 3815 judicem
2647 3743 2898 3798 cinctum
2929 3760 3160 3798 causam
3182 3743 3368 3800 dicere
3388 3761 3529 3817 pra-

1895 3845 2102 3907 sumat,
2133 3839 2404 3910 quoniam
2432 3838 2621 3894 omnis
2647 3837 2807 3892 curia
2839 3857 2871 3893 a
2897 3855 3098 3894 cruore
3121 3837 3328 3894 dicitur
3347 3843 3404 3894 et
3426 3839 3528 3894 im-

1895 3933 2212 3988 molatione
2244 3933 2704 3988 simulacrorum.
2749 3933 2815 3987 Et
2855 3931 2900 3986 si
2931 3932 3059 4005 quis
3094 3932 3330 3988 clericus
3357 3951 3522 3990 accu-

1894 4045 2022 4081 sans
2048 4026 2320 4082 clericum
2345 4027 2404 4081 in
2424 4026 2641 4081 curiam
2672 4025 3006 4098 introiverit,
3025 4027 3337 4084 anathema
3351 4032 3526 4085 susci-

1893 4123 2031 4192 piat.
2067 4123 2192 4177 Hac
2235 4121 2387 4176 inter
2411 4127 2617 4176 catera
2665 4121 2722 4174 in
2772 4120 3039 4192 pradicta
3076 4122 3234 4178 omni
3264 4124 3525 4180 consulta

1893 4215 2182 4269 constituit
2222 4215 2460 4286 synodo,
2507 4219 2573 4268 ut
2621 4215 2957 4269 sacriﬁcium
2987 4215 3176 4271 altaris
3201 4233 3319 4272 non
3344 4218 3404 4273 in
3433 4233 3537 4274 ερο-

1890 4309 2004 4363 rico
2032 4327 2239 4380 panno,
2273 4313 2371 4363 aut
2413 4309 2589 4363 tincto
2632 4309 2940 4380 quisquam
2973 4309 3260 4365 celebrare
3304 4327 3519 4382 praeu-

1891 4407 2090 4469 meret,
2119 4403 2212 4457 sed
2249 4401 2309 4457 in
2352 4419 2494 4473 puro
2539 4401 2692 4456 lineo
2738 4402 2807 4456 ab
2851 4403 3116 4475 episcopo
3166 4412 3518 4475 consecrato,

1893 4502 2119 4552 terreno
2149 4495 2357 4550 scilicet
2402 4495 2519 4550 lino
2564 4500 2861 4566 procreato
2901 4499 3074 4569 atque
3119 4501 3399 4568 contexto,
3442 4501 3516 4554 si-

156 4589 234 4645 tia
252 4607 370 4662 qua
408 4591 480 4645 ab
513 4591 792 4646 hareticis
813 4591 934 4647 dari
958 4608 1071 4646 non
1095 4595 1296 4663 potest,
1317 4593 1702 4647 conﬁrmaret.
1728 4595 1868 4686 lnD
1892 4596 1986 4646 cut
2015 4607 2217 4662 corpus
2259 4588 2486 4644 Domini
2536 4589 2714 4643 nostri
2751 4589 2877 4644 Jesu
2925 4589 3128 4644 Christi
3173 4589 3233 4645 in
3280 4591 3518 4648 sindone

159 4701 270 4755 qua
321 4689 378 4740 et
427 4700 707 4740 consensu
748 4690 805 4740 et
839 4685 1248 4756 subscriptione
1292 4685 1550 4741 omnium
1591 4686 1791 4740 consti-

156 4783 349 4833 tutum
377 4781 484 4848 est,
516 4781 578 4832 ut
607 4779 796 4834 nullus
822 4780 997 4834 laicus
1023 4779 1241 4834 crimen
1260 4780 1463 4835 clerico
1483 4779 1692 4834 audeat
1707 4779 1793 4833 in-

157 4873 326 4939 ferre,
360 4875 420 4926 et
446 4876 512 4927 ut
535 4872 835 4944 presbyter
862 4890 980 4928 non
1007 4873 1276 4929 adversus
1298 4872 1645 4945 episcopum,
1675 4891 1789 4928 non

159 4965 432 5020 diaconus
475 4965 744 5021 adversus
786 4962 1202 5039 presbyterum,
1248 4985 1367 5023 non
1417 4968 1788 5023 subdiaconus

159 5059 424 5116 adversus
451 5059 776 5128 diaconum,
807 5077 923 5116 non
949 5062 1244 5133 acolythus
1270 5062 1538 5117 adversus
1562 5062 1786 5117 subdia-

161 5168 514 5220 conum,non
535 5154 811 5209 exorcista
829 5155 1096 5211 adversus
1107 5156 1452 5228 acolythum,
1472 5172 1590 5213 non
1610 5157 1789 5211 lector

160 5247 427 5302 adversus
439 5248 794 5317 exorcistam,
811 5265 927 5304 non
953 5249 1214 5305 ostiarius
1234 5251 1786 5307 adversuslectorem

163 5340 254 5397 det
275 5339 703 5396 accusationem
734 5342 1008 5414 aliquam,
1033 5347 1089 5398 et
1113 5361 1227 5399 non
1255 5343 1620 5400 damnabitur
1647 5361 1788 5416 pra-

163 5436 244 5489 sul
276 5434 384 5490 nisi
415 5421 474 5489 in
499 5435 856 5507 septuaginta
899 5437 1140 5493 duobus.
1168 5439 1361 5510 Neque
1388 5439 1595 5510 prasul
1625 5455 1783 5493 sum-

161 5545 284 5583 mus
314 5545 347 5583 a
379 5544 672 5600 quoquam
691 5528 1058 5601 judicabitur,
1079 5532 1352 5603 quoniam
1381 5532 1654 5604 scriptum
1680 5537 1783 5588 est.

168 5641 192 5670 ε(
216 5623 336 5677 Non
353 5625 442 5676 est
455 5621 765 5693 discipulus
780 5639 950 5694 super
963 5625 1302 5694 magistrum
1319 5626 1528 5695 (Matth.
1544 5643 1600 5696 χ,
1622 5627 1730 5697 24),
1756 5646 1782 5678 ))

165 5716 455 5787 presbyter
477 5719 669 5771 autem
698 5716 998 5771 cardinalis
1016 5716 1125 5772 nisi
1145 5719 1520 5790 quadraginta
1538 5723 1788 5791 quatuor

166 5809 394 5865 testibus
419 5825 541 5864 non
573 5809 956 5880 damnabitur,
979 5811 1249 5867 diaconus
1275 5812 1620 5868 cardinarius
1648 5831 1782 5868 con-

166 5905 404 5958 structus
428 5901 590 5958 urbis
613 5903 813 5958 Romae
840 5903 947 5958 nisi
973 5903 1030 5958 in
1057 5904 1260 5977 viginti
1284 5923 1374 5961 sex
1391 5924 1513 5961 non
1546 5907 1782 5963 damne-

565 5998 834 6066 PATBOL.
882 6000 1107 6068 CXXX.

1893 4685 2106 4739 munda
2135 4683 2421 4754 sepultum
2440 4682 2562 4737 fuit.
2594 4681 2721 4736 Etsi
2750 4682 2875 4754 quis
2904 4682 3252 4740 desideraret
3269 4684 3328 4740 in
3349 4687 3520 4744 eccle-

1891 4779 1974 4834 sia
2001 4779 2263 4848 militare,
2299 4784 2397 4833 aut
2426 4776 2719 4849 proﬁcere,
2766 4780 2832 4831 ut
2877 4781 3024 4832 esset
3050 4777 3206 4849 prius
3233 4779 3514 4849 ostiarius,

1891 4874 2094 4930 deinde
2105 4873 2304 4943 lector,
2320 4877 2377 4927 et
2389 4877 2589 4943 postea
2601 4871 2876 4927 exorcista
2887 4875 3255 4948 pertempora
3266 4890 3392 4946 qua
3404 4877 3517 4948 epi-

1889 4985 2087 5040 scopus
2110 4966 2482 5037 constituerit,
2504 4965 2706 5021 deinde
2723 4965 3012 5037 acolythus
3029 4983 3212 5022 annos
3238 4969 3513 5042 quinque,

1890 5063 2262 5119 subdiaconus
2292 5061 2544 5134 quinque
2574 5059 2757 5130 annis,
2791 5063 2980 5115 custos
3004 5066 3323 5134 martyrum
3353 5067 3516 5121 annis

1891 5141 2198 5236 quinqch
2215 5157 2485 5212 diaconus
2532 5154 2699 5210 annis
2727 5154 2996 5226 quinque,
3029 5155 3324 5229 presbyter
3350 5162 3515 5217 annis

1888 5251 2086 5321 tribus,
2101 5247 2370 5322 prebatus
2391 5267 2456 5304 ex
2476 5248 2631 5303 omni
2649 5251 2810 5318 parte
2836 5248 2895 5302 in
2922 5252 3151 5305 tantum
3169 5255 3235 5306 ut
3251 5253 3424 5310 etiam
3445 5257 3516 5313 ab

1887 5345 1976 5400 his
1999 5345 2097 5416 qui
2115 5344 2254 5400 foris
2276 5348 2408 5398 sunt
2435 5341 2826 5397 testimonium
2852 5341 3060 5398 habeat
3077 5343 3319 5417 bonum,
3351 5349 3518 5407 unius

1887 5438 2144 5494 videlicet
2171 5436 2360 5492 uxoris
2401 5435 2586 5490 virum
2632 5451 2758 5506 qua
2802 5438 2994 5491 tamen
3041 5453 3074 5492 a
3116 5441 3405 5498 sacerdote
3444 5447 3515 5500 sit

1884 5531 2198 5599 benedicta,
2235 5533 2292 5585 et
2318 5528 2363 5583 si
2403 5529 2674 5600 probatus
2699 5529 2875 5584 fuerit
2907 5529 3134 5603 dignus,
3168 5538 3226 5588 et
3252 5542 3382 5590 vota
3407 5555 3507 5608 po-

1885 5625 2003 5697 puli
2029 5631 2084 5680 et
2111 5623 2247 5679 cleri
2276 5621 2668 5678 concurrerint
2694 5623 2966 5680 canonice
2997 5626 3276 5698 episc0pis
3306 5645 3505 5685 conse-

1886 5723 2092 5786 eretur,
2109 5734 2280 5790 quem
2306 5721 2508 5789 postea
2531 5732 2637 5771 nec
2657 5717 2860 5788 clerus,
2883 5735 2987 5773 nec
3007 5721 3246 5790 populus
3281 5725 3506 5790 pertur-

1885 5813 2022 5868 bare
2063 5811 2260 5880 debet;
2294 5811 2428 5883 quia
2464 5810 2712 5884 episcopi
2741 5811 2837 5882 qui
2866 5811 3055 5866 throni
3095 5811 3196 5866 Dei
3241 5822 3512 5871 vocantur

1886 5923 2001 5962 non
2029 5907 2161 5960 sunt
2185 5902 2494 5970 lacerandi,
2517 5904 2584 5958 de
2615 5903 2818 5974 quibus
2839 5903 2916 5968 ait
2935 5903 3134 5956 beatus
3155 5905 3355 5961 Paulus
3373 5899 3531 5980 apo?

3071 6003 3149 6062 20

3541 2338 3705 2522 4
