4032 6348
492 333 587 403 sit

1372 330 1657 401 APPEND.
1700 343 1789 400 AD
1827 345 1992 399 sae.
2034 344 2220 399 1x.——
2258 342 2496 400 ISIDORI
2533 332 2962 399 neaearoms

3757 330 3860 393 eia

492 452 1678 524 stolas:aSenioremneincrepaveris,sed
1698 459 1761 508 ut
1775 458 1996 524 patrem
2015 453 2118 508 ob-
2143 466 2201 540 Α
2222 454 2704 527 cepscustodiant
2735 470 2747 507 :
2781 453 2917 524 quia
2948 451 3090 506 nihil
3128 449 3360 522 prodest
3389 448 3610 504 homini
3639 448 3860 520 reliqua

493 565 653 605 secra
675 548 719 618 (Ι
739 551 874 603 Tim.
897 565 952 615 v,
975 545 1045 619 t),
1064 568 1087 598 υ
1113 545 1357 618 legimus
1374 563 1625 618 namque
1643 546 1765 618 ipso
1784 547 2022 603 Domino
2041 546 2124 601 di-

491 649 657 699 cente
681 663 709 692 ‹‹
728 658 838 696 non
861 657 978 696 esse
1001 640 1343 712 discipulum
1362 657 1534 713 super
1552 640 1886 711 magistrum
1903 640 2119 711 (Matth.

491 754 545 805 x,
574 736 682 807 24),
705 756 733 785 ››
768 735 879 790 hoc
906 739 1008 801 est,
1040 750 1154 789 non
1185 732 1289 788 sibi
1326 734 1532 789 debere
1560 750 1909 806 quemquam
1935 735 2007 789 ad
2031 734 2121 788 in-

482 830 696 901 juriam
744 829 1037 883 doctorum
1085 826 1374 883 vindicare
1421 828 1761 895 doctrinam,
1793 843 1898 882 nec
1934 827 2125 898 aliqua

488 922 917 989 machinatione
958 921 1188 977 Domini
1218 921 1544 992 discipulos,
1592 921 1649 975 id
1692 926 1795 988 est,
1837 922 2120 992 apostolo-

486 1032 617 1072 rum
643 1031 989 1071 successores
1015 1014 1315 1070 detrahere
1342 1018 1443 1069 aut
1473 1015 1780 1081 infamare,
1830 1014 1928 1085 qui
1969 1015 2120 1085 inju-

487 1110 574 1165 ria
600 1109 898 1166 doctorum
928 1109 999 1163 ad
1031 1108 1321 1165 Christum
1352 1108 1608 1181 pertinet.
1635 1110 1798 1177 cujus
1822 1109 1940 1162 vice
1967 1108 2120 1179 lega-

485 1195 643 1280 tione
670 1204 1036 1275 funguntur;
1084 1203 1327 1275 qualiter
1369 1202 1524 1257 enim
1571 1201 1876 1256 Dominum
1908 1201 2120 1257 contri-

489 1302 655 1365 stent,
680 1297 778 1369 qui
809 1297 915 1351 hoc
941 1312 1111 1368 agere
1140 1301 1516 1366 prmsumunt,
1546 1296 1824 1350 Dominus
1854 1295 1913 1350 in
1938 1297 2118 1350 Evan-

490 1391 635 1463 gelio
661 1395 919 1458 testatur,
954 1390 1035 1445 ait
1060 1390 1214 1445 enim
1243 1388 1361 1461 ipse
1385 1389 1637 1445 Salvator
1665 1405 1679 1444 :
1711 1409 1738 1442 ‹‹
1772 1389 1931 1454 Quod
1954 1404 2118 1460 expe-

487 1485 606 1541 diat
651 1484 1049 1540 scandalizanti
1089 1500 1269 1538 unum
1308 1484 1379 1537 de
1416 1483 1632 1554 pusillis
1685 1484 1804 1538 istis
1851 1483 1910 1538 in
1953 1483 2124 1538 maris

487 1578 775 1651 profunda
804 1577 1083 1649 demergi,
1116 1581 1173 1631 et
1216 1577 1425 1633 molam
1467 1576 1773 1632 asinariam
1812 1578 1957 1633 collo
2003 1577 2123 1648 ejus

485 1671 758 1744 suspendi
790 1671 1003 1742 (Matth.
1027 1686 1180 1738 xvm,
1205 1672 1277 1741 6).
1313 1691 1341 1720 ››
1384 1670 1440 1727 Si
1478 1671 1603 1725 talis
1632 1688 1770 1741 ergo
1812 1687 1980 1743 paena
2011 1672 2119 1726 Do-

488 1765 630 1821 mini
672 1766 974 1837 discipulos
1021 1764 1538 1820 scandalizantibus
1579 1765 1956 1837 promittitur,
1985 1765 2121 1836 quid

2222 547 2374 602 bona
2394 564 2564 619 agere
2590 547 2701 601 nisi
2727 563 2890 601 mens
2919 545 2990 599 ab
3027 544 3325 615 iniquitate
3356 546 3668 610 revocetur,
3700 547 3759 598 et
3786 542 3858 596 ab

2222 640 2724 696 obtrectationibus
2770 640 2969 710 lingua
3017 638 3365 693 cohibeatur.
3413 637 3568 692 Unde
3608 636 3688 690 ait
3718 638 3859 691 Pro-

2222 735 2395 804 pheta
2424 751 2435 788 :
2473 756 2501 784 «
2530 734 2740 788 Cohibe
2767 734 3025 805 linguam
3048 737 3206 786 tuam
3238 748 3271 784 a
3297 731 3470 799 malo,
3504 734 3559 784 et
3582 729 3739 784 labia
3763 734 3861 783 tua

2222 843 2295 882 ne
2323 829 2628 899 loquantur
2653 827 2870 895 dolum,
2903 826 3119 880 diverte
3146 843 3179 879 a
3204 825 3375 890 malo,
3409 826 3468 878 et
3498 823 3585 877 fac
3614 823 3855 878 bonum.

2223 921 2388 992 (Psal.
2420 938 2613 989 xxxm,
2646 921 2749 991 14).
2780 943 2808 970 ››
2843 922 3021 975 Nemo
3054 919 3210 973 enim
3247 918 3464 972 bonum
3507 915 3736 985 faciens,
3772 916 3854 970 al-

2221 1014 2329 1070 teri
2359 1015 2525 1070 verbo
2551 1020 2652 1070 aut
2679 1017 2829 1070 facto
2864 1030 3066 1069 nocere
3099 1013 3238 1079 vult,
3290 1014 3349 1065 et
3391 1010 3630 1082 reliqua.
3669 1010 3769 1065 Hic
3797 1010 3858 1064 in

2222 1112 2542 1164 memorata
2587 1108 2878 1163 constituit
2906 1107 3167 1161 omnium
3198 1122 3479 1160 consensu
3519 1103 3763 1175 synodo,
3796 1109 3860 1158 ut

2224 1202 2411 1256 nullus
2436 1202 2733 1273 presbyter
2761 1202 2962 1271 missas
2991 1201 3283 1255 celebrare
3310 1202 3633 1271 praesumat,
3657 1197 3769 1252 nisi
3798 1196 3859 1251 in

2223 1295 2454 1350 sacratis
2478 1297 2550 1350 ab
2579 1296 2848 1367 episeopo
2887 1296 3024 1350 locis
3066 1293 3166 1366 qui
3208 1293 3295 1347 sui
3336 1293 3619 1364 particeps
3648 1291 3719 1345 de
3745 1306 3857 1345 eas-

2224 1393 2347 1444 tero
2373 1390 2619 1445 voluerit
2659 1406 2779 1444 esse
2817 1388 3139 1444 sacerdotii.
3175 1390 3242 1442 Et
3279 1386 3502 1458 pietatis
3524 1385 3735 1440 affectu
3766 1385 3859 1438 hic

2224 1483 2609 1538 sanctissimus
2639 1500 2785 1555 papa
2813 1484 3082 1554 subgesta
3112 1481 3385 1553 synodica
3408 1480 3692 1535 revocavit
3717 1495 3857 1550 apo-

2222 1578 2417 1632 stolica
2456 1578 2791 1633 auctoritate
2836 1578 3047 1631 multos
3072 1576 3141 1630 ab
3173 1575 3298 1630 aliis
3327 1574 3599 1647 episcopis
3625 1590 3857 1629 excom—

2222 1672 2558 1737 municatos,
2593 1677 2706 1726 et.a
2737 1670 2991 1742 tyrannis
3018 1670 3226 1741 ejectos
3255 1669 3325 1724 ad
3362 1668 3856 1734 communionem,

2224 1768 2281 1819 et
2305 1765 2552 1820 restituit
2580 1782 2674 1819 eos
2698 1766 2757 1819 in
2786 1764 3034 1820 ecclesiis
3060 1764 3264 1835 quibus
3285 1764 3513 1818 fuerant
3539 1762 3677 1817 olim
3702 1762 3861 1816 insti-

486 1837 2331 1931 infuturoeisproveniredebeatsummoperepensandumBtuti
2377 1859 2480 1913 sub
2522 1859 2922 1926 satisfactione,
2969 1863 3140 1929 atque
3188 1861 3458 1929 purgatos
3503 1873 3601 1911 eos
3642 1856 3861 1927 recepit

488 1957 592 2023 est,
624 1969 801 2025 quam
843 1969 959 2008 non
987 1968 1194 2025 parum
1236 1951 1475 2023 periculi
1504 1951 1611 2007 illis
1642 1968 1876 2008 manere
1906 1951 2121 2024 poterit
2220 1953 2361 2007 dans
2400 1953 2661 2023 exempla
2702 1953 2906 2008 futuris
2950 1951 3186 2007 eruendi
3227 1952 3545 2006 sacerdotes
3601 1951 3672 2006 de
3723 1967 3858 2022 per-

490 2050 624 2105 ante
669 2046 995 2115 Dominum,
1044 2046 1144 2118 qui
1187 2046 1309 2101 haec
1344 2046 1663 2101 detrectent
1706 2046 1821 2102 suis
1850 2046 2119 2101 exhibere
2220 2047 2578 2118 sequentium
2640 2047 2918 2102 manibus.
2976 2046 3283 2104 Constituit
3338 2046 3508 2101 etiam
3562 2046 3722 2100 nulla
3763 2062 3858 2099 ra-

486 2140 797 2197 ministris?
825 2140 987 2205 Quod
1005 2138 1083 2195 ita
1109 2139 1341 2194 demum
1369 2139 1611 2211 probare
1638 2139 1862 2212 poterit,
1882 2140 1929 2194 si
1944 2141 2119 2194 Deum

484 2234 729 2290 timeant
772 2234 871 2306 qui
919 2234 1049 2288 talia
1094 2249 1355 2288 exercere
1396 2233 1633 2289 minime
1677 2233 2011 2300 formidant,
2074 2232 2117 2288 si

486 2317 754 2400 imposito
782 2327 1008 2383 sibimet
1048 2326 1560 2398 improbosilentio
1585 2343 1618 2381 a
1644 2328 1849 2382 talibus
1871 2344 1928 2382 se
1955 2327 2113 2382 dein-

2217 2140 2373 2197 tione
2390 2140 2834 2197 transmarinum
2855 2142 3147 2196 hominem
3165 2157 3339 2212 penes
3357 2157 3457 2194 nos
3483 2140 3542 2194 in
3562 2140 3862 2195 clericatus

2221 2235 2400 2306 gradu
2426 2235 2653 2307 suscipi,
2683 2234 2792 2289 nisi
2821 2235 3075 2306 quinque
3105 2234 3497 2307 episcoporum
3524 2233 3863 2304 designatus

2219 2312 2292 2383 sit
2317 2327 2732 2399 chirographis.

1133 2624 1709 2721 INCIPIUNT
1799 2625 2324 2717 DECRETA
2419 2627 2769 2718 MARCI
2860 2625 3228 2718 PAPIE.

484 2806 727 2879 Eptstota
750 2807 1128 2879 Egyptiorum
1168 2809 1477 2879 pontiﬁcum
1521 2806 1597 2879 ad
1636 2806 1882 2879 Marcum
1914 2821 2121 2879 papam

549 2895 652 2950 pro
708 2877 1107 2948 exemplaribus
1135 2878 1372 2950 _Nt'cae_ni
1424 2878 1639 2931 concilii
1659 2917 1672 2936 .
1733 2878 1864 2944 quia
1919 2877 2124 2931 Ariani

490 2967 501 2974 ‘
549 2948 738 3006 Eorum
761 2949 1095 3018 exemplaria
1122 2948 1494 3003 incenderant.

491 3134 503 3163 λ
558 3086 798 3143 Domino
841 3089 1037 3140 sancto
1077 3089 1135 3139 et
1166 3084 1457 3157 apostolici
1500 3083 1765 3149 culminis
1796 3084 2119 3140 venerando

484 3182 679 3270 Murco
726 3184 931 3235 sanctae
971 3180 1242 3250 Romanae
1290 3183 1348 3234 et
1384 3177 1713 3250 apostolica
1750 3176 1917 3245 sedis,
1947 3181 2119 3250 atque
2142 3214 2196 3289 Ο

484 3262 1105 3349 ιιιήὑθι-εαίίεῖεοοιρδίω
1147 3289 1328 3345 papae,
1374 3274 1720 3329 ATHANASIUS
1772 3274 1830 3326 et
1874 3271 2121 3327 universi

488 3367 884 3440 Egyptiorum
913 3366 1183 3438 episcopi.

557 3462 641 3519 Ad
657 3478 755 3516 vos
782 3461 1106 3533 pervenisse
1133 3477 1247 3515 non
1278 3459 1606 3514 dubitamus
1621 3465 1838 3532 quanta
1855 3463 1913 3516 et
1934 3460 2123 3531 qualia

486 3558 557 3629 ab
589 3555 886 3623 haereticis,
901 3558 959 3628 et
972 3555 1220 3611 maxime
1242 3554 1313 3610 ab
1331 3554 1551 3609 Arianis
1571 3554 1825 3626 quotidie
1849 3553 2117 3625 patimur,

484 3668 656 3724 quam
685 3651 745 3705 in
772 3654 995 3705 tantum
1017 3649 1086 3703 ab
1104 3649 1185 3704 eis
1204 3664 1643 3722 persequamur,
1664 3651 1728 3703 ut
1747 3648 1919 3703 etiam
1937 3647 2121 3702 vivere

483 3762 589 3805 nos
602 3744 830 3799 taedeat.
852 3744 993 3797 Nam
1014 3743 1254 3816 instanti
1277 3746 1387 3797 tem
1396 3759 1535 3815 pore
1549 3742 1735 3797 subito
1756 3746 1813 3797 et
1833 3742 2119 3813 insperate

484 3839 546 3901 in
557 3855 664 3894 nos
676 3838 974 3909 irruentes,
990 3852 1205 3907 nosque
1213 3836 1376 3906 juxta
1393 3839 1742 3906 praeceptum
1759 3834 2008 3902 Domini,
2022 3834 2123 3906 qui

487 3932 597 3986 ait:
616 3931 717 3986 «Si
736 3945 835 3984 vos
856 3928 1141 4000 persecuti
1166 3929 1381 3982 fuerint
1403 3928 1461 3982 in
1492 3944 1672 3983 unam
1699 3928 2003 3996 civitatem,
2029 3928 2119 3982 fu-

490 4025 602 4095 gite
618 4024 677 4078 in
696 4022 867 4097 aliam
880 4021 1094 4094 (Matth.
1116 4017 1290 4093 1,23),
1308 4041 1334 4071 »
1351 4021 1628 4093 fugiendo
1649 4024 1886 4092 prepter
1899 4021 2122 4076 cladem

487 4116 706 4195 populi,
735 4114 1088 4170 declinantes
1114 4130 1219 4188 nos
1259 4113 1750 4185 comprehendere
1781 4130 1897 4170 non
1925 4115 2120 4169 value-

488 4209 770 4288 runt,_sed
801 4208 993 4264 omnia
1019 4212 1217 4265 nostra
1243 4207 1569 4280 depopulati
1598 4210 1750 4275 sunt,
1800 4207 1862 4262 in
1895 4212 2120 4263 tantum

491 4305 647 4362 enim
660 4308 854 4360 nostra
867 4307 1248 4369 vastaverunt,
1260 4307 1443 4358 utnec
1458 4302 1650 4372 libros,
1666 4318 1771 4358 nec
1789 4301 2125 4357 vestimenta

490 4398 887 4477 ecclesiastica,
913 4398 1138 4468 aliaque
1166 4400 1522 4465 ornamenta,
1552 4412 1657 4452 nec
1700 4395 1921 4468 reliqua
1960 4400 2120 4452 uten-

492 4475 617 4551 silia
659 4475 825 4549 nebis
856 4490 1233 4546 dimitterent.
1264 4490 1462 4546 Libros
1505 4507 1636 4546 vero
1677 4495 1902 4546 nostros
1946 4507 2122 4562 usque

2223 2805 2483 2860 subnexa
2552 2805 2798 2877 capitula
2865 2806 3241 2895 septuaginta.
3298 2808 3440 2860 Sane
3496 2803 3865 2874 precantibus

2220 2898 2388 2953 nobis
2414 2899 2704 2971 octoginta
2730 2900 2789 2954 in
2808 2903 3136 2954 memorata
3161 2898 3411 2969 capitula
3452 2900 3693 2952 tractata
3723 2901 3866 2951 sunt

2222 2992 2457 3062 synodo,
2486 2992 2698 3048 scilicet
2716 2992 3114 3065 quadraginta,
3144 3009 3177 3047 a
3200 2992 3408 3048 Graecis
3435 2992 3630 3046 Graeca
3655 2990 3865 3061 lingua

2222 3084 2393 3155 edita,
2426 3091 2483 3141 et
2507 3087 2890 3159 quadraginta
2914 3103 2947 3140 a
2972 3086 3184 3141 Latinis
3204 3086 3461 3141 similiter
3480 3085 3677 3140 Latina
3702 3084 3865 3138 edita

2220 3178 2454 3251 lingua;
2485 3179 2584 3235 sed
2628 3180 2811 3235 visum
2856 3185 2941 3235 est
2986 3180 3254 3235 trecentis
3282 3179 3479 3235 decem
3508 3184 3564 3234 et
3591 3180 3718 3233 octo
3752 3178 3863 3231 Pa-

2221 3274 2403 3329 tribus
2446 3274 2505 3331 in
2552 3275 2819 3346 praedicto
2849 3279 3039 3329 sancto
3083 3273 3293 3344 Spiritu
3336 3273 3574 3343 repletis
3616 3271 3865 3325 concilio

2221 3368 2607 3440 congregatis,
2657 3374 2715 3423 et
2756 3369 3001 3423 maxime
3048 3368 3170 3439 jam
3220 3367 3369 3422 dicto
3417 3364 3759 3432 Alexandro,
3804 3371 3868 3419 et

2222 3462 2547 3534 apostolicae
2592 3463 2739 3517 sedis
2793 3461 3186 3533 apocrisariis,
3240 3464 3304 3515 ut
3359 3460 3555 3515 decem
3609 3458 3863 3529 capitula

2220 3557 2626 3624 adunarentur,
2661 3556 2784 3611 aliis
2819 3560 2990 3627 atque
3036 3554 3306 3625 congruis
3356 3553 3416 3608 in
3456 3553 3593 3607 locis
3638 3551 3859 3607 insere-

2219 3653 2436 3717 rentur,
2478 3654 2533 3704 et
2562 3650 2631 3704 ad
2676 3650 2917 3704 formam
2970 3649 3267 3719 sexaginta
3310 3645 3720 3717 discipulorum
3770 3647 3864 3699 vel

2221 3744 2395 3799 totius
2425 3744 2576 3798 orbis
2606 3746 2770 3798 terrm
2791 3744 3143 3815 linguarum,
3168 3740 3464 3811 sexaginta
3483 3739 3629 3794 tanti
3657 3743 3716 3793 et
3737 3742 3867 3793 tam

2222 3838 2551 3893 excellentis
2606 3837 2830 3893 concilii
2880 3838 3083 3892 ﬁerent
3131 3836 3394 3907 capitula,
3448 3850 3575 3906 qua:
3622 3849 3867 3888 omnem

2224 3931 2673 3987 Christianorum
2722 3932 3098 3987 informarent
3145 3930 3342 3985 orbem
3383 3933 3439 3983 et
3495 3943 3696 3983 omnes
3750 3927 3865 3980 sub

2223 4023 2553 4079 sacerdotali
2579 4028 2635 4079 et
2658 4025 2972 4080 Christiano
2994 4024 3228 4079 nomine
3249 4024 3542 4093 degentes,
3571 4036 3689 4075 una
3717 4020 3866 4074 ﬁdes

2222 4121 2278 4172 et
2309 4133 2422 4172 una
2444 4118 2804 4173 sacerdotalis
2833 4126 3001 4192 atque
3046 4117 3321 4173 clericalis
3359 4118 3585 4187 regeret
3625 4130 3859 4181 norma,

2222 4227 2330 4267 nec
2359 4211 2662 4284 quisquam
2690 4230 2721 4265 a
2747 4231 2849 4269 suo
2877 4213 3175 4268 dissideret
3201 4211 3405 4282 capite.
3440 4213 3597 4265 Nunc
3623 4224 3765 4279 ergo
3792 4215 3864 4263 ut

2221 4304 2559 4377 praedictum
2590 4311 2675 4361 est
2703 4307 2919 4362 inimici
2946 4310 3155 4361 sancta:
3199 4304 3301 4361 Dei
3341 4303 3617 4370 Ecclesiae,
3646 4305 3705 4356 et
3732 4318 3859 4356 ma-

2221 4400 2374 4454 xime
2402 4398 2591 4454 Ariani
2624 4417 2658 4454 a
2682 4401 2888 4471 quibus
2919 4400 3172 4471 quotidie
3206 4412 3627 4470 expuguamur,
3663 4400 3863 4451 conte-

2222 4493 2408 4547 rimur
2447 4499 2503 4547 et
2544 4492 2925 4566 opprimimur
2964 4493 3202 4564 praefata
3246 4490 3601 4563 septuaginta
3643 4488 3865 4543 Μεδεηὶ

493 4588 567 4649 ad
580 4584 1402 4652 minimumincendentes,nec
1414 4584 1533 4640 iota
1547 4600 1729 4640 unum
1742 4585 2129 4657 relinquentes
2147 4589 2207 4662 Ι)
2231 4587 2452 4642 concilii
2481 4587 2729 4658 capitula
2773 4604 2901 4659 qua:
2950 4587 3020 4642 de
3057 4586 3295 4659 praefata
3320 4584 3538 4657 synodo
3555 4584 3675 4655 jam
3706 4583 3863 4638 facta

491 4688 729 4756 propter
740 4678 991 4735 veritatis
1006 4678 1176 4734 fidem
1196 4678 1483 4734 Nicaanam
1497 4679 1801 4751 synodum,
1817 4696 1925 4751 qua
1945 4679 2128 4734 clerus
2218 4681 2455 4752 jubente
2469 4682 2709 4737 Domino
2724 4698 2854 4737 meo
2865 4681 3202 4748 Alexandro,
3221 4681 3448 4735 decreto
3462 4677 3725 4734 omnium
3743 4677 3865 4748 epi-

494 4782 551 4832 et
575 4775 814 4848 pepulus
838 4771 1224 4839 imbuebatur,
1240 4775 1297 4825 el.
1326 4772 1575 4827 maxime
1594 4772 1715 4843 jam
1738 4772 1943 4827 imbuti
1967 4774 2129 4828 erant

494 4854 559 4926 in.
579 4868 983 4927 contumeliam
1005 4870 1277 4933 nostram,
1302 4869 1358 4920 et
1384 4865 1648 4920 omnium
1671 4865 2124 4921 Christianorum

497 4964 895 5021 incenderunt.
909 4961 1264 5031 Quapropter
1274 4958 2064 5029 precamur,Paterbeatissim
2074 4976 2123 5029 e,

497 5042 629 5129 quia
661 5072 775 5111 non
805 5054 1126 5110 dubitamus
1153 5052 1303 5124 apud
1335 5068 1429 5110 vos
1456 5053 1714 5124 plenaria
1760 5068 1879 5107 esse
1920 5052 2128 5108 Nicmni

499 5150 720 5205 concilii
747 5147 1110 5219 exemplaria,
1141 5151 1203 5201 ut
1226 5146 1390 5201 nobis
1419 5146 1513 5200 illa
1542 5162 1667 5218 quae
1707 5149 1919 5202 sanctae
1944 5162 2129 5202 recor-

501 5228 745 5300 dationis
774 5239 1203 5313 prmdecessoris
1244 5240 1415 5295 vestri
1461 5239 1725 5313 Sylvestri
1752 5240 1986 5296 fuerunt
2026 5242 2128 5296 sub

501 5342 628 5424 tuta
671 5335 907 5391 mittatis
951 5334 1337 5406 stipulatione.
1390 5334 1532 5389 Nam
1577 5335 1802 5406 quando
1844 5334 2144 5406 praedictae

502 5430 719 5507 synodo
758 5445 889 5484 cum
912 5429 1087 5484 beata:
1108 5428 1399 5484 memoriae
1423 5428 1765 5496 Alexandro,
1794 5428 1968 5501 digno
1989 5430 2124 5496 Deo,

501 5524 768 5602 pontiﬁce
785 5526 1000 5589 nostro,
1028 5521 1088 5576 id
1108 5527 1210 5590 est,
1228 5521 1623 5576 Alexandrinae
1643 5538 1871 5592 magna:
1888 5520 2128 5577 civitatis

502 5620 785 5697 episc0po,
799 5618 861 5673 in
874 5614 1580 5672 diaconatusinterfuimus
1593 5615 1782 5672 ofﬁcio
1799 5616 1900 5670 sub
1920 5621 2128 5673 nostra:

500 5698 1181 5790 penitentieetestimonio
1194 5724 1296 5780 per
1311 5708 1507 5764 beatos
1523 5708 1672 5765 viros
1690 5708 1989 5777 Victorem,
2004 5709 2131 5765 Vin-

503 5804 1145 5883 centiumpresbyteros
1182 5800 1508 5874 apostolicte
1537 5801 1685 5857 sedis
1728 5801 2127 5873 apocrisarios,

503 5888 675 5983 missa
686 5904 822 5983 sunt
824 5896 1100 5976 pradicto
1114 5910 1275 5973 papa
1294 5892 1577 5967 Sylvestro
1591 5894 2130 5976 cumastipulatione

2227 4792 2527 4847 scoporpm
2553 4775 2737 4845 attuli,
2768 4792 2895 4847 quae
2922 4775 3095 4830 etiam
3114 4790 3309 4830 coram
3336 4772 3599 4829 omnibus
3624 4768 3864 4826 recitavi

2227 4875 2396 4940 atque
2428 4868 2774 4940 transcripsi,
2798 4874 2930 4924 sunt
2954 4870 3088 4941 igne
3121 4868 3718 4939 combusta,optamus
3744 4868 3864 4919 uta

2227 4966 2425 5017 vestrm
2469 4969 2679 5018 sanctae
2727 4963 2875 5017 sedis
2919 4962 3183 5018 Ecclesiae
3223 4961 3559 5017 auctoritate
3606 4975 3737 5030 qua:
3778 4963 3867 5013 est

2227 5064 2414 5112 mater
2461 5060 2519 5112 et
2561 5062 2728 5128 caput
2771 5057 3031 5112 omnium
3074 5056 3447 5112 Ecelesiarum
3478 5070 3540 5109 ea
3566 5052 3639 5107 ad
3665 5069 3860 5107 corre—

2228 5150 2484 5222 ptionem
2542 5155 2600 5205 et
2641 5152 3046 5206 recreationem
3102 5150 3355 5205 ﬁdelium
3406 5146 3864 5203 orthodoxorum

2227 5244 2521 5315 percipere
2561 5260 2665 5315 per
2708 5250 3021 5316 praesentes
3063 5245 3283 5316 legatos
3320 5257 3668 5298 mereamur.
3716 5240 3863 5293 Vere

2228 5338 2491 5392 novimus
2513 5339 2858 5410 apostolatus
2890 5337 3060 5393 vestri
3088 5354 3187 5394 cor
3219 5337 3401 5409 gratia
3419 5333 3595 5389 sancti
3617 5333 3864 5405 Spiritus

2229 5431 2288 5485 in
2316 5434 2541 5486 tantum
2560 5447 2683 5486 esse
2711 5448 3032 5498 accensum,
3056 5436 3122 5486 ut
3144 5430 3410 5486 omnibus
3438 5427 3722 5499 oppressis
3740 5444 3865 5482 suc-

2228 5524 2483 5591 curratis,
2513 5530 2725 5596 quanto
2742 5525 2927 5596 magis
2940 5524 3103 5580 nobis
3125 5523 3243 5594 qui,
3261 5522 3393 5578 licet
3406 5520 3596 5593 exigui
3618 5520 3861 5589 ordinis,

2227 5621 2420 5673 tamen
2438 5618 2606 5673 vestri
2618 5635 2814 5674 sumus
2826 5619 3094 5689 vobisque
3109 5617 3434 5673 obedientes
3444 5631 3574 5671 cum
3590 5613 3865 5669 omnibus

2229 5709 2394 5765 nobis
2422 5711 2759 5780 commissis,
2795 5716 2852 5765 et
2878 5727 3093 5777 sumus,
3116 5715 3173 5765 et
3187 5726 3308 5764 esse
3329 5725 3558 5780 semper
3573 5709 3860 5763 volumus.

2230 5802 2361 5858 ldeo
2393 5802 2554 5859 decet
2573 5809 2629 5860 et
2649 5810 2878 5876 oportet
2895 5821 2994 5860 vos
3012 5804 3173 5859 nobis
3189 5803 3312 5858 haec
3331 5818 3458 5874 quae
3482 5816 3773 5872 rogamus,
3804 5804 3862 5856 et

2228 5894 2335 5956 alia
2380 5912 2507 5969 qua
2545 5897 2863 5953 necessaria
2900 5898 3059 5968 juxta
3103 5897 3438 5968 sapientiam
3482 5903 3659 5969 quam
3698 5891 3863 5953 vobis
