4032 6314
243 342 332 406 sla
1454 341 1928 408 DECRETALIUM
1967 336 2350 408 COLLECTIO.

3488 355 3592 411 614

229 458 480 529 praestitit
509 458 816 512 altissimus
832 475 953 512 esse
966 457 1262 530 cognoveri
1274 458 1341 512 tis
1358 458 1569 530 absque
1590 458 1850 514 tarditate
1875 473 1932 545 Α
1953 459 2234 514 testificati
2264 462 2397 514 sunt
2421 475 2535 514 non
2578 464 2641 515 ut
2682 476 2785 516 nos
2822 455 3039 531 aliquid
3087 459 3378 515 sinistrum
3405 467 3588 517 vestra

229 557 502 622 praestare,
531 557 596 606 ut
646 555 816 606 tantae
883 552 1129 606 miseriae
1187 553 1480 623 squalores
1520 569 1552 606 a
1599 552 1853 607 ﬁdelium

230 645 502 699 mentibus
534 645 926 716 detergantur,
959 650 1014 700 et
1062 646 1225 717 quasi
1255 648 1460 701 vulnus
1511 647 1733 718 corpori
1760 646 1851 700 in-

229 739 394 792 ﬁxum
423 739 581 793 aditu
611 742 780 793 tantae
802 739 1047 794 miserize
1069 739 1356 794 obsecrato
1378 739 1604 795 salutari
1627 746 1854 794 curetur

230 832 493 901 antidoto,
523 837 587 886 ut
625 833 814 886 divino
840 833 972 886 freti
991 833 1304 904 juvamine,
1333 839 1627 905 vestraque
1655 839 1848 888 aucto-

226 926 378 980 ritate
405 931 572 998 atque
599 927 805 981 auxilio
838 926 1089 982 roborati
1117 928 1540 983 adversantium
1571 927 1848 999 tergiver-

226 1021 463 1074 sationes
508 1020 749 1074 evadere
789 1021 1100 1092 valeamus,
1131 1028 1300 1093 atque
1350 1022 1648 1076 inconfuso
1691 1022 1850 1076 vultu

225 1130 333 1167 non
385 1113 583 1168 fraude
642 1114 978 1186 cujusquam
1029 1116 1274 1186 perculsi
1327 1116 1586 1171 assistere
1637 1118 1850 1171 aeterno

219 1206 386 1277 judici
414 1223 760 1275 mereamur,
793 1211 851 1262 et
876 1225 1070 1263 vocem
1101 1210 1296 1264 audire
1324 1209 1534 1265 Christi
1563 1227 1576 1263 :
1613 1229 1640 1261 (ι
1670 1210 1846 1280 Euge,

225 1317 370 1355 serve
396 1301 546 1355 bone
574 1303 631 1355 et
659 1301 862 1368 ﬁdelis,
895 1303 1026 1373 quia
1053 1319 1227 1373 super
1254 1320 1434 1374 pauca
1463 1303 1619 1357 fuisti
1647 1303 1844 1370 ﬁdelis,

224 1410 390 1465 supra
413 1395 595 1449 multa
611 1375 1024 1450 te'constituam
1046 1413 1058 1450 :
1080 1396 1230 1451 intra
1251 1397 1308 1450 in
1333 1397 1606 1469 gaudium
1631 1397 1848 1451 Domini

221 1487 300 1540 tui
327 1488 540 1556 (Matth.
568 1504 695 1553 xxv,
725 1490 833 1557 23).
866 1510 893 1537 ››
924 1490 990 1543 Et
1018 1489 1356 1561 subscriptio
1391 1507 1404 1544 :
1435 1491 1703 1546 Orantem
1743 1506 1846 1563 pro

220 1581 376 1636 nobis
401 1586 659 1636 sanctum
681 1583 1063 1652 apostolatum
1085 1588 1341 1638 vestrum
1369 1584 1642 1656 longaevis
1663 1584 1849 1638 Domi-

223 1692 322 1728 nus
351 1679 645 1730 conservet
670 1677 1040 1747 temporibus.

219 1801 505 1874 Rescriptio
568 1803 746 1856 Marci
798 1818 982 1872 papa,
1035 1803 1100 1856 de
1161 1805 1408 1858 missione
1481 1803 1848 1874 capitulorum

285 1873 496 1955 Nz'ewni
513 1874 730 1956 concilii
751 1873 1060 1929 Athanasio
1091 1879 1142 1929 et
1177 1877 1421 1930 omnibus
1468 1873 1845 1946 Egyptiorum

287 1959 568 2013 episcoms.

284 2055 533 2110 Dominis
560 2056 980 2110 venerabilibus
1008 2057 1286 2112 fratribus
1307 2061 1619 2114 Arnauasro
1644 2064 1700 2114 et
1723 2059 1846 2114 uni-

216 2149 385 2204 versis
416 2150 808 2220 }Egyptiorum
839 2150 1134 2222 episc0pis,
1167 2152 1386 2207 MARCUS
1414 2159 1620 2206 sanctae
1648 2153 1845 2208 Roma-

217 2259 303 2297 nae
317 2247 374 2297 et
387 2244 708 2314 apostolicae
723 2244 890 2313 sedis,
911 2245 1241 2299 universalis
1257 2245 1514 2300 Ecclesiae
1529 2247 1841 2318 episcopus.

281 2336 483 2404 Doleo,
557 2337 775 2405 fratres,
855 2340 912 2393 et
984 2338 1227 2392 nimium
1299 2339 1604 2394 contristor
1676 2357 1846 2412 super

213 2429 520 2486 afﬂictione
549 2436 752 2500 vestra,
782 2432 881 2487 sed
925 2432 1131 2504 oppido
1173 2434 1450 2500 consolor,
1482 2433 1633 2504 quod
1675 2441 1843 2489 vento

213 2524 426 2595 agitata
469 2540 586 2579 non
636 2525 767 2580 estis
812 2526 1052 2595 arundo,
1103 2527 1205 2580 sed
1255 2526 1394 2580 recti
1434 2527 1494 2580 in
1541 2526 1652 2581 ﬁde
1696 2528 1846 2581 inter

211 2634 410 2672 omnes
435 2619 809 2689 procellarum
853 2623 910 2674 et
948 2619 1238 2673 turbinum
1280 2620 1708 2674 colluctationes
1752 2620 1842 2674 in-

210 2715 494 2766 cessanter
519 2712 859 2782 perduratis.
885 2712 1063 2768 Lectis
1091 2730 1227 2784 ergo
1253 2714 1625 2768 fraternitatis
1645 2720 1844 2769 vestras

209 2803 412 2859 litteris
444 2805 701 2876 vigorem
748 2805 1079 2862 constantia
1109 2810 1308 2861 vestra:
1355 2823 1522 2878 quem
1557 2807 1692 2862 olim
1738 2824 1841 2862 no-

209 2914 489 2966 veramus,
520 2899 861 2970 agnovimus
889 2901 1354 2971 congratulantes
1379 2901 1554 2968 vobis,
1587 2900 1744 2972 quod
1774 2900 1845 2955 ad

208 2992 648 3047 custodiendum
677 3010 910 3065 gregem
939 2993 1289 3065 pastoralem
1320 3011 1513 3048 curam
1543 2994 1845 3065 vigilanter

209 3085 601 3157 insequimini,
635 3104 708 3140 ne
735 3086 874 3158 lupi,
893 3087 990 3158 qui
1019 3088 1121 3141 sub
1145 3087 1329 3158 specie
1359 3088 1546 3141 ovium
1573 3087 1846 3141 subintra-

209 3183 363 3246 runt,
379 3179 824 3234 bestialisaavitia
845 3181 1121 3252 supplices
1134 3198 1389 3253 quasque
1407 3181 1845 3252 dilacerent,qui
1867 3222 1922 3295 Ο

208 3290 322 3328 non
341 3273 416 3328 ad
442 3275 547 3328 hoc
575 3275 992 3344 subintrarunt,
1023 3279 1084 3330 ut
1110 3275 1302 3347 aliqua
1333 3276 1684 3331 correctione
1717 3292 1845 3347 pro-

206 3367 408 3422 ﬁciant
433 3385 530 3422 seu
560 3371 622 3422 ut
651 3385 715 3423 ea
743 3385 870 3441 quae
901 3374 1034 3424 sunt
1077 3387 1236 3436 sana,
1273 3373 1659 3441 corrumpant.
1690 3369 1840 3433 Qua-

203 3466 444 3532 prOptcr
482 3479 688 3517 moneo
728 3468 785 3517 et
826 3464 1022 3518 hortor
1072 3463 1437 3519 dilectionem
1484 3467 1750 3531 vestram,
1785 3469 1846 3518 ut

203 3555 424 3609 bonum
450 3543 598 3626 quod
631 3555 940 3628 incoepistis
965 3557 1412 3611 adminiculante
1443 3556 1631 3610 divina
1661 3557 1844 3628 gratia

207 3664 386 3720 usque
433 3649 492 3702 in
533 3649 708 3704 ﬁnem
757 3651 1065 3721 perducere
1119 3651 1387 3721 satagatis
1433 3651 1684 3705 veritatis
1708 3667 1842 3706 voce

205 3747 486 3797 monente
516 3762 530 3797 :
565 3765 592 3793 α
625 3745 826 3798 Beatus
862 3745 958 3816 qui
1003 3745 1452 3816 perseveraverit
1487 3761 1664 3816 usque
1695 3744 1752 3799 in
1784 3745 1846 3799 ti-

204 3852 341 3891 nem
370 3837 586 3907 (Matth.
635 3853 782 3907 xxiv,
816 3842 929 3909 l3);
963 3860 990 3888 ››
1041 3838 1192 3893 unde
1237 3840 1390 3893 ehim
1437 3839 1599 3893 beata
1649 3855 1842 3910 perse-

204 3930 466 3985 verantia
491 3931 602 3985 nisi
633 3931 702 3986 de
729 3932 937 3986 virtute
975 3933 1308 4004 patientiae?
1336 3934 1477 3986 Nam
1502 3933 1666 4004 juxta
1699 3936 1843 4004 Apo-

202 4025 422 4080 stolum
467 4041 664 4080 omnes
713 4026 809 4096 qui
851 4027 1138 4081 voluerint
1180 4027 1273 4098 pic
1304 4027 1510 4094 vivere,
1540 4027 1598 4080 in
1625 4027 1843 4082 Christo

201 4118 665 4189 persecutionem
692 4120 1000 4191 patientur,
1023 4137 1152 4192 qua:
1172 4121 1364 4174 nonin
1392 4137 1456 4174 eo
1482 4126 1674 4175 tamen
1697 4137 1846 4175 com-

200 4213 460 4283 putanda
489 4216 593 4280 est,
624 4215 776 4286 quod
804 4217 1001 4269 contra
1029 4214 1407 4268 Christianam
1441 4213 1847 4284 pietatem,aut

198 4305 379 4372 ferro,
397 4310 496 4360 aut
511 4307 738 4378 ignibus
760 4308 967 4380 agitur,
988 4311 1087 4362 aut
1105 4309 1536 4380 quibuscunque
1559 4308 1845 4379 suppliciis

198 4416 339 4454 cum
369 4401 830 4472 persecutionum
883 4402 1158 4457 saevitiam
1202 4403 1522 4474 suppleant,
1553 4403 1648 4457 sed
1679 4401 1843 4456 dissi-

198 4494 561 4549 militudines
579 4511 807 4550 morum
831 4501 887 4551 et
903 4495 1276 4551 contumaciae
1298 4495 1770 4562 inobedientium,
1790 4498 1847 4548 et

1870 1849 1924 1920 Β

1955 570 2022 608 ex
2042 559 2206 625 parte
2231 553 2660 621 arbitraremur,
2680 555 2775 609 sed
2801 557 2866 609 ut
2880 571 2984 609 nos
3008 560 3175 610 etvos
3197 556 3437 628 illosque
3457 556 3586 610 abs-

1952 663 2062 718 que
2092 649 2205 702 ulla
2229 648 2287 702 in
2312 651 2607 720 posterum
2634 648 2969 703 titubatione
2995 666 3179 704 unum
3207 649 3412 705 sentire
3433 656 3589 722 opta-

1951 757 2166 808 remus,
2222 747 2277 796 et
2324 747 2515 796 sancta
2570 743 2827 797 Romana
2879 743 3130 798 Ecclesia
3177 759 3306 814 quze
3359 759 3589 816 semper

1951 834 2314 889 immaculata
2342 835 2569 902 mansit,
2599 841 2655 890 et
2682 836 2920 890 Domino
2953 837 3321 907 praevidente,
3342 843 3398 891 et
3417 837 3586 892 beato

1951 930 2114 983 Petro
2146 929 2403 999 apostolo
2434 945 2600 1000 opem
2629 931 2844 984 ferente
2871 929 2932 984 in
2960 930 3154 984 futuro
3176 931 3447 999 manebit,
3464 931 3585 986 sine

1951 1022 2066 1076 ulla
2113 1022 2508 1077 haereticorum
2564 1023 2935 1079 insultatione
2979 1024 3147 1078 ﬁrma
3178 1028 3234 1079 et
3272 1025 3584 1079 immobilis

1951 1116 2106 1170 omni
2135 1122 2390 1187 tempore
2419 1116 2885 1210 persisteretﬁlis
2905 1119 2986 1172 ita
3019 1117 3261 1188 peractis
3283 1118 3588 1190 diligenter

1951 1211 2307 1281 requirentes
2355 1211 2416 1264 in
2465 1214 2660 1266 sancto
2711 1215 2918 1266 nostra;
2965 1217 3020 1266 et
3065 1212 3387 1282 apostolicae
3437 1212 3584 1266 sedis

1951 1303 2160 1358 scrinio
2191 1305 2387 1358 eadem
2416 1321 2542 1376 quas
2586 1308 2792 1360 sanctas
2832 1305 3241 1360 recordationis
3270 1305 3582 1377 praedeces-

1950 1397 2061 1452 sori
2089 1414 2222 1452 meo
2267 1397 2536 1453 Silvestro
2588 1404 2722 1453 sunt
2773 1398 2985 1454 directa
3033 1399 3394 1470 septuaginta
3421 1399 3587 1470 (sicut

1950 1491 2323 1563 signiticastis)
2357 1492 2601 1564 capitula
2649 1493 2821 1547 illaesa
2873 1493 3215 1547 invenimus.
3259 1495 3385 1563 Ipsa
3429 1494 3584 1548 enim

1950 1585 2107 1640 vobis
2135 1589 2368 1658 propter
2408 1585 2830 1652 auctoritatem,
2859 1592 2915 1640 et
2945 1585 3423 1656 subscriptionem
3455 1590 3582 1641 tan-

1949 1683 2138 1734 torum
2172 1682 2424 1748 Patrum,
2443 1683 2501 1734 et
2530 1679 2650 1750 ejus
2681 1680 2878 1751 magni
2907 1680 3130 1734 concilii
3162 1679 3401 1734 minimc
3429 1679 3578 1734 misi-

1946 1789 2074 1827 mus
2101 1773 2202 1827 sed
2231 1790 2334 1844 per
2364 1773 2562 1828 eadem
2609 1789 2798 1828 coram
2845 1772 3221 1844 apocrisiariis
3248 1773 3447 1828 vestris
3473 1774 3584 1829 alia

1947 1867 2174 1934 similia,
2225 1866 2495 1921 eumdem
2553 1884 2864 1922 numerum
2923 1867 3239 1938 eademque
3289 1867 3483 1935 verba,
3529 1871 3587 1924 et

1945 1961 2129 2032 ipsam
2162 1961 2641 2032 subscriptionem
2676 1960 3028 2015 continentia
3056 1960 3212 2014 vobis
3250 1960 3580 2029 rescribere,

1946 2061 2002 2110 ct
2033 2055 2136 2109 sub
2175 2060 2330 2109 certa
2365 2054 2729 2126 stipulatione
2778 2058 2835 2108 et
2883 2054 3310 2108 confirmatione
3354 2054 3583 2110 mittere

1947 2149 2286 2203 curavimus.
2332 2150 2397 2204 Et
2438 2149 2565 2219 quis
2596 2152 2676 2204 est
2709 2148 2807 2219 qui
2836 2147 3107 2203 fratribus
3157 2149 3271 2202 suis
3311 2147 3448 2202 talia
3477 2165 3577 2203 ne-
3645 2191 3648 2194 .

1948 2259 2083 2314 gare
2111 2242 2364 2297 audeat?
2391 2243 2532 2296 Nam
2563 2258 2681 2297 non
2725 2241 3073 2313 negligenda
3120 2241 3286 2297 nobis
3329 2243 3451 2296 haec
3480 2258 3582 2313 per

1948 2336 2126 2390 sancti
2153 2336 2392 2406 Spiritus
2422 2336 2661 2407 gratiam
2702 2337 2974 2390 Dominus
3000 2335 3208 2406 docuit,
3253 2334 3353 2391 sed
3397 2336 3579 2390 ﬁdeli-

1945 2435 2032 2484 ter
2061 2431 2376 2484 exercenda
2408 2435 2465 2484 et
2498 2430 2768 2484 fratribus
2813 2429 3202 2484 contradenda
3243 2434 3300 2484 ct
3329 2427 3580 2484 docenda

1947 2522 2254 2577 distribuit.
2299 2524 2425 2577 Haec
2466 2523 2856 2596 apostolorum
2899 2523 3021 2577 viva
3063 2521 3314 2591 traditio,
3343 2523 3465 2577 haec
3493 2527 3588 2578 est‘

1945 2633 2078 2670 vera
2103 2616 2350 2670 Charitas
2378 2633 2504 2688 quae
2528 2617 2889 2688 praedicanda
2918 2620 3021 2684 est,
3054 2620 3111 2670 et
3137 2617 3417 2688 praecipue
3449 2615 3577 2671 dili-

1947 2711 2134 2782 genda
2161 2727 2225 2765 ac
2247 2710 2511 2777 fovenda,
2540 2716 2710 2782 atque
2735 2709 3076 2765 ﬁducialiter
3103 2709 3171 2764 ab
3203 2711 3469 2765 omnibus
3497 2716 3579 2766 te-

1945 2804 2156 2871 nenda,
2173 2804 2295 2859 haec
2311 2810 2500 2859 sancta
2517 2807 2571 2859 et
2586 2804 2894 2896 apostoliqa
2919 2808 3101 2858 mater
3119 2805 3375 2858 omnium
3397 2804 3578 2859 Eccle-

1947 2899 2158 2953 siarum
2187 2898 2394 2954 Christi
2424 2899 2668 2955 Ecclesia
2711 2914 2841 2970 quae
2891 2914 2993 2968 per
3021 2898 3432 2968 omnipotentis
3479 2899 3580 2953 Dei

1947 2994 2192 3064 gratiam
2229 3011 2262 3047 a
2293 2983 2518 3048 tramite
2551 2993 2876 3064 apostolicae
2915 2990 3239 3046 traditionis
3285 3008 3581 3064 nunquam

1946 3102 2160 3142 errasse
2196 3087 2489 3158 probatur,
2523 3103 2625 3141 nec
2654 3087 3056 3140 haereticorum
3102 3087 3446 3141 novitatibus
3477 3087 3578 3141 de-

1947 3181 2238 3253 pravanda
2265 3181 2582 3248 succubuit,
2607 3181 2703 3236 sed
2725 3185 2791 3235 ut
2820 3181 2878 3234 in
2901 3180 3130 3235 exordio
3157 3197 3423 3235 normam
3444 3181 3580 3236 ﬁdei

1948 3275 2276 3331 Christianae
2305 3275 2556 3346 percepit
2584 3275 2654 3328 ab
2679 3274 3005 3328 auctoribus
3034 3273 3148 3328 suis
3192 3275 3578 3345 apostolorum

1942 3368 2148 3424 Christi
2176 3369 2525 3439 principibus
2556 3369 2774 3422 illibata
2799 3369 3088 3422 ﬁneteuus
3129 3372 3344 3437 manet,
3374 3385 3575 3424 secun-

1945 3464 2080 3518 dum
2105 3464 2281 3535 ipsius
2315 3462 2543 3517 Domini
2590 3461 2890 3517 Salvatoris
2921 3461 3172 3515 divinam
3214 3461 3574 3532 pollicitatio-

1944 3575 2099 3625 nem,
2128 3557 2226 3629 qui
2249 3555 2655 3627 discipulorum
2685 3571 2918 3610 suorum
2950 3554 3194 3625 principi
3214 3555 3269 3608 in
3293 3555 3406 3609 suis
3428 3557 3577 3611 fatus

1945 3658 2030 3706 est
2059 3650 2375 3722 Evangeliis
2403 3667 2416 3704 :
2450 3668 2476 3701 ‹‹
2508 3649 2724 3717 Simon,
2753 3648 3020 3719 inquiens
3054 3665 3066 3702 ε
3097 3649 3234 3702 Ecce
3264 3651 3434 3705 Satan
3476 3667 3572 3705 ex-

1945 3745 2143 3817 petivit
2175 3749 2239 3798 ut
2279 3743 2551 3800 cribraret
2574 3758 2673 3797 vos
2701 3741 2844 3796 sicut
2887 3741 2985 3812 qui
3037 3740 3250 3796 cribrat
3296 3741 3573 3811 triticum,

1946 3854 2055 3910 ego
2081 3841 2273 3894 autem
2305 3854 2406 3909 pro
2427 3843 2481 3892 te
2513 3836 2709 3908 rogavi
2738 3842 2805 3891 ut
2829 3853 2944 3891 non
2976 3835 3193 3890 deﬁciat
3225 3835 3362 3891 ﬁdes
3388 3841 3504 3905 tua,
3521 3841 3580 3892 et

1944 3939 2005 3988 tu
2035 3933 2336 4006 aliquando
2368 3932 2641 3986 conﬁrma
2668 3931 2874 3985 fratres
2903 3932 3033 3985 tuos
3060 3931 3210 4000 (Luc.
3244 3946 3378 3999 xxu,
3408 3931 3514 4002 3t).
3546 3951 3574 3983 »

1944 4027 2279 4082 Consideret
2303 4027 2496 4098 itaque
2523 4031 2708 4081 vestra
2745 4026 3022 4080 excellens
3050 4026 3354 4096 prudentia
3403 4043 3578 4098 quam

1944 4121 2160 4175 bonum
2193 4120 2266 4174 sit
2295 4121 2666 4192 supersisterc
2713 4119 2774 4173 in
2821 4119 3236 4191 dispensatione
3266 4120 3423 4176 vobis
3455 4137 3575 4175 cre-

1946 4215 2080 4283 dita,
2122 4221 2179 4270 et
2221 4215 2279 4268 in
2329 4215 2438 4268 ﬁde
2484 4219 2658 4280 recta,
2713 4219 2883 4285 atque
2933 4213 3214 4268 haereticis
3258 4220 3315 4268 et
3355 4214 3580 4270 aemulis

1946 4309 2152 4363 Christi
2183 4324 2527 4379 repugnare,
2561 4310 2618 4361 et
2645 4323 2939 4378 nunquam
2979 4324 3012 4360 a
3055 4307 3309 4361 veritatis
3355 4309 3580 4363 tramite

1948 4402 2248 4468 declinare,
2265 4400 2534 4473 quoniam
2564 4400 2841 4455 Dominus
2858 4403 2916 4454 et
2931 4400 3187 4456 Salvator
3206 4400 3466 4455 omnium
3487 4417 3580 4456 cu-

1939 4497 2034 4568 jus
2057 4496 2168 4550 ﬁde
2198 4496 2413 4567 est,qui
2436 4511 2541 4568 pro
2571 4493 2731 4549 nobis
2761 4495 2902 4549 mori
2923 4511 3040 4549 non
3062 4494 3433 4563 dubitavit,et
3452 4510 3580 4566 pro-

202 4587 602 4660 malignarum
626 4591 741 4644 tela
769 4590 1118 4661 linguarum,
1142 4590 1455 4662 quibusque
1487 4589 1847 4644 contlictatio-
1865 4597 1925 4669 Β
1947 4590 2072 4662 prio
2089 4607 2194 4645 nos
2211 4607 2311 4644 suo
2332 4589 2578 4645 redemit
2609 4588 2884 4660 sanguine
2899 4606 2916 4657 ;
2941 4589 3039 4658 qui
3060 4589 3229 4643 ﬁdem
3256 4587 3406 4642 beati
3430 4590 3577 4644 Petri

199 4682 378 4737 nibus
399 4684 728 4738 communia
758 4700 985 4755 semper
1006 4684 1268 4738 membra
1291 4685 1607 4754 pulsantur,
1632 4701 1662 4735 a
1689 4685 1846 4737 nulla

202 4776 440 4846 piorum
517 4777 702 4848 portio
776 4777 1192 4832 conflictatione
1261 4777 1332 4830 sit
1396 4755 1734 4868 libera.{lta
1785 4782 1847 4830 ut

200 4870 477 4941 periculis
542 4887 643 4925 nec
718 4871 833 4926 otio
906 4874 1166 4938 careant,
1234 4887 1336 4925 nec
1408 4870 1637 4937 labore,
1712 4886 1845 4924 nam

200 4961 330 5017 haec
361 4969 421 5018 et
445 4964 638 5018 omnia
678 4963 1028 5019 incrementa
1069 4955 1482 5035 probabilium'
1503 4963 1842 5032 studiorum,

201 5059 262 5109 et
293 5058 353 5111 in
388 5057 468 5111 eis
501 5074 675 5128 usque
703 5058 757 5113 in
791 5059 964 5112 ﬁnem
1015 5059 1439 5130 perseverantia
1475 5061 1645 5129 atque
1677 5058 1846 5113 bonae

203 5146 396 5221 151
457 5151 764 5205 voluntatis
813 5151 1161 5207 incrementa
1217 5153 1289 5206 ad
1342 5151 1548 5207 Christi
1601 5151 1846 5224 gratiam

198 5257 444 5314 semper
472 5248 604 5298 sunt
628 5245 944 5313 referenda,
977 5249 1043 5300 ut
1072 5246 1130 5300 in
1159 5245 1424 5301 omnibus
1462 5262 1590 5317 quae
1621 5245 1848 5317 agimus

199 5334 361 5390 Deus
389 5333 548 5389 omni
572 5337 820 5406 perfecte
850 5338 1120 5394 laudetur
1147 5344 1428 5411 tempore.
1461 5340 1538 5394 De
1576 5339 1845 5410 capitulo-

198 5442 341 5482 rum
361 5444 614 5500 namque
639 5445 903 5485 verorum
924 5431 1135 5486 Nicaeni
1159 5434 1399 5501 concilii,
1418 5433 1621 5505 quibus
1641 5449 1744 5487 nos
1765 5432 1849 5486 in-

197 5521 475 5576 terfuisse
522 5521 725 5577 litteris
774 5528 976 5580 vestrae
1020 5526 1389 5581 fraternitatis
1432 5525 1765 5598 signiﬁcatis
1814 5541 1848 5579 ει

198 5615 419 5669 nostris
433 5615 534 5687 qui
553 5631 664 5670 una
678 5615 969 5672 vobiscum
989 5618 1372 5675 interfuerunt
1393 5620 1847 5693 diligentioribus

198 5707 618 5779 requisivimus
664 5710 1153 5780 collocutionibus,
1184 5712 1279 5784 qui
1310 5713 1388 5767 ita
1433 5719 1494 5769 ut
1519 5720 1716 5770 vestrae
1759 5721 1845 5770 te-

199 5804 375 5856 statae
403 5804 538 5858 sunt
563 5801 770 5857 litterae
809 5820 1039 5860 omnem
1071 5805 1232 5861 nobis
1275 5807 1534 5862 ordinem
1574 5825 1847 5880 exposue-

201 5900 368 5968 runt,
402 5898 461 5952 et
489 5898 736 5952 vestram
781 5897 1079 5970 epistolam
1127 5916 1228 5970 per
1256 5901 1448 5956 omnia
1488 5915 1681 5958 veram
1726 5915 1849 5960 esse

1945 4701 2060 4740 non
2083 4683 2434 4738 defecturam
2465 4682 2746 4754 promisit,
2770 4687 2826 4736 et
2852 4683 3192 4736 conﬁrmare
3222 4698 3353 4736 eum
3376 4681 3578 4738 fratres

1947 4795 2078 4832 suos
2107 4776 2408 4832 admonuit
2436 4775 2589 4848 quod
2612 4775 2945 4848 apostolicos
2975 4775 3267 4846 pontiﬁces
3289 4789 3434 4830 mea:
3457 4777 3577 4831 cxi-

1949 4872 2178 4944 guitatis
2229 4872 2671 4943 praedecessores
2721 4869 3072 4924 conﬁdenter
3114 4868 3311 4924 fecisse
3357 4887 3581 4943 semper

1947 4966 2162 5021 cunctis
2189 4969 2272 5020 est
2297 4965 2608 5037 cognitum,
2628 4979 2874 5036 quorum
2907 4966 2962 5016 et
2992 4962 3268 5034 pusillitas
3287 4966 3583 5031 mea,licet

1946 5061 2132 5132 impar
2172 5061 2243 5115 sit
2286 5066 2342 5116 et
2388 5059 2635 5126 inﬁrma,
2689 5074 2792 5129 pro
2837 5060 3096 5128 suscepto
3146 5061 3340 5113 tamen
3394 5059 3583 5116 divina

1948 5154 2276 5226 dignatione
2337 5152 2675 5219 ministerio,
2721 5151 3066 5222 pedissequa
3115 5152 3270 5223 cupit
3323 5153 3578 5212 existere.

1949 5249 2042 5302 Vas
2073 5248 2226 5303 enim
2256 5247 2368 5301 erit
2398 5246 2559 5300 nobis
2586 5244 2682 5317 qui
2711 5245 2882 5315 hujus
2911 5245 3212 5300 ministerii
3238 5264 3381 5302 onus
3401 5265 3583 5305 susce-

1948 5347 2110 5414 ptum
2151 5342 2452 5408 habemus,
2483 5339 2526 5393 si
2556 5338 2849 5394 veritatem
2890 5339 3192 5395 Salvatoris
3234 5343 3415 5398 nostri
3452 5347 3584 5401 Jesu

1949 5434 2180 5503 Christi,
2198 5450 2370 5506 quam
2399 5433 2637 5504 apostoli
2670 5433 3140 5504 praedicaverunt,
3163 5437 3472 5507 praedicare
3488 5456 3582 5494 ne-

1949 5528 2328 5599 glexerimus;
2356 5543 2441 5580 vae
2481 5527 2588 5582 erit
2633 5526 2798 5582 nobis
2825 5526 2872 5581 si
2900 5528 3126 5583 silentio
3152 5531 3443 5584 veritatem
3475 5547 3577 5602 op-

1949 5621 2323 5694 presserimus
2374 5619 2471 5692 qui
2501 5636 2736 5692 erogare
2782 5623 3181 5678 nummulariis
3201 5623 3492 5694 jubemur,
3521 5624 3576 5679 id

1948 5719 2033 5770 est
2054 5714 2400 5769 Christianos
2441 5715 2681 5786 populos
2721 5715 2977 5771 imbuere
3012 5719 3070 5770 et
3100 5715 3322 5782 docere,
3349 5715 3490 5787 quid
3518 5716 3580 5773 in

1949 5807 2125 5881 ipsius
2145 5808 2352 5863 Christi
2376 5807 2574 5864 futuro
2604 5809 2810 5864 dicturi
2840 5825 3038 5864 sumus
3080 5807 3358 5876 examine,
3387 5810 3431 5864 si
3460 5828 3579 5867 ser-

1949 5903 2133 5957 monis
2164 5901 2286 5980 ejus
2313 5902 2604 5958 veritatem
2631 5901 3038 5957 confundimur
3058 5899 3371 5971 pradicare
3386 5901 3416 5957 τ
3440 5905 3584 5969 Quid
