4032 6332
444 328 546 380 615

1334 306 1617 375 APPEND.
1656 318 1745 401 AD
1780 319 1939 374 saec.
1982 319 2068 373 1x.
2098 342 2167 357 -ι
2204 305 2451 375 lSlDORl
2490 310 2915 376 MERCATORIS

3703 311 3808 374 646

443 433 554 486 erit
577 431 646 485 de
674 428 837 484 nobis
860 445 991 483 cum
1018 428 1085 483 de
1114 426 1426 482 commissis
1469 426 1634 482 nobis
1668 426 1988 496 animabus,
2016 428 2073 481 et
2094 442 2152 514 Α
2173 427 2331 482 niam
2365 432 2427 481 ut
2452 428 2681 483 habebit
2704 445 2737 481 a
2768 430 2881 483 Deo
2915 427 3090 498 digne
3135 426 3618 482 remunerationis
3658 443 3807 498 prse-

443 524 513 579 de
540 524 725 579 officio
752 527 1011 593 suscepto
1055 521 1330 575 rationem
1370 520 1559 590 justus
1593 519 1770 590 judex
1816 519 2072 575 Christus

441 618 593 672 Deus
616 618 811 672 noster
840 615 1149 669 districtam
1191 613 1462 684 exegerit.
1498 613 1647 681 Ideo,
1680 613 1904 683 fratres,
1933 614 2067 669 hor-

440 716 531 765 tor
553 710 915 766 dilectionem
940 712 1205 773 vestram,
1233 707 1486 761 obtestor
1512 712 1569 762 et
1597 723 1828 777 moneo,
1850 710 1917 762 ut
1940 719 2096 780 quae'

441 803 660 859 debetis
685 807 742 857 et
766 802 1002 874 potestis
1047 800 1419 856 sollicitudine
1444 800 1686 872 vigiletis
1728 802 1796 856 ad
1839 801 2066 856 investi-

439 897 654 969 gandos
684 896 979 951 haereticos
1011 898 1068 949 et
1096 894 1354 949 inimicos
1397 900 1603 949 sancta:
1643 894 1743 949 Dei
1786 895 2066 963 Ecclesia),

437 996 494 1046 et
517 1009 550 1045 a
579 989 694 1045 suis
722 989 1010 1044 mentibus
1042 1005 1113 1044 ne
1139 988 1316 1060 pestis
1360 988 1483 1042 haec
1523 988 1691 1043 latius
1722 987 2065 1060 divulgetur,

436 1084 731 1140 severitate
754 1100 870 1155 qua
899 1082 1133 1154 potestis
1160 1099 1263 1153 pro
1291 1081 1506 1136 viribus
1550 1082 1887 1152 exstirpetis,
1920 1098 2065 1154 quo-

2171 520 2352 574 mium
2369 520 2467 592 qui
2484 521 2816 592 diligentius
2839 519 2993 591 quod
3015 519 3088 574 ad
3105 519 3344 574 salutem
3359 520 3679 574 commissas
3700 520 3812 574 sibi

2169 613 2348 685 plebis
2386 614 2665 685 proﬁciat,
2692 615 2870 669 fuerit
2919 619 3234 681 exsecutus,
3265 614 3346 668 ita
3379 619 3511 669 ante
3555 614 3809 668 tribunal

2169 707 2399 762 Domini
2419 708 2487 761 de
2517 711 2674 762 reatu
2700 707 3064 779 negligentiae
3091 724 3149 763 se
3171 723 3288 762 non
3312 708 3522 778 poterit
3540 723 3809 762 excusare

2169 801 2493 873 quicunque
2510 801 2735 872 plebem
2758 818 2920 856 suam
2941 806 3140 856 contra
3165 800 3455 872 sacrilegas
3476 802 3810 873 prmsuasio—

2164 880 2257 948 nis
2280 899 2544 949 auctores
2575 894 2825 949 noluerit
2862 894 3168 950 custodire.
3220 895 3365 949 Data
3409 911 3475 950 xx
3527 895 3809 950 Kalendas

2167 988 2517 1055 Novembris,
2547 989 2866 1059 Nepotiano
2911 995 2969 1044 et
3012 989 3271 1045 Secundo
3302 988 3436 1043 viris
3477 988 3806 1043 clarissimis

2166 1083 2511 1137 consulibus.

1094 1365 1673 1461 INCIPIUNT
1774 1360 2297 1458 DECRETA
2400 1366 2682 1458 JULlI
2789 1365 3162 1457 PAPIE.

442 1599 451 1603 ρ
506 1560 710 1634 Incipit
752 1562 1007 1617 Romana
1057 1561 1307 1632 synodus
1357 1560 1546 1615 habita
1576 1576 1609 1614 a
1634 1560 1780 1615 Julio
1816 1576 1984 1632 papa,
2016 1566 2071 1614 et

434 1657 669 1727 reliquis
699 1654 1029 1710 orthodoxis
1053 1654 1353 1726 episcopis.

510 1751 570 1804 [n
610 1748 845 1804 nomine
900 1748 1127 1803 Domini
1173 1748 1267 1803 Dei
1292 1752 1349 1802 et
1376 1747 1678 1804 Salvatoris
1723 1746 1900 1802 nostri
1942 1748 2071 1802 Jesu

2170 1574 2236 1615 ex
2270 1560 2400 1627 Deo,
2434 1561 2630 1614 lumen
2657 1576 2726 1614 ex
2757 1558 2995 1625 lumine,
3024 1560 3203 1613 Deum
3229 1575 3428 1613 verum
3458 1575 3529 1613 ex
3559 1559 3674 1613 Deo
3701 1575 3800 1611 ve-

2171 1671 2253 1723 ro,
2284 1658 2503 1719 natum,
2535 1670 2649 1709 non
2676 1654 2911 1720 factum,
2945 1652 3486 1708 consubstantialem
3522 1653 3668 1707 Patri
3697 1669 3805 1723 per

2170 1764 2345 1818 quem
2375 1746 2567 1802 omnia
2593 1746 2737 1801 facta
2766 1752 2897 1801 sunt
2926 1764 2938 1800 :
2968 1752 3024 1801 et
3067 1763 3195 1817 quae
3221 1746 3282 1800 in
3310 1747 3472 1811 coelo,
3501 1749 3557 1800 et
3589 1762 3715 1816 quae
3744 1747 3807 1800 in

432 1842 657 1910 Christi,
685 1842 1099 1913 imperantibus
1126 1857 1351 1913 quoque
1378 1840 1705 1896 Constantio
1724 1845 1781 1895 et
1799 1841 2066 1894 Constan-
2086 1832 2143 1903 B
2165 1846 2348 1908 terra;
2379 1840 2475 1911 qui
2505 1846 2738 1912 propter
2766 1857 2873 1894 nos
2902 1840 3166 1895 homines
3192 1846 3250 1895 et
3274 1843 3504 1911 propter
3545 1842 3803 1893 nostram

430 1940 489 1991 te
517 1935 805 2006 Augustis,
834 1951 986 1989 anno
1018 1937 1240 2005 quarto,
1274 1934 1378 1988 sub
1423 1933 1514 1989 die
1555 1950 1646 1989 x1x
1676 1933 2059 1988 Kalendarum

431 2029 780 2096 Octobrium,
804 2028 1115 2083 indictione
1159 2031 1351 2106 sexta,
1374 2027 1720 2099 praesidente
1760 2032 1953 2082 sancto
1996 2043 2059 2080 ac

428 2123 754 2178 beatissimo
779 2122 925 2177 Julio
958 2137 1104 2193 papa
1132 2122 1279 2177 sedis
1304 2122 1628 2194 apostolica).
1656 2120 1809 2175 urbis
1841 2121 2056 2188 Romae,

428 2217 746 2288 praepositis
794 2215 1164 2271 sacrosanctis
1205 2221 1261 2270 et
1285 2214 1710 2270 venerabilibus
1740 2213 2059 2285 Evangeliis

427 2310 487 2365 in
505 2310 747 2365 Ecclesia
765 2309 994 2364 Domini
1016 2309 1118 2364 Dei
1147 2313 1206 2363 et
1225 2308 1524 2365 Salvatoris
1555 2308 1734 2363 nostri
1750 2309 1777 2364 ,Ι
1782 2324 1882 2362 esu
1896 2307 2055 2364 Chri-

426 2404 517 2471 sti,
548 2419 675 2474 qua:
710 2406 946 2459 vocatur
972 2402 1457 2472 Constantiniana,
1489 2402 1861 2459 residentibus
1884 2402 2059 2457 etiam

425 2495 559 2551 viris
592 2496 1008 2552 venerabilibus
1055 2495 1388 2568 pariterque
1421 2512 1552 2550 cum
1584 2512 1650 2551 eo
1695 2495 2059 2551 audientibus

425 2589 729 2645 Benedicto
801 2589 1149 2661 Aquileiensi
1208 2588 1506 2661 episcopo,
1557 2589 1705 2644 Rufo
1760 2588 2070 2659 Carthagi-

422 2684 587 2739 nensi
631 2684 917 2755 episcopo,
960 2682 1199 2754 Agapito
1252 2682 1589 2737 Ravennatis
1636 2681 1887 2738 ecclesiae
1935 2681 2052 2752 epi-

424 2794 612 2849 scopo,
643 2777 789 2832 Julio
834 2777 1235 2833 Mediolanensi
1286 2776 1595 2849 episcopo,_
1620 2776 1866 2831 Luciano
1904 2776 2051 2831 Mau-

424 2870 676 2926 rianensi
701 2876 758 2925 et
802 2870 1037 2942 reliquis
1066 2887 1201 2925 cum
1228 2869 1309 2924 eis
1337 2876 1567 2925 centum
1617 2869 1905 2924 sexdecim
1933 2869 2051 2940 epi-

425 2964 632 3036 sc0pis,
663 2963 842 3018 Julius
873 2963 1263 3018 sanctissimus
1299 2963 1606 3035 praedictus
1644 2964 1940 3034 episcopus
1966 2979 2057 3017 ur-

423 3057 511 3112 bis
528 3058 723 3113 Romas
745 3057 886 3112 dixit
910 3073 923 3111 :
954 3056 1174 3112 Sanctae
1200 3057 1299 3112 Dei
1323 3052 1378 3112 et
1407 3057 1735 3128 apostolicae
1762 3056 1977 3128 synodo
1998 3061 2055 3111 et

423 3151 523 3205 Dei
547 3150 856 3218 voluntate,
883 3154 941 3206 et
966 3149 1148 3222 gratia
1177 3150 1423 3205 indivisa
1445 3150 1848 3205 communione
1880 3150 2054 3205 sancti

2161 1935 2402 1989 salutem
2425 1933 2758 2001 descendit;
2791 1938 2849 1987 et
2873 1934 3200 1988 incarnatus
3227 1937 3332 2001 est,
3353 1938 3410 1988 et
3430 1933 3602 1988 homo
3622 1933 3804 1987 factus

2161 2034 2264 2094 est,
2295 2045 2511 2099 passus.
2551 2029 2614 2082 Et
2640 2026 2950 2082 resurrexit
2993 2027 3169 2081 tertia
3218 2026 3328 2097 die,
3359 2032 3416 2081 et
3443 2026 3695 2081 ascendit
3744 2027 3803 2079 in

2160 2123 2349 2189 coelos,
2381 2127 2438 2176 et
2466 2125 2741 2176 venturus
2783 2127 2867 2175 est
2907 2120 3168 2192 judicare
3213 2120 3369 2175 vivos
3422 2126 3481 2174 et
3523 2125 3800 2174 mortuos.

2160 2216 2227 2270 Et
2275 2216 2332 2270 in
2399 2215 2676 2286 Spiritum
2750 2219 3031 2281 sanctum,
3096 2214 3352 2269 dicentes
3418 2218 3607 2267 autem
3676 2217 3805 2267 erat

2160 2309 2391 2381 quando
2436 2326 2550 2363 non
2595 2311 2738 2373 erat,
2772 2312 2871 2363 aut
2915 2325 3030 2362 non
3083 2313 3205 2363 erat
3251 2314 3557 2379 antequam
3612 2306 3800 2375 ﬁeret,

2156 2407 2254 2458 aut
2281 2402 2416 2473 quia
2442 2419 2510 2456 ex
2540 2420 2652 2457 non
2701 2402 3072 2457 existentibus
3122 2401 3305 2456 factus
3344 2408 3447 2470 est,
3478 2404 3577 2455 aut
3609 2416 3673 2454 ex
3715 2401 3800 2453 al-

2157 2501 2281 2551 tera
2333 2496 2643 2551 substantia
2701 2497 2784 2550 vel
2860 2495 3105 2550 essentia
3173 2495 3427 2550 dicentes
3490 2510 3645 2563 esse,
3702 2501 3806 2548 aut

2157 2594 2440 2658 creatum;
2516 2594 2616 2645 aut
2686 2588 3115 2644 convertibilem
3191 2588 3397 2644 Filium
3473 2588 3573 2642 Dei
3625 2604 3637 2641 :
3688 2588 3799 2641 hos

2154 2684 2295 2739 tales
2342 2682 2834 2738 anathematizavit
2888 2682 3167 2738 catholica
3221 2688 3280 2738 et
3331 2682 3639 2753 apostolica
3692 2682 3798 2736 Ec-

2156 2776 2344 2845 clesia,
2399 2778 2549 2832 hanc
2596 2777 2769 2833 ﬁdem
2830 2776 3229 2832 venerabiliter
3284 2776 3521 2831 trecenti
3595 2775 3800 2830 decem

2156 2876 2213 2925 et
2242 2873 2367 2925 octo
2395 2874 2749 2942 agnoverunt
2775 2876 2833 2925 et
2870 2870 3388 2925 corroboraverunt
3415 2872 3801 2923 consonantes

2155 2967 2213 3018 et
2239 2964 2541 3019 unanimes
2571 2964 2792 3035 scriptis
2824 2964 3296 3035 explanaverunt.
3331 2964 3471 3017 Nam
3515 2962 3800 3017 Dominus

2152 3061 2345 3113 noster
2372 3058 2606 3113 mittens
2630 3058 2700 3112 ad
2730 3058 3157 3128 praedicandum
3185 3057 3488 3128 discipulos
3527 3073 3657 3110 suos
3679 3056 3761 3111 ait
3785 3073 3800 3110 :

2162 3171 2189 3200 ‹‹
2211 3154 2437 3217 Euntes,
2460 3151 2653 3207 docete
2672 3168 2871 3207 omnes
2895 3156 3113 3222 gentes,
3131 3150 3481 3221 baptizantes
3502 3167 3599 3204 eos
3618 3149 3675 3203 in
3700 3166 3803 3204 no-

424 3244 661 3316 Spiritus
678 3245 735 3298 in
753 3203 856 3299 hac
871 3203 1250 3300 consonanter
1263 3249 1319 3299 et
1332 3243 1680 3300 unanimiter
1695 3248 2055 3316 congregatae
2077 3203 2133 3278 Ο
2158 3246 2314 3301 mine
2345 3203 2538 3316 Patris,
2559 3249 2618 3300 et
2642 3245 2787 3314 Filii,
2821 3248 2879 3299 et
2895 3203 3144 3316 Epiritu’s
3164 3203 3342 3299 sancti
3364 3246 3580 3313 (Matth.
3597 3260 3799 3312 xxvm,

424 3339 663 3419 antiqua
700 3338 850 3392 alma
884 3338 1026 3393 urbe
1066 3338 1258 3392 Romae
1303 3337 1378 3392 ad
1426 3338 1913 3393 conﬁrmationem
1964 3355 2054 3393 sa-

424 3448 580 3488 cram
606 3436 663 3487 et
687 3431 1095 3487 correctionem
1122 3431 1254 3487 fidei
1289 3437 1520 3499 nostrae,
1538 3437 1593 3487 et
1610 3432 2053 3488 Christianorum

420 3526 803 3589 immaculata
822 3525 1157 3598 disciplima,
1178 3529 1242 3580 ut
1268 3527 1466 3595 nostis,
1496 3526 1807 3581 beatissimi
1828 3527 2051 3596 fratres,

419 3637 647 3676 necesse
677 3624 762 3675 est
787 3619 1055 3691 cogitare,
1090 3623 1148 3673 et
1187 3604 1566 3675 consonanter
1590 3637 1789 3676 omnes
1813 3636 1917 3675 nos
1951 3620 2052 3674 do-

421 3731 553 3787 cere
595 3713 911 3769 secundum
959 3716 1225 3767 naturam
1273 3714 1370 3768 Dei
1411 3714 1643 3781 summi,
1671 3719 1727 3769 et
1754 3714 1933 3768 Patris
1962 3730 2051 3767 sa-

419 3807 691 3881 pientiam
721 3806 943 3862 Domini
977 3807 1073 3861 Dei
1102 3812 1157 3862 et
1186 3807 1489 3862 Salvatoris
1533 3806 1708 3861 nostri
1737 3809 1865 3862 Jesu
1893 3806 2050 3862 Chri-

422 3902 492 3956 sti
523 3899 681 3956 omni
728 3898 1074 3953 desideranti
1118 3900 1437 3954 humanam
1478 3899 1839 3971 divinamque
1877 3901 1935 3955 in
1984 3918 2053 3955 eo

424 3999 621 4051 attesta
630 3999 723 4047 nte
734 3992 994 4047 Veritatis
1012 4007 1146 4048 voce
1161 3996 1449 4061 naturam,
1471 4015 1499 4044 «
1522 3993 1795 4064 quoniam
1815 3994 1911 4064 qui
1929 4011 2054 4048 con-

421 4088 676 4144 ﬁtebitur
716 4103 811 4142 me
865 4102 1053 4141 coram
1110 4085 1437 4141 hominibus
1491 4086 1807 4141 conﬁtebor
1848 4090 1905 4142 et
1948 4104 2055 4158 ego

423 4198 557 4236 eum
581 4196 775 4235 coram
800 4181 964 4235 Patre
990 4196 1118 4235 meo
1146 4179 1243 4251 qui
1275 4179 1334 4233 in
1363 4178 1516 4233 caelis
1553 4182 1658 4233 est.
1701 4179 1806 4243 Qui
1861 4185 2053 4235 autem

421 4274 712 4348 negaverit
739 4290 831 4329 me
861 4280 918 4330 et
942 4274 1117 4351 verba
1144 4290 1290 4341 mea,
1318 4273 1544 4345 negabo
1571 4289 1704 4328 eum
1736 4279 1794 4329 et
1822 4290 1929 4346 ego
1958 4291 2051 4329 co-

422 4387 543 4425 ram
588 4371 752 4424 Patre
797 4384 928 4423 meo
970 4367 1070 4439 qui
1112 4367 1174 4421 in
1222 4366 1374 4422 coelis
1421 4369 1508 4421 est
1547 4367 1764 4438 (Matth.
1798 4385 1850 4438 κ,
1884 4369 1992 4439 33).
2024 4388 2051 4420 »

422 4464 582 4530 Unde
612 4466 853 4535 oportet,
872 4466 935 4517 ut
958 4461 1145 4532 primo
1165 4460 1336 4515 ﬁdem
1363 4464 1747 4516 trecentorum
1780 4462 1981 4517 decem
1999 4468 2055 4518 et

426 4561 552 4614 octo
581 4559 807 4612 Patrum
832 4556 890 4609 in
918 4554 1142 4609 Nicaana
1168 4553 1388 4625 synodo
1416 4555 1842 4611 corroboratam
1869 4574 2050 4629 pona-

425 4668 573 4718 mus,
603 4654 659 4704 et
686 4647 1049 4721 postmodum
1098 4664 1227 4719 quae
1275 4648 1594 4703 necessaria
1638 4655 1769 4703 sunt
1810 4650 2055 4706 ﬁdeliter

423 4748 755 4799 tractemus.
796 4741 896 4796 Cui
944 4740 1014 4796 ab
1057 4740 1321 4797 omnibus
1372 4759 1485 4796 una
1529 4758 1663 4797 voce
1716 4759 2056 4815 responsum

425 4841 542 4892 est:
567 4836 649 4891 Ad
668 4836 779 4890 hoc
803 4834 1189 4903 convenimus,
1208 4839 1269 4890 ut
1292 4840 1419 4906 post
1444 4836 1550 4890 hoc
1573 4836 1829 4907 primum
1850 4855 2054 4910 secun-

425 4932 561 4986 dum
615 4930 714 4985 Dei
761 4931 1107 4985 voluntatem
1165 4929 1458 4998 faciamus,
1509 4935 1565 4984 et
1608 4947 1641 4985 a
1683 4931 2056 4987 fundamento

427 5023 776 5080 ChristiJesu
802 5022 1158 5094 incipiamus,
1178 5028 1233 5078 et
1246 5022 1434 5097 denuo
1451 5040 1555 5095 pro
1577 5024 1817 5080 fratrum
1832 5042 2059 5097 oppres-

428 5119 585 5183 sione
627 5120 932 5173 tractantes
973 5117 1489 5191 laboremus;\quia
1539 5118 1676 5173 dum
1702 5119 1783 5173 illi
1814 5120 2059 5191 graviter

426 5211 781 5284 afﬂiguntur,
812 5228 915 5267 nos
945 5212 1245 5283 respirare,
1273 5211 1380 5267 nec
1405 5212 1693 5284 quiescere
1738 5230 2054 5284 possumus,

427 5308 564 5379 quia
595 5306 734 5361 dum
780 5305 1039 5360 membra
1065 5310 1360 5374 vexantur,
1391 5322 1596 5377 corpus
1638 5307 1922 5378 reliquum
1965 5326 2057 5379 pa-

427 5417 572 5469 cem,
602 5403 701 5456 aut
732 5399 979 5471 quietem
1026 5399 1264 5454 minime
1309 5397 1521 5452 habere
1568 5400 1795 5470 poterit,
1825 5400 1947 5456 haec
1973 5406 2058 5457 est

428 5495 586 5549 enim
617 5493 761 5549 fides
786 5493 1011 5548 Nicazna
1038 5491 1289 5563 generali
1316 5492 1557 5546 tractata
1585 5493 1820 5564 synodo.

474 5587 794 5657 Credimus
820 5587 879 5640 in
912 5602 1092 5640 unum
1125 5586 1304 5638 Deum
1329 5585 1552 5639 Patrem
1581 5586 2054 5659 omnipotentem,

426 5681 683 5753 omnium
709 5679 1015 5747 visibilium
1064 5676 1544 5749 invisibiliumque
1587 5679 1880 5749 factorem,
1910 5687 1969 5735 et
1995 5682 2056 5739 in

424 5790 609 5845 unum
628 5772 937 5839 Dominum
962 5771 1156 5824 Iesum
1176 5768 1461 5824 Christum
1487 5771 1690 5839 Filium
1711 5773 1830 5841 Dei,
1853 5778 2055 5830 natum

427 5866 669 5935 ex-Patre
690 5861 1197 5947 unigenitum3~hoc
1219 5867 1304 5932 est
1322 5861 1630 5931 substantia
1658 5864 1855 5932 Patris,
1877 5867 2054 5922 Deum

2160 3340 2265 3412 19),
2294 3361 2321 3388 »
2357 3340 2425 3394 de
2452 3339 2658 3411 quibus
2684 3343 2741 3394 et
2768 3340 3129 3394 affirmamus
3154 3338 3236 3392 ita
3260 3338 3495 3404 habere,
3525 3343 3581 3393 et
3604 3337 3685 3391 ita
3711 3355 3800 3391 sa-

2154 3450 2312 3505 pere,
2342 3434 2440 3488 sed
2469 3434 2640 3489 etiam
2665 3432 2882 3488 dudum
2911 3433 2990 3487 sic
3018 3432 3310 3499 habuisse,
3335 3437 3393 3487 et
3419 3431 3495 3486 ita
3516 3432 3800 3503 sapuisse,

2156 3533 2213 3582 et
2239 3544 2417 3600 usque
2441 3527 2510 3582 ad
2539 3530 2784 3582 mortem
2814 3544 2917 3598 pro
2944 3527 3051 3581 hac
3077 3525 3291 3581 instare
3321 3526 3432 3581 fide
3464 3525 3801 3580 anathema-

2154 3622 2390 3676 tizantes
2422 3638 2650 3677 omnem
2694 3622 2816 3676 sine
2851 3622 2965 3676 Deo
2994 3620 3285 3675 haeresim.
3320 3621 3447 3675 Haec
3488 3620 3680 3675 omnia
3728 3637 3802 3675 ex

2154 3716 2343 3783 corde,
2373 3720 2429 3771 et
2446 3715 2643 3770 anima
2672 3716 2945 3786 sapuisse,
2969 3730 3036 3769 ex
3059 3731 3174 3786 quo
3202 3713 3469 3769 novimus
3489 3715 3803 3785 nosmetip-

2155 3827 2262 3878 sos,
2296 3814 2351 3863 et
2389 3825 2539 3863 nunc
2582 3823 2781 3880 sapere
2825 3811 2882 3864 et
2920 3808 3107 3864 dicere
3153 3824 3348 3862 coram
3399 3806 3798 3879 omnipotente

2154 3904 2271 3957 Deo
2302 3906 2360 3957 et
2383 3903 2626 3957 Domino
2657 3906 2850 3957 nostro
2874 3904 3004 3957 Jesu
3028 3902 3248 3959 Christo
3275 3918 3408 3957 cum
3432 3901 3667 3956 veritate
3707 3906 3793 3956 te-

2155 3999 2393 4051 stamur.
2424 3995 2518 4050 His
2545 3997 2698 4052 enim
2726 3997 2806 4051 ita
2836 3996 3149 4067 praelibatis
3193 3996 3450 4066 ingenita
3486 3995 3666 4050 Patris
3695 4012 3801 4050 na-

2154 4093 2281 4144 tura
2307 4092 2573 4145 extranea
2600 4095 2703 4159 est,
2721 4090 2819 4144 sed
2846 4089 3279 4161 praedicandum
3307 4094 3391 4144 est
3416 4105 3534 4144 esse
3553 4090 3797 4143 consub-

2154 4182 2475 4237 stantialem
2500 4183 2645 4237 Patri
2679 4182 2900 4251 Filium,
2934 4199 2999 4238 eo
3038 4182 3194 4255 quod
3226 4183 3446 4238 nullam
3492 4181 3792 4254 inqualita-

2153 4280 2269 4330 tem
2296 4276 2368 4330 ad
2397 4281 2684 4331 creaturas
2713 4277 2892 4331 factas
2921 4276 3021 4331 Dei
3075 4275 3245 4331 Filius
3296 4275 3521 4344 habeat,
3554 4274 3652 4330 sed
3685 4275 3800 4330 soli

2153 4370 2303 4425 Patri
2332 4370 2576 4441 genitori
2604 4386 2705 4441 per
2732 4386 2963 4425 omnem
2990 4370 3231 4425 modum
3257 4369 3330 4425 sit
3358 4368 3577 4445 similis,
3596 4372 3654 4423 et
3676 4386 3798 4425 non

2154 4462 2226 4518 sit
2250 4481 2321 4518 ex
2345 4465 2452 4518 alia
2496 4464 2751 4535 qualibet
2794 4464 3108 4519 substantia
3154 4465 3241 4519 vel
3292 4463 3556 4532 essentia,
3591 4464 3689 4519 sed
3729 4481 3799 4519 ex

2154 4557 2333 4612 Patris
2359 4562 2490 4613 ante
2517 4533 3071 4707 omnialSiquidem
3116 4557 3395 4630 exquisita
3438 4563 3572 4613 sunt
3618 4557 3800 4629 impia

2158 4656 2213 4707 et
2241 4651 2455 4707 iniqua.
2479 4657 2534 4707 et
2564 4652 2684 4707 sine
2706 4653 2749 4707 D
2788 4670 2820 4706 o
2846 4652 3120 4707 dogmata
3143 4651 3283 4707 Arii.
3307 4657 3363 4707 et
3382 4651 3799 4707 consentientia

2158 4656 2213 4707 et
2241 4651 2455 4723 iniqua,
2479 4657 2534 4707 et
2564 4652 2684 4707 sine
2706 4651 2820 4707 Deo
2846 4652 3120 4723 dogmata
3143 4651 3283 4719 Arii,
3307 4657 3363 4707 et
3382 4651 3799 4707 consentientia

2156 4745 2206 4801 ei
2229 4745 2331 4799 sub
2357 4746 2736 4817 praesentique
2761 4746 3023 4801 omnium
3051 4746 3279 4801 decreto
3306 4745 3647 4817 complacuit
3661 4748 3797 4801 ana-

2155 4839 2509 4894 thematizari
2552 4840 2788 4910 impiam
2842 4840 2962 4910 ejus
3014 4845 3241 4907 sectam,
3271 4843 3329 4893 et
3376 4839 3574 4912 iniqua
3615 4843 3792 4911 atque

2158 4932 2276 4987 sine
2313 4935 2426 4988 Deo
2454 4933 2624 4988 verba
2669 4933 2839 4989 simul
2879 4939 2937 4989 et
2978 4932 3214 4988 nomina
3251 4932 3455 5005 quibus
3499 4932 3789 5001 utebatur,

2157 5026 2294 5081 Filio
2320 5026 2423 5082 Dei
2444 5027 2861 5099 blasphemans,
2894 5030 2951 5082 et
2977 5027 3171 5082 dicens
3201 5042 3272 5082 ex
3295 5043 3413 5082 non
3440 5027 3796 5082 exstantibus

2158 5136 2299 5189 esse,
2323 5126 2381 5175 et
2399 5120 2606 5176 iterum
2626 5121 2736 5177 fuit
2753 5120 3061 5194 aliquando
3092 5120 3323 5193 quando
3350 5137 3465 5176 non
3490 5120 3616 5175 fuit.
3642 5120 3796 5184 Quo-

2157 5214 2327 5269 modo
2352 5215 2505 5270 enim
2527 5215 2655 5284 fuit,
2690 5220 2789 5270 aut
2816 5215 3104 5287 quomodo
3147 5214 3359 5269 iterum
3394 5231 3508 5269 non
3534 5213 3678 5267 fuit?
3725 5214 3796 5267 Et

2157 5324 2261 5379 pro
2287 5307 2464 5364 libero
2489 5308 2726 5363 arbitrio
2756 5308 3005 5378 malitiae,
3037 5313 3208 5379 atque
3238 5307 3454 5362 virtutis
3473 5304 3793 5377 capabilem

2156 5401 2360 5457 Filium
2407 5403 2506 5457 Dei
2552 5403 2822 5470 dicentes,
2866 5406 3195 5458 creaturam
3243 5399 3607 5456 nominantes
3654 5415 3793 5454 eum

2155 5497 2323 5566 atque
2346 5495 2644 5551 facturam.
2675 5497 2804 5551 Haec
2833 5512 2970 5567 ergo
2998 5494 3190 5549 omnia
3231 5494 3387 5548 fatua
3424 5496 3483 5548 et
3522 5491 3694 5547 anilia
3734 5498 3795 5548 et

2154 5588 2489 5659 blasphema
2535 5588 3034 5644 anathematizavit
3062 5592 3324 5643 sanctum
3365 5589 3424 5640 et
3464 5585 3789 5640 universale

2154 5682 2479 5750 concilium,
2512 5685 2569 5737 et
2612 5698 2716 5738 nec
2751 5698 2933 5754 usque
2965 5680 3324 5737 adauditum
3365 5678 3563 5752 impiae
3589 5681 3789 5749 sectas,

2152 5779 2321 5848 atque
2370 5775 2591 5831 timoris
2645 5776 2837 5847 hujus,
2879 5780 2977 5830 aut
3039 5775 3392 5830 intellectum
3457 5772 3791 5845 iniquorum

2155 5885 2385 5924 sensum
2404 5870 2849 5924 accommodant.
2868 5872 2958 5951 Ea
2982 5868 3219 5941 quidem
3246 5884 3372 5941 quae.
3406 5867 3476 5921 de
3504 5865 3599 5920 illo
3624 5868 3790 5951 gesta
