4032 6292
240 387 342 440 617

1481 391 1954 448 DECRETALIUM
1991 393 2376 449 COL‘LECTIO.

3510 385 3610 448 eis

235 500 370 549 sunt
400 495 628 568 qualern
657 495 965 551 terminum
987 497 1312 552 habuerunt
1339 499 1527 554 omnia
1541 499 1667 570 jam
1696 501 1879 556 audis‘
1901 511 1956 586 Α
1980 518 2104 556 ccm
2128 506 2184 556 et
2203 505 2479 572 sequatur
2499 517 2648 569 eam,
2674 497 2804 572 quia
2819 499 2964 555 oculi
2983 499 3211 556 Domini
3231 498 3610 573 superjustos,

235 589 326 657 tis,
362 589 676 645 etaudietis
704 606 806 644 nec
839 607 939 645 nos
974 592 1122 646 forte
1161 592 1453 647 videamus
1478 593 1598 648 viro
1624 593 1876 668 obloqui,

235 686 476 754 prepter
487 683 756 738 delictum
767 701 934 739 suum
945 684 1294 756 improperia
1310 686 1484 756 digna
1497 688 1879 758 portanti.Eos

235 776 394 830 enim
424 776 522 847 qui
548 777 808 832 dividunt
825 795 858 832 a
896 781 1054 833 Patre
1078 780 1390 835 substantia
1412 785 1470 835 et
1491 781 1802 850 divinitate,
1823 785 1879 837 et

233 870 516 924 alienatur
542 871 778 926 verbum
821 889 854 926 a
885 874 1064 942 Patre,
1100 872 1274 928 dividi
1301 875 1372 928 ab
1400 875 1646 929 Ecclesia
1679 877 1874 931 catho-

235 965 346 1018 lica
373 965 658 1032 convenit,
702 969 756 1019 ct
791 982 912 1020 esse
949 967 1161 1021 alienos
1196 985 1228 1021 a
1272 969 1507 1023 nomine
1537 969 1872 1026 Christiano.

235 1058 360 1112 Sint
403 1059 578 1129 igitur
627 1059 792 1114 nobis
845 1064 901 1114 et
948 1061 1216 1116 omnibus
1253 1063 1584 1130 anathema,
1630 1080 1694 1118 eo
1723 1065 1874 1136 quod

235 1152 483 1206 Verbum
517 1152 766 1208 veritatis
797 1153 1099 1210 videantur
1127 1172 1245 1211 esse
1287 1157 1610 1228 cauponati.
1641 1161 1876 1228 Aposto-

233 1245 409 1300 licum
443 1262 690 1318 namque
721 1251 1074 1320 prteceptum
1122 1253 1248 1303 est:
1307 1251 1360 1305 Si
1408 1251 1534 1321 quis
1581 1251 1733 1306 vobis
1778 1269 1875 1306 an-

231 1339 580 1394 nuntiaverit
633 1347 844 1411 praeter
886 1343 1036 1412 quod
1089 1343 1398 1414 accepistis,
1444 1345 1750 1399 anathema
1781 1347 1869 1400 sit.

231 1433 325 1488 His
351 1449 489 1504 ergo
509 1433 732 1488 nullum
753 1436 1180 1490 communicare
1203 1437 1538 1493 denuntiate
1561 1457 1571 1492 :
1603 1439 1761 1494 nulla
1789 1444 1874 1494 est

231 1527 384 1581 enim
414 1528 819 1583 communictio
863 1529 1003 1583 lucis
1043 1531 1116 1584 ad
1161 1531 1468 1600 tenebras;
1527 1533 1627 1586 hos
1677 1533 1870 1604 pellite

227 1620 428 1690 procul
455 1621 526 1675 ab
554 1621 845 1677 omnibus:
874 1624 1027 1678 nulla
1055 1625 1208 1678 enim
1243 1626 1544 1680 concordia
1563 1626 1774 1683 Christi
1800 1628 1868 1682 ad

229 1714 424 1769 Belial.
457 1717 684 1772 Servate
712 1733 828 1784 vos,
853 1717 1053 1772 fratres
1081 1719 1416 1787 eharissimi,
1443 1723 1503 1774 ut
1522 1737 1710 1792 neque
1733 1722 1866 1775 scri-

227 1807 374 1861 batis
409 1808 508 1876 eis,
537 1825 727 1879 neque
767 1827 968 1865 eorum
998 1811 1204 1882 scripta
1247 1813 1584 1884 suscipiatis.
1636 1814 1869 1868 Studete

229 1901 400 1956 simul
437 1907 494 1958 et
545 1919 674 1971 vos,
725 1904 930 1958 fratres
987 1905 1300 1960 charissimi
1359 1912 1414 1961 et
1471 1885 1946 1974 comministri,B

225 1999 502 2066 tanquam
561 1997 824 2067 spiritum
888 2001 946 2052 et
1003 2004 1313 2069 praisentes
1381 2003 1577 2055 nostro
1632 2001 1869 2056 concilio

227 2089 574 2156 consentire,
605 2093 775 2162 atque
807 2091 1222 2164 subscriptione
1250 2097 1432 2148 vestra
1455 2095 1779 2162 decernere,
1811 2101 1872 2150 ut

229 2184 300 2236 ab
331 2183 599 2237 omnibus
624 2184 836 2256 ubique
863 2187 1269 2242 comministris
1313 2189 1523 2242 nostris
1565 2206 1872 2243 consonan-

227 2277 304 2330 tia
331 2293 446 2330 una
472 2281 748 2332 servetur.
769 2278 1106 2334 Abdicamus
1133 2283 1326 2335 autem
1351 2282 1472 2335 illos
1503 2287 1558 2337 et
1578 2287 1738 2337 extra
1761 2287 1870 2336 ter-

227 2370 418 2424 minos
458 2371 748 2426 catholicze
793 2373 1054 2428 Ecclesiae
1113 2375 1312 2445 procul
1359 2375 1714 2446 abjiciamus,
1740 2347 1866 2462 \qui

225 2479 342 2518 non
386 2463 682 2518 affirmant
734 2467 886 2538 quod
913 2468 1058 2522 Deus
1101 2473 1185 2522 est
1229 2468 1502 2536 Christus,
1533 2470 1630 2523 sed
1661 2469 1865 2524 aiunt:

225 2575 392 2612 verus
417 2558 564 2612 Deus
592 2575 708 2613 non
740 2563 842 2626 est,
876 2561 1008 2632 quia
1031 2561 1203 2615 Filius
1231 2565 1334 2629 est,
1395 2563 1492 2616 sed
1513 2579 1678 2618 verus
1699 2563 1870 2616 Filius

225 2669 340 2706 non
375 2655 482 2718 est,
511 2666 584 2705 ne
617 2654 842 2723 genitus
868 2654 939 2708 sit
968 2654 1134 2708 simul
1163 2659 1218 2708 et
1246 2655 1556 2727 ingenitus.
1593 2657 1686 2712 Sic
1715 2657 1869 2712 enim

222 2765 280 2802 se
307 2747 628 2818 intelligere
657 2753 854 2804 natum
883 2748 1246 2820 proﬁtentur,
1280 2750 1412 2821 quia
1449 2751 1527 2804 sic
1559 2751 1826 2806 dixerunt
1851 2768 1862 2805 :

226 2841 392 2906 Quod
417 2849 619 2897 natum
653 2847 738 2897 est
776 2843 994 2897 factum
1033 2849 1134 2898 est.
1177 2846 1242 2900 Et
1275 2843 1407 2915 quia
1448 2861 1579 2898 cum
1611 2845 1868 2900 Christus

226 2939 359 2990 ante
392 2937 597 2990 saecula
624 2937 713 3005 sit,
737 2937 1016 2992 dederunt
1036 2938 1087 2992 ei
1109 2938 1455 3010 principium
1477 2943 1646 3010 atque
1665 2939 1864 3008 ﬁnem,

225 3030 378 3100 quod
402 3047 518 3084 non
533 3030 592 3084 in
610 3033 890 3101 tempore,
920 3030 1020 3085 sed
1037 3032 1207 3086 habet
1228 3035 1360 3086 ante
1378 3033 1600 3087 sarcula.
1625 3035 1867 3089 Oremus

226 3123 394 3177 simul
422 3127 478 3177 et
503 3140 606 3194 pro
631 3124 798 3178 nobis
825 3125 1086 3179 omnibus
1114 3130 1170 3180 et
1184 3125 1421 3197 reliquis
1447 3126 1731 3198 Oppressis
1749 3127 1863 3182 fra-

225 3217 426 3282 tribus,
459 3220 516 3271 et
545 3217 650 3288 ipsi
681 3221 955 3272 eruantur
979 3217 1160 3289 illaesi,
1195 3225 1250 3274 et
1275 3223 1570 3275 serventur
1593 3220 1866 3275 immacu-

227 3311 340 3378 lati,
377 3315 442 3365 ut
467 3327 598 3382 quae
637 3312 783 3366 bene
809 3313 1144 3382 placuerunt
1168 3313 1332 3368 firma
1359 3319 1736 3385 permaneant
1762 3333 1864 3386 per

225 3403 538 3458 Dominum
555 3408 812 3460 nostrum
823 3407 1012 3460 Iesum
1026 3407 1311 3461 Christum
1329 3409 1640 3462 secundum
1659 3409 1865 3463 bonam

225 3498 576 3553 voluntatem
603 3499 770 3566 facta,
790 3499 972 3567 sicuti,
989 3501 1274 3556 credimus
1293 3501 1389 3556 Dei
1406 3507 1464 3556 et
1482 3502 1730 3556 Patrisin
1744 3503 1865 3573 Spi-

224 3592 336 3646 ritu
361 3597 578 3659 sancto,
595 3591 686 3646 cui
703 3596 786 3647 est
800 3592 978 3663 gloria
995 3593 1053 3646 in
1069 3595 1270 3648 smeula
1286 3595 1644 3650 saeculorum.
1659 3597 1858 3649 Amen.

223 3685 468 3741 Trinitas
502 3685 994 3741 consubstantialis
1038 3691 1253 3742 azterna
1297 3693 1400 3743 est.
1440 3689 1583 3743 Data
1627 3689 1858 3744 Kalend.

224 3779 572 3848 Novembris,
613 3779 888 3835 Feliciano
919 3785 974 3836 et
997 3781 1332 3835 Maximiano
1361 3783 1425 3836 IV
1446 3782 1787 3838 consulibus.

221 3905 470 3975 Epistola
505 3908 870 3975 increpatch
898 3907 1034 3961 Julii
1069 3923 1233 3977 papae
1276 3908 1350 3962 ad
1395 3907 1692 3964 Orientales
1745 3910 1858 3977 epi-

291 3991 476 4047 scopos
531 3993 631 4046 pro
684 3979 860 4032 causis
905 3978 1222 4042 Athanasii,
1276 3985 1327 4034 et
1351 3981 1647 4035 excessibus
1673 3985 1862 4034 contra

291 4051 594 4104 Romanam
622 4049 932 4104 Ecclesium.

289 4154 724 4210 Venerabilibus
739 4154 1006 4211 fratribus
1021 4154 1298 4211 universis
1319 4157 1696 4212 Orientalibus
1713 4157 1856 4228 epis-

218 4248 380 4320 copis
407 4249 620 4306 JULm‘s.

290 4343 572 4398 Decuerat
619 4359 755 4413 vos,
825 4343 1068 4412 fratres,
1143 4341 1282 4396 alios
1330 4342 1713 4399 ecclesiasticis
1771 4344 1858 4398 in-

217 4441 438 4492 struere
469 4435 796 4508 disciplinis,
826 4439 884 4491 et
903 4453 1020 4491 non
1034 4435 1239 4491 talibus
1265 4453 1505 4508 arguere
1523 4437 1856 4492 machinan-

217 4530 372 4584 tibus
412 4529 638 4585 dicente
691 4531 910 4586 Joanne
963 4529 1252 4601 Baptista:
1309 4552 1337 4580 «
1371 4531 1670 4586 Neminem
1723 4549 1858 4586 con-

1981 599 2039 650 et
2069 611 2235 650 aures
2261 595 2383 665 ejus
2411 594 2468 648 in
2499 610 2695 666 preces
2733 610 2950 661 eorum,
2992 595 3176 649 vultus
3200 599 3391 650 autem
3417 594 3612 650 Domi-

1979 688 2039 746 ni
2071 705 2241 762 super
2287 688 2556 743 facientes
2603 689 2757 742 mala
2801 687 3030 756 (lPetr.
3071 705 3152 756 1n,
3187 690 3350 758 8-12).
3385 709 3412 738 »
3461 689 3609 753 Quid

1981 783 2140 854 pejus
2160 788 2261 848 est,
2293 782 2516 850 fratres,
2545 799 2716 853 quam
2743 787 2809 836 ut
2839 783 3160 838 sacerdotes
3172 783 3397 836 Domini
3415 781 3464 856 1

1979 876 2078 948 qui
2106 876 2176 930 ab
2218 876 2378 930 omni
2408 876 2564 930 mala
2593 875 3076 947 coinquinatione,
3126 879 3182 929 et
3228 893 3260 929 a
3293 894 3606 932 nocumen-

1976 976 2035 1025 to
2069 970 2326 1024 omnium
2380 969 2830 1024 Christianorum
2873 970 3040 1024 alieni
3086 970 3298 1024 debent
3344 969 3604 1026 existere.

1978 1067 2191 1136 quanto
2225 1062 2403 1132 magis
2427 1081 2460 1117 a
2495 1064 2738 1118 fratrum
2768 1065 2824 1118 et
2867 1063 3257 1135 coepiscorum
3289 1081 3433 1136 quos
3459 1065 3606 1120 tueri

1975 1161 2032 1213 et
2076 1158 2366 1212 sublevare
2411 1157 2619 1211 debent
2663 1156 2732 1210 ab
2777 1156 3012 1226 insidiis,
3062 1161 3118 1212 et
3145 1174 3289 1228 quos
3319 1159 3512 1214 fovere
3550 1164 3608 1213 et

1976 1251 2212 1322 diligere
2229 1267 2592 1321 summopere
2615 1253 2858 1321 oportet,
2884 1257 3306 1322 persequuntur
3325 1269 3418 1306 eos
3443 1252 3636 1323 ejice-'

1973 1361 2054 1415 re,
2083 1350 2140 1400 et
2157 1345 2558 1399 communione
2589 1344 2798 1415 privari
2823 1344 3159 1399 detractant.
3201 1347 3310 1400 Nec
3339 1346 3602 1400 recorda-

1973 1439 2114 1494 mini
2145 1439 2482 1510 sapientiam
2504 1455 2631 1510 quaa
2652 1439 2760 1492 ait:
2785 1459 2812 1488 ι(
2829 1441 3114 1494 ΡΘῙὛΘΓΒῖΕ
3135 1439 3290 1493 enim
3311 1440 3606 1511 cogitatio-

1974 1550 2076 1588 nes
2088 1537 2352 1604 separant
2365 1532 2624 1587 homines
2637 1550 2669 1585 a
2687 1533 2795 1586 Deo
2809 1536 2984 1594 (Prov.
3001 1549 3092 1600 xv,
3111 1532 3256 1604 26);»
3273 1533 3317 1586 si
3329 1550 3606 1604 perversa

1971 1627 2344 1698 cogitationes
2370 1631 2639 1698 separant
2667 1625 2934 1681 homines
2960 1643 2992 1680 a
3013 1628 3148 1696 Deo,
3180 1632 3392 1698 quanto
3419 1628 3608 1699 magis

1970 1738 2144 1792 opera
2172 1721 2372 1792 iniqua
2396 1722 2424 1775 ?
2453 1720 2602 1784 Quid
2635 1720 2792 1776 enim
2813 1720 3054 1791 nequius
3091 1723 3178 1775 est
3215 1737 3387 1792 quam
3407 1721 3515 1776 illis
3538 1722 3608 1776 de

1970 1815 2174 1887 quibus
2189 1815 2460 1870 Dominus
2481 1814 2587 1870 ait:
2618 1833 2644 1867 ‹‹
2669 1814 2777 1879 Qui
2803 1831 2900 1868 vos
2917 1814 3119 1884 tangit,
3135 1815 3604 1886 tangitpupillam

1973 1909 2121 1965 oculi
2149 1909 2265 1964 mei
2290 1909 2464 1976 (Zach.
2494 1925 2554 1976 ιι,
2587 1907 2659 1978 8),
2687 1928 2714 1960 ››
2768 1907 3070 1978 quisquam
3103 1911 3375 1978 avertere,
3411 1926 3603 1981 perse-

1972 2004 2092 2076 qui,
2122 2003 2414 2057 destruere
2439 2003 2696 2056 nitatur?
2721 2001 2956 2056 Probata
2975 2005 3168 2056 autem
3197 2001 3372 2058 virtus
3393 2007 3604 2074 portat,

1969 2095 2248 2168 protegit,
2296 2099 2353 2149 et
2407 2095 2733 2150 consolatur
2795 2110 3096 2166 oppressos
3147 2099 3204 2150 et
3247 2095 3413 2151 docet
3463 2097 3604 2152 insi-

1969 2191 2246 2263 pientem.
2279 2191 2374 2245 Est
2402 2188 2554 2244 enim
2583 2190 2724 2243 Deus
2755 2188 2913 2243 testis
2939 2189 3124 2244 cordis
3147 2190 3421 2260 hominis,
3446 2207 3604 2246 scru-

1971 2288 2234 2356 tatorque
2280 2301 2445 2337 verus
2460 2283 2818 2353 singularum
2847 2283 3320 2338 conscientiarum
3349 2328 3362 2352 ,
3407 2289 3464 2340 et
3495 2285 3601 2340 lin-

1970 2391 2217 2446 gnarum
2247 2374 2600 2446 singularum
2637 2373 2881 2441 auditor,
2915 2389 3088 2444 quam
3119 2374 3352 2446 spiritus
3380 2375 3606 2430 Domini

1969 2468 2206 2539 replevit
2229 2468 2426 2522 orbem
2445 2472 2750 2536 terrarum,
2783 2488 2810 2516 «
2835 2468 3019 2522 ethoc
3041 2468 3193 2538 quod
3215 2469 3468 2524 continet
3484 2486 3602 2524 om-

1969 2562 2064 2617 nia
2089 2561 2379 2616 scientiam
2411 2561 2583 2616 habet
2610 2560 2780 2615 vocis.
2815 2583 2841 2610 »
2885 2563 2952 2616 Et
2985 2561 3125 2615 alias
3153 2561 3302 2616 idem
3333 2563 3452 2632 ipse
3485 2562 3596 2618 ait:

1970 2657 2114 2710 Deus
2145 2655 2390 2710 charitas
2415 2657 2518 2724 est,
2567 2655 2624 2708 in
2665 2655 2775 2710 hoc
2813 2655 3078 2724 apparuit
3115 2655 3358 2710 charitas
3405 2647 3508 2712 Dei
3542 2657 3602 2711 in

1970 2748 2154 2818 nobis,
2183 2748 2454 2820 quoniam
2476 2747 2678 2802 Filium
2707 2765 2875 2802 suum
2902 2748 3262 2819 unigenitum
3279 2749 3434 2804 misit
3454 2751 3602 2804 Deus

1969 2842 2028 2896 in
2054 2842 2356 2910 mundum,
2396 2843 2462 2896 u't
2489 2840 2742 2896 vivamus
2769 2858 2873 2912 per
2900 2857 3055 2896 eum.
3087 2844 3146 2896 In
3177 2843 3284 2897 hoc
3309 2847 3394 2897 est
3421 2843 3605 2899 chari-

1967 2939 2052 2992 tas
2077 2953 2192 2990 non
2213 2935 2488 3007 quasiinos
2499 2934 2863 2990 dilexerimus
2877 2937 3076 3002 Deum,
3097 2935 3308 2992 scilicet
3324 2953 3396 3008 qu
3407 2937 3600 2993 eniam

1965 3030 2086 3101 ipse
2115 3029 2276 3100 prior
2303 3028 2496 3083 dilexit
2535 3046 2658 3098 nos,
2696 3033 2754 3086 et
2791 3029 2948 3083 misit
2977 3029 3178 3085 Filium
3211 3047 3377 3084 suum
3407 3032 3600 3102 propi-

1967 3123 2267 3178 tiationem
2297 3140 2400 3194 pro
2445 3123 2686 3194 peccatis
2727 3123 2953 3178 nostris.
3000 3123 3344 3194 Charissimi,
3379 3125 3424 3179 si
3455 3126 3600 3181 Deus

1967 3217 2162 3272 dilexit
2188 3235 2290 3271 nos
2317 3221 2373 3272 et
2400 3233 2503 3271 nos
2523 3217 2781 3272 debimus
2817 3216 3060 3272 invicem
3092 3218 3334 3289 diligere
3365 3237 3378 3285 ;
3421 3220 3598 3275 Deum

1968 3329 2136 3367 nemo
2185 3311 2324 3366 vidit
2351 3327 2624 3382 unquam.
2655 3311 2712 3366 Si
2736 3311 3041 3382 diligamus
3067 3311 3328 3379 invicem,
3357 3314 3508 3367 Deus
3541 3309 3596 3369 in

1968 3405 2128 3460 nobis
2158 3409 2370 3472 manet,
2401 3409 2457 3460 et
2487 3404 2735 3460 charitas
2767 3404 2889 3475 ejus
2919 3405 2975 3459 in
3009 3405 3168 3458 nobis
3195 3407 3444 3476 perfecta
3475 3413 3595 3474 est;

1965 3500 2022 3552 in
2051 3500 2155 3552 hoc
2176 3499 2567 3568 intelligimus,
2587 3497 2858 3569 quoniam
2887 3498 2944 3552 in
2972 3515 3037 3553 eo
3067 3515 3386 3567 manemus,
3401 3504 3458 3554 et
3477 3501 3596 3573 ipse

1965 3593 2022 3647 in
2051 3592 2228 3659 nobis,
2258 3592 2530 3663 quoniam
2557 3592 2624 3647 de
2651 3591 2856 3663 spiritu
2885 3579 2984 3646 suo
3013 3592 3169 3647 dedit
3194 3593 3375 3660 nobis,
3407 3600 3464 3649 et
3494 3613 3595 3649 nos

1963 3686 2236 3755 vidimus,
2301 3691 2357 3740 et
2403 3685 2812 3753 testiﬁcamur,
2891 3686 3166 3757 quoniam
3223 3689 3386 3742 Pater
3441 3681 3596 3744 misit

1965 3781 2168 3835 Filium
2194 3797 2360 3835 suum
2388 3779 2730 3836 Salvatorem
2755 3780 2978 3835 mundi.
3019 3781 3280 3852 Quisquis
3307 3783 3594 3838 confessus

1961 3874 2150 3941 fuerit,
2205 3875 2479 3946 quoniam
2526 3877 2689 3930 Jesus
2731 3883 2816 3929 est
2860 3873 3029 3928 Filius
3077 3875 3196 3943 Dei,
3241 3877 3387 3931 Deus
3434 3877 3491 3931 in
3523 3895 3591 3932 eo

1963 3975 2174 4039 manet,
2215 3973 2272 4023 et
2315 3968 2433 4039 ipse
2470 3967 2531 4023 in
2565 3969 2675 4023 Deo
2705 3986 2720 4036 ;
2755 3973 2812 4023 et
2849 3985 2949 4022 nos
2978 3969 3366 4041 cognovimus,
3399 3974 3456 4025 et
3475 3987 3592 4026 cre-

1963 4063 2152 4118 dimus
2189 4061 2448 4117 charitati
2487 4079 2658 4134 quam
2703 4062 2877 4118 habet
2915 4064 3060 4118 Deus
3097 4063 3155 4118 in
3186 4065 3350 4119 nobis
3381 4083 3396 4134 ;
3451 4067 3596 4121 Deus

1961 4157 2206 4211 charitas
2246 4161 2346 4223 est,
2380 4160 2436 4212 et
2460 4156 2558 4228 qui
2587 4160 2781 4211 manet
2817 4156 2878 4210 in
2923 4157 3212 4227 charitate,
3247 4158 3304 4212 in
3347 4159 3457 4215 Deo
3485 4177 3596 4214 ma-

1963 4254 2077 4317 net,
2107 4253 2162 4304 et
2179 4252 2323 4306 Deus
2347 4249 2407 4303 in
2439 4266 2528 4304 eo.
2570 4251 2632 4304 In
2672 4250 2780 4304 hoc
2819 4250 3072 4320 perfecta
3099 4255 3184 4305 est
3208 4252 3454 4307 charitas
3483 4271 3594 4309 non

1962 4343 2120 4414 quasi
2141 4361 2246 4398 nos
2275 4343 2636 4398 dilexerimus
2653 4344 2851 4414 Deum,
2878 4343 2976 4398 sed
3003 4344 3278 4415 quoniam
3301 4346 3418 4416 ipse
3441 4347 3597 4418 prior

1961 4438 2154 4492 dilexit
2193 4454 2311 4504 nos,
2352 4436 2484 4508 quia
2528 4436 2669 4491 sicut
2709 4436 2803 4492 ille
2835 4441 2939 4506 est,
2970 4444 3026 4492 et
3055 4455 3155 4492 nos
3180 4457 3374 4493 sumus
3401 4439 3460 4494 in
3489 4442 3594 4496 hoc

1960 4531 2192 4586 mundo.
2242 4529 2434 4584 Timor
2475 4546 2590 4585 non
2635 4533 2722 4584 est
2769 4531 2828 4585 in
2877 4532 3176 4598 charitate,
3219 4533 3316 4588 sed
3343 4534 3594 4604 perfecta

217 4623 470 4694 cutiatis,
507 4640 696 4696 neque
732 4623 1078 4679 calumniam
1111 4624 1326 4680 faciatis
1361 4625 1507 4694 (Luc.
1553 4642 1636 4694 111,
1683 4627 1785 4696 14),
1831 4649 1856 4674 ν)
1878 4633 1937 4705 D
1962 4624 2222 4691 charitas,
2251 4623 2423 4692 foras,
2453 4623 2628 4679 mittit
2647 4624 2934 4694 timorem,
2967 4625 3240 4696 quoniam
3267 4643 3496 4697 poenam
3519 4628 3593 4682 ti-

219 4723 276 4772 et
319 4719 560 4789 reliqua.
599 4719 674 4772 De
712 4735 824 4789 qua
866 4735 928 4774 re
963 4721 1020 4773 et.
1043 4719 1329 4789 apostolus
1367 4719 1573 4772 Paulus
1623 4735 1725 4773 nos
1779 4720 1858 4773 in-

217 4812 386 4866 struit
413 4812 610 4867 dicens
639 4828 652 4866 :
708 4835 734 4861 (ι
765 4813 1005 4882 Fratres,
1053 4817 1107 4867 et
1139 4812 1183 4865 si
1224 4815 1655 4883 praeoccupatus
1687 4812 1860 4867 fuerit

219 4907 391 4960 homo
425 4889 706 4978 in'aliquo
734 4905 961 4973 delicto,
1005 4923 1101 4960 vos
1127 4906 1224 4978 qui
1253 4905 1574 4976 spirituales
1605 4906 1739 4961 estis
1770 4906 1854 4961 in-

219 4999 420 5055 struite
459 4999 790 5070 hujusmodi
837 4999 896 5053 in
936 4999 1141 5070 spiritu
1179 4999 1444 5069 lenitatis,
1493 4999 1859 5054 considerans

221 5093 491 5164 teipsum,
517 5108 591 5146 ne
614 5097 670 5147 et
695 5097 756 5148 tu
776 5093 1012 5148 tenteris
1033 5093 1172 5162 (Gal.
1195 5110 1268 5162 v1,
1301 5094 1369 5164 l),
1401 5115 1428 5142 ››
1463 5098 1518 5148 et
1533 5093 1774 5166 reliqua.
1793 5095 1862 5148 Et

220 5185 355 5241 alibi
385 5187 584 5240 Petrus
621 5187 903 5257 apostolus
937 5186 1056 5242 ait:
1121 5209 1148 5236 «
1193 5187 1402 5242 Omnes
1453 5188 1753 5242 unanimes
1799 5188 1858 5242 in

219 5279 480 5334 oratione
500 5282 702 5350 estote,
719 5281 1144 5352 compatientes,
1167 5281 1534 5336 fraternitatis
1554 5287 1856 5349 amatores,

219 5372 635 5441 misericordes,
667 5374 929 5444 modesti,
967 5375 1230 5441 humiles,
1259 5391 1376 5430 non
1403 5375 1709 5430 reddentes
1735 5393 1857 5429 ma-

221 5467 340 5521 lum
365 5483 473 5538 pro
499 5467 671 5536 male,
701 5467 791 5522 vel
815 5467 1186 5523 maledictum
1213 5485 1318 5540 pro
1349 5469 1671 5538 maledicto,
1700 5470 1798 5524 sed
1829 5487 1859 5524 e

219 5560 505 5615 contrario
544 5560 965 5631 benedicentes,
1012 5563 1148 5634 quia
1195 5563 1254 5616 in
1283 5564 1389 5618 hoc
1413 5563 1594 5618 vocati
1620 5563 1771 5631 estis,
1797 5568 1863 5618 ut

219 5653 677 5709 benedictionem
738 5655 1070 5711 hereditate
1130 5655 1482 5728 possideatis.
1546 5657 1652 5722 Qui
1708 5657 1861 5712 enim

222 5747 342 5801 vult
368 5748 546 5802 vitam
587 5747 826 5819 diligere
874 5754 930 5805 et
967 5749 1162 5806 videre
1205 5750 1325 5806 dies
1365 5750 1566 5818 bonos,
1609 5755 1863 5806 coerceat

223 5839 482 5911 linguam
507 5857 674 5896 suam
701 5858 734 5896 a
753 5843 922 5910 male,
946 5846 1002 5898 et
1021 5843 1167 5899 labia
1187 5843 1308 5915 ejus
1332 5859 1406 5898 ne
1429 5845 1733 5915 loquantur
1759 5845 1860 5899 do-

234 5933 392 6002 lum;
442 5933 744 5994 deClineta
770 5937 920 5993 malo
944 5941 1007 5992 et
1035 5937 1204 5996 faciat
1222 5937 1455 6006 bonum,
1485 5926 1738 6011 inquirat
1757 5955 1859 6014 pa-

1959 4735 2084 4773 mor
2093 4717 2283 4786 hebet;
2301 4717 2396 4788 qui
2409 4721 2600 4772 autem
2615 4717 2797 4786 timet,
2819 4735 2936 4772 non
2951 4719 3331 4790 estperfectus
3342 4720 3400 4773 in
3415 4721 3596 4776 chari-

1959 4816 2091 4867 tate.
2127 4812 2234 4866 Nos
2251 4827 2389 4881 ergo
2417 4811 2719 4883 diligamus
2745 4813 2942 4882 Deum,
2977 4811 3246 4883 quoniam
3277 4815 3419 4868 Deus
3439 4816 3597 4888 prior

1961 4905 2156 4961 dilexit
2175 4923 2295 4960 nos.
2330 4906 2387 4961 Si
2407 4905 2532 4976 quis
2558 4905 2780 4974 dixerit,
2805 4907 3073 4977 quoniam
3103 4906 3278 4978 diligo
3309 4909 3512 4979 Deum,
3541 4914 3600 4966 et

1959 5001 2191 5055 fratrem
2205 5017 2372 5055 suum
2389 5001 2594 5069 oderit,
2609 5000 2855 5055 mendax
2869 5003 2970 5054 est.
2988 5000 3089 5064 Qui
3104 5000 3258 5055 enim
3278 5019 3393 5056 non
3413 5002 3600 5076 diligit

1961 5095 2195 5149 fratrem
2217 5111 2382 5148 suum
2418 5111 2588 5166 quem
2621 5095 2792 5162 videt,
2829 5096 3006 5148 Deum
3053 5112 3227 5166 quem
3269 5113 3382 5152 non
3423 5098 3595 5166 videt,

1963 5188 2248 5260 quomodo
2273 5192 2456 5259 potest
2471 5187 2740 5258 diligere?
2756 5189 2824 5242 Et
2845 5189 2949 5244 hoc
2969 5189 3304 5245 mandatum
3324 5191 3602 5248 habemus

1961 5301 1993 5336 a
2022 5285 2154 5350 Deo,
2193 5304 2220 5332 ‹‹
2244 5287 2307 5336 ut
2325 5281 2424 5353 qui
2450 5282 2639 5352 diligit
2673 5283 2874 5352 Deum,
2909 5283 3112 5354 diligat
3141 5284 3376 5340 fratrem
3411 5304 3598 5342 suum.

1963 5381 2010 5442 (Ι
2033 5380 2188 5432 Joan.
2213 5393 2288 5445 1v,
2314 5378 2488 5444 9-21).
2517 5395 2542 5427 »
2572 5378 2714 5430 Nam
2742 5377 2935 5449 etipsa
2956 5378 3252 5449 Sapientia
3280 5381 3386 5434 ait:
3407 5403 3434 5430 »
3470 5382 3597 5435 Lin-

1963 5487 2076 5540 gua
2105 5469 2447 5539 sapientium
2470 5475 2638 5524 ornat
2662 5470 2982 5540 scientiam,
3003 5489 3065 5526 os
3089 5473 3380 5528 fatuorum
3403 5473 3603 5528 ebullit

1961 5563 2275 5618 stultitiam.
2309 5565 2370 5616 In
2398 5563 2557 5618 omni
2585 5565 2708 5619 loco
2749 5566 2899 5620 oculi
2955 5567 3181 5622 Domini
3202 5568 3597 5636 contemplan-

1960 5663 2054 5712 tur
2087 5657 2265 5712 bonos
2297 5660 2356 5712 et
2386 5658 2583 5727 malos,
2631 5659 2832 5731 lingua
2879 5661 3171 5732 placabilis
3197 5661 3420 5730 lignum
3452 5659 3599 5728 vitae,

1965 5767 2092 5823 quae
2120 5755 2311 5806 autem
2341 5753 2725 5809 immoderata
2759 5759 2860 5824 est,
2896 5756 3154 5809 conteret
3177 5751 3459 5822 spiritum.
3489 5757 3598 5809 Do-

1962 5846 2262 5916 musjusti
2306 5847 2550 5918 plurima
2595 5848 2883 5914 fortitudo,
2929 5847 3076 5900 etin
3115 5845 3390 5900 fructibus
3435 5847 3600 5918 impii

1965 5941 2317 5998 conturbatio
2351 5958 2364 6008 ;
2397 5941 2548 5998 labia
2575 5941 2917 6014 sapientium
2945 5938 3388 5994 disseminabunt
3427 5941 3603 5998 scien-
