4032 6318
418 382 518 436 619

1319 383 1598 438 APPEND.
1640 382 1728 436 AD
1763 339 1924 436 sec.
1961 381 2046 435 Ix.
2079 408 2148 420 -
2185 380 2425 437 ISIDORI
2459 376 2885 437 MERCATOPJS

3692 377 3796 434 6‘20

415 491 576 557 tiam,
609 503 702 544 cor
731 489 1030 545 stultorum
1064 489 1335 544 dissimile
1376 489 1502 557 erit,
1552 489 1791 545 victima:
1838 489 2047 561 impio-
2071 489 2418 574 Acatioues,
2474 488 2828 560 fatribnsque
2876 485 3206 554 subvenire,
3268 489 3326 542 et
3379 486 3626 543 invicem
3679 504 3799 543 non

422 601 550 639 rum
599 584 1008 639 abominabiles
1054 587 1221 638 erunt
1258 583 1535 651 Domino,
1597 589 1724 637 vota
1766 584 2051 655 justorum

418 677 738 750 placabilia.
769 678 870 742 Qui
900 677 1157 748 sequitur
1182 677 1483 747 justitiam,
1513 676 1830 746 dirigitura
1860 679 2050 733 Domi-

421 788 518 826 no.
551 772 723 840 (Prov.
754 788 840 838 xv,
877 772 1014 840 2-9).
1061 791 1087 821 ι)
1116 772 1253 826 Item
1275 771 1408 826 alibi
1440 787 1453 826 ε
1499 791 1525 822 ‹‹
1555 771 1726 826 Labia
1749 771 1888 841 justi
1913 780 2051 827 con-

421 866 673 920 siderant
702 865 920 936 placita,
955 882 1016 919 os
1039 865 1348 935 impiorum
1377 882 1641 936 perversa
1663 867 1837 935 (Prov.
1861 883 1914 935 x,
1940 867 2050 938 32),

423 959 746 1030 simplicitas
768 959 1058 1030 justorum
1081 958 1494 1029 dirigeteos,et
1521 959 1903 1030 supplantatio
1931 977 2054 1032 per-

419 1068 710 1108 versorum
744 1052 986 1106 vastabit
1021 1069 1116 1107 eos
1146 1069 1159 1119 ;
1202 1053 1424 1122 justitia
1465 1057 1752 1108 rectorum
1789 1047 2080 1110 liberabit-

420 1163 538 1213 eos,
567 1150 624 1200 et
652 1146 710 1201 in
749 1145 968 1200 insidiis
1004 1146 1116 1200 suis
1155 1145 1455 1217 capientur
1481 1147 1663 1218 iniqui
1693 1166 1708 1217 ;
1751 1148 1938 1219 justus
1985 1150 2053 1205 de

419 1240 684 1310 angustia
699 1239 1052 1307 liberabitur,
1071 1244 1128 1294 et
1145 1240 1403 1295 tradetur
1418 1241 1626 1311 impius
1639 1259 1743 1314 pro
1760 1259 1847 1297 eo.
1868 1243 2049 1298 Simu-

419 1333 562 1388 lator
595 1350 692 1388 ore
722 1333 931 1404 decipit
968 1334 1212 1388 amicum
1253 1351 1442 1402 suum,
1469 1335 1607 1406 justi
1631 1341 1823 1391 autem
1850 1337 2051 1392 libera-

419 1428 634 1483 buntur
656 1426 908 1495 scientia,
938 1428 996 1482 in
1022 1428 1187 1482 bonis
1214 1428 1499 1498 justorum
1535 1431 1797 1485 exaltabit
1835 1431 2050 1501 civitas,

421 1528 478 1576 et
493 1522 552 1576 in
575 1521 896 1594 perditione
912 1523 1221 1594 impiorum
1239 1523 1346 1577 erit
1366 1524 1631 1594 laudatio,
1653 1526 2052 1581 benedictione

411 1617 700 1687 justorum
725 1617 1064 1671 exaltabitur
1088 1616 1279 1671 civitas
1301 1618 1478 1686 (Prov.
1503 1635 1574 1685 χι,
1593 1623 1644 1685 3,
1666 1623 1716 1685 5,
1733 1623 1784 1684 6,
1802 1622 1852 1685 8,
1878 1624 1982 1686 Η).
2023 1641 2051 1670 ››

417 1711 531 1766 Nec
557 1709 945 1776 consideratis,
989 1710 1086 1781 qui
1118 1710 1316 1766 fratres
1348 1713 1611 1782 persequi
1644 1728 1760 1767 non
1806 1715 2051 1781 cessatis,

418 1803 607 1875 qualia
642 1803 743 1858 Job
790 1804 1235 1874 patientissimus
1278 1805 1428 1860 inter
1470 1809 1676 1860 cratera
1702 1823 1932 1861 exorsus
1967 1808 2050 1862 lo-

2153 584 2429 652 invidere,
2447 583 2548 639 sed
2576 583 2868 653 adjuvare.
2897 580 3118 651 Audite,
3151 580 3410 652 inquam,
3431 581 3555 652 jam
3582 581 3793 636 factam

2154 678 2213 732 in
2241 678 2468 733 Nicama
2497 677 2721 732 civitate
2749 675 3053 748 synodum,
3108 675 3198 730 cui
3236 679 3294 730 et
3336 693 3445 747 ego
3487 675 3610 748 ipse
3653 692 3793 730 con-

2156 771 2405 826 scientiae
2435 788 2580 826 meae
2621 770 2835 825 cultum
2870 770 3136 824 decenter
3179 769 3412 825 exhibui
3455 768 3598 824 nihil
3638 769 3797 824 aliud

2153 867 2345 920 volens
2373 882 2545 938 quam
2569 863 2934 919 concordiam
2963 863 3228 918 omnibus
3258 863 3559 930 fabricare,
3603 866 3661 918 et
3689 879 3798 934 per

2155 959 2371 1014 cunctis
2413 974 2653 1030 arguere
2683 961 2738 1013 et
2766 973 3056 1014 removere
3103 957 3250 1011 hanc
3281 956 3679 1012 insidiantium
3707 958 3793 1011 al-

2154 1052 2541 1120 tercationem,
2578 1069 2721 1124 quas
2766 1052 3130 1123 providentes
3167 1050 3349 1106 sancti
3395 1053 3607 1119 Patres,
3651 1051 3793 1104 insi-

2155 1147 2297 1212 dias,
2327 1151 2382 1202 et
2414 1146 2635 1201 illicitas
2665 1145 3062 1200 altercationes
3087 1144 3437 1199 unanimiter
3453 1144 3510 1198 in
3523 1143 3797 1216 praedicta

2153 1241 2382 1296 Nicama
2419 1243 2744 1294 statuerunt
2773 1239 3008 1310 synodo,
3040 1243 3105 1294 ut
3141 1238 3329 1292 nullus
3359 1238 3656 1309 episcopus
3681 1237 3797 1292 nisi

2155 1335 2214 1390 in
2243 1334 2503 1406 legitima
2533 1333 2747 1406 synodo
2774 1339 2828 1388 et
2856 1349 2958 1387 suo
2989 1336 3249 1403 tempore
3277 1331 3582 1404 apostolica
3606 1336 3799 1387 aucto-

2149 1429 2320 1483 ritate
2352 1433 2680 1493 convocata,
2713 1444 2887 1498 super
2915 1427 3254 1499 quibusdam
3298 1425 3796 1481 criminationibus

2155 1523 2409 1594 pulsatus
2439 1521 2724 1591 audiatur,
2765 1521 2820 1576 id
2866 1525 2967 1588 est,
3001 1520 3310 1592 judicetur,
3352 1521 3440 1575 vel
3466 1521 3793 1588 damnetur,

2156 1616 2251 1671 Sin
2279 1616 2443 1672 aliter
2467 1621 2882 1688 praesumptum
2911 1632 2945 1669 a
2977 1615 3324 1687 quibusdam
3369 1613 3561 1682 fuerit,
3599 1615 3661 1669 in
3694 1631 3794 1669 va-

2156 1726 2295 1764 num
2326 1710 2635 1764 deducatur
2676 1709 2811 1781 quid
2851 1709 3091 1780 egerint,
3138 1725 3243 1763 nec
3275 1707 3648 1763 ecclesiastica
3675 1709 3795 1764 ullo

2155 1803 2326 1858 modo
2355 1801 2937 1874 1‘eputabuntur.1lpsi
2965 1819 3097 1857 vero
3129 1802 3329 1873 primae
3367 1801 3512 1856 sedis
3541 1803 3794 1857 ecclesiae

422 1898 617 1969 quitur
645 1914 658 1952 :
699 1919 726 1947 α
757 1898 923 1951 Auris
960 1898 1195 1952 audiens
1221 1898 1584 1954 beatificabat
1617 1916 1709 1954 me
1755 1904 1812 1955 et
1861 1901 2054 1956 oculus
2074 1875 2131 1947 Β
2156 1897 2648 1953 convocandarum
2680 1875 3032 1967 gene‘ralium
3059 1897 3406 1968 synodorum
3414 1897 3549 1967 jura
3570 1900 3627 1950 et
3645 1895 3796 1966 judi-

417 1991 612 2047 videns
645 1991 1036 2046 testimonium
1064 1993 1333 2047 reddebat
1354 1993 1514 2059 mihi,
1545 1994 1698 2064 quod
1728 1994 2054 2050 liberassem

419 2102 738 2158 pauperem
764 2085 1202 2154 vociferantem,
1237 2089 1293 2140 et
1322 2087 1602 2158 pupillum
1644 2089 1734 2142 cui
1765 2105 1878 2142 non
1909 2094 2056 2144 esset

418 2180 664 2250 adjutor,
691 2180 1013 2236 benedictio
1044 2180 1279 2250 perituri
1329 2197 1498 2251 super
1532 2198 1623 2236 me
1671 2182 1950 2248 veniebat,
1999 2188 2055 2238 et

417 2292 512 2329 cor
537 2275 721 2330 vidum
748 2275 1072 2329 consolatus
1100 2291 1246 2342 sum,
1287 2275 1508 2344 justitia
1540 2274 1770 2329 indutus
1810 2293 1956 2344 sum,
2001 2281 2057 2332 et

420 2368 614 2424 vestlvi
658 2385 750 2422 me
800 2368 943 2422 sicut
974 2368 1330 2436 vestimento,
1383 2371 1439 2423 et
1486 2369 1810 2424 diademate
1838 2371 2054 2440 judicio

420 2479 569 2516 meo.
618 2462 822 2517 Oculus
869 2460 947 2515 fui
997 2477 1164 2527 caeco,
1220 2464 1278 2515 et
1331 2478 1433 2532 pes
1459 2463 1678 2517 claudo.
1716 2465 1878 2518 Pater
1897 2480 2054 2518 eram

418 2572 762 2627 pauperum,
787 2558 844 2608 et
856 2571 1081 2608 causam
1100 2571 1272 2625 quam
1286 2556 1609 2610 nesciebam
1622 2556 2055 2626 diligentissime

416 2649 846 2719 investigabam.
870 2648 1247 2703 Conterebam
1278 2650 1449 2703 molas
1475 2650 1676 2720 iniqui,
1707 2655 1763 2704 et
1789 2650 1858 2705 de
1878 2651 2058 2705 deuti-

417 2744 523 2797 bus
555 2743 704 2796 illius
732 2741 1059 2796 auferebam
1098 2742 1348 2813 praadam
1378 2743 1490 2810 (Job
1523 2760 1669 2808 xxxx,
1705 2744 1902 2814 1H7),
1934 2766 1961 2793 ››
2000 2748 2059 2799 et

419 2837 587 2907 paulo
613 2840 768 2906 post:
823 2856 849 2884 ‹‹
879 2835 931 2889 Si
964 2836 1184 2906 negavi,
1213 2836 1417 2907 inquit,
1447 2837 1597 2907 quod
1625 2837 1888 2892 volebant
1914 2855 2054 2910 pau—

419 2929 672 3001 peribus,
707 2933 758 2984 et
798 2929 990 2983 oculos
1022 2929 1206 2984 vidum
1234 2933 1560 3001 exspectare
1589 2931 1715 2985 feci.
1749 2931 1804 2986 Si
1835 2933 2058 2988 comedi

421 3028 732 3082 buccellam
761 3043 947 3081 meam
975 3027 1143 3094 solus,
1193 3031 1249 3080 et
1278 3044 1393 3082 non
1421 3027 1667 3082 comedit
1711 3030 1963 3100 pupillus
1991 3048 2057 3085 ex

423 3138 510 3189 ea,
557 3121 692 3192 quia
735 3120 804 3174 ab
850 3119 1084 3174 infantia
1113 3136 1242 3174 mea
1281 3120 1454 3175 crevit
1485 3137 1709 3176 mecum
1746 3122 2054 3191 miseratio,

423 3221 478 3269 et
507 3214 576 3269 de
605 3219 764 3268 utero
801 3231 1031 3286 egressa
1069 3217 1154 3268 est
1199 3230 1425 3268 mecum
1470 3214 1584 3285 (Job
1612 3232 1755 3284 XXXI,
1791 3220 1993 3285 16-18).
2026 3240 2053 3267 »

420 3309 559 3362 Nam
592 3308 635 3362 si
661 3308 786 3379 quis
812 3324 879 3362 ex
905 3311 1057 3362 recto
1082 3307 1277 3362 omnia
1302 3309 1748 3364 consideraverit
1773 3311 1933 3364 oculo
1965 3327 2058 3367 ne-

420 3418 708 3474 quaquam
744 3401 1010 3456 fratribus
1052 3417 1255 3457 nocere
1322 3402 1422 3456 sed
1457 3402 1694 3458 liberare
1724 3404 2054 3471 festinabit;

420 3495 550 3568 quia
582 3494 723 3549 nihil
751 3494 997 3550 deterius
1024 3499 1127 3562 est,
1161 3512 1332 3566 quam
1359 3495 1504 3551 cives
1534 3496 1747 3551 civibus
1781 3497 2054 3567 invidere,

422 3595 478 3644 et
529 3589 727 3645 fratres
761 3589 1030 3644 fratribus
1071 3589 1324 3644 insidiari
1353 3594 1452 3645 aut
1481 3591 1792 3646 calumnias
1848 3591 2054 3648 facere.

420 3683 644 3738 Talibus
695 3684 851 3738 enim
906 3683 1183 3754 refragari
1241 3683 1491 3739 volentes
1546 3685 1801 3753 insidiis,
1870 3687 2059 3741 Patres

423 3776 599 3832 sancti
617 3777 899 3848 synodum
921 3793 1023 3830 con
1032 3782 1416 3847 gregaverunt
1432 3779 1760 3848 generalem
1778 3780 1834 3833 in
1850 3780 2055 3848 Nicaea,

421 3871 594 3925 vitam
623 3870 906 3940 corrigere
925 3869 1222 3924 hominum
1253 3870 1544 3941 cupientes
1565 3872 1623 3926 in
1644 3873 1887 3928 Ecclesia
1914 3890 2060 3928 com~

424 3963 800 4031 morantium,
838 3962 968 4016 licet
994 3962 1208 4016 dudum
1243 3963 1502 4018 instituta
1524 3972 1850 4021 sanctorum
1883 3969 2061 4022 multa

423 4059 656 4111 Patrum
708 4059 896 4110 essent
943 4055 1284 4127 conscripta,
1346 4064 1660 4127 posuerunt
1698 4059 1870 4130 leges,
1924 4078 2060 4131 quas

427 4165 616 4205 sacros
643 4165 885 4203 canones
911 4149 1284 4220 appellamus,
1317 4149 1520 4220 quibus
1546 4153 1720 4206 multa
1755 4171 1858 4224 per
1873 4170 2061 4209 neces-

427 4243 571 4298 saria
599 4243 666 4297 ad
698 4246 903 4296 statum
936 4243 1192 4298 Ecclesiae
1220 4247 1430 4298 sancta:
1455 4245 1570 4312 Dei,
1611 4250 1668 4300 et
1695 4249 2057 4319 supplemen-

426 4344 547 4392 tum
568 4337 962 4392 columnarum
992 4337 1130 4407 ejus,
1159 4337 1214 4392 id
1243 4343 1345 4407 est,
1377 4339 1774 4411 episcoporum
1803 4342 1904 4413 qui
1931 4359 2058 4397 eam

428 4431 672 4504 propriis
716 4430 971 4486 humeris
1021 4435 1266 4502 gestant,
1319 4436 1453 4486 sunt
1497 4433 1740 4502 decreta,
1790 4440 1845 4490 et
1887 4452 2056 4491 nocu-

427 4527 622 4580 menta
652 4541 849 4579 eorum
881 4523 1165 4595 prohibita
1195 4541 1208 4579 :
1243 4525 1319 4579 ita
1350 4529 1412 4579 ut
1435 4526 1531 4598 qui
1566 4527 1700 4582 talia
1733 4544 1904 4599 agerc
1933 4533 2058 4584 ten-

2078 3259 2133 3334 C

2156 1991 2240 2046 cia
2277 1991 2678 2063 episcoporum
2717 1990 2994 2061 singulari
3027 1990 3325 2062 privilegio
3357 1989 3698 2060 evangelicis
3737 1993 3798 2044 et

2153 2085 2492 2158 apostolicis,
2518 2089 2686 2156 atque
2706 2084 2991 2138 canonicis
3017 2100 3283 2139 concessa
3320 2087 3453 2140 sunt
3483 2083 3790 2153 institutis;

2155 2179 2293 2252 quia
2321 2194 2547 2249 semper
2587 2178 2834 2249 majores
2876 2195 3058 2233 causae
3105 2178 3174 2233 ad
3205 2178 3397 2232 sedem
3427 2177 3795 2249 apostolicam

2155 2273 2350 2327 multis
2378 2272 2809 2327 auctoritatibus
2835 2272 3040 2327 referri
3056 2275 3356 2344 praeceptae
3377 2277 3527 2338 sunt,
3549 2288 3654 2326 nec
3676 2271 3793 2326 ullo

2156 2366 2326 2421 modo
2354 2371 2541 2438 potest
2568 2365 2748 2436 major
2789 2384 2822 2420 a
2848 2366 3068 2420 minore
3088 2365 3356 2437 judicari,
3391 2366 3510 2437 ipsa
3537 2381 3797 2436 namque

2157 2460 2422 2514 omnibus
2466 2460 2648 2531 major
2681 2463 2738 2514 et
2786 2461 3025 2531 praelata
3069 2465 3154 2514 est
3203 2459 3469 2527 ecclesiis,
3517 2476 3645 2532 quas
3677 2476 3794 2514 non

2157 2554 2518 2609 solummodo
2557 2571 2839 2609 canonum
2883 2557 3212 2609 sanctorum
3250 2555 3482 2608 Patrum
3528 2553 3792 2620 decretis,

2157 2647 2259 2702 sed
2288 2648 2507 2702 Domini
2550 2647 2847 2702 Salvatoris
2879 2648 3056 2703 nostri
3085 2665 3221 2702 voce
3253 2647 3609 2718 singularem
3640 2647 3791 2702 obti-

2158 2741 2283 2796 nuit
2307 2741 2714 2814 principatum.
2766 2764 2794 2791 «
2822 2744 2901 2797 Tu
2941 2728 3254 2815 es,inquit,
3287 2744 3503 2810 Petrus,
3537 2745 3594 2796 et
3619 2759 3794 2814 super

2157 2835 2304 2891 hanc
2329 2839 2551 2906 petram
2575 2835 2864 2890 aedificabo
2893 2835 3200 2891 Ecclesiam
3230 2851 3440 2904 meam,
3479 2857 3507 2885 »
3549 2839 3607 2890 et
3652 2835 3790 2891 reli-

2157 2947 2288 3002 qua.
2341 2931 2405 2985 Et
2465 2930 2899 3001 «quodcunque
2962 2930 3228 3001 ligaveris
3265 2946 3436 3000 super
3477 2931 3699 2984 terram
3739 2935 3798 2985 et

2157 3022 2406 3090 solveris,
2451 3025 2622 3078 erunt
2659 3023 2836 3094 ligata
2863 3027 2921 3078 et
2964 3025 3147 3078 soluta
3186 3023 3246 3078 in
3285 3023 3424 3078 coelo
3471 3027 3528 3078 et
3556 3023 3616 3077 in
3645 3027 3797 3078 terra

2159 3117 2378 3188 (Matth.
2402 3133 2521 3185 xvx,
2549 3119 2637 3183 18,
2663 3117 2770 3188 19).
2799 3139 2822 3168 υ
2858 3119 3032 3172 Porro
3059 3118 3272 3173 dudum
3300 3134 3333 3171 a
3353 3117 3557 3172 sanctis
3576 3121 3800 3188 aposto-

2156 3211 2246 3280 lis,
2328 3211 2861 3283 successoribusquc
2912 3228 3114 3267 eorum
3174 3211 3233 3266 in
3260 3211 3507 3283 prmfatis
3545 3211 3799 3282 antiquis

2160 3304 2452 3360 decretum
2499 3305 2687 3360 fuerat
2739 3305 2978 3374 statutis,
3036 3322 3166 3378 qua:
3213 3305 3488 3360 hactenus
3522 3311 3716 3360 sancta
3741 3311 3800 3362 et

2158 3399 2486 3454 universalis
2520 3400 2827 3471 apostolica
2864 3403 3021 3454 tenet
3060 3400 3326 3468 Ecclesia,
3380 3417 3496 3455 non
3528 3403 3796 3471 oportere

2157 3496 2369 3566 praster
2397 3494 2739 3548 sententiam
2776 3494 3020 3549 Romani
3064 3494 3350 3566 pontiﬁcis
3385 3494 3624 3549 concilia
3642 3495 3795 3549 cele-

2157 3587 2333 3656 brari,
2385 3604 2487 3642 nec
2525 3588 2852 3660 episcopum
2903 3589 3184 3657 damnari,
3238 3588 3506 3661 quoniam
3533 3591 3797 3644 sanctam

2159 3682 2472 3737 Romanam
2494 3682 2797 3737 Ecclesiam
2810 3687 3135 3754 prematum
3156 3683 3416 3738 omnium
3433 3683 3797 3738 ecclesiarum

2160 3793 2282 3830 esse
2326 3776 2652 3831 voluerunt.
2705 3778 2772 3831 Et
2820 3776 2964 3832 sicut
3010 3778 3211 3832 beatus
3257 3779 3454 3832 Petrus
3503 3777 3798 3849 apostolus

2160 3870 2379 3942 primus
2409 3869 2515 3924 fuit
2538 3871 2797 3924 omnium
2827 3871 3237 3942 apostolorum,
3271 3871 3352 3925 ita
3385 3876 3442 3926 et
3462 3872 3581 3926 haec
3613 3871 3799 3927 Eccle-

2161 3963 2238 4017 sia
2255 3980 2356 4018 suo
2386 3963 2623 4018 nomine
2651 3969 3001 4036 consecrata,
3028 3966 3270 4022 Domino
3297 3965 3647 4034 instituente,
3676 3967 3794 4037 pri-

2160 4061 2378 4112 matum
2421 4061 2594 4129 caput
2628 4059 2700 4112 sit
2729 4062 3105 4126 cazterarum;
3134 4065 3192 4114 et
3231 4060 3302 4114 ad
3338 4077 3467 4115 eam
3517 4060 3678 4131 quasi
3725 4061 3798 4116 ad

2159 4151 2379 4223 apicem
2420 4169 2616 4208 omnes
2662 4153 2910 4224 majores
2962 4153 3215 4209 ecclesia:
3258 4171 3441 4209 causa:
3491 4159 3548 4209 et
3579 4153 3798 4225 judicia

2161 4247 2554 4319 episcoporum
2607 4253 2933 4315 recurrant,
3001 4248 3233 4320 ejusque
3271 4249 3436 4319 juxta
3481 4247 3800 4304 terminum

2159 4345 2393 4396 sumant
2422 4342 2781 4410 sententiam,
2803 4359 2910 4397 nec
2931 4347 3088 4398 extra
3129 4343 3454 4398 Romanum
3477 4342 3800 4414 quidquam

2161 4451 2226 4489 ex
2261 4436 2347 4490 his
2376 4435 2584 4490 debere
2611 4436 2842 4490 decerni
2885 4437 3233 4507 pontificem,
3262 4441 3540 4508 quatenus
3574 4453 3691 4492 non
3717 4437 3802 4493 ita

2160 4532 2440 4600 proterve,
2465 4535 2522 4584 et
2538 4546 2640 4601 pro
2661 4529 2826 4585 libitu
2843 4531 3145 4602 quisquam
3165 4547 3268 4586 suo
3285 4530 3514 4603 proprio
3537 4530 3796 4600 arbitrio,

427 4617 688 4687 taverint,
723 4624 822 4672 aut
850 4617 932 4672 eis
983 4634 1188 4674 nocere
1241 4621 1732 4691 praesumpserint,
1779 4622 2483 4709 siquideniunibusque
2560 4625 3044 4694 metropolitanus,
3115 4625 3259 4679 sicut
3330 4641 3499 4696 agere
3559 4624 3800 4695 solebat,

428 4712 612 4767 clerici
645 4712 855 4767 fuerint
880 4729 913 4766 a
942 4713 1170 4784 proprio
1202 4714 1380 4784 gradu
1406 4714 1683 4784 decidant,
1713 4716 1760 4770 si
1781 4732 1912 4772 vero
1944 4734 2063 4773 mo-

425 4807 589 4860 nachi
631 4811 729 4861 aut
768 4806 890 4860 laici
934 4807 1170 4874 fuerint,
1220 4808 1797 4865 anathematizentur.
1850 4812 2062 4875 Quibus

428 4901 628 4954 armati
667 4900 939 4972 exemplis
978 4905 1243 4971 Oportere
1275 4901 1531 4957 arbitrati
1559 4920 1754 4958 sumus
1781 4905 1851 4958 ab
1877 4907 2060 4960 omni-

426 4993 648 5062 potenti
673 4994 784 5047 Deo
825 4993 1102 5065 inspirati,
1142 4997 1207 5048 ut
1257 4995 1405 5050 hanc
1437 5013 1735 5051 accensam
1765 4997 2061 5053 discordiae

427 5085 717 5141 ﬂammam
735 5088 1068 5158 extinguere
1099 5089 1402 5159 apostolica
1429 5089 1737 5145 debeamus
1769 5092 2062 5146 auctorita-

410 5187 502 5244 .te,
537 5183 732 5233 etnon
777 5181 1084 5236 concedere
1129 5199 1254 5237 eam
1303 5184 1535 5238 ulterius
1580 5185 1800 5238 animas
1839 5185 2061 5256 depasci

429 5274 725 5328 humanas.
753 5275 1111 5347 Quapropter
1150 5294 1263 5331 una
1291 5294 1421 5332 cum
1451 5279 1714 5334 omnibus
1737 5279 2060 5349 apostolicae

427 5367 695 5437 subjectis
722 5368 1026 5436 sancimus,
1060 5387 1131 5424 ne
1162 5371 1463 5442 quisquam
1493 5373 1760 5443 deinceps
1785 5373 2057 5429 Christia-

424 5478 636 5517 norum
664 5461 800 5517 talia
825 5468 1174 5535 perpetrare,
1199 5467 1296 5518 aut
1319 5465 1596 5537 episcopis
1616 5472 1831 5522 temere
1854 5484 2059 5523 nocere

406 5561 754 5626 praesumat,
788 5573 916 5611 cum
947 5563 1003 5611 et
1029 5557 1228 5611 doctor
1252 5558 1532 5627 gentium,
1575 5559 1821 5631 idipsum
1867 5561 2055 5632 prohi-

423 5650 577 5716 beat,
605 5650 798 5705 dicens
822 5667 835 5704 :
877 5671 904 5701 «
931 5650 1224 5705 Seniorem
1255 5668 1325 5705 ne
1353 5651 1752 5724 increpaveris,
1776 5654 1876 5709 sed
1903 5655 2060 5710 obse-

427 5758 521 5794 cra
562 5747 628 5797 ut
668 5748 890 5813 patrem
922 5742 968 5812 (Ι
1009 5745 1144 5797 Tim.
1183 5761 1235 5810 ν,
1280 5747 1326 5815 l)
1368 5767 1394 5794 »
1438 5750 1495 5801 et
1541 5748 1793 5820 reliqua;
1840 5749 2059 5804 bonum

425 5839 510 5886 est
537 5850 782 5906 namque
821 5836 1018 5905 procul
1068 5835 1264 5906 dubio,
1318 5843 1376 5893 et
1422 5840 1686 5896 omnibus
1728 5843 2058 5898 timentibus

401 5927 597 5993 .Deum
635 5925 1027 5994 desiderabile,
1057 5929 1315 5985 cohibere
1351 5931 1745 6000 dissensiones,
1791 5938 1848 5990 et
1884 5936 2052 5990 alter-

2160 4717 2328 4771 liceat
2347 4717 2666 4772 inconsulto
2702 4719 2954 4772 Romano
2984 4719 3270 4790 pontifice,
3300 4724 3397 4773 aut
3423 4719 3666 4790 majores
3693 4720 3799 4773 Ec-

2161 4810 2346 4865 clesia:
2366 4828 2558 4866 causas
2587 4810 2912 4878 deturbare,
2936 4817 3034 4867 aut
3064 4812 3357 4885 episcopos
3378 4813 3673 4879 damnare;
3696 4813 3800 4868 sed

2162 4905 2453 4958 communi
2497 4909 2704 4959 sanctae
2759 4907 3026 4960 Romanas
3071 4907 3228 4962 Sedis
3261 4907 3508 4978 episcopi
3535 4907 3798 4976 concilio,

2163 5003 2220 5052 et
2242 4999 2504 5053 concordi
2533 4999 2752 5053 actione
2779 5015 3016 5072 quasque
3047 5006 3179 5055 sunt.
3198 5001 3404 5056 Christi
3433 5002 3548 5055 zelo
3571 5001 3799 5072 agenda

2162 5091 2482 5162 disponant,
2512 5093 2968 5164 unanimiterque
2997 5098 3150 5149 recte
3183 5095 3449 5164 sentiant;
3481 5099 3538 5148 et
3569 5111 3637 5148 ea
3667 5111 3800 5166 qum

2161 5185 2442 5240 senserint
2485 5202 2601 5240 non
2633 5185 2858 5241 sibimet
2884 5187 3279 5260 discrepando,
3307 5189 3404 5244 sed
3435 5190 3544 5242 Deo
3583 5188 3798 5259 placita

2160 5278 2476 5349 perﬁciant.
2507 5281 2597 5334 Est
2629 5281 2798 5334 etiam
2825 5281 2884 5335 in
2903 5281 3028 5352 jam
3049 5283 3169 5337 fata
3189 5283 3413 5337 Nicaena
3434 5282 3798 5338 concorditer

2160 5375 2436 5427 statutum
2485 5375 2720 5444 synodo,
2774 5380 2838 5429 ut
2887 5380 3242 5431 accusatores
3297 5380 3355 5430 et
3402 5377 3797 5431 accusationes

2159 5482 2300 5536 quas
2341 5467 2526 5521 saeculi
2552 5467 2707 5537 leges
2734 5485 2850 5522 non
2880 5469 3194 5523 admittunt
3233 5486 3263 5522 a
3293 5469 3630 5525 sacerdotali
3656 5470 3793 5524 fun-

2159 5559 2309 5613 ditus
2345 5561 2519 5614 averti
2561 5568 2924 5616 nocumento.
2981 5583 3005 5613 ‹‹
3043 5564 3181 5618 Ecce
3233 5563 3438 5634 (inquit
3488 5563 3794 5635 Propheta)

2163 5669 2332 5723 quam
2368 5653 2580 5707 bonum
2628 5660 2684 5708 et
2715 5672 2888 5725 quam
2910 5656 3232 5726 jucundum
3254 5657 3530 5725 habitare,
3562 5657 3792 5726 fratres,

2158 5747 2217 5800 in
2245 5762 2426 5800 unum
2456 5747 2468 5800 ἔ
2520 5769 2544 5796 ››
2580 5749 2741 5815 (PsaI.
2772 5765 2972 5818 cxxxu,
3005 5735 3183 5820 l.)‘lli
3210 5767 3342 5806 vero
3381 5767 3496 5806 non
3522 5751 3582 5805 in
3609 5768 3795 5806 unum

2158 5840 2450 5908 habitant,
2525 5843 2626 5914 qui
2680 5859 2712 5896 a
2763 5843 3006 5898 fratrum
3066 5847 3126 5899 se
3175 5845 3371 5900 solatio
3425 5845 3791 5914 subtrahunt,

2157 5939 2254 5987 aut.
2296 5933 2562 5989 fratribus
2603 5933 2835 5992 insidias
2881 5942 3230 6010 praaparant.
3283 5939 3408 5995 Non
3459 5938 3642 5994 alieno
3667 5956 3788 6011 vos,
