4032 6294
167 395 259 449 621

1396 392 1873 451 DECRETALIUM
1910 392 2295 452 COLLECTIO.

3424 359 3524 452 est

164 505 385 573 fratres,
412 501 713 577 patiemini
744 486 972 574 peccato
995 500 1237 573 gravari,
1253 502 1385 575 quia
1401 503 1552 577 quod
1563 519 1793 558 necesse
1817 513 1873 587 Α
1894 506 2258 561 sacerdotum
2285 503 2511 577 quibus,
2540 505 2643 560 etsi
2666 502 2918 576 dignitas
2937 486 3261 560 communis
3280 519 3399 564 non
3419 509 3521 574 est,

166 600 268 666 est,
317 613 421 652 nos
464 597 652 653 dicere
692 612 978 666 veremur,
1022 596 1083 652 id
1126 601 1231 666 est,
1274 613 1346 652 ne
1392 597 1555 668 cujus
1596 597 1796 669 religio

169 691 499 764 dissipatur,
527 690 847 763 indignatio
867 695 1224 763 provocetur.
1239 693 1360 747 Prae
1377 692 1551 747 oculis
1566 692 1794 759 habete,

168 789 224 841 et
266 789 383 841 tota
424 786 632 842 mentis
672 785 790 841 acie
830 791 1159 842 reverenter
1199 785 1430 858 aspicite
1467 786 1616 841 beati
1646 785 1798 841 Petri

168 880 437 951 gloriam,
471 883 530 937 et
558 897 687 936 cum
714 880 836 953 ipso
861 896 1197 935 communes
1222 880 1479 935 omnium
1508 880 1793 952 apostolo-

167 991 293 1029 rum
316 991 559 1030 coronas
580 977 915 1030 cunctorum
948 991 1077 1047 quae
1100 979 1416 1046 martyrum
1442 974 1676 1046 palmas.
1700 973 1799 1046 qui

167 1086 267 1141 pro
291 1069 539 1125 fratrum
566 1086 684 1124 non
709 1068 1113 1136 destructione,
1141 1069 1239 1124 sed
1264 1069 1718 1135 conﬁrmatione,
1743 1070 1800 1122 et

167 1163 402 1218 veritate
436 1163 494 1218 in
529 1164 749 1219 Christo
786 1165 933 1235 passi
972 1168 1122 1218 sunt.
1155 1164 1262 1218 Nos
1292 1179 1427 1234 ergo
1453 1162 1550 1234 qui
1576 1161 1801 1216 Domini

170 1257 428 1329 discipuli
475 1260 534 1312 et
582 1258 691 1313 dici
741 1263 796 1312 et
838 1274 958 1313 esse
997 1258 1280 1325 volumus,
1314 1259 1541 1329 portare
1570 1272 1797 1311 crucem

169 1352 395 1420 Christi,
449 1357 507 1407 et
555 1352 804 1424 compati
851 1352 1126 1407 fratribus
1165 1352 1458 1419 debemus,
1507 1367 1623 1407 non
1664 1367 1798 1422 per-

170 1446 349 1518 sequi.
398 1446 723 1502 Subtrahite
776 1463 1053 1518 rogamus
1101 1448 1258 1500 actus
1309 1446 1800 1518 cogitationesque

172 1558 203 1595 a
247 1541 461 1596 talibus
504 1540 881 1607 nucumentis,
914 1541 960 1595 si
1003 1557 1123 1595 non
1166 1540 1336 1594 vultis
1381 1540 1560 1612 ipsam
1600 1539 1659 1594 in
1704 1556 1801 1594 vos

169 1636 457 1706 suscipere
490 1635 788 1704 ultionem,
811 1634 1082 1706 quoniam
1114 1633 1385 1688 talionem
1412 1637 1685 1703 meretur,
1703 1633 1801 1705 qui

172 1729 327 1784 fratri
357 1730 583 1784 foveam
616 1732 922 1801 praeparat.
956 1729 1024 1784 Et
1051 1745 1157 1783 nos
1184 1728 1382 1783 scitote
1419 1728 1571 1782 hunc
1598 1731 1801 1799 typum

171 1823 437 1895 deinceps
460 1840 581 1878 non
604 1840 723 1878 esse
751 1839 1033 1894 passuros,
1064 1827 1129 1876 ut
1156 1839 1223 1877 ea
1249 1838 1377 1893 quae
1407 1821 1478 1877 ad
1507 1822 1653 1876 hanc
1681 1837 1803 1893 spe-

1898 602 2089 655 tamen
2111 600 2250 653 ordo
2273 599 2557 671 generalis
2578 601 2682 669 est,
2706 599 2977 672 quoniam
2998 600 3150 656 inter
3168 599 3527 675 beatissimos

1895 693 2182 764 apostolos
2213 692 2271 747 in
2305 693 2674 749 similitudine
2709 693 2942 750 honoris
2965 681 3078 749 fuit
3107 693 3377 767 quaedam
3408 694 3524 771 dis:

1897 788 2073 842 cretio
2107 788 2414 859 potestatis,
2446 792 2502 842 et
2536 804 2666 843 cum
2696 788 2953 844 omnium
2991 805 3098 861 par
3125 791 3274 844 esset
3298 788 3522 857 electio,

1895 882 1999 936 uni
2028 885 2221 937 tamen
2259 881 2457 937 datum
2497 885 2561 936 ut
2593 883 2814 938 caeteris
2851 878 3383 980 praeemineret.'me
3409 900 3526 961 qua

1899 976 2082 1031 forma
2120 977 2517 1048 episcoporum
2554 977 2817 1049 quaedam
2863 979 2989 1032 orta
3014 980 3100 1032 est
3129 976 3437 1046 distinctio,
3467 980 3526 1033 et

1899 1086 2111 1141 magna
2162 1069 2525 1126 ordinatione
2576 1070 2865 1141 provisum
2913 1074 3135 1138 est,'ne
3169 1078 3377 1128 omnes
3417 1070 3526 1145 sibi

1901 1164 2099 1220 omnia
2125 1164 2498 1230 vindicarent,
2531 1164 2630 1220 sed
2658 1168 2843 1220 essent
2870 1165 2930 1219 in
2958 1165 3194 1242 singulis
3218 1164 3526 1239 provinciis

1901 1258 2131 1330 singuli,
2167 1275 2413 1330 quorum
2439 1259 2590 1313 inter
2613 1259 2818 1314 fratres
2846 1259 3156 1315 haberetur
3183 1261 3368 1333 prima
3393 1276 3523 1335 sen-

1899 1352 2110 1420 tentia;
2135 1356 2192 1423 et
2216 1370 2446 1408 rursum
2474 1352 2708 1426 quidam
2737 1353 2796 1408 in
2826 1353 3137 1425 majoribus
3156 1354 3527 1413 urbibuscon-a

1902 1447 2100 1517 stituti,
2131 1447 2568 1503 sollicitudinem
2615 1448 2737 1519 ejus
2781 1448 3130 1520 susciperent
3166 1449 3524 1520 ampliorem,

1900 1558 2003 1615 per
2033 1558 2176 1613 quos
2202 1541 2271 1596 ad
2299 1557 2475 1596 unam
2507 1541 2657 1597 Petri
2685 1541 2881 1597 sedem
2913 1541 3244 1597 universalis
3270 1542 3527 1601 Ecclesiae

1902 1652 2037 1691 cura
2067 1634 2405 1704 conﬂueret,
2437 1640 2493 1690 et
2523 1635 2663 1690 nihil
2695 1651 2937 1706 usquam
2965 1652 2998 1690 a
3025 1652 3125 1691 suo
3150 1634 3333 1708 capite
3361 1634 3525 1689 dissi-'

1902 1729 2081 1784 deret.
2116 1727 2223 1794 Qui
2251 1745 2389 1799 ergo
2419 1730 2523 1783 scit
2546 1746 2607 1784 se
2641 1728 2980 1800 quibusdam
3014 1730 3384 1802 praepositum
3413 1745 3529 1785 non

1902 1822 2157 1878 modeste
2182 1822 2331 1878 ferat
2357 1821 2601 1894 aliquem
2632 1822 2736 1877 sibi
2772 1840 2891 1878 esse
2924 1822 3248 1895 praelatum,
3280 1823 3375 1878 sed
3405 1821 3532 1877 obe-

170 1887 391 1973 cialiter
424 1921 682 1973 sanctam
720 1887 1229 1988 pertinent‘sedem
1265 1887 1417 1970 sicut
1437 1915 1654 1987 judicia
1681 1887 1797 1986 epi-
1821 1887 1878 1961 B
1902 1916 2172 1973 dientiam
2202 1932 2372 1989 quam
2410 1887 2602 1988 erigit,
2643 1916 2818 1972 etiam
2850 1887 2970 1989 ipse
3005 1887 3313 1989 dependat.
3345 1915 3531 1973 Nolite

169 2028 500 2085 scoporum,
551 2017 608 2066 et
655 2012 899 2083 majores
948 2010 1202 2065 Ecclesiae
1245 2026 1465 2078 causas,
1514 2012 1581 2064 ut
1629 2011 1800 2081 paulo

169 2106 431 2179 superius
475 2105 841 2177 praelibatum
884 2109 988 2174 est,
1034 2121 1141 2159 nos
1185 2102 1473 2176 patiamur
1514 2102 1677 2158 nobis
1711 2103 1799 2158 in-

169 2200 440 2256 consultis
466 2199 737 2254 invadere
757 2199 971 2270 absque
999 2197 1180 2253 nostri
1200 2200 1381 2251 status
1402 2197 1673 2269 periculo.
1694 2195 1802 2251 Sed

168 2296 211 2351 si
259 2295 389 2368 quis
434 2294 509 2349 ab
557 2293 834 2349 hodierna
876 2291 985 2359 die,
1027 2296 1084 2345 et
1114 2291 1382 2362 deinceps
1423 2307 1554 2345 eum
1599 2294 1804 2363 praeter

170 2390 336 2460 hujus
356 2391 570 2443 sanctae
593 2386 739 2442 sedis
759 2386 1102 2441 sententiam
1129 2385 1426 2455 damnare,
1450 2387 1550 2439 aut
1571 2385 1804 2456 propria

169 2484 383 2556 pellere
405 2482 541 2537 sede
562 2480 1006 2553 praesumpserit,
1031 2479 1167 2534 sciat
1201 2495 1258 2533 se
1286 2478 1804 2549 irrccupcrabiliter

169 2593 287 2633 esse
307 2577 675 2643 damnatum,
704 2584 760 2630 et
784 2574 1016 2646 preprio
1038 2589 1226 2628 carere
1253 2572 1533 2645 perpetim
1561 2571 1799 2641 honore,

170 2688 378 2744 eosque
423 2669 524 2742 qui
564 2669 778 2741 absque
819 2668 992 2740 hujus
1036 2667 1183 2723 sedis
1211 2672 1343 2722 sunt
1380 2665 1545 2738 ejecti
1576 2672 1799 2721 senten-

167 2766 247 2821 tia
273 2767 366 2820 vel
396 2763 676 2831 damnati,
706 2762 877 2835 hujus
913 2763 1121 2816 sancta:
1163 2761 1314 2816 sedis
1337 2761 1670 2816 auctoritate
1698 2759 1800 2815 sci-

167 2862 286 2915 tote
302 2857 610 2931 pristinam
627 2856 883 2927 recipere
900 2855 1384 2922 communionem,
1404 2860 1461 2910 et
1480 2855 1536 2908 in
1559 2855 1805 2927 propriis

168 2953 393 3009 restitui
417 2951 676 3020 sedibus;
701 2950 975 3023 quoniam
997 2955 1052 3004 et
1076 2950 1234 3021 prius
1256 2954 1579 3022 atempore,
1595 2948 1807 3005 scilicet

172 3047 587 3120 apostolorum,
615 3045 736 3100 haec
770 3044 901 3099 huic
940 3043 1061 3098 sedi
1096 3048 1309 3099 sanctae
1346 3059 1613 3098 concessa
1650 3048 1802 3112 sunt,

172 3144 226 3196 et
252 3144 457 3214 postea
480 3138 543 3193 in
567 3140 883 3194 memorata
910 3137 1139 3192 Nicmna
1169 3137 1387 3209 synodo
1415 3142 1655 3209 prepter
1679 3153 1808 3209 pra-

1904 2010 1953 2085 1
1972 2008 2095 2085 53
2110 2012 2303 2083 itaque
2324 2011 2756 2078 errare,fratres
2783 2012 2899 2066 mei
2927 2010 3294 2081 dilectissimi,
3319 2010 3529 2066 doctri-

1901 2105 1989 2159 nis
2036 2105 2207 2160 variis
2254 2109 2309 2159 et
2357 2105 2639 2160 extraneis
2684 2104 2859 2160 nolite
2908 2104 3130 2173 abduci,
3173 2109 3231 2161 et
3275 2104 3529 2160 inStituta

1903 2199 2288 2270 apostolorum
2318 2203 2373 2253 et
2410 2198 2845 2270 apostolicorum
2884 2198 3138 2253 virorum
3167 2214 3530 2270 canonesque

1903 2293 2146 2361 habetis,
2179 2293 2266 2347 his
2294 2292 2570 2359 fruimini,
2605 2292 2693 2347 his
2728 2292 3187 2359 circumdamini,
3219 2290 3307 2348 his
3340 2291 3528 2346 delec-

1902 2386 2124 2455 tamini,
2159 2386 2250 2441 his
2296 2386 2620 2454 armamini,
2654 2389 2714 2441 ut
2755 2386 2885 2440 freti
2927 2390 3123 2440 contra
3165 2385 3530 2442 inimicorum

1897 2481 2086 2552 jacula
2110 2480 2416 2552 persistere
2453 2479 2716 2549 valeatis;
2744 2478 2878 2533 satis
2918 2479 3075 2534 enim
3110 2479 3418 2551 indignum
3449 2483 3535 2534 est

1905 2590 2245 2647 quemquam
2271 2574 2359 2628 vel
2390 2573 2727 2645 pontificum
2762 2572 2847 2628 vel
2884 2573 3148 2628 ordinum
3179 2573 3528 2645 subsequen-

1902 2668 2045 2723 tium
2066 2668 2213 2722 lianc
2233 2668 2495 2739 regulam
2519 2667 2768 2721 refutare
2787 2682 2956 2738 quam
2976 2666 3123 2721 beati
3146 2666 3293 2722 Petri
3313 2666 3528 2735 sedem,

1904 2766 1962 2817 et
2000 2762 2156 2833 sequi
2206 2761 2389 2816 videat
2427 2766 2484 2817 et
2528 2760 2745 2815 docere.
2776 2760 3012 2816 Multum
3045 2761 3203 2815 enim
3248 2760 3531 2829 convenit,

1904 2861 1967 2911 ut
2002 2860 2189 2911 totum
2234 2872 2440 2927 corpus
2478 2855 2739 2909 Ecclesiae
2777 2855 2835 2909 in
2879 2854 2990 2909 hac
3020 2853 3249 2910 sibimet
3275 2854 3535 2910 observa-

1904 2950 2060 3005 tione
2101 2949 2403 3005 concordet
2442 2964 2570 3020 quaa
2610 2947 2745 3003 inde
2785 2948 3179 3003 auctoritatem
3218 2948 3406 3016 habet,
3435 2947 3535 3003 ubi

1907 3043 2185 3099 Dominus
2211 3042 2470 3100 Ecclesiae
2491 3042 2661 3097 totius
2687 3042 2877 3114 posuit
2894 3042 3299 3114 principatum,
3314 3041 3535 3096 dicente

1907 3137 2227 3209 Scriptura:
2247 3136 2557 3191 «Ordinate
2584 3135 2642 3190 in
2664 3152 2757 3190 me
2777 3135 3111 3190 charitatem
3139 3135 3313 3207 (Cant.
3333 3136 3532 3206 11,4);19

170 3251 374 3290 verum
410 3231 713 3288 hominum
748 3232 1163 3300 infestationes,
1195 3235 1364 3302 atque
1404 3230 1805 3286 hmreticorum
1825 3260 1880 3336 Ο
1907 3235 1964 3287 et
1993 3231 2130 3286 item
2161 3247 2174 3285 :
2207 3252 2235 3279 ‹‹
2277 3230 2482 3286 Omnia
2525 3246 2657 3284 cum
2704 3229 2901 3283 ordine
2936 3229 3094 3283 fiant.
3138 3250 3166 3279 »
3206 3231 3536 3300 Iterumque

171 3328 601 3402 persecutiones
618 3332 674 3381 et
689 3325 1082 3381 insidiantium
1099 3325 1398 3380 molimina
1410 3325 1656 3379 fratrum
1674 3329 1808 3380 sunt

171 3421 532 3479 concorditer
560 3421 631 3475 ab
663 3420 931 3475 omnibus
958 3420 1346 3487 corroborata,
1376 3423 1442 3473 ut
1472 3418 1654 3491 magis
1685 3419 1804 3473 sin-

172 3518 291 3589 guli
316 3514 680 3589 provideant,
710 3530 783 3568 ne
812 3514 946 3568 talia
973 3513 1226 3568 audeant
1249 3516 1596 3584 perpetrare,
1628 3518 1686 3568 et
1712 3530 1803 3568 ca-

170 3615 365 3677 veant,
410 3608 455 3663 si
500 3624 617 3663 non
663 3610 902 3680 prepter
938 3610 1114 3663 Deum
1155 3610 1214 3662 et
1251 3623 1509 3662 amorem
1535 3606 1803 3674 fratrum,

172 3711 367 3760 tamen
379 3707 617 3775 prepter
628 3701 995 3773 opprobrium
1012 3701 1332 3769 hominum,
1350 3700 1620 3756 ruborem
1638 3717 1806 3756 suum

174 3804 346 3871 atque
388 3796 718 3852 canonicam
758 3794 1059 3863 ultionem,
1101 3797 1299 3850 saltem
1342 3795 1463 3850 hac
1501 3794 1711 3851 timore
1751 3800 1807 3849 et

172 3890 521 3948 verecundia
547 3905 873 3961 compressa
909 3889 1136 3944 silentio
1177 3889 1649 3961 comprimantur,
1679 3905 1804 3944 am-

171 3991 393 4058 putato,
443 3984 675 4052 scilicet,
724 3984 894 4038 totius
936 3982 1322 4054 usurpationis
1371 3999 1628 4052 excessu;
1672 3982 1807 4055 quia

170 4081 362 4136 nullus
393 4078 560 4134 debet
587 4094 956 4150 praesumere,
989 4094 1116 4148 quae
1136 4077 1241 4132 sibi
1259 4093 1376 4132 non
1399 4076 1666 4132 videntur
1684 4093 1806 4132 esse

171 4190 475 4242 concessa;
504 4188 678 4244 quam
711 4171 936 4242 culpam
973 4172 1128 4225 nullo
1159 4170 1332 4225 modo
1363 4170 1687 4242 potuissetis
1718 4171 1804 4225 in-

172 4269 390 4337 cidere,
432 4266 478 4321 si
527 4266 678 4321 unde
731 4265 1214 4320 consecrationem
1256 4265 1491 4319 honoris
1532 4265 1803 4336 accipitis,

168 4362 310 4417 inde
353 4362 545 4432 legem
588 4359 760 4415 totius
800 4359 1175 4414 observantia:
1212 4359 1528 4427 sumeretis,
1568 4361 1626 4413 et
1656 4358 1808 4413 beati

171 4455 414 4530 apostoli
462 4452 611 4509 Petri
653 4453 812 4509 sedes
844 4469 971 4524 quae
1021 4453 1175 4507 vobis
1218 4453 1584 4508 sacerdotalis
1621 4455 1809 4507 mater

174 4557 260 4605 est
285 4547 601 4621 dignitatis,
637 4550 785 4602 esset
819 4547 1209 4601 ecclesiasticae
1242 4546 1516 4618 magistra
1552 4546 1803 4611 rationis.

1906 3325 2199 3381 Psalmista
2240 3323 2586 3396 praedicante
2617 3341 2629 3378 ε
2667 3345 2694 3371 ‹‹
2720 3322 3076 3379 Circumdate
3107 3322 3257 3391 Sion,
3294 3326 3353 3378 et
3377 3339 3533 3378 com-

1904 3421 2216 3493 plectimini
2262 3436 2409 3487 eam,
2469 3422 2696 3474 narrate
2745 3419 2804 3473 in
2857 3418 3108 3472 turribus
3156 3419 3297 3490 ejus.
3334 3419 3534 3474 Ponite

1905 3515 2074 3572 corda
2104 3520 2290 3569 vestra
2318 3514 2373 3568 in
2410 3513 2617 3568 virtute.
2644 3512 2785 3582 ejus,
2818 3515 2880 3566 ut
2922 3511 3201 3567 enarretis
3240 3511 3297 3566 in
3328 3528 3532 3585 proge-

1905 3610 1997 3664 nie
2037 3609 2231 3674 altera,
2263 3606 2534 3679 quoniam
2582 3607 2674 3661 hic
2711 3610 2795 3660 est
2835 3606 2985 3659 Deus
3023 3605 3297 3660 Dominus
3340 3609 3535 3661 noster

1904 3703 1962 3757 in
1994 3707 2293 3769 mternum,
2321 3704 2378 3756 et
2402 3701 2522 3772 ipse
2549 3704 2712 3770 reget
2736 3715 2842 3754 nos
2863 3698 2922 3754 in
2954 3698 3153 3754 saecula
3180 3699 3346 3773 (Psal.
3369 3716 3529 3767 smn,

1910 3800 2104 3863 13-15).
2130 3818 2156 3846 ››
2187 3794 2370 3851 Ofﬁcii
2399 3795 2552 3850 enim
2585 3793 2765 3848 nostri
2804 3793 3254 3849 consideratione
3289 3810 3405 3849 non
3448 3798 3533 3849 est

1908 3890 2068 3945 nobis
2116 3888 2489 3956 dissimulare,
2531 3904 2644 3942 non
2689 3890 2774 3942 est
2821 3889 3008 3942 tacere
3045 3886 3294 3956 libertas,
3326 3888 3534 3961 quibus

1906 3985 2094 4056 major
2113 3983 2331 4038 cunctis
2350 3982 2679 4038 Christianae
2704 3980 2999 4053 religionis
3020 3980 3172 4036 zelus
3198 3972 3533 4037 succumbit.

1909 4096 1979 4132 ne
2006 4094 2113 4150 per
2141 4077 2607 4145 taciturnitatem,
2635 4081 2733 4131 aut
2760 4075 2967 4141 favere,
2990 4079 3088 4130 aut
3117 4076 3439 4131 consentire
3462 4075 3536 4130 vi~

1906 4172 2143 4228 deamur
2171 4171 2413 4226 fratrum
2442 4172 2807 4225 nocumenta.
2829 4170 2967 4224 Data
2996 4162 3233 4224 Kalend.
3259 4169 3531 4237 Octobris,

1909 4264 2190 4320 Feliciano
2219 4269 2277 4318 et
2301 4263 2646 4318 Maximiano
2674 4261 2806 4317 viris
2836 4261 3159 4316 clarissimis
3185 4262 3529 4317 consulibus.

1906 4391 2153 4461 Epistola
2196 4389 2555 4445 Orientalium
2592 4388 2668 4442 ad
2702 4388 2912 4442 Iulium
2930 4403 3139 4461 papam
3153 4390 3529 4461 _causantium,

1979 4462 2124 4531 quod
2168 4462 2228 4516 in
2279 4461 2697 4531 communionem
2756 4461 3016 4529 receperit
3071 4458 3433 4515 Athanasium
3484 4465 3535 4514 et

1977 4530 2190 4587 caeteros
2221 4545 2352 4602 quos
2377 4533 2487 4601 ipsi
2510 4530 2925 4585 damnaverant.

171 4644 332 4699 Unde
362 4642 515 4697 sicut
539 4642 790 4696 multum
819 4657 927 4696 nos
965 4658 1034 4695 ea
1070 4657 1198 4712 quae
1222 4639 1390 4694 nobis
1419 4640 1507 4710 pie
1539 4643 1805 4711 recteque
1825 4638 1885 4711 D
1979 4640 2220 4695 Domino
2253 4638 2576 4695 beatissimo
2604 4642 2661 4693 et
2690 4637 3008 4693 honorabili
3036 4636 3185 4692 Patri
3213 4638 3372 4693 Jumo
3396 4653 3531 4708 apo-

171 4741 308 4793 sunt
329 4738 458 4791 acta
483 4734 793 4805 la-tiﬂcant,
822 4734 900 4789 ita
929 4734 1170 4789 nimium
1204 4751 1271 4787 ea
1295 4750 1422 4805 qua:
1452 4736 1582 4787 sunt
1608 4749 1809 4804 perpe-

168 4847 300 4885 ram
351 4831 511 4902 gesta
552 4828 913 4895 contristent,
954 4827 1224 4900 quoniam
1270 4843 1498 4881 necesse
1546 4829 1633 4881 est
1680 4832 1809 4898 post

174 4924 492 4978 multarum
538 4921 740 4976 talium
783 4921 1173 4993 experimenta
1222 4935 1524 4975 causarum
1576 4919 1699 4974 haec
1746 4920 1806 4975 in

174 5019 472 5087 posterum
513 5014 785 5071 sollicitus
820 5014 1086 5087 prospici,
1126 5017 1186 5069 et
1221 5014 1552 5086 diligentius
1589 5030 1805 5085 praeca-

171 5109 315 5177 veri,
344 5112 629 5181 quatenus
660 5124 729 5163 ea
768 5124 899 5180 qua:
929 5111 1064 5163 sunt
1093 5108 1163 5163 ab
1191 5096 1459 5179 apostolis
1489 5123 1807 5180 eorumque

174 5202 600 5259 successoribus
656 5204 887 5267 statuta,
941 5194 1127 5256 nulla'
1154 5201 1368 5256 desidia
1417 5202 1805 5274 negligantur,

174 5296 336 5352 nulla
361 5294 718 5351 dissensione
749 5294 1052 5362 violentur,
1076 5295 1235 5349 nulla
1255 5295 1676 5351 concertatione
1694 5300 1810 5350 tur-

174 5389 404 5446 bentur.
431 5388 576 5442 Nam
619 5386 763 5442 sicut
797 5387 858 5442 in
901 5404 1017 5443 uno
1055 5404 1294 5459 corpore
1338 5389 1520 5443 multa
1548 5389 1811 5444 membra

175 5483 477 5549 habemus,
500 5480 693 5536 omnia
708 5485 902 5535 autem
921 5480 1183 5535 membra
1200 5497 1317 5536 non
1332 5481 1599 5537 eumdem
1619 5486 1810 5537 actum

174 5575 410 5641 habent,
448 5573 532 5628 ita
571 5572 738 5628 multi
774 5588 956 5628 unum
995 5589 1200 5645 corpus
1244 5591 1442 5629 sumus
1482 5574 1543 5629 in
1567 5574 1806 5644 Christo,

174 5667 390 5740 singuli
420 5670 618 5721 autem
644 5666 788 5740 alter
817 5665 1052 5722 alterius
1088 5667 1380 5734 membra;
1409 5668 1690 5723 connexio
1722 5673 1809 5723 to-

173 5760 287 5816 tius
313 5759 572 5832 corporis
589 5775 762 5814 unam
788 5760 1110 5830 sanitatem,
1130 5775 1306 5815 unam
1325 5760 1810 5831 pulchritudinem

177 5854 336 5925 facit,
363 5857 424 5909 et
448 5853 576 5909 haec
613 5852 846 5925 quidem
882 5854 1163 5910 connexio
1192 5853 1363 5909 totius
1388 5853 1641 5926 corporis
1663 5870 1809 5910 una-

177 5946 509 6010 nimitatem
540 5945 801 6021 requirit,
815 5945 915 6002 sed
939 5948 1227 6023 praecipue
1248 5944 1425 6018 exigit
1447 5947 1812 6005 concordiam

1907 4735 2116 4790 stolicae
2166 4733 2316 4789 sedis
2358 4731 2670 4787 venerabili
2712 4731 3000 4803 episcopo,
3041 4731 3322 4800 Ecseanrs,
3355 4732 3531 4786 Tneo-

1907 4846 2084 4896 GNIL'S,
2105 4829 2431 4884 Tneoooaus
2458 4831 2514 4881 et
2537 4826 2862 4893 Bemnrnus,
2879 4841 2991 4878 una
3009 4841 3136 4878 cum
3155 4823 3388 4896 reliquis
3412 4824 3529 4887 frax-

1906 4919 2525 4993 tribus,etcocpisc0pis
2539 4920 2743 4999 nostris
2757 4919 2812 4973 in
2830 4917 3127 4973 Antiochia
3147 4919 3533 4995 congregatis.

1978 5016 2129 5071 Licet
2183 5015 2329 5070 circa
2392 5030 2591 5069 omnes
2652 5014 2969 5069 Romanam
3025 5011 3330 5066 Ecclesiam
3390 5012 3533 5068 scia-

1909 5126 2038 5165 mus
2094 5125 2215 5164 esse
2273 5105 2601 5163 muniﬁcam
2653 5110 2709 5160 et
2764 5104 3126 5176 apostolicam
3178 5104 3390 5161 habere
3445 5122 3539 5162 cu-

1909 5220 2053 5270 ram,
2093 5207 2150 5257 et
2196 5218 2421 5274 semper
2465 5204 2706 5255 matrem
2756 5199 2997 5253 existere
3042 5198 3287 5269 pietatis,
3333 5216 3537 5273 quam-

1911 5313 2082 5369 quam
2137 5296 2207 5351 ab
2258 5296 2486 5352 Oriente
2548 5292 2620 5347 ad
2678 5309 2808 5347 eam
2862 5290 3262 5364 praedicatores
3314 5293 3539 5365 pietatis

1910 5389 2298 5455 advenissent,
2372 5394 2565 5442 tamen
2658 5390 2988 5458 optaremus
3064 5403 3160 5440 vos
3239 5386 3536 5443 nobiscum

1908 5483 2266 5548 concordare,
2315 5486 2370 5536 et
2418 5496 2559 5552 quos
2598 5498 2626 5534 a
2680 5474 3086 5535 communione
3142 5472 3536 5552 suspendinius

1908 5594 1941 5632 a
1983 5576 2142 5631 vobis
2185 5592 2307 5630 esse
2353 5590 2675 5646 suspensos,
2719 5579 2777 5629 et
2819 5591 2960 5646 quos
2993 5574 3052 5628 in
3091 5574 3290 5629 ordine
3329 5574 3534 5628 conﬁr-

1909 5685 2133 5724 mamus
2182 5668 2577 5740 episcoporum
2629 5684 2663 5722 a
2712 5667 2872 5723 vobis
2918 5683 3039 5722 esse
3092 5665 3533 5736 confirmandos,

1909 5778 2014 5817 nec
2038 5777 2143 5817 nos
2167 5762 2414 5817 secundo
2449 5761 2574 5818 loco
2606 5760 2921 5831 habendos,
2952 5775 3081 5815 cum
3122 5775 3188 5812 ex
3228 5757 3315 5812 his
3355 5758 3532 5830 parti-

1910 5856 2015 5910 bus
2056 5854 2127 5909 ad
2166 5871 2263 5910 vos
2304 5871 2483 5929 usque
2525 5856 2972 5927 dogmatizantes
2998 5849 3233 5924 apostoli
3262 5866 3537 5922 pervene:

1912 5949 2047 6005 rint.
2087 5949 2199 6005 Nec
2251 5949 2403 6006 enim
2454 5965 2560 6007 nos
2612 5947 2809 6005 vestris
2863 5942 3279 6015 resultaVimus,
3330 5961 3534 6021 quam-
