4032 6308
499 376 599 429 623

1382 365 1664 431 ΛΡΡΕΝῘ).
1705 375 1793 431 ΑΙ)
1828 377 1991 432 δίΕΟ.
2015 375 2120 430 'IX.
2153 403 2220 413 —-—
2264 373 2511 430 lSlDORl
2551 374 2976 430 MERCATORIS

3766 377 3870 433 6‘24

495 464 577 536 vis
634 482 739 537 hoc
789 500 957 555 agere
996 482 1400 555 potuissemus,
1447 483 1674 555 quando
1708 483 2051 539 Novatianus
2095 502 2128 540 a
2151 483 2558 568 Amositatem
2588 482 2789 538 talium
2804 480 3365 538 hominuminﬁrmae
3381 482 3589 538 anima
3611 485 3873 556 etignari

499 577 762 633 Romana
816 577 1008 648 pulsus
1051 579 1136 631 est
1189 576 1460 645 Ecclesia;
1511 576 1781 649 quoniam
1835 577 1933 643 (uti
1971 579 2131 649 juxta

503 672 793 741 vulgarem
865 669 1342 725 consuetudinem
1415 671 1737 742 loquamur)
1809 671 2131 726 inimicitias

503 746 705 837 quaerit
759 763 945 818 omnis
999 764 1096 835 qui
1147 765 1267 818 vult
1320 764 1582 819 recedere
1634 764 1706 820 ab
1757 765 1960 821 amico.
2023 767 2131 822 Nec

505 857 737 912 crimine
795 873 989 912 carere
1043 861 1244 929 potest,
1296 858 1394 929 qui
1447 858 1678 914 alterius
1729 860 2126 914 excommuni-

501 952 692 1007 Catum
744 951 954 1022 absque
1000 951 1122 1022 ejus
1166 951 1397 1006 licentia
1434 969 1466 1006 a
1510 968 1623 1024 quo
1657 970 1687 1006 a
1728 953 2132 1010 communione

503 1049 587 1100 est
637 1045 886 1117 privatus
935 1045 990 1099 in
1055 1046 1526 1102 communionem
1578 1049 1918 1119 susceperit,
1971 1065 2134 1103 cano-

502 1140 690 1204 nibus,
731 1139 942 1194 scilicet
979 1139 1332 1210 jubentibus,
1383 1145 1446 1194 ut
1493 1141 2015 1196 excommunicatus
2062 1143 2132 1197 ab

503 1233 625 1299 aliis
667 1231 782 1289 non
824 1233 1135 1305 suscipiant
1161 1233 1479 1288 viventibus
1512 1235 1620 1290 illis
1654 1253 1686 1290 a
1727 1236 1933 1306 quibus
1975 1253 2130 1291 com-

501 1311 776 1382 munione
822 1328 1070 1400 privatus
1107 1344 1229 1382 esse
1281 1328 1651 1400 dignoscitur.
1689 1330 1796 1384 Nec
1843 1330 2025 1384 solum
2074 1330 2132 1385 in

499 1422 587 1477 his
639 1422 803 1478 nobis
871 1422 1287 1478 contumeliam
1341 1423 1645 1494 irrogatis,
1695 1423 1792 1478 sed
1851 1423 2020 1478 etiam
2075 1424 2135 1480 in

503 1516 593 1571 his
635 1517 787 1589 quod
831 1515 1068 1571 concilia
1105 1519 1297 1570 nostra
1339 1516 1639 1571 dissolvitis
1682 1533 1870 1588 neque
1909 1534 1976 1572 ea
2015 1522 2136 1573 rata

503 1610 685 1665 sinitis
740 1626 875 1665 esse.
927 1611 1071 1666 Sunt
1121 1626 1372 1682 namque
1425 1628 1456 1664 a
1502 1610 1664 1665 nobis
1712 1614 1768 1665 et
1810 1611 2058 1666 maxime
2102 1628 2136 1666 a

503 1703 676 1758 totius
754 1703 997 1759 Orientis
1078 1704 1356 1776 episcopis
1428 1704 1720 1771 damnati,
1795 1705 2135 1760 Athanasius

505 1780 939 1864 Alexandrinus,
997 1798 1199 1853 Paulus
1255 1799 1938 1870 Constantinopolitanus,
1989 1801 2131 1854 Mar-

505 1889 680 1947 cellus
759 1893 1031 1964 Ancyrae,
1096 1892 1387 1963 Asclepius
1471 1893 1661 1960 Gazae,
1744 1893 2134 1965 Lucianusque

506 1985 884 2057 Adriopolites
928 2003 1032 2056 pro
1080 1985 1249 2040 certis
1291 1985 1643 2054 criminibus,
1684 1986 1890 2058 quibus
1931 1988 2132 2042 adver-

506 2079 633 2134 sarii
680 2083 812 2134 sunt
853 2079 1009 2151 apud
1052 2095 1158 2134 nos
1205 2079 1481 2152 inscripti,
1527 2080 1626 2152 qui
1675 2097 1778 2152 per
1827 2086 2135 2152 praesentes

505 2173 673 2243 hujus
722 2171 977 2244 epistola
1022 2173 1228 2228 lateres
1274 2173 1467 2226 omnia
1519 2174 1622 2228 sub
1667 2177 1818 2228 certa
1861 2174 2133 2230 relatione

502 2271 701 2323 vestrae
753 2267 1107 2322 innotescere
1153 2283 1269 2321 non
1308 2266 1624 2322 omittimus
1666 2267 1970 2323 sanctitati.
1999 2267 2133 2332 Qui-

501 2362 606 2416 bus
653 2360 859 2433 agnitis
908 2361 952 2415 si
997 2360 1201 2416 nostris
1247 2361 1464 2432 placitis
1501 2361 1686 2434 magis
1725 2377 1900 2434 quam
1934 2378 2136 2417 eorum

507 2455 1020 2510 machinationibus
1063 2455 1358 2524 assentire,
1407 2459 1463 2510 et
1508 2455 1800 2511 ordinatos
1848 2455 2137 2528 episcopos

505 2551 563 2605 in
617 2549 1019 2605 damnatorum
1065 2549 1193 2603 loco
1243 2548 1474 2604 ﬁrmare
1515 2549 1748 2621 eligitis,
1796 2565 2001 2622 pacem
2037 2567 2132 2604 vo—

503 2636 741 2710 biscum,
814 2649 870 2698 et
933 2643 1398 2698 communionem
1463 2643 1672 2698 habere
1734 2643 2014 2700 volumus.
2079 2644 2136 2700 Si

506 2754 639 2792 vero
699 2737 861 2792 aliter
914 2737 1164 2809 egeritis,
1213 2741 1270 2792 et
1317 2737 1398 2792 eis
1449 2737 1696 2808 amplius
1743 2751 1918 2810 quam
1973 2737 2137 2792 nobis

509 2831 779 2886 assentire
829 2830 1234 2901 judicaveritis,
1283 2831 1565 2886 contraria
1604 2831 2035 2898 celebrabimus,
2083 2837 2139 2887 et

507 2925 798 2980 vobiscum
845 2924 1111 2996 deinceps
1147 2941 1253 2978 nec
1290 2924 1648 2995 congregari,
1679 2941 1782 2978 nec
1817 2925 1974 2980 vobis
1999 2925 2134 2979 obe-

508 3019 653 3085 dire,
694 3034 798 3072 nec
834 3017 990 3071 vobis
1027 3017 1338 3090 vestrisque
1366 3018 1550 3072 favere
1581 3017 1995 3086 volumus,-sed
2036 3036 2139 3090 per

509 3129 609 3166 nos
641 3111 918 3183 quidquid
950 3111 1152 3166 melius
1195 3111 1539 3183 elegerimus
1579 3127 1750 3183 agere
1779 3113 2135 3168 conabimur.

508 3207 648 3260 Nam
699 3205 891 3260 nullus
945 3210 1030 3260 est
1077 3205 1137 3260 in
1198 3205 1304 3259 hac
1366 3209 1523 3276 parte
1578 3209 1859 3260 terrarum
1912 3211 2136 3262 aetatem

509 3299 724 3376 habens
762 3299 858 3371 qui
903 3299 1127 3371 ignoret
1175 3299 1581 3371 praedictorum
1630 3299 1922 3354 molimina
1970 3301 2136 3356 sedu-

508 3401 746 3448 ciorum.
781 3395 1021 3466 Propter
1046 3409 1140 3448 eos
1166 3393 1320 3448 enim
1352 3394 1532 3448 multa
1558 3396 1689 3448 sunt
1716 3394 1862 3448 mala
1888 3399 2136 3466 peracta,

509 3489 688 3542 multa
715 3487 949 3542 concilia
976 3486 1213 3542 diversis
1255 3493 1311 3542 et
1348 3486 1562 3559 asperis
1605 3487 1957 3560 temporibus
1989 3488 2136 3544 cele-

507 3566 688 3650 brata,
703 3582 898 3636 multae
910 3581 1238 3650 seditiones,
1257 3582 1453 3636 multae
1467 3581 1943 3651 machinationes,
1962 3576 2142 3637 multa

510 3676 670 3731 nobis
722 3675 1028 3749 opprobria
1079 3675 1253 3741 illata,
1314 3679 1372 3729 et
1422 3674 1533 3730 alia
1586 3676 1764 3730 multa
1821 3693 1946 3747 qua:
1995 3692 2138 3730 enu-

508 3785 729 3835 merare
793 3771 1140 3842 perlongum
1202 3774 1305 3824 est.
1359 3770 1500 3823 Nam
1567 3769 1612 3822 si
1682 3769 1768 3823 his
1823 3770 2141 3826 consentire

509 3864 735 3935 eligitis,
784 3867 919 3917 tunc
967 3863 1146 3933 liquet
1199 3862 1355 3933 quod
1403 3880 1504 3917 nos
1558 3863 1796 3934 perdere
1847 3863 2032 3932 vultis,
2085 3867 2142 3918 et

511 3971 630 4010 non
679 3961 740 4010 ut
791 3959 953 4026 pater
999 3955 1146 4010 ﬁlios
1189 3954 1399 4010 fovere.
1443 3956 1645 4010 Dicunt
1687 3956 1840 4010 enim
1887 3960 1942 4012 et
1992 3958 2141 4012 afﬁr-

511 4055 672 4105 mant
715 4053 835 4104 tam
880 4049 1028 4103 cives
1075 4049 1332 4118 istorum,
1375 4065 1551 4121 quam
1605 4049 1778 4104 etiam
1825 4052 2141 4106 sacerdotes

515 4160 734 4210 eorum,
795 4144 899 4198 hos
949 4159 1156 4198 vovere
1216 4160 1314 4198 vos
1362 4143 1505 4198 velle
1563 4143 1895 4215 homicidas,
1959 4162 2142 4200 sacro-

513 4255 641 4292 rum
691 4237 1035 4310 templorum
1077 4253 1386 4307 eversores,
1434 4237 1720 4310 virginum
1767 4243 2138 4311 stupratores,

514 4348 804 4387 sacrorum
861 4330 1137 4386 librorum
1196 4331 1536 4401 incensores,
1593 4349 1994 4404 sacrorumque
2046 4351 2138 4388 va-

513 4443 727 4494 sorum,
749 4442 812 4480 ac
839 4430 1175 4481 caeterorum
1205 4442 1498 4481 sacrorum
1519 4426 1972 4482 ministeriorum
1994 4427 2143 4483 frau-

515 4519 760 4590 datores,
791 4519 1109 4575 ofﬁciorum
1153 4521 1522 4591 neglectores,
1551 4520 1966 4592 imperatorum
2013 4521 2139 4576 inti-

2231 578 2423 650 populi
2447 576 2723 648 sacrilega
2743 575 3097 631 dissensione
3111 576 3460 648 dispereant.
3486 580 3684 651 Itaque
3705 595 3866 651 opor-

2232 675 2312 727 tet
2336 687 2432 725 vos
2474 669 2747 743 improbis
2774 669 2950 740 probe
2980 669 3264 725 resistere.
3293 672 3653 744 Quapropter
3680 672 3727 726 si
3761 690 3867 727 ne-

2235 764 2519 838 glexeritis
2563 763 2867 819 deturbare
2911 780 3223 835 perversos,
3254 764 3436 837 liquet
3473 766 3624 836 quod
3661 783 3866 823 eorum

2232 858 2548 933 protegatis
2574 874 2850 914 errorem.
2880 859 2992 913 Nec
3017 874 3148 913 vero
3180 862 3338 913 caret
3379 861 3646 932 scrupulo
3683 861 3867 916 socie-

2233 954 2362 1008 tatis
2392 952 2630 1022 occulte,
2661 952 2757 1024 qui
2799 951 3098 1007 manifeste
3134 953 3478 1007 facinoribus
3521 954 3731 1009 desinit
3762 955 3867 1010 ob-

2234 1048 2404 1102 viare.
2434 1048 2606 1102 Decet
2649 1045 2802 1101 enim
2849 1063 2947 1100 vos
2993 1046 3061 1100 ad
3112 1047 3472 1117 arguendam
3517 1049 3868 1118 proterviam

2235 1158 2450 1208 eorum,
2480 1142 2740 1212 linguam
2784 1145 3030 1195 vestram
3076 1156 3366 1207 exacuere,
3398 1144 3456 1195 et
3492 1141 3648 1196 velut
3691 1159 3866 1198 vene-

2233 1252 2398 1292 nosos
2427 1253 2459 1290 a
2479 1235 2634 1290 vobis
2658 1234 2957 1306 repellere,
2988 1251 3061 1289 ne
3085 1250 3284 1289 eorum
3310 1250 3530 1290 veneno
3550 1252 3650 1290 vos
3671 1237 3870 1292 vestri-

2235 1346 2347 1401 que
2369 1329 2427 1384 in
2455 1329 2646 1400 aliquo
2674 1327 3027 1383 sauciemini.
3049 1327 3230 1399 Igitur
3249 1326 3537 1383 sufﬁciunt
3559 1329 3872 1402 nobisque-

2237 1422 2499 1478 rimoniae
2513 1427 2709 1477 contra
2729 1437 2825 1477 eos
2844 1422 3063 1491 delatae,
3084 1420 3357 1493 quoniam
3381 1421 3742 1495 derelinquet
3766 1439 3872 1478 nos

2237 1522 2462 1588 tempus
2477 1517 2794 1570 secundum
2809 1515 2958 1587 quod
2970 1515 3048 1570 ait
3063 1515 3358 1587 Apostolus
3375 1532 3388 1570 :
3406 1535 3433 1567 ι(
3451 1515 3870 1573 Sivoluerimus

2238 1611 2500 1666 omnium
2515 1609 2957 1682 obloquentium
2977 1608 3192 1664 oblatas
3215 1612 3416 1664 contra
3436 1625 3534 1664 eos
3555 1611 3871 1682 producere

2237 1705 2512 1777 querelas,
2547 1702 2794 1758 maxime
2823 1720 2955 1758 cum
2987 1703 3108 1758 haec
3127 1701 3290 1758 nobis
3318 1702 3601 1758 sufﬁciant
3625 1721 3754 1776 quae
3774 1721 3870 1760 su-

2237 1798 2428 1872 perius
2469 1797 2621 1852 dicta
2665 1803 2816 1853 sunt.
2849 1819 2876 1846 »
2907 1798 3019 1851 Nec
3061 1795 3220 1852 vobis
3258 1813 3488 1852 necesse
3531 1801 3616 1853 est
3656 1798 3871 1854 iterum

2236 1909 2431 1948 eorum
2459 1891 2757 1962 divulgare
2790 1891 2938 1946 mala
2964 1907 3095 1946 cum
3115 1891 3236 1962 ipsa
3261 1907 3370 1963 per
3393 1907 3452 1945 se
3479 1891 3782 1963 prodeant,
3815 1897 3874 1948 et

2235 1973 2483 2044 maxime
2515 2002 2712 2041 omnes
2739 1985 3048 2040 orientales
3078 1987 3254 2039 testes
3279 2001 3448 2056 super
3479 2000 3677 2040 eorum
3707 1986 3874 2041 malis

2235 2081 2495 2148 existant,
2542 2081 2601 2134 in
2646 2097 2742 2134 ore
2791 2095 2988 2134 eorum
3027 2078 3208 2149 (juxta
3249 2078 3408 2150 quod
3451 2079 3725 2150 scriptum
3767 2082 3871 2152 est)

2235 2176 2482 2230 duorum
2535 2175 2620 2229 vel
2671 2174 2845 2229 trium
2899 2173 3128 2228 testium
3176 2172 3347 2227 stabit
3387 2189 3558 2227 omne
3602 2173 3868 2242 verbum,

2236 2273 2448 2342 quanto
2478 2268 2658 2341 magis
2678 2267 2736 2322 in
2768 2266 3135 2322 multitudine
3159 2271 3458 2322 tantorum
3485 2267 3869 2337 sacerdotum,

2238 2368 2296 2419 et
2327 2365 2686 2436 populorum,
2704 2362 2995 2427 abbatum,
3017 2361 3105 2415 vel
3119 2361 3530 2417 monachorum
3558 2361 3618 2416 in
3640 2361 3870 2434 scripto,

2237 2461 2292 2512 et
2316 2458 2438 2512 sine
2469 2455 2678 2527 scripto
2706 2458 2904 2510 contra
2934 2455 3144 2510 horum
3173 2455 3512 2527 pravitatem
3542 2471 3647 2510 nos
3675 2455 3866 2527 quoti-

2237 2552 2328 2606 die
2361 2569 2463 2606 vox
2491 2549 2948 2605 acclamantium.
2963 2551 3070 2604 Nos
3091 2564 3223 2604 vero
3246 2549 3342 2604 diu
3361 2553 3756 2620 exspectamus
3775 2567 3873 2605 eos

2237 2663 2341 2718 per
2367 2647 2605 2700 multam
2631 2643 2988 2716 patientiam,
3013 2664 3038 2691 α
3057 2646 3123 2697 ut
3140 2647 3400 2699 crearent
3421 2659 3579 2712 uvas,
3608 2643 3711 2698 sed
3736 2643 3821 2699 illi
3841 2662 3872 2700 e

2236 2739 2521 2794 contrario
2545 2739 2801 2793 fecerunt
2817 2737 3104 2792 labruscas
3121 2736 3270 2806 (Isai.
3286 2753 3340 2805 v,
3353 2737 3428 2808 2).
3445 2739 3585 2792 »Vos
3599 2754 3740 2810 ergo
3759 2754 3873 2793 non

2237 2836 2459 2905 oportet
2475 2832 2542 2887 de
2560 2836 2765 2886 czetero
2789 2830 3104 2902 negligere,
3121 2834 3178 2886 et
3192 2831 3420 2887 differre
3435 2831 3592 2899 tales,
3611 2847 3684 2887 ne
3698 2831 3875 2904 (quod

2236 2926 2399 2998 absit)
2442 2925 2773 2980 memoratis
2815 2925 3156 2980 criminibus
3199 2941 3397 2980 eorum
3446 2925 3873 2982 submittamim'

2237 3019 2705 3076 irrationabiliter
2721 3036 2816 3074 eos
2838 3019 3128 3091 episcopos
3145 3023 3445 3090 ponentes,
3465 3019 3572 3091 ipsi
3593 3019 3752 3075 enim
3767 3020 3877 3076 nisi

2237 3115 2345 3169 cito
2361 3113 2750 3185 corriganturj
2762 3117 2891 3170 uxta
2906 3113 3062 3184 quod
3075 3113 3278 3169 beatus
3288 3113 3584 3185 Apostolus
3600 3118 3880 3186 protesta-

2238 3211 2351 3277 tur,
2370 3229 2397 3258 «
2420 3206 2736 3262 secundum
2771 3207 3042 3262 duritiam
3068 3223 3288 3278 eorum,
3319 3211 3376 3262 et
3399 3223 3496 3262 cor
3514 3206 3880 3279 impmnitens

2237 3301 2618 3358 thesaurizant
2637 3301 2743 3356 sibi
2763 3299 2905 3355 iram
2932 3299 2992 3356 in
3017 3301 3105 3356 die
3130 3300 3251 3370 iraa,
3274 3305 3330 3356 et
3354 3301 3721 3357 revelationis
3734 3303 3879 3374 justi

2234 3395 2665 3467 judiciiDei,qui
2680 3395 2876 3450 reddet
2893 3393 3201 3466 unicuique
3222 3395 3535 3450 secundum
3557 3412 3737 3467 opera
3756 3397 3881 3468 ejus

2242 3491 2408 3560 (Rom.
2442 3507 2500 3557 ιι,
2516 3493 2568 3557 5,
2583 3489 2691 3561 6),»
2711 3489 2843 3560 quia
2862 3487 3354 3560 corrigendisunt,
3375 3505 3446 3546 ne
3461 3505 3564 3560 per
3577 3494 3877 3562 tempora-

2241 3583 2354 3638 lem
2384 3582 2840 3651 delectationem,
2865 3586 2921 3636 et
2946 3599 3051 3654 per
3071 3582 3366 3638 mendacia
3392 3587 3565 3655 atque
3594 3584 3883 3654 ﬁgmenta

2242 3695 2344 3732 sua
2381 3677 2537 3731 vobis
2579 3693 2876 3732 assensum
2920 3677 3328 3748 praebentibus,
3371 3681 3586 3732 aeterna
3630 3678 3885 3749 perdant

2243 3771 2496 3843 praemia,
2521 3769 2618 3842 qui
2647 3787 2748 3841 per
2771 3787 2960 3826 veram
2995 3769 3394 3842 paenitentiam
3423 3771 3698 3842 consequi
3718 3778 3883 3844 pote-

2243 3870 2396 3920 runt.
2410 3867 2520 3920 Nec
2532 3865 2655 3919 haec
2669 3881 2795 3936 quae
2813 3864 3089 3936 praedicta
3105 3867 3238 3920 sunt
3254 3864 3612 3920 solummodo
3627 3866 3882 3922 Athana-

2241 3958 2324 4013 sio
2353 3963 2407 4014 et
2419 3958 2755 4030 sequacibus
2771 3959 2891 4030 ejus
2905 3958 3244 4029 irrogamus,
3261 3957 3362 4013 sed
3382 3959 3554 4014 etiam
3572 3960 3728 4031 quod
3749 3977 3882 4017 con-

2241 4057 2332 4108 tra
2361 4053 2617 4123 regulam
2651 4053 2854 4124 egerit,
2884 4070 3059 4124 quam
3103 4069 3208 4108 nos
3256 4053 3711 4124 decreveramus,
3743 4055 3880 4127 quia

2241 4163 2355 4202 non
2385 4147 2608 4201 decreto
2635 4147 2950 4202 communis
2980 4146 3203 4202 concilii
3229 4147 3627 4219 episcoporum
3657 4149 3880 4221 recepit

2244 4241 2640 4308 sacerdotium,
2664 4241 2762 4295 sed
2780 4241 3007 4296 sibimet
3019 4241 3346 4312 arrogando
3359 4241 3665 4297 Ecclesiam
3679 4242 3879 4298 fuisset

2244 4335 2550 4406 ingressus,
2566 4335 2688 4389 etin
2711 4335 2843 4390 sede
2861 4333 3183 4402 resedisset,
3198 4351 3329 4390 cum
3345 4335 3562 4391 dudum
3575 4335 3876 4392 decretum

2244 4429 2438 4483 fuisset
2474 4429 2696 4482 nullum
2738 4445 2773 4482 a
2810 4428 3077 4500 pauciore
3107 4445 3349 4484 numero
3388 4428 3612 4484 restitui
3642 4429 3874 4499 debere,

2244 4539 2418 4594 quam
2444 4522 2761 4594 depositum
2789 4523 2961 4577 fuisse
2983 4525 3287 4578 constaret.
3309 4522 3522 4578 Deinde
3545 4539 3878 4595 quanquam

515 4616 636 4684 dos,
668 4613 851 4686 gentis
880 4618 937 4668 et
976 4613 1171 4685 patriae
1211 4614 1547 4686 proditores,
1575 4620 1632 4670 et
1653 4614 1806 4670 inter
1830 4615 2222 4692 sacerdotesD
2248 4617 2368 4686 ejus
2397 4616 2640 4671 adventu
2683 4617 2756 4670 sit
2796 4617 2964 4670 turba
3003 4620 3298 4686 generata,
3332 4617 3681 4689 plurimique
3725 4619 3873 4674 sedi-

510 4709 821 4763 maximam
853 4712 1196 4778 generantes
1224 4707 1582 4776 discordiam,
1613 4725 1679 4763 eo
1708 4709 1864 4780 quod
1893 4709 2138 4764 consub-

511 4801 890 4859 stantialitatis
933 4818 1148 4868 vocem,
1190 4818 1316 4873 quae
1360 4801 1566 4873 scripta
1608 4819 1720 4856 non
1765 4803 2057 4857 invenitur
2083 4803 2140 4858 in

512 4879 647 4950 fidei
673 4896 947 4963 doctrina,
979 4895 1321 4967 posuissent.
1339 4895 1484 4960 Quid
1505 4896 1670 4966 plura
1693 4913 2026 4951 enumerare
2048 4913 2142 4952 ne-

513 5007 660 5046 cesse
704 4990 826 5044 est?
866 5007 996 5044 cum
1033 4993 1266 5061 propter
1303 5006 1399 5044 eos
1434 4989 1594 5044 nobis
1636 4993 1692 5043 et
1729 4990 1944 5044 cunctis
1973 4991 2143 5061 hujus

512 5083 760 5161 regionis
791 5084 1208 5139 habitatoribus
1238 5083 1546 5138 scientibus
1579 5086 1737 5137 tanta
1763 5084 1943 5138 czrdes
1966 5085 2144 5140 homi-

513 5193 652 5253 num
681 5177 752 5231 sit
772 5181 1122 5249 perpetrata,
1154 5182 1218 5233 ut
1240 5178 1483 5249 amplius
1503 5193 1675 5249 quam
1698 5177 1855 5232 mille
1883 5179 2142 5234 homines

515 5271 630 5324 sint
657 5271 970 5341 prostrati?
994 5271 1222 5327 Talibus
1260 5276 1452 5327 autem
1493 5273 1681 5327 favere
1713 5271 1852 5343 quid
1882 5272 2032 5327 aliud
2059 5275 2144 5327 est

515 5357 688 5436 quam
714 5365 1015 5421 sceleribus
1045 5383 1247 5422 eorum
1272 5367 1633 5422 consentire?
1660 5383 1788 5421 cum
1816 5383 1975 5420 sacra
2002 5365 2144 5421 Scri-

515 5466 682 5530 ptura
721 5460 1034 5532 prohibeat,
1067 5461 1258 5515 dicens
1288 5479 1300 5515 :
1339 5482 1366 5510 «
1393 5462 1511 5515 Non
1547 5461 1732 5515 solum
1761 5460 1856 5530 qui
1905 5460 2139 5528 faciunt,

515 5543 816 5624 culpabiles
867 5554 1135 5620 existunt,
1169 5553 1474 5625 sed_etiam
1515 5553 1614 5625 qui
1657 5552 2021 5608 consentiunt
2056 5552 2139 5607 fa-

515 5619 791 5702 cientibus
821 5649 989 5717 (Bom.
1018 5664 1057 5712 ι,
1087 5646 1196 5716 32).
1231 5619 1512 5734 nfl'alibus
1532 5619 1703 5700 enim
1739 5663 1834 5700 vos
1873 5645 2140 5701 obsistere

516 5741 648 5795 totis
678 5741 888 5797 viribus
918 5742 1163 5810 oportet,
1198 5735 1279 5794 ne'
1302 5740 1669 5795 involvamini
1696 5740 1752 5795 in
1781 5740 2027 5811 peccatis
2052 5756 2142 5794 eo-

513 5850 664 5898 rum,
692 5843 748 5889 et
772 5832 1424 5888 excommunicationem
1467 5849 1662 5887 eorum
1695 5851 1765 5887 ne
1803 5832 2139 5904 suscipiatis.

511 5925 666 5997 Tales
699 5925 849 5980 enim
891 5944 918 5978 a
953 5925 1107 5982 vehis
1145 5927 1337 5998 procul
1377 5915 1622 5998 abjicite,
1657 5941 1727 5978 ne
1759 5930 1987 5995 propter
2011 5925 2137 5980 ani-

2240 4711 2394 4765 tione
2429 4709 2540 4764 sint
2581 4709 2812 4780 mortui,
2849 4715 2903 4765 et
2942 4727 3058 4764 non
3097 4711 3284 4766 solum
3322 4711 3443 4765 haec
3487 4727 3590 4782 per
3629 4727 3788 4779 eum,
3823 4716 3878 4768 et

2241 4807 2476 4877 propter
2503 4821 2635 4859 eum
2666 4806 2800 4859 sunt
2825 4809 3072 4875 peracta,
3101 4804 3200 4859 sed
3239 4803 3411 4859 etiam
3436 4803 3672 4877 quidam
3699 4822 3734 4860 a
3753 4806 3873 4877 jam

2245 4899 2391 4954 dicto
2433 4897 2746 4954 Athanasio
2794 4897 2924 4952 caesi
2961 4897 3248 4968 judicibus
3289 4898 3554 4953 dicuntur
3586 4915 3706 4954 esse
3732 4916 3872 4955 con-

2242 4992 2453 5061 traditi,
2483 4992 2606 5046 haec
2636 4997 2693 5045 et
2717 4992 2822 5045 alia
2861 4991 3303 5046 innumerabilia
3339 4995 3470 5046 sunt
3495 4991 3566 5046 ab
3605 5009 3695 5060 eo,
3729 4993 3874 5047 suis-

2244 5102 2353 5158 que
2376 5086 2708 5157 sequacibus
2733 5085 3097 5155 impudenter
3116 5088 3463 5156 perpetrata,
3491 5101 3633 5156 quos
3660 5102 3878 5141 excom-

2244 5179 2562 5234 municatos
2579 5178 2966 5233 communioni
2983 5180 3044 5232 ut
3055 5177 3392 5246 audivimus,
3405 5183 3603 5232 contra
3616 5180 3877 5250 regulam

2243 5273 2302 5327 in
2325 5272 2730 5328 contumeliam
2751 5271 3011 5326 omnium
3033 5270 3395 5326 orientalium
3428 5271 3696 5326 sociastis.
3717 5274 3873 5327 Prae-

2243 5367 2358 5422 fato
2387 5367 2575 5438 itaque
2618 5365 2826 5420 debitae
2869 5364 3219 5420 salutationis
3250 5363 3438 5419 ofﬁcio
3466 5367 3700 5436 propter
3725 5364 3880 5421 beati

2243 5460 2391 5515 Petri
2421 5461 2697 5515 honorem
2731 5459 2990 5530 impenso
3018 5459 3391 5529 postulamus,
3419 5462 3485 5513 ut
3508 5457 3777 5529 deinceps
3803 5460 3877 5514 ad

2244 5558 2457 5608 vestras
2487 5553 2618 5607 hinc
2648 5535 3154 5619 venientes-aures,
3181 5567 3299 5606 non
3336 5553 3456 5605 tam
3487 5552 3648 5606 facile
3673 5551 3876 5608 admit-

2243 5647 2393 5712 tatis,
2416 5662 2601 5716 neque
2627 5663 2660 5699 a
2685 5645 2846 5700 nobis
2870 5645 3391 5700 excommunicatos
3410 5644 3563 5699 ultra
3584 5643 3763 5700 velitis
3782 5661 3876 5700 ex-

2242 5739 2450 5811 cipere,
2474 5755 2547 5793 ne
2574 5755 2859 5793 canonum
2885 5744 3332 5809 transgressores
3361 5736 3751 5805 inveniamini,
3776 5741 3874 5795 sed

2242 5831 2442 5904 magis,
2476 5833 2628 5887 salva
2652 5831 2902 5887 fraterna
2927 5831 3218 5892 charitate,
3247 5835 3500 5886 erratum
3527 5831 3638 5886 hoc
3681 5830 3741 5884 in
3768 5849 3870 5902 po-

2242 5910 2453 6006 sterum
2493 5924 2729 5984 minime
2767 5924 3082 5998 patiamini,
3123 5929 3179 5982 et
3224 5924 3560 5998 subscriptio
3597 5929 3872 6004 orantem
