4032 6304
211 391 311 442 625

1461 385 1931 446 DECRETALIUM
1971 387 2360 445 COLLECTIO.

3481 396 3580 451 628

209 513 308 568 pro
337 497 506 552 nobis
531 498 912 568 apostolatum
939 500 1185 552 vestrum
1214 497 1489 554 Dominus
1516 515 1634 554 aevo
1659 500 1841 553 custo-
1866 506 1928 581 Α
1949 497 2050 568 git,
2066 496 2847 569 quemadmoduminnocens
2870 502 2930 554 ut
2946 499 3285 570 absolvatur,
3306 501 3581 573 requirit;

212 591 332 646 diat
360 589 646 660 longiore,
675 590 1001 646 beatissime
1031 593 1217 646 Pater.
1247 595 1447 648 Amen.

211 709 548 779 Rescriptum
572 708 710 762 Julii
726 723 888 778 papa
913 712 1098 762 contra
1124 709 1424 765 Orientales
1459 725 1559 780 pro
1596 711 1846 765 Athana-

824 781 903 834 sio
931 784 983 834 et
1016 783 1237 835 ceteris.

281 874 473 929 IULIUS
520 875 728 927 sanctae
786 873 1061 927 Romanae
1110 877 1166 927 et
1212 872 1537 944 apostolicae
1588 875 1848 930 Ecclesiae

213 966 509 1038 episcopis,
545 967 796 1034 Eusamo,
823 968 1125 1033 Tneoamo,
1151 968 1464 1034 Tuaonoao,
1495 969 1771 1025 Baamrao
1795 973 1852 1024 et

213 1061 434 1115 caeteris
459 1059 830 1116 orientalibus
859 1060 1160 1132 episcopis.

275 1156 547 1210 Decuerat
560 1171 653 1209 vos
665 1155 929 1209 adversus
943 1157 1194 1210 sanctam
1207 1157 1530 1212 Romanam
1546 1156 1850 1211 Ecclesiam

217 1253 271 1304 et
291 1248 666 1320 apostolicam
687 1248 900 1318 limate,
928 1253 987 1304 et
1009 1265 1124 1304 non
1146 1248 1358 1304 ironice
1379 1250 1558 1321 loqui,
1578 1251 1852 1322 quoniam

217 1349 271 1399 et
296 1343 419 1414 ipse
439 1342 719 1398 Dominus
744 1347 938 1398 noster
963 1344 1123 1398 Jesus
1150 1343 1406 1399 Christus
1433 1361 1560 1398 eam
1589 1344 1854 1400 decenter

217 1437 498 1492 allocutus
513 1436 591 1492 ait
609 1453 622 1491 :
641 1438 761 1491 «Tu
780 1453 858 1506 es,
875 1437 1080 1508 inquit,
1097 1439 1311 1504 Petrus,
1326 1439 1383 1492 et
1398 1454 1569 1509 super
1581 1438 1731 1494 hanc
1747 1457 1849 1511 pe-

216 1535 366 1586 tram
390 1523 681 1586 aediﬁcabo
709 1531 1012 1586 Ecclesiam
1038 1548 1247 1600 meam,
1265 1535 1323 1586 et
1347 1536 1528 1603 portae
1553 1531 1718 1588 inferi
1739 1549 1852 1588 non

216 1625 611 1696 praevalebunt
636 1625 907 1680 adversus
933 1641 1080 1693 eam,
1102 1628 1161 1679 et
1187 1625 1292 1681 tibi
1310 1625 1457 1681 dabo
1489 1625 1669 1682 claves
1687 1625 1853 1700 regni

214 1719 494 1775 caelorum
531 1718 742 1789 (Matth.
775 1735 885 1788 xw,
926 1719 1030 1790 l8).
1069 1738 1096 1770 υ
1126 1719 1304 1774 Habet
1331 1719 1486 1775 enim
1512 1723 1853 1792 potestatem

215 1805 497 1885 singulari
523 1812 819 1884 privilegio
865 1812 972 1867 sibi
1012 1829 1333 1868 concessam
1362 1812 1586 1886 aperire
1612 1817 1668 1869 et
1697 1815 1848 1870 clau-

1950 608 2054 647 nec
2079 591 2396 662 suspicione
2427 595 2600 660 caret,
2648 593 2746 664 qui
2792 592 2970 648 alium
3009 593 3308 649 calumniis
3349 595 3586 667 deroget

1948 685 2086 741 falsa
2114 685 2345 753 dixisse,
2374 702 2505 740 cum
2541 686 2663 757 ipse
2692 687 2762 740 ad
2783 686 3070 758 judicium
3107 691 3173 742 ut
3209 689 3417 760 probet
3455 707 3584 762 quia

1951 779 2143 835 intulit
2173 783 2438 835 evocatus
2470 780 2662 836 venire
2710 780 3010 837 distulerit.
3045 782 3256 838 Vellem
3295 783 3449 839 enim
3489 801 3586 839 vos

1950 873 2132 946 magis
2155 873 2226 929 ad
2245 875 2368 945 jam
2395 874 2603 930 dictam
2629 872 2967 930 canonicam
2994 877 3301 932 convenire
3331 879 3582 933 vocatio-

1951 985 2105 1038 nem,
2133 972 2198 1024 ut
2223 985 2418 1023 coram
2446 968 2752 1024 universali
2779 969 3018 1024 concilio
3051 971 3366 1028 redderetis
3406 971 3581 1027 ratio-

1953 1078 2106 1133 nem,
2120 1078 2221 1118 cur
2238 1062 2518 1134 synodum
2537 1062 2606 1117 ad
2624 1065 2836 1118 statum
2866 1063 3256 1132 ecclesiarum,
3273 1073 3330 1120 et
3343 1066 3584 1121 fratrum

1953 1157 2011 1211 in
2032 1155 2392 1212 Antiochiam
2419 1156 2886 1225 subvertendum,
2915 1160 2973 1212 et
2999 1157 3210 1214 Nicaeni
3230 1160 3428 1231 magni
3461 1177 3589 1214 con-

1953 1251 2068 1306 cilii
2091 1249 2539 1306 destructionem
2564 1249 2804 1318 fecistis;
2838 1257 2936 1306 aut
2971 1269 3073 1306 cur
3099 1252 3265 1308 nobis
3301 1252 3585 1309 inconsul—

1952 1345 2022 1400 tis
2045 1344 2338 1416 episcopos
2369 1345 2428 1399 in
2455 1360 2582 1399 eam
2606 1345 2972 1412 convocastis,
2995 1345 3062 1399 ad
3085 1363 3260 1417 quam
3283 1364 3387 1403 nec
3402 1347 3585 1402 maxi-

1954 1455 2080 1494 mus
2107 1437 2654 1510 Hierosolymitanus
2680 1439 2853 1509 venit,
2886 1456 2991 1494 nec
3011 1444 3206 1495 nostra
3232 1439 3490 1496 interfuit
3513 1442 3590 1497 le—

1955 1533 2105 1604 gatio
2123 1549 2135 1600 ;
2155 1531 2468 1588 canonibus
2489 1533 2700 1604 quippe
2712 1532 2770 1587 in
2783 1533 3010 1588 Nicaena
3030 1533 3246 1605 synodo
3255 1535 3277 1606 j
3288 1535 3588 1590 ubentibus

1953 1643 2068 1680 non
2114 1626 2320 1682 debere
2361 1629 2570 1698 printer
2613 1624 2954 1682 sententiam
3012 1627 3253 1682 Romani
3308 1629 3592 1699 pontificis

1949 1721 2069 1775 ullo
2099 1721 2270 1775 modo
2297 1721 2536 1776 concilio
2562 1720 2858 1788 celebrari,
2898 1737 3004 1776 nec
3034 1721 3328 1794 episcopos
3354 1722 3589 1777 damna-

1946 1814 2022 1881 .ri,
2052 1817 2150 1868 aut
2169 1830 2273 1868 cur
2296 1814 2355 1868 in
2378 1814 2781 1885 praedictorum
2803 1814 2927 1870 loco
2953 1815 3198 1869 fratrum
3219 1814 3360 1870 alios
3382 1815 3594 1871 adulte-

217 1907 353 1962 dere
376 1907 586 1977 januas
616 1906 783 1978 regni
815 1907 1053 1962 caelestis
1081 1907 1284 1978 quibus
1310 1907 1574 1962 voluerit.
1623 1909 1762 1962 Nam
1808 1880 1930 1963 siB
1955 1925 2047 1962 ros
2079 1907 2342 1978 posuistis
2373 1912 2681 1980 antequam
2708 1925 2881 1980 penes
2910 1925 3031 1976 nos,
3066 1914 3167 1964 aut
3199 1908 3595 1980 apocrisiarios

217 2000 267 2055 ei
301 2001 608 2056 detrahere
637 2017 766 2073 quae
791 2001 1013 2056 Domini
1041 2017 1140 2056 ore
1168 2004 1388 2057 sacrata
1410 2005 1584 2072 atque
1611 2002 1855 2073 desuper

210 2095 462 2150 ,exaltata
493 2098 643 2162 sunt,
675 2111 794 2150 non
825 2094 1110 2163 renuistis,
1145 2111 1250 2150 nec
1275 2095 1486 2150 mirum
1516 2095 1562 2149 si
1583 2095 1855 2151 fratribus

215 2189 459 2260 injurias
489 2188 746 2261 irrogare
775 2188 1016 2244 minime
1043 2188 1288 2257 cessatis,
1309 2189 1461 2244 unde
1479 2189 1606 2260 jam
1635 2189 1856 2246 silentio

217 2301 336 2338 non
362 2285 640 2354 teguntur
681 2299 808 2354 quae
855 2287 1039 2338 vestro
1093 2283 1152 2338 in
1205 2283 1442 2338 concilio
1501 2284 1859 2339 turbulenter

217 2381 391 2449 atque
419 2394 550 2432 cum
589 2381 930 2448 tempestate
974 2377 1201 2432 decreta
1230 2382 1380 2432 sunt.
1422 2379 1677 2450 Apparet
1701 2378 1857 2434 enim

218 2471 493 2543 quoniam
523 2472 868 2526 tumultuosa
892 2470 1405 2542 indisciplinatione
1431 2471 1634 2526 veritas
1661 2476 1746 2528 est
1763 2489 1860 2543 op-

219 2583 434 2638 pressa,
471 2565 630 2620 vobis
659 2565 870 2638 quippe
913 2565 1468 2620 inconsiderantibus
1503 2582 1630 2636 quas
1676 2566 1862 2637 placet

223 2661 336 2715 Deo
368 2662 608 2731 propter
619 2658 814 2730 jurgia
832 2675 960 2731 qua:
993 2663 1189 2714 contra
1209 2658 1498 2730 proximos
1517 2663 1731 2714 vestros
1756 2661 1858 2714 ha-

223 2754 394 2819 betis,
445 2758 504 2808 et
544 2757 673 2808 vota
716 2755 898 2808 vestra
946 2752 1294 2809 inevitabilia
1338 2769 1461 2808 esse
1503 2753 1858 2820 contenditis,

224 2849 322 2904 sed
362 2847 472 2903 erit
504 2865 646 2918 opus
688 2846 891 2902 divinae
930 2846 1320 2919 providentiae,
1348 2851 1633 2918 quatenus
1662 2865 1694 2902 e
1723 2864 1859 2902 con-

223 2943 402 2998 trario
432 2945 631 3013 aperte
661 2941 1011 3013 deprehensa
1051 2941 1270 3013 possint
1309 2940 1582 3009 enarrari,
1624 2945 1680 2996 et
1706 2942 1865 3014 quid-

219 3037 358 3108 quid
390 3036 507 3091 illic
534 3035 931 3091 convenientes
957 3035 1070 3090 sive
1105 3035 1357 3107 qualibet
1377 3035 1579 3106 gratia,
1611 3035 1742 3091 odio
1767 3038 1866 3090 aut

224 3130 653 3186 inimicitiarum
676 3146 868 3184 causas
898 3129 1146 3201 gessistis
1174 3128 1431 3184 funditus
1457 3129 1676 3200 repelli.
1712 3131 1860 3194 Qua-

223 3229 460 3297 propter
485 3241 617 3279 cum
650 3224 808 3280 omni
833 3223 1193 3279 festinatione
1234 3239 1334 3278 vos
1378 3239 1577 3278 omnes
1603 3223 1674 3278 ad
1694 3223 1866 3294 hujus
1885 3253 1940 3330 Ο

226 3320 440 3374 sancta
468 3317 618 3373 sedis
649 3318 1024 3373 reverentiam
1044 3318 1170 3373 volo
1191 3333 1553 3384 concurrere,
1585 3319 1864 3389 quatenm

227 3416 520 3485 gestorum
544 3412 695 3484 apud
715 3429 820 3468 nos
852 3411 1242 3483 integritatem
1255 3428 1361 3484 per
1374 3411 1624 3482 vosipsos
1637 3410 1864 3482 possitis

228 3507 558 3575 ostendere;
588 3523 722 3562 nam
763 3522 866 3561 nec
892 3506 1152 3562 dubitare
1175 3523 1272 3560 vos
1297 3505 1462 3561 credo
1489 3505 1864 3560 Athanasium

229 3618 404 3658 sacrae
436 3601 582 3671 legis
612 3600 901 3656 doctorem
926 3617 1040 3655 non
1078 3601 1262 3655 solum
1291 3616 1325 3654 a
1348 3599 1537 3668 nobis,
1567 3599 1664 3654 sed
1691 3599 1866 3653 etiam

228 3714 259 3750 a
286 3696 517 3751 Nicaana
532 3695 746 3766 synodo
760 3711 907 3750 verae
934 3695 1064 3749 ﬁdei
1091 3695 1370 3751 cultorem
1397 3710 1517 3748 esse
1535 3693 1868 3765 comproba-

227 3796 371 3857 tum,
399 3789 521 3861 qui,
551 3789 814 3844 defuncto
834 3788 1149 3844 Alexandro
1180 3787 1431 3862 mirabili
1461 3805 1598 3842 sene
1626 3786 1724 3859 qui
1748 3787 1866 3842 Arii

229 3885 612 3956 prostraverat
634 3883 1044 3955 blasphemias,
1078 3887 1205 3954 post
1230 3882 1486 3954 quinque
1516 3897 1741 3936 menses
1770 3881 1864 3936 Ni-

230 3978 374 4035 czeni
399 3976 624 4033 concilii
639 3977 1152 4033 Alexandrinorum
1169 3977 1427 4032 Ecclesia:
1447 3975 1692 4047 suscepit
1715 3992 1864 4047 prae-

229 4075 503 4139 sulatum,
531 4071 799 4127 adversus
827 4089 999 4144 quem
1051 4071 1289 4143 ejusque
1333 4073 1641 4126 sectatores
1685 4070 1868 4125 multa

229 4166 531 4224 mendacia
566 4170 840 4235 texentes,
871 4169 928 4221 et
966 4165 1150 4221 nudas
1180 4165 1339 4220 valde
1368 4164 1676 4220 calumnias
1708 4163 1869 4236 quasi

232 4279 393 4317 veras
407 4259 800 4316 accusationes
811 4261 1238 4332 componentes,
1253 4258 1413 4315 nobis
1425 4259 1742 4313 multorum
1754 4274 1870 4312 ma-

231 4357 419 4412 lorum
448 4371 580 4410 eum
619 4371 866 4422 causam,
916 4357 973 4409 et
1019 4356 1188 4424 caput
1232 4368 1354 4408 esse
1392 4349 1779 4424 perhibuistis,
1813 4357 1870 4405 et

235 4467 348 4505 non
373 4449 558 4504 solum
591 4447 741 4518 apud
770 4449 1101 4519 Egyptum,
1133 4447 1229 4502 sed
1247 4445 1419 4501 etiam
1450 4445 1601 4518 apud
1628 4444 1870 4501 Palaesti-

233 4561 389 4609 nam,
430 4547 489 4598 et
520 4540 843 4598 Phoenicem
890 4541 1214 4613 vicinasque
1261 4542 1461 4612 gentes
1505 4539 1724 4610 scriptis
1770 4555 1867 4593 ve-

1955 2004 2174 2057 nostros
2214 2018 2414 2057 eorum
2461 2019 2629 2056 causa
2675 2002 2943 2057 canonice
2975 2007 3122 2057 esset
3164 2003 3503 2072 examinata,
3536 2005 3598 2058 ﬁ-

1955 2112 2202 2167 nemque
2245 2097 2565 2167 perciperet
2609 2101 2847 2152 rectum.
2892 2097 2987 2152 Isti
3034 2095 3189 2151 enim
3231 2097 3329 2168 qui
3373 2097 3444 2151 ad
3473 2113 3591 2152 me-

1959 2189 2007 2262 1
2025 2188 2150 2262 54
2193 2193 2474 2244 moratam
2507 2191 2850 2261 regulariter
2877 2206 3085 2245 venere
3113 2189 3475 2245 vocationem
3508 2191 3593 2245 vi-

1959 2283 2158 2338 dentes
2186 2301 2285 2339 vos
2313 2301 2346 2338 a
2370 2284 2659 2356 praadictis
2703 2283 3040 2340 subtrahere
3083 2284 3386 2339 calumniis
3412 2284 3593 2340 multa

1959 2378 2226 2433 adversus
2271 2395 2367 2432 vos
2409 2378 2800 2449 lacrymabilia
2822 2382 2880 2433 et
2905 2379 3192 2433 doloribus
3236 2380 3407 2450 plena
3444 2380 3592 2433 refe-

1959 2475 2095 2526 runt
2121 2477 2443 2527 accusantes
2467 2488 2586 2539 vos,
2616 2477 2672 2526 et
2696 2471 2952 2527 dicentes
2981 2473 3159 2526 multa
3189 2488 3247 2527 se
3274 2473 3598 2544 importabi-

1959 2566 2032 2620 lia
2061 2583 2093 2620 a
2117 2566 2272 2620 vobis
2297 2583 2417 2620 esse
2445 2582 2638 2637 passos
2655 2552 2799 2659 .‘Vos
2829 2582 2965 2638 ergo
2993 2565 3347 2638 refugientes
3377 2566 3592 2634 venire,

1962 2660 2195 2730 illosque
2225 2663 2652 2731 perseverantes
2681 2660 2758 2713 "in
2806 2675 2939 2714 vera
2975 2659 3215 2727 ratione,
3245 2659 3473 2732 suisque
3505 2677 3594 2714 ca-

1961 2753 2193 2809 lumniis
2230 2754 2626 2822 reclamantes,
2656 2770 2830 2825 super
2859 2752 3063 2824 quibus
3110 2756 3168 2807 et
3204 2753 3599 2825 rEgyptiorum

1963 2847 2208 2920 episc0pi
2258 2847 2461 2902 litteris
2488 2847 2647 2901 nobis
2678 2846 2865 2901 missis
2898 2850 3293 2918 protestantur
3318 2847 3432 2902 suis
3461 2847 3600 2901 falsa

1967 2958 2087 2996 esse
2119 2941 2216 3014 qui
2243 2945 2439 2997 contra
2467 2940 2838 2996 Athanasium
2865 2957 3106 3012 suosque
3140 2945 3442 2997 sectatores
3476 2956 3598 2995 ma-

1965 3036 2270 3090 chinantur
2291 3038 2493 3090 cuncta
2510 3034 2851 3090 Arianorum
2873 3034 3197 3090 machinata
3214 3035 3600 3106 blasphemiis.

1965 3129 2191 3184 Talibus
2220 3145 2473 3201 namque
2498 3129 2794 3199 figmentis
2835 3129 3013 3201 liquet
3039 3145 3132 3183 eos
3175 3145 3294 3184 esse
3339 3128 3600 3200 inculpa-

1965 3223 2104 3278 biles
2132 3239 2339 3295 vosque
2381 3223 2710 3294 culpabiles,
2756 3221 2889 3294 quia
2918 3222 2962 3276 si
2990 3222 3057 3278 de
3084 3240 3216 3277 vera
3242 3221 3604 3277 confideretis

1963 3317 2306 3384 innocentia,
2347 3317 2503 3372 nullo
2554 3317 2724 3371 modo
2760 3333 2793 3370 a
2834 3317 2958 3386 jam
3001 3316 3151 3371 dicta
3198 3333 3294 3370 vos
3330 3315 3603 3371 canonica

1965 3410 2376 3466 subtraheretis
2403 3410 2749 3480 evocatione,
2798 3425 2925 3481 quae
2976 3426 3092 3464 non
3123 3409 3312 3464 subito
3341 3409 3439 3464 sed
3471 3426 3600 3480 spa-

1964 3505 2107 3560 tiose
2151 3505 2482 3559 denuntiata
2513 3507 2620 3572 est,
2673 3503 2770 3558 sed
2815 3502 2971 3558 omni
3019 3503 3292 3558 subducta
3334 3503 3604 3574 apologia

1964 3599 2175 3671 absque
2202 3599 2519 3654 tardatione
2546 3598 2758 3665 venire,
2787 3600 2843 3653 et
2875 3613 3067 3652 causas
3098 3596 3338 3651 reddere
3365 3596 3600 3650 festina-

1965 3692 2120 3749 retis.
2168 3692 2381 3758 Quibus
2425 3693 2502 3747 ita
2547 3690 2720 3764 gestis
2769 3691 2962 3762 scripsi
3005 3689 3183 3758 vobis,
3231 3693 3288 3745 et
3338 3689 3606 3745 omnibus

1968 3787 2067 3859 qui
2106 3786 2163 3842 in
2213 3786 2573 3842 Antiochiam
2614 3790 2813 3841 contra
2851 3784 3216 3857 apostolicam
3251 3782 3606 3839 canonicam-

1967 3898 2078 3953 que
2106 3880 2361 3952 regulam
2407 3879 2571 3935 nobis
2601 3879 2937 3934 inconsultis
2978 3877 3212 3934 fueratis
3242 3877 3601 3950 congregati,

1966 3991 2212 4046 arguens
2241 3991 2336 4028 vos
2361 3975 2614 4046 primum
2656 3973 2725 4027 de
2756 3972 2983 4044 injuriis
3022 3972 3368 4038 litterarum,
3398 3971 3603 4026 deinde

1969 4086 2070 4124 cur
2097 4069 2474 4123 Athanasium
2512 4083 2753 4140 suosque
2793 4070 3204 4122 consectatores
3242 4067 3314 4122 ad
3354 4069 3606 4121 vestrum

1969 4163 2271 4218 concilium
2306 4161 2734 4228 convocassetis,
2783 4161 3112 4230 canonibus,
3144 4160 3376 4228 scilicet,
3405 4158 3606 4230 praeci-

1969 4256 2256 4328 pientibus
2281 4255 2425 4310 nihil
2455 4261 2616 4310 extra
2645 4256 2968 4309 Romanum
2991 4253 3218 4309 decerni
3247 4253 3604 4325 pontiﬁcem,

1969 4350 2058 4404 cui
2099 4350 2222 4404 haec
2260 4353 2316 4403 et
2343 4348 2564 4419 majora
2590 4347 2953 4403 ecclesiarum
2979 4347 3212 4419 negotia
3239 4351 3355 4402 tam
3385 4347 3454 4400 ab
3483 4347 3606 4416 ipso

1969 4442 2225 4509 Domino,
2279 4458 2455 4514 quam
2495 4442 2564 4496 ab
2597 4441 2862 4497 omnibus
2904 4441 3301 4496 universorum
3348 4439 3608 4494 concilio-

1970 4553 2097 4591 rum
2122 4535 2389 4592 fratribus
2420 4535 2650 4607 speciali
2679 4536 2761 4604 (ut
2780 4535 2901 4606 jam
2931 4535 3147 4589 dictum
3174 4534 3276 4603 est)
3307 4532 3606 4604 privilegio

235 4639 362 4692 stris
392 4637 554 4692 illum
579 4635 1036 4707 perturbatorem
1065 4651 1185 4689 esse
1211 4633 1591 4704 signiﬁcastis.
1616 4625 1756 4707 {Qua
1801 4632 1871 4686 de
1890 4630 1949 4704 D
1971 4629 2289 4685 contradita
2313 4633 2462 4684 sunt.
2491 4628 2662 4682 Vobis
2685 4644 2818 4683 vero
2849 4627 3270 4699 refugientibus
3301 4631 3359 4680 et
3383 4625 3455 4680 ad
3478 4641 3608 4680 con-

236 4748 294 4786 re
320 4729 760 4786 ecclesiasticam
787 4732 1089 4800 sequentes
1117 4729 1400 4799 regulam,
1429 4743 1525 4781 vos
1549 4727 1747 4780 Bellum
1776 4742 1867 4781 re-

236 4823 515 4895 gulariter
541 4823 611 4877 ad
633 4822 913 4894 judicium
961 4821 1052 4877 die
1099 4824 1310 4876 statuta
1339 4836 1454 4876 non
1485 4820 1588 4874 sub
1630 4822 1870 4890 angusto

239 4916 512 4989 temporis
555 4915 738 4988 spatio
784 4916 866 4984 (ut
911 4915 1194 4970 excusatio
1227 4915 1415 4970 locum
1447 4930 1567 4969 non
1601 4913 1870 4984 inveniat)

236 5009 443 5065 litteris
469 5011 526 5064 et
552 5007 927 5080 apocrisiariis
959 5007 1334 5075 evocavimus,
1366 5005 1561 5078 illique
1582 5006 1872 5062 vocatione

235 5085 506 5174 suscepta.
538 5102 612 5156 ad
657 5101 807 5157 diem
851 5102 1234 5172 praestitutum
1273 5117 1504 5170 venere,
1541 5101 1640 5155 sed
1671 5117 1768 5155 vos
1799 5117 1871 5154 ne

236 5195 434 5252 vestris
478 5194 792 5250 mendaciis
823 5194 1193 5266 caperemini,
1238 5197 1542 5266 vestraque
1588 5193 1875 5248 calumnia

238 5290 608 5357 euudaretur,
638 5287 830 5343 venire
860 5288 1169 5344 distulistis.
1215 5288 1329 5342 Nec
1372 5287 1461 5342 his
1495 5286 1870 5342 machinatio-

241 5383 407 5438 nibus
437 5381 804 5436 solummodo
835 5381 1090 5437 contenti
1120 5380 1272 5450 estis,
1301 5381 1399 5436 sed
1423 5381 1594 5436 etiam
1618 5380 1875 5434 videntes

241 5493 370 5530 oves
398 5474 721 5547 pastoribus
748 5475 1024 5530 desolatas
1047 5475 1211 5546 lupos
1239 5491 1342 5546 pro
1365 5472 1681 5546 pastoribus
1706 5489 1876 5544 super

242 5585 331 5625 eas
357 5567 645 5640 posuistis.
675 5569 946 5623 Decuerat
985 5583 1120 5639 ergo
1163 5573 1228 5627 ut
1269 5567 1342 5623 ad
1369 5568 1697 5638 regularem
1724 5565 1878 5621 veni-

239 5663 376 5719 retis
404 5660 892 5731 convocationem,
923 5659 1169 5732 qualiter
1209 5661 1280 5716 de
1327 5661 1415 5716 his
1439 5665 1494 5716 et
1519 5660 1590 5716 de
1615 5660 1738 5715 aliis
1775 5676 1873 5714 ve-

242 5756 371 5812 stris
392 5754 941 5828 prsesumptionibus
983 5770 1179 5809 veram
1209 5753 1521 5810 redderetis
1550 5753 1829 5809 rationem
1860 5769 1872 5808 :

242 5849 520 5922 quoniam
547 5851 872 5904 occurreret
916 5847 1139 5915 veritas,
1188 5846 1233 5902 si
1275 5847 1486 5902 falsitas
1513 5847 1873 5918 displiceret;

239 5949 300 6007 et
326 5943 519 6002 nullus
537 5941 784 6012 dubitat,
802 5945 944 6015 quot
958 5941 1032 5998 ita
1047 5941 1329 6012 judicium
1357 5957 1564 5997 nocens
1585 5940 1873 5996 subturfu-

1970 4723 2164 4778 cilium
2214 4722 2382 4778 toties
2448 4722 2766 4776 convocatis
2831 4721 3028 4776 adesse
3095 4719 3440 4774 nolentibus.
3496 4718 3608 4774 Illis

1970 4834 2197 4889 quoque
2237 4816 2298 4870 in
2343 4832 2447 4871 sua
2490 4815 2916 4884 reclamatioue,
2951 4819 3007 4870 et
3039 4815 3192 4886 justa
3238 4813 3458 4868 ratione
3484 4829 3610 4884 per-

1971 4911 2318 4978 sisteutibus,
2355 4915 2653 4982 vestraque
2698 4914 3098 4980 cognoscentes
3147 4905 3408 4974 crimina,
3444 4909 3502 4961 et
3546 4906 3608 4961 il-

1971 5006 2159 5061 lorum
2182 5006 2399 5076 justam
2424 5005 2813 5060 examinantes
2841 5002 3145 5068 rationem,
3171 5016 3485 5072 omnesque
3510 5017 3605 5056 eos

1973 5100 2200 5154 Niceeno
2229 5099 2468 5154 concilio
2511 5097 2923 5169 comperientes
2954 5097 3012 5149 et
3041 5094 3248 5149 nostris
3290 5093 3610 5166 apostolicis

1966 5193 2314 5264 jussionibus
2344 5192 2821 5262 obtemperantes,
2868 5188 3050 5243 visum
3080 5192 3164 5244 est
3192 5187 3355 5243 nobis
3382 5205 3448 5243 ac
3476 5187 3608 5242 uni-

1972 5303 2133 5341 verso
2164 5285 2418 5352 concilio,
2450 5287 2512 5338 ut
2537 5300 2638 5338 nos
2666 5281 2870 5337 divinis
2915 5281 3237 5354 praeceptis,
3283 5285 3341 5336 et
3381 5285 3606 5353 aposto-

1974 5379 2094 5433 licis
2123 5378 2354 5433 monitis
2376 5375 2686 5444 informati,
2705 5375 2804 5447 qui
2824 5392 2929 5446 pro
2958 5375 3218 5430 omnium
3240 5375 3606 5430 ecclesiarum

1975 5477 2122 5526 statu
2150 5471 2400 5542 impigro
2415 5470 2646 5541 vigilare
2671 5468 2944 5524 debemus
2965 5468 3190 5536 effectu,
3222 5469 3268 5523 si
3295 5468 3607 5540 quidquam

1975 5563 2407 5636 reprehensioni
2455 5579 2698 5635 usquam
2745 5562 3036 5618 invenitur
3087 5560 3397 5617 obnoxium
3439 5555 3609 5612 celeri

1976 5657 2357 5713 sollicitudine
2405 5656 2475 5711 ab
2526 5655 2869 5727 ignorantiae
2912 5655 3194 5727 inperitia,
3243 5655 3340 5707 aut
3389 5667 3423 5704 a
3463 5665 3609 5721 pras-

1975 5750 2313 5822 sumptiouis
2354 5750 2725 5822 usurpatione
2754 5765 3100 5807 revocemus.
3133 5746 3227 5800 His
3255 5743 3446 5797 taliter
3471 5759 3606 5797 con-

1978 5845 2234 5902 sideratis
2281 5848 2450 5916 atque
2495 5843 2752 5899 discretis
2784 5845 3054 5913 tauquam
3101 5836 3364 5892 omnium
3409 5853 3608 5892 curam

1979 5941 2264 6012 gerentes,
2299 5943 2528 6012 propter
2555 5936 2702 5994 sedis
2728 5933 2972 6009 prapriae
2998 5929 3333 6002 dignitatem
3359 5928 3608 6001 suscepi-
