4032 6306
427 397 527 457 627

1322 395 1604 452 APPEND.
1644 395 1731 450 AD
1769 393 1927 450 SEC.
1970 393 2058 449 1X.
2093 422 2160 431 -—
2198 391 2446 448 ISIDORI
2485 390 2911 447 MERCATOBIS

3695 390 3803 445 628

427 524 554 564 mus
584 523 680 562 eos
722 505 782 561 in
827 505 1318 574 communionem,
1360 502 1717 575 singulisque
1761 518 1888 558 cum
1941 502 2058 557 suis
2079 514 2137 586 Α
2158 519 2231 557 vn
2259 518 2390 574 que,
2420 507 2476 557 et
2496 518 2570 572 ιχ,
2602 516 2666 555 ac
2692 517 2765 570 LI,
2798 516 2891 567 ιιι,
2924 515 3043 568 Lm,
3070 514 3181 567 Liv,
3221 515 3304 566 ιν,
3338 514 3466 567 Lvn,
3506 514 3657 567 mn,
3688 514 3798 565 ux,

428 601 765 658 auctoritate
799 600 970 671 hujus
1001 603 1210 653 sanctas
1238 597 1386 653 sedis
1414 597 1604 665 rebus,
1634 597 1896 668 proprias
1922 596 2056 651 red-

430 696 682 752 didimus
703 693 987 760 ecclesias,
1006 692 1278 764 quoniam
1297 691 1431 746 huic
1451 693 1662 746 sanctae
1686 690 1806 747 sedi
1826 696 2064 762 propter

429 805 734 861 pravorum
748 786 1055 843 hominum
1071 786 1307 842 insidias
1322 785 1445 857 ipso
1462 784 1706 841 Domino
1733 784 2062 840 instituente

428 887 489 938 et
543 882 749 936 sanctis
803 880 1074 953 apostolis
1120 896 1439 953 eorumque
1495 878 1910 934 successoribus
1958 894 2065 950 per

428 977 655 1047 singula
705 975 944 1031 concilia
1000 974 1395 1030 roborantibus
1450 974 1558 1028 hoc
1609 988 1834 1044 semper
1881 971 2060 1039 licuit,

428 1069 729 1141 licebitque
774 1069 1019 1125 Domino
1059 1068 1367 1125 auxiliante
1408 1068 1469 1123 in
1505 1072 1866 1139 perpetuum.
1900 1066 2062 1121 Unde

431 1164 529 1237 qui
553 1180 611 1218 se
642 1162 744 1218 scit
771 1162 894 1217 aliis
919 1179 1043 1218 esse
1075 1162 1471 1235 praepositum,
1504 1177 1624 1217 non
1649 1160 1890 1215 moleste
1919 1159 2066 1213 ferat

427 1258 677 1330 aliquem
737 1256 843 1312 sibi
900 1273 1022 1312 esse
1078 1257 1413 1329 praelatum,
1472 1256 1569 1311 sed
1620 1253 2063 1326 temperantiam

427 1367 600 1425 quam
647 1351 719 1405 ab
768 1350 892 1406 aliis
938 1350 1182 1422 requirit
1226 1349 1420 1422 gratis,
1474 1355 1529 1405 et
1585 1349 1707 1420 ipse
1755 1347 2062 1418 dependat.

428 1448 792 1517 Quapropter
818 1444 1166 1516 increpando
1198 1443 1352 1499 vobis
1380 1443 1585 1511 scribo,
1613 1442 1745 1515 quia
1768 1458 1887 1496 non
1916 1446 2066 1496 recte

428 1540 712 1595 tractastis
737 1539 890 1593 viros
916 1538 1255 1611 inculpatos,
1288 1540 1344 1592 et
1362 1554 1395 1591 a
1414 1537 1576 1591 nobis
1595 1535 1832 1591 minime
1850 1534 2063 1589 exami-

433 1637 597 1690 natos
641 1634 711 1689 de
761 1633 875 1688 suis
919 1632 1169 1687 ecclesiis
1211 1630 1610 1686 communione
1649 1630 1897 1702 privatos
1939 1628 2064 1700 pel-

431 1730 632 1796 lentes,
660 1732 717 1783 et
742 1726 1128 1782 ecclesiasticas
1159 1725 1469 1797 disciplina:
1493 1724 1764 1796 injuriam
1802 1723 2064 1794 irrogan-

432 1826 537 1891 tcs,
567 1823 1058 1893 constitutumque
1083 1819 1297 1875 Nicaini
1321 1819 1546 1875 concilii
1573 1818 1816 1872 minime
1844 1832 2068 1871 servan-

2162 613 2251 665 ιχ,
2285 613 2394 663 LXI,
2423 613 2576 664 LXlll,
2617 611 2760 651 LXVI.
3485 644 3493 650 .

2236 691 2306 744 Ut
2331 705 2534 745 omnes
2564 688 2813 760 episcopi
2843 687 2942 760 qui
2968 687 3027 742 in
3057 687 3398 759 quibusdam
3442 686 3803 759 gravioribus

2161 784 2461 856 pulsantur
2501 784 2590 839 vel
2642 782 3023 837 criminantur
3062 781 3262 849 causis,
3308 781 3528 853 quoties
3566 798 3801 837 necesse

2161 878 2333 933 fuerit
2360 878 2535 932 libere
2562 876 2931 949 apostolicam
2960 876 3253 947 appellent
3291 876 3505 944 sedem,
3533 878 3704 946 atque
3726 875 3803 929 ad

2164 988 2291 1026 eam
2318 972 2478 1044 quasi
2517 971 2591 1026 ad
2630 974 2878 1025 matrem
2919 969 3271 1039 confugiant,
3312 972 3377 1023 ut
3412 967 3482 1023 ab
3522 985 3607 1035 ea,
3657 968 3805 1022 sicut

2164 1081 2389 1137 semper
2433 1065 2558 1134 fuit,
2613 1065 2704 1136 pie
2746 1061 3074 1130 fulciantur,
3120 1062 3521 1131 defendantur,
3559 1065 3617 1116 et
3651 1061 3800 1117 libe-

2161 1162 2382 1215 rentur.
2434 1159 2607 1229 Cujus
2663 1157 3050 1230 dispositionis
3097 1172 3294 1212 omnes
3331 1156 3576 1228 majores
3616 1155 3799 1211 eccle-

2164 1253 2415 1307 siasticas
2441 1269 2636 1307 causas
2660 1256 2716 1307 et
2742 1251 3134 1323 episcoporum
3157 1249 3375 1321 judicia
3402 1250 3640 1321 antiqua
3666 1265 3805 1320 apo-

2165 1346 2442 1401 stolorum
2499 1362 2811 1418 eorumque
2860 1360 3246 1400 successorum
3293 1348 3461 1416 atque
3509 1359 3800 1398 canonum

2167 1440 2472 1496 auctoritas
2500 1439 2825 1495 reservavit.

2237 1534 2526 1598 Quoniam
2563 1534 2868 1605 culpantur
2897 1533 3151 1605 episcopi
3187 1531 3285 1604 qui
3322 1531 3487 1587 aliter
3523 1547 3658 1602 erga
3694 1531 3805 1585 fra-

2163 1633 2281 1683 tres
2306 1627 2552 1699 egerint,
2580 1643 2752 1699 quam
2781 1627 3037 1698 ejusdem
3071 1626 3219 1681 sedis
3238 1641 3400 1697 papa
3419 1624 3543 1679 ﬁeri
3562 1626 3800 1696 placue-

2164 1722 2259 1777 rit.
2291 1721 2522 1788 Placuit,
2553 1727 2621 1776 ut
2646 1725 2936 1775 accusatus
2966 1721 3055 1775 vel
3078 1719 3369 1791 judicatus
3400 1737 3435 1774 a
3477 1717 3799 1790 provincia-

2165 1820 2311 1875 libus
2338 1821 2397 1874 in
2423 1820 2617 1891 aliqua
2655 1834 2822 1874 causa
2849 1818 3147 1889 episcopus
3170 1818 3407 1872 licenter
3448 1817 3714 1888 appellet,
3743 1823 3805 1874 et

432 1890 536 1984 tes,
567 1917 700 1971 talia
729 1890 1148 1986 indiscip-linate
1193 1930 1364 1984 agere
1403 1930 1518 1968 non
1556 1910 1925 1967 formidastis.
1974 1910 2064 1964 ld-
2090 1890 2142 1962 Β
2166 1915 2335 1970 adeat
2351 1914 2677 1987 apostolica:
2702 1912 2850 1968 sedis
2865 1912 3221 1983 pontificem,
3246 1911 3344 1983 qui
3363 1914 3461 1966 aut
3479 1927 3585 1982 per
3600 1929 3680 1979 se,
3701 1915 3805 1966 aut

432 2009 581 2064 circo
595 2009 871 2081 quoniam
882 2009 1102 2064 dudum
1115 2007 1308 2062 venire
1320 2006 1503 2062 vocati
1516 2003 1976 2072 renuistis,modo
1992 2003 2064 2059 ad

432 2107 649 2158 certum
676 2104 847 2171 diem,
875 2103 933 2157 id
954 2105 1040 2157 est
1058 2117 1130 2156 xv
1147 2100 1382 2157 Kalend.
1411 2099 1707 2167 Novemb.,
1731 2115 1829 2153 vos
1854 2097 2065 2152 iterum

433 2197 770 2269 regulariter
816 2196 1020 2252 litteris
1064 2195 1365 2266 missisque
1406 2210 1728 2261 evocemus,
1768 2196 1834 2247 ut
1876 2206 2066 2245 coram

431 2291 593 2347 vobis
624 2291 993 2347 ostendamus
1033 2305 1135 2343 nos
1154 2289 1373 2360 justam
1402 2288 1461 2342 in
1486 2304 1581 2342 eos
1609 2285 1909 2360 protulisse
1935 2301 2064 2340 sen-

431 2385 690 2455 tentiam,
725 2385 882 2440 etde
921 2389 1128 2439 caetero
1170 2399 1286 2437 non
1316 2381 1450 2436 talia
1490 2397 1610 2437 esse
1648 2396 1932 2452 passuros.
1974 2381 2068 2435 Est

432 2478 649 2536 etenim
699 2479 762 2533 in
804 2476 1053 2548 antiquis
1095 2475 1356 2533 Ecclesiae
1399 2475 1624 2530 statutis
1663 2474 1954 2529 decretum
2003 2477 2068 2528 ut

431 2573 613 2628 aliena
646 2572 743 2645 qui
787 2570 1007 2626 invadit
1051 2587 1168 2626 non
1209 2572 1369 2625 exeat
1413 2568 1748 2641 impunitus,
1798 2567 1894 2621 sed
1933 2584 2065 2621 cum

434 2666 908 2739 multiplicatione
935 2664 1213 2734 restituat,
1241 2662 1398 2718 unde
1426 2668 1484 2718 et
1510 2663 1571 2717 in
1592 2661 1897 2733 Evangelio
1924 2661 2063 2715 scri-

431 2764 601 2833 ptum
628 2763 713 2814 est
753 2776 766 2813 :
820 2757 1025 2822 «Quod
1050 2758 1096 2812 si
1124 2756 1340 2829 aliquid
1367 2755 1699 2811 defraudavi
1729 2754 1908 2809 reddo
1931 2770 2068 2824 qua-

434 2854 705 2925 druplum
728 2852 875 2923 (Luc.
902 2868 1012 2920 xxx,
1041 2852 1113 2922 8).
1145 2872 1173 2901 »
1194 2854 1257 2907 In
1278 2851 1408 2922 lege
1428 2866 1658 2922 quoque
1684 2853 1913 2903 cautum
1935 2853 2019 2902 est
2047 2864 2061 2902 :

438 2970 466 2999 ‹‹
499 2946 821 3003 Maledictus
863 2945 1049 3001 omnis
1076 2945 1177 3017 qui
1200 2945 1472 2999 transfert
1497 2942 1777 2998 terminos
1819 2941 2068 3014 proximi

435 3040 543 3108 sui,
588 3044 646 3096 et
686 3039 878 3096 dicet:
914 3039 1101 3095 omnis
1143 3039 1406 3111 populus.
1453 3040 1636 3092 Amen
1681 3038 1856 3106 (Deut.
1896 3052 2064 3103 xxvu,

441 3134 547 3206 Π).
580 3155 610 3184 ››
634 3134 821 3199 Quare
845 3135 1020 3189 miror
1039 3150 1140 3189 vos
1161 3138 1277 3187 tam
1299 3132 1539 3187 audaces
1572 3147 1695 3186 esse
1730 3134 1787 3185 et
1814 3136 1934 3185 tam
1956 3129 2065 3184 im-

435 3227 723 3300 pudenter
770 3228 973 3300 egisse,
1011 3232 1066 3282 et
1110 3227 1391 3282 terminos
1434 3242 1499 3280 ac
1542 3225 1677 3297 jura
1719 3223 1868 3279 beati
1922 3223 2068 3278 Petri

438 3323 826 3396 apostolorum
856 3321 1128 3394 principis
1146 3320 1437 3375 invasisse.
1468 3318 1566 3374 Sui
1598 3319 1753 3373 enim
1784 3320 1865 3388 (ut
1892 3318 2065 3389 paulo

438 3416 696 3489 superius
716 3416 1152 3487 comprobatum
1181 3415 1281 3483 est)
1297 3414 1444 3486 juris
1464 3417 1605 3481 erat,
1628 3416 1692 3467 ut
1711 3412 1924 3483 absque
1945 3412 2068 3483 ejus

436 3513 646 3565 sanctas
674 3509 833 3566 Sedis
869 3510 1207 3565 auctoritate
1232 3508 1419 3562 nullus
1439 3507 1690 3575 deberet,
1714 3511 1812 3561 aut
1835 3505 2069 3560 concilia

434 3604 745 3672 celebrare,
766 3608 864 3659 aut
889 3605 1186 3675 episcopos
1211 3602 1280 3657 ad
1307 3601 1589 3673 synodum
1622 3617 1948 3667 convocare,
1978 3599 2067 3654 vel

436 3698 729 3768 damnare,
763 3714 890 3770 quas
925 3697 1114 3752 omnia
1157 3713 1254 3750 vos
1295 3700 1580 3750 temerare
1623 3711 1740 3749 non
1775 3693 2064 3749 timuistis.

434 3791 579 3856 Quid
614 3808 753 3863 ergo
802 3797 888 3846 est
933 3790 1087 3845 aliud
1140 3789 1270 3845 talis
1314 3789 1712 3860 praesumptio,
1762 3787 1871 3843 nisi
1917 3787 2067 3858 quod

438 3885 826 3956 apostolorum
859 3899 1172 3955 eorumque
1209 3898 1597 3936 successorum
1625 3881 1855 3936 decreta
1881 3886 2065 3935 trans-

438 3977 624 4049 gredi,
649 3981 705 4032 et
729 3976 1197 4032 maledictionem
1224 3975 1485 4047 superius
1512 3975 1983 4046 comprehensam
2008 3974 2068 4030 in

440 4073 589 4143 lege,
622 4071 856 4138 scilicet,
885 4075 1110 4125 cautam
1134 4086 1309 4141 quam
1333 4068 1518 4124 omnis
1544 4068 1793 4141 populus
1815 4084 1932 4122 uno
1950 4084 2064 4138 ore,

437 4181 802 4237 consonaque
832 4164 1203 4236 responsione
1228 4179 1332 4235 per
1360 4166 1561 4231 Amen,
1590 4162 1648 4217 id
1678 4166 1764 4217 est
1791 4162 1907 4228 ﬁat,
1939 4178 2068 4217 con-

439 4258 701 4328 ﬁrmavit,
730 4258 1014 4329 suscipere
1042 4274 1157 4312 non
1178 4255 1469 4311 timuistis.
1492 4257 1653 4321 Nam,
1678 4259 1741 4310 ut
1766 4272 1911 4324 reor,
1936 4255 2063 4310 tali-

438 4353 545 4408 bus
569 4352 1092 4423 transgressionum
1137 4350 1407 4406 funiculis
1456 4350 1766 4420 constricti,
1805 4355 2064 4404 nostrum

437 4464 510 4503 ne
532 4450 715 4502 vestra
731 4447 1118 4520 proderentur
1147 4445 1362 4516 ﬂagitia
1388 4460 1625 4499 examen
1650 4444 1991 4513 declinastis,
2013 4449 2070 4500 et

437 4541 508 4596 ad
535 4540 917 4613 supradictam
946 4539 1300 4595 vocationem
1340 4538 1533 4594 venire
1573 4536 1889 4593 distulistis.
1923 4538 2066 4593 Sane

2161 2007 2399 2062 vicarios
2445 2024 2573 2061 suos
2598 2008 2720 2078 ejus
2758 2005 3057 2061 retractari
3090 2004 3383 2076 negotium
3409 2008 3711 2076 procuret;
3742 2008 3805 2060 ct

2164 2102 2304 2157 dum
2333 2102 2537 2157 iterato
2554 2100 2772 2172 judicio
2798 2099 3056 2171 pontifex
3082 2114 3308 2153 causam
3336 2114 3494 2153 suam
3517 2100 3655 2170 agit,
3678 2099 3806 2154 nul-

2164 2195 2251 2249 lus
2282 2195 2426 2249 alius
2472 2195 2534 2249 in
2577 2194 2699 2265 ejus
2743 2194 2864 2248 loco
2912 2195 3182 2264 ponatur,
3212 2198 3310 2247 aut
3340 2192 3637 2247 ordinetur
3673 2193 3803 2264 epi-

2166 2305 2390 2359 scopus,
2418 2287 2688 2360 quoniam
2719 2302 3047 2359 quanquam
3077 2285 3647 2357 comprovincialibus
3676 2287 3801 2358 epi-

2167 2382 2350 2454 scepis
2395 2382 2662 2449 accusati,
2712 2397 2948 2436 causam
2998 2380 3281 2451 pontiﬁcis
3326 2378 3565 2435 scrutari
3609 2380 3802 2448 liceat,

2165 2493 2282 2532 non
2297 2480 2490 2531 tamen
2509 2476 2749 2531 deﬁnire
2769 2475 3091 2532 inconsulto
3119 2476 3377 2530 Romano
3393 2474 3805 2547 pontificeper—

2167 2571 2402 2626 missum
2436 2574 2541 2638 est,
2591 2587 2722 2624 cum
2761 2570 2925 2624 beato
2956 2573 3118 2625 Petro
3160 2570 3415 2642 apostolo
3444 2586 3562 2624 non
3589 2570 3660 2624 ab
3688 2570 3803 2625 alio

2168 2681 2340 2736 quam
2364 2665 2435 2719 ab
2456 2665 2579 2736 ipso
2600 2664 2814 2719 dictum
2840 2664 2912 2719 sit
2938 2665 3179 2720 Domino
3199 2682 3212 2719 :
3234 2683 3261 2716 «
3279 2665 3643 2734 Quaecunque
3662 2663 3697 2718 li
3706 2680 3807 2736 ga-

2167 2759 2313 2814 veris
2373 2774 2544 2830 super
2596 2762 2828 2826 tcrram,
2871 2763 3039 2814 erunt
3086 2759 3262 2831 ligata
3315 2762 3372 2813 et
3426 2757 3485 2812 in
3532 2758 3705 2827 caelis,
3746 2762 3807 2813 ct

2167 2868 2523 2924 quzecunqne
2555 2851 2787 2906 solveris
2809 2868 2979 2923 super
3010 2857 3245 2919 terram,
3266 2856 3435 2907 erunt
3462 2851 3646 2906 soluta
3664 2857 3721 2906 et
3740 2851 3804 2906 in

2168 2946 2317 3001 ccelis
2339 2945 2555 3017 (Matth.
2585 2961 2695 3015 xvx,
2732 2948 2837 3015 19).
2868 2965 2897 2997 ι)

2240 3040 2296 3095 Si
2329 3040 2456 3111 quis
2479 3039 2766 3111 putaverit
2794 3057 2854 3094 se
2880 3056 2913 3094 a
2942 3039 3175 3112 proprio
3203 3039 3639 3111 metropolitano
3670 3055 3801 3111 gra-

2168 3134 2287 3189 vari
2321 3133 2473 3205 apud
2504 3133 2814 3205 primatem
2841 3134 3017 3189 dioece
3029 3150 3170 3202 sees,
3187 3136 3286 3188 aut
3312 3149 3487 3204 penes
3513 3133 3805 3189 universa-

2168 3228 2235 3282 lis
2265 3227 2595 3299 apostolicae
2623 3228 2883 3283 Ecclesim
2905 3244 3111 3299 papam
3135 3227 3441 3298 judicetur.

2240 3324 2605 3378 Accusatores
2630 3325 2687 3377 et
2710 3323 3095 3378 accusationes
3120 3338 3260 3394 quas
3285 3323 3439 3394 leges
3465 3321 3656 3375 saeculi
3682 3337 3803 3376 non

2168 3416 2469 3484 asciscunt,
2502 3419 2560 3471 et
2597 3432 2699 3470 nos
2740 3415 3094 3471 unanimiter
3119 3416 3538 3485 submovemus,
3569 3430 3674 3470 nec
3702 3415 3810 3469 fiat

2165 3511 2227 3566 in
2254 3510 2508 3565 districta
2535 3509 2871 3580 probatione
2903 3510 3186 3582 impietas,
3222 3525 3351 3565 cum
3375 3512 3529 3564 recta
3553 3507 3625 3563 sit
3643 3509 3802 3580 judi-

2167 3604 2237 3659 cii
2266 3604 2327 3659 in
2358 3604 2630 3658 electione
2660 3603 2960 3659 sententia.
2986 3646 2991 3649 .

2239 3697 2435 3753 Nullus
2458 3697 2755 3768 episcOpus
2779 3697 3012 3752 alterius
3045 3696 3456 3769 parochianum
3490 3701 3807 3768 praesumat

2168 3792 2432 3859 retinere,
2462 3795 2561 3845 aut
2595 3790 2861 3846 ordinare
2890 3791 3104 3863 absque
3129 3790 3251 3862 ejus
3278 3791 3565 3847 voluntate
3593 3791 3679 3845 vel
3702 3792 3798 3863 ju-

2167 3885 2379 3954 dicare,
2412 3885 2567 3945 salva
2591 3887 2792 3939 tamen
2826 3884 2885 3940 in
2914 3885 3177 3940 omnibus
3204 3885 3510 3957 apostolica
3550 3886 3801 3941 auctori-

2172 3983 2305 4048 tate,
2344 3977 2481 4050 quia
2505 3978 2650 4033 sicut
2678 3978 2845 4034 irrita
2870 3979 2980 4033 erit
3007 3979 3129 4050 ejus
3157 3979 3456 4045 ordinatio,
3503 3979 3579 4034 ita
3619 3985 3675 4035 ct
3714 3980 3800 4035 di-

2161 4071 2458 4144 judicatio,
2480 4072 2753 4144 quoniam
2778 4088 3070 4128 censemus
3082 4073 3305 4127 nullum
3328 4073 3556 4128 alterius
3567 4073 3800 4145 judicis,

2166 4166 2278 4222 nisi
2302 4166 2390 4221 sui
2414 4166 2695 4237 septentia
2722 4167 2925 4221 teneri.
2954 4168 3094 4221 Nam
3125 4166 3222 4238 qui
3248 4184 3381 4222 eum
3399 4166 3666 4223 ordinare
3681 4184 3803 4224 non

2167 4260 2355 4333 potuit
2379 4276 2485 4315 nec
2503 4259 2766 4331 judicare
2795 4260 3077 4315 ullatenus
3103 4264 3310 4332 potest.

2238 4356 2293 4411 Si
2335 4354 2462 4426 quis
2509 4369 2646 4424 erga
2690 4353 3019 4425 episcopum
3066 4355 3150 4409 vel
3196 4358 3417 4411 actores
3454 4356 3715 4413 Ecclesiae
3742 4374 3803 4413 se

2166 4448 2467 4521 proprium
2517 4447 2732 4502 habere
2779 4448 3085 4503 crediderit
3126 4449 3443 4520 negotium,
3486 4467 3599 4505 non
3642 4450 3804 4522 prius

2169 4542 2337 4597 adeat
2356 4541 2596 4612 judices,
2629 4557 2802 4611 quam
2850 4542 2922 4596 ad
2959 4558 3055 4596 eos
3083 4546 3340 4597 recurrat
3367 4543 3655 4600 charitatis
3680 4548 3800 4599 stu-

438 4634 803 4690 manifestum
832 4638 919 4690 est
947 4650 1113 4688 suum
1158 4650 1256 4689 eos
1296 4630 1556 4688 conﬁteri
1585 4632 1824 4698 crimen,
1852 4631 1949 4702 qui
1978 4636 2063 4686 to-
2086 4637 2285 4709 Ddio,
2340 4639 2402 4690 ut
2448 4634 2718 4689 familiari
2767 4635 3052 4707 colloquio
3096 4636 3433 4691 commoniti
3481 4653 3547 4691 ea
3594 4653 3799 4694 sanare

436 4729 541 4785 ties
570 4729 785 4784 evocati
814 4729 1027 4801 absque
1064 4725 1374 4782 inevitabili
1416 4742 1586 4781 causa
1614 4725 1806 4779 venire
1831 4724 2063 4779 distule-

437 4822 572 4889 rint,
600 4826 658 4877 et
680 4822 964 4894 purgandi
991 4837 1048 4876 se
1080 4820 1376 4876 voluntate
1406 4836 1521 4874 non
1560 4821 1819 4874 utuntur.
1850 4819 1990 4873 Nam
2020 4818 2067 4872 si

440 4915 511 4971 de
523 4916 721 4971 vestris
736 4915 899 4971 dictis
917 4913 1300 4980 conﬁderetis,
1315 4917 1373 4968 et
1390 4913 1449 4968 in
1472 4913 1673 4968 faciem
1688 4913 1931 4984 probare
1953 4929 2066 4966 non

440 5008 809 5064 distulissetis.
838 5008 998 5063 Tales
1023 5007 1383 5063 insidiatores
1402 5007 1665 5079 spiritum
1692 5006 2068 5077 praevidentes

439 5102 620 5157 sancti
651 5104 845 5157 Patres
874 5102 937 5156 in
962 5102 1146 5156 Nicaia
1183 5102 1515 5173 congregati
1539 5102 1700 5173 leges
1726 5102 2065 5169 statuerunt,

440 5211 582 5266 quas
612 5210 858 5251 canones
885 5194 1254 5266 appellamus,
1277 5212 1351 5251 ne
1378 5196 1543 5251 facile
1576 5193 1740 5265 probi
1766 5193 1836 5247 ab
1862 5192 2071 5264 impro-

439 5287 527 5343 bis
556 5288 983 5357 damnarentur,
1032 5306 1098 5346 ex
1144 5290 1347 5362 quibus
1395 5289 1580 5342 nullas
1625 5286 1934 5342 sententias
1982 5286 2069 5340 his

440 5382 616 5438 inseri
638 5381 1032 5453 judicavimus,
1054 5388 1120 5439 ut
1158 5386 1448 5438 tantorum
1477 5382 1709 5435 Patrum
1739 5380 2069 5436 auctoritate

438 5479 636 5532 nostra
661 5476 1029 5534 roboraretur
1058 5476 1316 5550 epistola,
1347 5476 1519 5545 atque
1548 5489 1748 5529 omnes
1773 5473 2069 5528 orientales

439 5570 554 5626 sive
573 5569 925 5643 reliquarum
953 5571 1207 5643 partium
1233 5565 1481 5639 episcopi
1509 5567 1632 5622 haec
1662 5557 2069 5661 audientesﬁn

436 5666 657 5720 tantam
700 5665 925 5720 foveam
975 5680 1092 5718 non
1139 5659 1416 5730 incidant,
1463 5676 1537 5715 ne
1579 5659 2070 5717 damnationem—8.

439 5756 697 5810 Patribus
725 5757 1018 5813 decretam
1043 5753 1379 5827 percipiant.
1404 5754 1734 5826 Sequuntur
1760 5755 1915 5810 enim
1943 5755 2070 5810 haec

441 5861 509 5898 ex
533 5848 801 5916 praedicto
845 5848 1085 5903 concilio
1128 5847 1358 5902 Nicaeae
1402 5846 1671 5917 capitula,
1697 5847 1754 5902 id
1785 5853 1886 5914 est,
1916 5864 2067 5915 xvnl,

441 5951 555 6006 χιχ,
581 5953 696 6008 χχι,
735 5955 893 6005 χχιιι,
925 5955 1074 6009 χχνι,
1114 5955 1282 6008 χχνιι,
1319 5954 1514 6006 χχγιιι,
1554 5953 1740 6008 χχχιιι,
1785 5955 1894 6008 χιι,
1927 5943 2067 6009 etv,

2169 4729 2432 4797 debeant,
2479 4745 2607 4802 qua:
2654 4728 2712 4783 in
2756 4729 3170 4801 querimoniam
3219 4730 3597 4787 deducuntur.
3637 4733 3800 4797 Quod

2167 4824 2214 4878 si
2243 4823 2408 4879 aliter
2432 4822 2636 4895 egerit,
2666 4822 3065 4878 communione
3092 4823 3363 4895 privetur.

2237 4917 2413 4972 Nemo
2471 4916 2807 4988 pontificum
2860 4915 3125 4989 deinceps
3179 4917 3427 4990 aliquem
3466 4917 3798 4990 episcopum

2167 5011 2281 5065 suis
2314 5009 2693 5082 exspoliatum
2741 5009 2931 5079 rebus,
2963 5016 3061 5065 aut
3083 5026 3117 5064 a
3148 5026 3207 5066 se
3232 5010 3539 5083 depulsum
3569 5026 3799 5068 excom-
3843 5050 3859 5064 .

2168 5104 2487 5173 municare,
2522 5107 2622 5158 aut
2641 5102 2896 5174 judicare
2922 5106 3252 5174 praesumat,
3281 5104 3415 5176 quia
3440 5120 3554 5159 non
3580 5108 3666 5160 est
3680 5105 3797 5177 pri-

2167 5195 2440 5266 vilegium
2470 5212 2584 5267 quo
2628 5195 2808 5268 possit
2849 5195 3077 5267 spoliari
3110 5197 3232 5267 jam
3273 5196 3541 5252 nudatus.
3569 5197 3698 5252 Pari
3723 5202 3801 5254 te-

2168 5305 2311 5345 nore
2337 5288 2697 5345 decernimus
2721 5305 2839 5344 non
2870 5288 3026 5344 credi
3050 5289 3384 5359 accusatori,
3416 5289 3536 5361 qui,
3563 5289 3802 5346 absente

2168 5383 2517 5454 adversario,
2548 5398 2777 5439 causam
2816 5382 3071 5454 suggerit
3106 5385 3237 5437 ante
3280 5382 3577 5455 utriusque
3619 5383 3801 5454 partis

2168 5476 2599 5547 discussionem,
2648 5491 2755 5531 nec
2801 5477 3158 5533 accusatores
3209 5475 3299 5530 vel
3343 5479 3515 5531 testes
3566 5476 3799 5549 suscipi,

2169 5569 2269 5642 qui
2294 5586 2413 5625 non
2442 5572 2578 5625 sunt
2599 5569 2812 5625 idonei.

2239 5662 2472 5730 Placuit,
2495 5662 2542 5717 si
2569 5666 2862 5718 accusatus
2895 5662 2982 5717 vel
3025 5662 3331 5717 damnatus
3360 5662 3658 5734 episcopus
3695 5678 3797 5735 ap-

2167 5754 2463 5828 pellaverit
2481 5755 2805 5810 Romanum
2826 5754 3159 5827 pontificem
3183 5754 3241 5810 id
3262 5754 3628 5823 statuendum
3656 5756 3801 5827 quid

2167 5848 2288 5919 ipse
2330 5849 2484 5920 juste
2529 5847 2830 5916 censuerit,
2862 5852 2920 5904 et
2949 5863 3150 5903 omnes
3176 5848 3277 5920 qui
3307 5848 3578 5905 adversus
3600 5850 3798 5905 Patres

2170 5946 2481 6011 armantur,
2538 5942 2777 5998 infames
2819 5956 2940 5997 esse
2987 5956 3298 6012 censemus,
3340 5957 3527 6014 neque
3569 5957 3666 5996 eos
3695 5942 3800 6016 qui
