4032 6298
161 377 268 429 6‘29

1406 381 1879 438 DECRETALIUM
1917 381 2302 438 COLLECTIO.

3433 389 3533 442 630

160 501 298 538 cum
349 485 600 543 inimicis
645 492 948 544 morantur
995 491 1066 545 ad
1112 493 1556 564 accusationem,
1606 496 1693 550 vel
1736 495 1808 550 ad
1828 492 2065 576 Ahlicis
2097 493 2396 548 docuerint
2448 493 2606 548 omni
2647 510 2707 548 se
2753 509 2949 548 carere
2997 493 3317 565 suspicione
3365 500 3536 566 atque

159 579 569 637 testimonium
592 583 963 655 recipiendos.

231 677 485 747 Placuit,
538 683 604 734 ut
654 696 880 750 semper
931 681 992 735 in
1051 685 1412 740 accusatione
1475 686 1804 742 clericorum

156 771 357 842 primo
384 787 655 843 persona,
689 774 846 841 ﬁdes,
875 776 1008 843 vita,
1039 781 1095 831 et
1134 779 1490 834 conversatio
1542 780 1805 852 blaspheo

154 865 455 921 mantium
499 871 908 938 perscrutetur.
941 870 1081 925 Nam
1109 871 1251 926 ﬁdes
1283 889 1488 927 omnes
1514 879 1670 929 actus
1699 876 1805 930 ho-

159 959 341 1014 minis
382 960 716 1031 prmcedere
762 963 949 1029 debet,
977 964 1114 1035 quia
1154 965 1378 1034 dubius,
1413 967 1655 1023 inﬁdelis
1699 973 1803 1038 est,

154 1070 262 1108 nec
291 1054 376 1108 eis
406 1055 645 1110 omnino
690 1060 775 1112 est
816 1057 1165 1113 credendum
1213 1060 1310 1131 qui
1353 1062 1607 1117 veritatis
1633 1062 1806 1120 ﬁdem

159 1147 468 1218 ignorant;
497 1165 604 1204 nec
649 1153 816 1205 rectae
866 1153 1312 1208 conversationis
1353 1155 1523 1210 vitam
1569 1157 1801 1228 ducunt,

157 1242 447 1312 quoniam
494 1243 637 1298 tales
675 1247 733 1299 et
778 1245 939 1300 facile
986 1251 1042 1301 et
1086 1247 1484 1304 indifferenter
1529 1251 1803 1320 lacerant,

159 1340 214 1390 et
243 1335 636 1392 criminantur
664 1342 814 1393 recte
861 1343 919 1393 et
961 1339 1052 1411 pie
1077 1339 1346 1396 viventes.
1385 1343 1514 1398 ldeo
1559 1345 1804 1416 suspicio

160 1446 370 1484 eorum
402 1429 760 1486 discutienda
789 1436 876 1486 est
904 1434 1092 1505 primo
1135 1438 1193 1490 et
1234 1436 1592 1507 corrigenda,
1619 1455 1805 1511 neque

161 1525 593 1580 accusatoribus
655 1526 951 1597 suspectis,
1000 1532 1058 1582 et
1106 1528 1176 1584 de
1221 1527 1580 1587 inimicorum
1630 1533 1802 1588 domo

160 1618 589 1688 prodeuntibus
614 1621 985 1676 credendum.
1027 1601 1056 1702 Ι

233 1712 403 1777 Quod
435 1730 550 1769 non
573 1715 698 1769 alia;
721 1718 1174 1788 metropolitanae
1199 1719 1446 1774 ecclesiae
1471 1721 1555 1774 vel
1584 1721 1801 1792 prima-

160 1811 246 1860 tes
271 1806 409 1875 sint,
443 1807 552 1862 nisi
581 1807 694 1862 illae
722 1827 849 1881 quae
876 1811 1034 1881 prius
1071 1813 1348 1883 primates
1391 1819 1569 1882 erant,
1598 1819 1654 1870 et
1677 1819 1804 1886 post

161 1901 375 1957 Christi
404 1902 717 1958 adventum
755 1905 1089 1959 auctoritate
1121 1907 1432 1976 apostolica
1463 1914 1519 1962 et
1542 1909 1802 1979 synodali

161 1995 478 2066 primatum
506 1996 712 2052 habere
742 2003 1096 2054 meruerunt.
1131 2000 1355 2072 Reliqui
1372 2018 1507 2057 vero
1539 2019 1655 2057 non
1684 2003 1799 2074 pri-

163 2093 365 2156 mates,
398 2090 496 2144 sed
522 2093 862 2162 metropoles
893 2096 1186 2162 vocentur,
1209 2111 1523 2166 eorumque
1551 2097 1802 2168 episcopi

159 2199 276 2238 non
307 2183 645 2254 primatum,
675 2186 772 2240 sed
805 2190 904 2240 aut
942 2188 1546 2259 metropolitanorum,
1581 2195 1680 2246 aut
1709 2207 1798 2244 ar-

159 2277 663 2350 chiepiscOporum
692 2280 927 2334 nomine
954 2280 1238 2336 fruantur.
1261 2253 1276 2338 l

229 2371 484 2426 Infames
504 2388 624 2428 esse
653 2388 949 2430 censemus
981 2391 1181 2431 omnes
1210 2377 1308 2447 qui
1339 2393 1498 2432 suam
1529 2381 1630 2432 aut
1648 2379 1800 2433 Chri-

162 2465 414 2520 stianam
443 2467 888 2538 prazvaricantur
912 2470 1127 2540 legem,
1161 2475 1259 2525 aut
1285 2473 1615 2526 canonicam
1642 2476 1796 2543 post-

164 2563 387 2630 ponunt
411 2561 810 2616 auctoritatem
843 2564 998 2618 salvo
1022 2563 1079 2618 in
1108 2565 1376 2619 omnibus
1403 2567 1674 2620 Romanas
1705 2568 1802 2622 Ec-

161 2655 346 2709 clesiae
373 2654 689 2725 privilegio,
721 2656 912 2710 nullus
941 2658 1420 2728 metropolitanus
1445 2660 1658 2731 absque
1687 2676 1798 2714 cae-

160 2751 416 2802 terarum
469 2749 729 2804 omnium
781 2751 1346 2821 comprovincialium
1393 2753 1797 2825 episcoporum

163 2842 438 2897 instantia
470 2843 796 2914 aliquorum
838 2845 1034 2899 audiat
1060 2862 1256 2900 causas
1305 2845 1522 2915 eorum,
1554 2849 1687 2919 quia
1717 2849 1796 2902 ir-

162 2937 286 2991 rita:
313 2940 486 2991 erunt
506 2937 622 2991 imo
651 2943 708 2993 et
731 2955 964 2993 causam
991 2938 1048 2993 in
1077 2939 1292 3010 synodo
1326 2958 1427 3010 pro
1452 2941 1598 2997 facto
1618 2941 1795 2997 dabit.

231 3031 447 3086 Alienis
503 3032 786 3087 erroribus
835 3033 1129 3100 sociatum,
1173 3035 1255 3087 vel
1308 3052 1341 3088 a
1381 3035 1466 3089 sui
1519 3035 1799 3106 propositi

163 3125 396 3180 tramite
444 3125 830 3195 recedentem,
875 3132 974 3182 aut
1020 3127 1194 3182 sacris
1241 3128 1553 3183 canonibus
1594 3129 1797 3184 inobe-

1909 586 2228 657 inimicitia,
2246 590 2304 642 et
2329 587 2892 659 irreprehensibilem
2914 587 3088 643 fidem
3118 593 3290 660 atque
3309 606 3538 644 conver—

1909 681 2183 736 sationem
2214 680 2439 735 dueere.

1979 775 2047 829 Et
2075 775 2557 846 comprovincialis
2597 777 2846 846 synodus
2889 779 3225 832 retractetur
3247 794 3353 848 per
3383 777 3532 833 vica-

1907 868 2018 924 rios
2052 869 2205 924 urbis
2232 870 2428 924 Romae
2453 869 2720 941 episcopi,
2751 870 2797 924 si
2823 870 2940 942 ipse
2969 870 3302 928 decreverit.

1977 963 2191 1018 Placuit
2220 968 2286 1019 ut
2315 980 2349 1018 a
2374 963 2810 1035 quibuscunque
2833 964 3120 1035 judicibus
3150 966 3536 1021 ecclesiasticis

1906 1058 1977 1112 ad
2025 1057 2166 1113 alios
2205 1057 2428 1129 judices
2477 1058 2902 1126 ecclesiasticos,
2938 1059 3037 1113 ubi
3091 1063 3176 1114 est
3223 1061 3533 1116 auctoritas

1905 1153 2090 1224 major
2115 1151 2292 1207 fuerit
2315 1158 2702 1223 provocatum,
2728 1153 3014 1208 audientia
3040 1170 3159 1208 non
3185 1157 3450 1226 negetur.
3475 1155 3534 1210 Si

1905 1246 2032 1318 quis
2074 1246 2543 1317 metropolitanus
2590 1246 2911 1319 episcopus,
2943 1246 3052 1302 nisi
3083 1248 3238 1319 quod
3269 1249 3340 1304 ad
3371 1265 3534 1303 suam

1905 1340 2262 1396 solummodo
2289 1340 2583 1411 propriam
2610 1341 2856 1412 pertinet
2882 1341 3232 1411 parochiam,
3254 1341 3374 1398 sine
3399 1359 3531 1397 con-

1905 1434 2026 1490 silio
2051 1439 2107 1489 et
2130 1435 2423 1489 voluntate
2447 1434 2712 1489 omnium
2739 1434 3300 1506 comprovincialium
3327 1436 3536 1507 episco-

1904 1545 2109 1600 porum
2139 1528 2354 1601 aliquid
2397 1545 2570 1600 agere
2611 1527 2909 1584 tentaverit
2936 1529 3142 1599 gradus
3169 1529 3257 1583 sui
3287 1529 3536 1601 periculo

1906 1623 2238 1694 subjacebit,
2285 1627 2341 1679 et
2382 1623 2539 1695 quod
2593 1623 2800 1694 egerit,
2849 1622 3080 1678 irritum
3133 1623 3430 1693 habeatur,
3479 1629 3537 1679 et

1904 1734 2176 1787 vacuum;
2208 1718 2304 1772 sed
2334 1716 2615 1788 quidquid
2645 1717 2716 1772 de
2738 1717 3300 1789 comprovincialium
3330 1717 3539 1789 episco-

1901 1828 2107 1882 porum
2136 1811 2315 1866 causis
2345 1827 2696 1882 suarumque
2724 1811 3093 1866 ecclesiarum
3119 1816 3177 1866 et
3197 1811 3536 1866 clericorum
3623 1802 3625 1804 ’

1905 1908 2076 1976 atque
2107 1905 2466 1960 saecularium
2505 1905 2931 1960 necessitatibus
2977 1921 3169 1976 agere,
3202 1910 3300 1960 aut
3342 1905 3534 1977 dispo-

1904 2016 2040 2054 nere
2067 2015 2290 2054 necesse
2318 1998 2509 2065 fuerit,
2542 1999 2650 2053 hoc
2679 2015 2811 2053 cum
2858 1998 3017 2053 omni
3061 2015 3335 2054 consensu
3379 2016 3533 2055 com~

1901 2092 2332 2165 provincialium
2359 2096 2562 2163 agatur
2591 2093 2942 2164 pontificum,
2974 2109 3088 2146 non
3113 2093 3304 2164 aliquo
3350 2093 3535 2149 domi-

1900 2187 2147 2242 nationis
2192 2186 2360 2253 fastu,
2391 2187 2486 2242 sed
2533 2185 2857 2241 humillima
2886 2191 2944 2241 et
2974 2187 3245 2241 concordi
3294 2186 3538 2243 admini-

1902 2281 2192 2348 stratione,
2226 2281 2372 2335 sicut
2396 2280 2674 2335 Dominus
2698 2279 2777 2336 ait
2806 2297 2818 2336 :
2845 2299 2873 2332 «
2903 2281 3014 2335 Nec
3044 2280 3174 2335 veni
3197 2279 3532 2350 ministrari,

1900 2375 1999 2430 sed
2043 2374 2366 2430 ministrare
2397 2375 2586 2444 (Marc.
2614 2392 2671 2443 x,
2701 2376 2785 2445 45)
2807 2392 2825 2444 ;
2857 2396 2885 2425 ››
2921 2379 2978 2429 et
3001 2374 3137 2430 alibi
3170 2391 3182 2430 :
3217 2396 3246 2424 ι(
3274 2375 3381 2440 Qui
3409 2392 3534 2431 ma-

1890 2470 1986 2540 jor
2009 2472 2093 2525 est
2117 2471 2366 2524 vestrum
2411 2468 2519 2523 erit
2566 2468 2756 2540 155
2807 2468 3067 2524 minister
3101 2471 3288 2524 vester
3317 2471 3532 2538 (Matth.

1897 2567 1987 2632 23,
2019 2563 2181 2635 11),»
2213 2566 2270 2617 et
2301 2561 2538 2632 reliqua.
2587 2562 2868 2618 Similiter
2918 2567 2976 2617 et
3017 2562 3126 2633 ipsi
3171 2563 3530 2634 comprovin-

1898 2657 2064 2712 ciales
2104 2655 2355 2727 episcopi
2384 2672 2515 2710 cum
2543 2656 2666 2727 ejus
2697 2655 2951 2722 consilio,
2980 2655 3091 2710 nisi
3137 2659 3419 2727 quantum
3459 2657 3530 2712 ad

1897 2749 2154 2823 proprias
2179 2749 2425 2820 pertinet
2450 2748 2770 2820 parochias,
2802 2755 2978 2821 agant
3017 2750 3178 2821 juxta
3206 2754 3530 2805 sanctorum

1898 2843 2204 2899 constituta
2243 2845 2497 2910 Patrum,
2531 2847 2593 2898 ut
2615 2859 2732 2898 uno
2762 2859 2881 2904 ore.
2909 2859 3027 2898 uno
3071 2842 3266 2898 animo
3295 2860 3530 2899 concor-

1899 2938 2049 2994 diter
2077 2942 2266 2992 sancta
2292 2936 2644 3007 gloriﬁcatur
2681 2935 2926 2992 Trinitas
2961 2937 3022 2992 in
3056 2939 3280 2994 smcula.

1967 3034 2208 3088 Caveant
2253 3031 2473 3103 judices
2524 3030 2804 3097 Ecclesia},
2851 3047 2925 3086 ne
2977 3032 3210 3088 absente
3253 3048 3319 3086 eo
3369 3031 3531 3103 cujus

1898 3143 2068 3182 causa
2095 3126 2420 3193 ventilatur,
2446 3126 2794 3180 sententiam
2823 3125 3146 3196 proferant;
3194 3125 3330 3197 quia
3374 3125 3534 3180 irrita

161 3219 420 3273 clientem
487 3219 771 3290 suscipere
819 3237 931 3275 non
991 3237 1313 3292 possumus,
1359 3239 1462 3276 nec
1523 3222 1800 3294 impetere
1819 3249 1874 3323 Ο
1901 3221 2255 3292 erit,quippe
2282 3225 2340 3274 et
2362 3220 2644 3274 rationem
2675 3236 2779 3291 pro
2812 3219 3032 3274 actione
3063 3219 3306 3275 reddent
3331 3219 3386 3274 in
3409 3236 3537 3291 syn-

158 3318 310 3368 recte
336 3313 634 3369 credentes
660 3315 744 3368 vel
774 3318 1100 3369 sanctorum
1139 3316 1376 3394 Patrum
1404 3316 1795 3372 sanctionibus

163 3407 624 3478 obtemperantes
652 3408 1056 3478 permittimus.
1091 3397 1138 3484 β’

231 3501 541 3572 Peregrina
561 3501 774 3572 judicia
805 3503 1059 3573 generali
1086 3503 1375 3559 sanctione
1402 3503 1794 3574 prohibemus,

163 3594 295 3664 quia
321 3594 625 3665 indignum
654 3600 738 3650 est
763 3600 827 3651 ut
855 3597 924 3649 ab
953 3597 1158 3651 exteris
1180 3597 1493 3668 judicetur,
1529 3597 1623 3668 qui
1663 3614 1794 3668 pro-

161 3688 432 3743 vinciales
461 3693 519 3744 et
539 3706 573 3743 a
601 3706 661 3744 se
691 3689 900 3745 electos
925 3691 1087 3746 debet
1114 3691 1321 3746 habere
1339 3691 1580 3762 judices.

233 3781 398 3837 Salva
423 3782 740 3853 apostolica:
783 3784 1047 3839 Ecclesiae
1086 3785 1422 3840 auctoritate
1452 3785 1641 3839 nullus
1675 3785 1796 3856 epi-

163 3892 366 3947 scopus
388 3880 551 3930 extra
577 3894 742 3931 suam
769 3879 1124 3948 provinciam
1156 3879 1229 3933 ad
1253 3878 1536 3949 judicium
1569 3879 1800 3934 devoce-

163 3974 274 4038 tur,
314 3969 416 4025 sed
462 3975 722 4026 evocatus
769 3971 883 4042 ipse
933 3973 1204 4028 canonice
1257 3973 1314 4027 in
1360 3974 1487 4028 loco
1534 3973 1799 4027 omnibus

165 4079 418 4130 congruo
444 4069 710 4135 tempore
757 4067 1008 4136 synodali
1038 4067 1109 4120 ab
1141 4067 1409 4121 omnibus
1439 4067 1796 4139 comprovin-

163 4157 396 4212 cialibus
445 4157 728 4230 episc0pis
783 4161 1069 4228 audiatur,
1102 4161 1198 4232 qui
1247 4162 1589 4216 concordem
1629 4179 1800 4234 super

164 4268 293 4305 eum
344 4253 795 4325 cauonicamque
856 4255 1110 4325 proferre
1166 4255 1375 4310 debent
1433 4255 1795 4323 sententiam,

167 4345 438 4416 quoniam
469 4347 514 4400 si
542 4347 652 4400 hoc
685 4348 1004 4402 minoribus
1048 4353 1166 4403 tam
1213 4348 1376 4402 cleris
1421 4366 1593 4420 quam
1645 4349 1798 4404 laicis

165 4456 493 4495 concessum
536 4444 641 4507 est,
675 4447 885 4512 quanto
926 4442 1110 4513 magis
1156 4442 1226 4498 de
1266 4443 1546 4514 episcopis
1584 4443 1797 4498 servari

167 4533 516 4588 convenitur.
564 4535 702 4589 Nam
759 4537 802 4589 si
856 4536 974 4607 ipse
1026 4536 1531 4608 metropolitanum
1577 4542 1676 4592 aut
1709 4537 1798 4607 ju—

1901 3315 2032 3381 odo,
2051 3317 2189 3368 etut
2214 3313 2521 3384 proditoris
2549 3313 2851 3380 calumnia,
2869 3330 2974 3368 nec
2995 3330 3190 3368 eorum
3213 3318 3410 3385 postea
3426 3331 3534 3369 vox

1897 3407 2178 3475 audiatur,
2206 3423 2380 3461 nemo
2410 3407 2564 3462 enim
2593 3406 2911 3462 debitorem
2951 3407 3198 3478 amplius
3227 3411 3413 3479 potest
3437 3424 3533 3462 co-

1899 3517 2196 3572 gnoscere,
2229 3517 2402 3572 quam
2439 3501 2532 3555 ille
2561 3499 2658 3571 qui
2695 3499 2963 3571 injuriam
3010 3501 3250 3573 ejusque
3292 3501 3536 3557 sustinet

1896 3595 2237 3667 nequitiam.

1969 3689 2028 3743 Si
2080 3688 2204 3759 quis
2256 3703 2428 3758 super
2477 3687 2819 3758 quibuslibet
2869 3687 3204 3743 criminibus
3255 3689 3529 3744 clericum

1897 3782 2240 3855 pulsandum
2270 3781 2588 3848 crediderit,
2618 3780 2678 3836 in
2703 3781 2997 3852 provincia
3034 3783 3092 3836 in
3123 3799 3236 3854 qua
3263 3782 3357 3837 ille
3389 3799 3532 3838 con-

1899 3877 2043 3933 sistit
2067 3877 2343 3949 pulsatur,
2377 3891 2507 3930 suas
2534 3881 2794 3931 exerceat
2822 3876 3101 3944 actiones,
3132 3893 3239 3932 nec
3287 3878 3536 3934 aestimet

1899 3989 2053 4040 eum,
2067 3973 2356 4026 accusator
2372 3986 2528 4039 suus,
2545 3969 2699 4039 alibi,
2719 3973 2819 4025 aut
2841 3970 3070 4043 longius
3089 3972 3535 4043 pertrahendum

1897 4067 1967 4121 ad
1993 4064 2309 4138 judicium;
2339 4064 2436 4118 ille
2466 4080 2600 4118 vero
2625 4065 2725 4136 qui
2751 4065 3009 4136 pulsatus
3033 4065 3225 4134 fuerit,
3247 4066 3294 4120 si
3314 4065 3537 4137 judices

1900 4164 2190 4232 suspectos
2224 4158 2507 4226 habuerit,
2539 4159 2705 4213 liceat
2728 4160 3038 4230 appellare.
3073 4159 3346 4215 Primates
3375 4177 3536 4216 accu-

1899 4258 2087 4309 satum
2112 4252 2474 4309 discutientes
2517 4252 2851 4323 episcopum
2881 4270 3001 4308 non
3031 4257 3162 4308 ante
3195 4255 3534 4310 sententiam

1899 4348 2194 4419 proferant
2223 4344 2609 4400 damnationis
2635 4361 2810 4416 quam
2839 4346 3153 4417 apostolica
3176 4346 3310 4401 freti
3334 4351 3533 4402 aucto-

1899 4441 2085 4509 ritate,
2114 4442 2210 4493 aut
2237 4455 2400 4493 reum
2452 4454 2509 4493 se
2551 4437 2669 4508 ipse
2713 4439 3067 4509 conﬁteatur,
3101 4445 3200 4494 aut
3228 4455 3331 4512 per
3367 4440 3530 4494 inuo-

1899 4537 2086 4588 centes
2107 4535 2164 4587 et
2187 4531 2460 4587 canonice
2487 4530 2837 4586 examinatos
2862 4532 3204 4604 regulariter
3219 4535 3384 4587 testes
3401 4550 3535 4588 con-

168 4627 314 4683 dices
337 4631 628 4700 suspectos
659 4629 937 4698 habuerit,
969 4635 1066 4685 aut
1094 4629 1344 4684 infensos
1375 4630 1617 4685 senserit
1643 4630 1796 4702 apud
1815 4623 1874 4696 D
1896 4628 2170 4682 vincatur.
2197 4625 2423 4680 Irritam
2449 4641 2569 4679 esse
2598 4625 2872 4696 injustam
2919 4626 3320 4697 episcoporum
3373 4626 3527 4681 dam-

170 4721 436 4791 primates
466 4722 792 4792 dimceseos,
827 4729 923 4778 aut
952 4724 1100 4795 apud
1133 4725 1406 4778 Romamn
1435 4725 1584 4778 sedis
1613 4724 1799 4794 ponti-

168 4815 294 4869 tices
316 4815 629 4886 judicetur.

236 4907 462 4963 Nemini
485 4909 554 4964 de
580 4926 640 4964 se
673 4909 932 4966 confesso
963 4911 1115 4966 credi
1164 4915 1355 4984 potest
1385 4928 1556 4982 super
1584 4913 1798 4967 crimen

169 5002 436 5071 alienum,
465 5002 740 5074 quoniam
787 5004 907 5074 ejus
952 5011 1120 5077 atque
1163 5005 1350 5060 omnis
1392 5006 1474 5061 rei
1519 5006 1798 5077 professio

169 5095 487 5167 periculosa
516 5099 620 5165 est,
651 5100 708 5150 et
749 5097 975 5153 admitti
1023 5099 1292 5154 adversus
1325 5100 1639 5172 quemlibet
1685 5118 1799 5156 non

171 5188 352 5244 debet.

236 5283 454 5337 Incerta
477 5297 646 5338 nemo
679 5300 931 5355 unquam
957 5287 1288 5356 pontiﬁcum
1309 5287 1570 5358 judicare
1591 5305 1799 5360 praesu-

169 5380 298 5441 mat,
327 5375 464 5446 quia
491 5376 752 5448 quamvis
777 5394 912 5432 vera
942 5379 1074 5448 sint,
1104 5397 1220 5435 non
1252 5387 1444 5436 tamen
1490 5381 1794 5450 credenda,

168 5468 270 5522 nisi
291 5484 422 5539 quae
450 5469 762 5524 manifestis
790 5470 1013 5526 indiciis
1043 5473 1509 5545 comprobantur,
1538 5475 1644 5529 nisi
1668 5491 1796 5545 quae

169 5562 467 5617 manifesto
487 5562 708 5633 judicio
745 5564 1176 5634 convincuntur,
1204 5567 1315 5622 nisi
1344 5584 1471 5640 quae
1498 5568 1796 5640 judiciario

170 5654 359 5710 ordine
392 5655 775 5726 publicentur.

232 5747 668 5804 Criminationes
713 5751 996 5822 majorum
1036 5756 1177 5808 natu
1221 5769 1324 5825 per
1349 5755 1488 5810 alios
1532 5771 1604 5809 ne
1634 5755 1791 5823 ﬁant,

168 5840 269 5895 nisi
299 5857 402 5912 per
422 5842 575 5913 ipsos
600 5843 698 5915 qui
727 5844 966 5900 crimina
1016 5845 1345 5914 intendunt,
1376 5848 1420 5902 si
1457 5852 1646 5902 tamen
1685 5848 1793 5918 ipsi

168 5934 314 6007 digni
343 5937 400 5991 et
429 5935 953 6008 irreprehensibiles
997 5941 1388 6013 apparuerint,
1418 5944 1477 5998 et
1505 5941 1639 5998 actis
1687 5959 1790 6014 pu-

1899 4724 2208 4788 nationem,
2239 4724 2296 4776 et
2336 4719 2542 4774 idcirco
2570 4736 2603 4773 a
2632 4719 2848 4791 synodo
2894 4720 3331 4790 retractandam,
3361 4720 3444 4775 ita
3467 4727 3533 4776 ut

1901 4815 2184 4888 oppressis
2209 4813 2280 4870 ab
2311 4814 2577 4869 omnibus
2603 4813 2664 4870 in
2691 4813 2905 4870 cunctis
2925 4813 3291 4870 subveniatur
3317 4814 3529 4883 causis;
3555 4863 3560 4869 .

1900 4909 2246 4965 detractores
2277 4909 2378 4981 qui
2404 4907 2599 4964 divina
2629 4908 2968 4964 auctoritate
3013 4907 3345 4963 eradicandi
3382 4915 3534 4979 sunt,

1900 5009 1956 5059 et
1979 5005 2232 5059 fautores
2258 5002 2620 5058 inimicorum
2661 5003 2732 5058 ab
2785 5002 3090 5074 episcopali
3131 5001 3533 5058 submovemus

1897 5099 2271 5154 accusatione.
2306 5097 2581 5153 Similiter
2604 5114 2676 5152 ne
2704 5112 3068 5152 summorum
3105 5096 3392 5169 quispiam
3429 5096 3530 5151 mi-

1897 5209 2107 5247 norum
2132 5191 2586 5248 accusationibus
2612 5191 2940 5261 impetatur,
2973 5195 3072 5246 aut
3101 5191 3408 5262 dispereat,
3437 5207 3534 5246 ne-

1899 5303 2011 5357 que
2028 5287 2087 5340 in
2113 5303 2176 5340 re
2199 5285 2367 5341 dubia
2395 5285 2560 5339 detur
2585 5283 2880 5354 sententia,
2899 5300 3005 5339 nec
3022 5284 3203 5340 ullum
3221 5283 3527 5356 judicium,

1899 5379 2003 5433 nisi
2033 5379 2429 5434 ordinabiliter
2458 5377 2718 5432 habitum
2747 5382 3030 5434 teneatur.

1967 5473 2135 5528 Plura
2160 5472 2232 5526 de
2263 5472 2352 5526 his
2389 5472 2519 5526 ideo
2553 5471 2648 5526 hic
2691 5487 2812 5526 non
2857 5471 3166 5527 inserimus
3189 5487 3261 5526 ne
3291 5487 3530 5526 vacuare

1894 5567 2133 5621 vilemve
2165 5565 2496 5637 praedictam
2525 5564 2711 5621 facere
2748 5566 3029 5637 synodum
3053 5564 3398 5631 videremur,
3431 5568 3530 5618 aut

1894 5659 2186 5715 fastidium
2212 5659 2535 5731 legentibus
2566 5658 3044 5732 audientibusque
3070 5657 3289 5730 prolixa
3314 5655 3529 5711 faceret

1895 5754 2154 5825 epistola.
2188 5753 2243 5808 Si
2268 5753 2394 5825 quis
2421 5756 2617 5808 autem
2647 5753 2717 5809 de
2745 5753 2833 5808 his
2859 5751 3134 5824 ampliora
3155 5754 3325 5820 atque
3351 5747 3530 5803 abun-

1895 5847 2156 5903 dantiora
2187 5846 2329 5902 scire
2355 5849 2618 5915 voluerit,
2645 5847 2706 5902 in
2745 5863 2903 5902 sacro
2940 5847 3144 5899 nostrae
3170 5840 3318 5896 sedis
3346 5841 3524 5898 eccle-

1895 5941 1988 5998 siae
2019 5941 2243 6012 scrinio,
2275 5945 2333 5996 et
2357 5958 2427 5997 ea
2455 5958 2584 6014 qua:
2614 5929 2982 6013 praediximus
3010 5934 3266 5990 invenire
3292 5934 3520 6006 poterit.
