4032 6304
513 373 605 431 631

1409 378 1689 434 APPEND.
1732 378 1818 433 AD
1855 379 2017 434 S/EC.
2061 378 2147 432 IX.
2171 407 2238 417 —
2277 377 2524 434 lSlDOBl
2564 379 2986 436 MERCATORIS

3779 380 3882 435 632

512 486 724 541 Verum
754 500 847 542 me
873 486 1081 541 dixisse
1106 485 1260 541 testis
1283 491 1371 542 est
1398 487 1681 556 divinitas,
1713 487 1785 543 de
1815 488 2139 560 receptione
2161 497 2222 571 Α
2239 494 2345 542 nec
2373 491 2746 544 exerceantur
2770 488 2983 561 absque
3012 486 3401 544 damnatione.
3424 490 3549 544 Non
3568 505 3709 561 ergo
3728 493 3884 545 recte

511 594 647 635 vero
677 579 825 635 sedis
850 583 908 635 et
933 579 1229 635 sacerdotii
1259 583 1433 651 atque
1475 580 1725 650 honoris,
1755 598 1885 653 quae
1928 582 2143 639 dixistis

512 673 881 729 Athanasium
906 674 1117 746 absque
1156 673 1377 728 concilii
1425 674 1652 730 decreto
1696 675 1998 747 suscipere,
2027 694 2141 733 non

514 767 586 822 ita
620 766 942 822 invenimus
972 767 1118 823 sicut
1159 767 1486 823 calumniati
1536 769 1689 839 estis,
1720 770 1819 825 sed
1869 786 2142 843 quorum-

514 860 647 916 dam
702 860 1097 933 episcoporum
1151 863 1384 918 consilio
1433 868 1603 935 atque
1651 863 1880 920 decreto
1929 866 2145 937 recepit

513 971 681 1009 suum
709 956 862 1027 quod
886 956 1098 1027 injuste
1122 956 1457 1029 perdiderat
1480 958 1884 1029 sacerdotium,
1904 977 1970 1015 ac
1996 976 2145 1016 rese-

513 1047 598 1103 dit
625 1047 683 1103 in
708 1049 858 1104 sede.
897 1049 1059 1113 Quod
1089 1050 1244 1105 enim
1278 1050 1599 1122 scripsistis,
1617 1067 1735 1107 non
1764 1069 1897 1107 eum
1923 1070 2089 1125 posse
2110 1071 2143 1108 a

511 1141 776 1213 pauciora
801 1159 1045 1199 numero
1088 1143 1489 1216 episcoporum
1518 1145 1741 1201 restitui
1775 1163 1946 1219 quam
1975 1149 2145 1220 depo-

511 1235 651 1291 situs
676 1236 882 1306 fuerat,
911 1254 1025 1293 non
1052 1237 1132 1293 ita
1158 1242 1261 1308 est,
1293 1225 1549 1295 nechasc
1576 1241 1774 1311 regula
1800 1224 2170 1315 orthodoxo-l

507 1347 639 1384 rum
665 1334 875 1386 sanctae
902 1331 1161 1387 Ecclesiae
1192 1337 1278 1388 est
1314 1333 1728 1406 episc0porum,
1760 1335 1861 1390 sed
1902 1318 2161 1393 Ariano-l

512 1441 643 1479 rum
667 1425 971 1495 sociorum,
999 1426 1263 1483 videlicet
1290 1428 1541 1484 virorum
1567 1429 1691 1484 haec
1721 1430 2047 1486 adinventio
2068 1431 2144 1487 ad

512 1518 897 1589 perditionem
946 1521 1391 1577 orthodoxorum
1442 1522 1839 1596 episcoporum
1886 1529 2146 1580 contexta

512 1615 618 1666 est.
649 1613 789 1668 Nam
813 1619 878 1669 ut
907 1614 1069 1669 nobis
1099 1632 1133 1671 a
1158 1616 1450 1672 veracibus
1478 1621 1563 1671 est
1591 1617 1833 1673 testibus
1876 1619 2141 1686 relatum,

511 1707 742 1776 quando
770 1708 1081 1763 Antiochiae
1108 1726 1213 1781 pro
1242 1703 1611 1767 damnatione
1640 1711 1772 1768 ﬁdei
1801 1711 1871 1767 de
1906 1714 2145 1768 consub-

514 1800 878 1857 stantialitate
905 1803 1132 1874 prolata
1157 1803 1340 1877 fuistis
1370 1805 1701 1877 congregati
1732 1806 1864 1861 odio
1889 1806 2145 1877 praedicti

2244 581 2436 653 egistis
2462 583 2620 654 quod
2648 582 2951 654 praedictos
2980 584 3187 638 fratres
3233 583 3563 638 calumniati
3611 584 3770 653 estis,
3805 584 3887 638 di-

2243 680 2406 732 cente
2448 677 2734 732 Domino:
2766 698 2794 727 ‹‹
2830 678 2953 731 Non
3003 676 3177 732 facies
3224 677 3572 732 calumniam
3615 677 3886 750 proximo

2241 775 2361 837 tuo,
2386 787 2493 825 nec
2519 771 2573 826 vi
2598 770 2888 842 opprimes
2915 786 3047 825 eum
3073 770 3220 841 (Luc.
3248 787 3363 839 XIX,
3389 770 3495 843 13).
3527 790 3554 823 ι)
3586 772 3702 826 Nec
3731 777 3884 827 recte

2243 864 2437 935 egistis
2464 864 2619 936 quod
2646 864 2809 919 nobis
2834 864 3164 920 inconsultis
3196 865 3500 920 concilium
3532 865 3881 933 celebrastis,

2242 975 2451 1031 eosque
2478 957 2550 1013 ad
2578 958 2886 1013 concilium
2919 959 3156 1014 vocastis
3190 963 3248 1014 et
3284 959 3555 1027 damnare
3602 976 3882 1030 praesum-

2243 1052 2431 1123 psistis
2446 1052 2855 1123 canonibus(ut
2875 1052 3232 1123 praemissum
3254 1055 3354 1121 est)
3366 1052 3724 1123 jubentibus,
3738 1052 3887 1107 nihil

2243 1163 2309 1203 ex
2326 1146 2415 1201 his
2442 1146 2657 1217 absque
2687 1146 2861 1217 hujus
2883 1151 3092 1201 sanctae
3117 1146 3265 1201 sedis
3296 1146 3630 1202 auctoritate
3648 1147 3777 1202 ﬁeri
3792 1147 3887 1202 de-

2243 1241 2399 1299 bere.
2431 1240 2550 1294 Non
2579 1244 2731 1294 recte
2759 1240 2956 1310 egistis
2979 1241 3135 1312 quod
3180 1239 3524 1311 regulariter
3553 1257 3588 1294 a
3615 1240 3785 1295 nobis
3812 1242 3884 1296 ad

2243 1333 2548 1389 concilium
2581 1334 2759 1388 vocati
2788 1334 2983 1388 venire
3010 1333 3322 1389 distulistis.
3355 1335 3475 1388 Non
3512 1338 3665 1389 recte
3693 1334 3884 1406 egistis

2242 1427 2394 1500 quod
2429 1432 2624 1482 contra
2644 1416 2759 1481 'eos
2803 1426 3082 1482 rationem
3123 1426 3388 1497 reddere,
3417 1429 3481 1480 ut
3508 1432 3699 1483 vestra
3746 1444 3886 1499 erga

2242 1538 2339 1577 eos
2365 1525 2461 1576 aut
2486 1520 2826 1591 probaretur
2849 1525 3004 1576 recta
3028 1520 3326 1590 sententia,
3346 1523 3444 1575 aut
3459 1520 3885 1593 improbaretur

2245 1632 2363 1670 non
2386 1614 2637 1681 venistis,
2671 1630 2775 1668 nec
2799 1614 3133 1669 rationalem
3179 1613 3492 1670 mandastis
3532 1630 3787 1683 causam,
3822 1620 3882 1671 ut

2243 1707 2399 1780 quod
2426 1709 2547 1763 hac
2577 1707 2864 1762 renuistis.

2318 1802 2409 1856 His
2438 1818 2578 1873 ergo
2617 1801 2882 1857 omnibus
2928 1801 3245 1873 perpensis,
3272 1802 3641 1857 manifestum
3670 1806 3757 1859 est
3785 1820 3883 1858 vos

516 1894 804 1950 Athanasii
820 1869 970 1952 hanc
994 1899 1253 1969 regulam
1271 1869 1742 1971 protulistiquuaa
1766 1869 1951 1956 nullas
1972 1901 2146 1957 habet
2165 1869 2222 1942 Β
2247 1912 2373 1951 reos
2423 1869 2680 1965 existere,
2713 1899 2771 1950 et
2814 1869 2947 1950 illos
2980 1869 3313 1951 innocentes
3351 1912 3673 1964 remanere,
3700 1901 3759 1953 et
3781 1914 3883 1952 vos

513 1988 681 2056 vires,
714 2005 817 2044 nec
860 1990 1074 2047 habere
1123 1993 1352 2063 poterit,
1383 1993 1657 2065 quoniam
1699 2010 1807 2049 nec
1849 1995 1920 2049 ab
1955 1996 2146 2050 ortho-

513 2082 672 2137 doxis
710 2083 984 2155 episcopis
1026 2085 1134 2141 hoc
1178 2087 1479 2142 concilium
1527 2092 1718 2143 actum
1760 2091 1864 2157 est,
1890 2106 1997 2144 nec
2044 2091 2147 2145 Ro-

512 2192 706 2231 manae
744 2178 1012 2233 Ecclesiae
1052 2180 1261 2251 legatio
1300 2181 1562 2237 interfuit
1601 2182 1916 2237 canonibus
1949 2183 2146 2255 praeci-

510 2271 802 2341 pientibus
825 2273 947 2328 sine
971 2273 1093 2344 ejus
1117 2274 1451 2329 auctoritate
1490 2275 1729 2330 concilia
1753 2274 1874 2331 fieri
1911 2271 2142 2348 debere,

513 2380 620 2419 nec
661 2365 842 2421 ullum
881 2370 1071 2422 ratum
1115 2373 1217 2438 est,
1249 2374 1348 2423 aut
1394 2370 1501 2425 erit
1540 2386 1795 2441 unquam
1840 2371 2144 2427 concilium

512 2459 669 2530 quod
698 2475 815 2515 non
846 2461 1053 2516 fultum
1081 2461 1252 2517 fuerit
1281 2463 1403 2534 ejus
1430 2463 1783 2519 auctoritate.
1800 2450 1827 2539 Ι

579 2552 762 2624 Igitur
787 2554 857 2610 de
882 2555 1019 2626 fuga
1047 2572 1220 2628 super
1243 2573 1354 2628 qua
1377 2557 1756 2613 Athanasium
1784 2559 2147 2630 reprehendi-

510 2646 583 2700 tis
610 2663 727 2702 non
757 2648 905 2703 bene
946 2650 1135 2721 agitis,
1168 2668 1298 2705 cum
1331 2649 1455 2723 ipse
1497 2651 1768 2707 Dominus
1812 2654 2145 2708 mandatum

510 2741 619 2795 hoc
655 2740 822 2797 nobis
865 2743 1024 2799 dedit
1057 2761 1071 2800 :
1100 2766 1127 2795 «
1157 2746 1301 2801 Cum
1353 2747 1633 2816 persecuti
1683 2763 1782 2802 vos
1828 2746 2044 2802 fuerint
2086 2747 2144 2801 in
2168 2752 2183 2769 ‘

510 2851 628 2889 una
688 2834 928 2905 civitate,
974 2836 1155 2907 fugite
1208 2838 1268 2892 in
1320 2839 1489 2894 aliam
1533 2838 1747 2911 (Matth.
1778 2857 1833 2907 x,
1872 2839 1981 2910 23),
2017 2859 2045 2891 »
2092 2846 2148 2896 et

512 2927 633 2999 ipse
661 2928 937 2985 Dominus
962 2947 1064 3002 per
1089 2932 1464 3003 semetipsum
1494 2935 1820 3005 exemplum
1858 2933 2023 2989 nobis
2047 2934 2143 2989 de-

511 3026 861 3090 monstrans,
881 3045 907 3074 «
926 3025 1155 3096 quando
1173 3025 1443 3080 Phariszei
1460 3027 1764 3082 consilium
1784 3028 2041 3083 fecerunt
2052 3028 2148 3083 ad-

509 3131 706 3169 versus
732 3132 886 3184 eum,
919 3121 981 3172 ut
1008 3134 1140 3173 eum
1167 3119 1504 3175 occiderent.
1539 3120 1728 3176 Sciens
1767 3123 1960 3176 autem
1988 3123 2148 3177 Jesus

511 3208 772 3264 discessit
799 3210 932 3265 inde
963 3210 1178 3283 (Matth.
1208 3228 1305 3281 xu,
1342 3216 1428 3281 14,
1460 3218 1579 3285 15);
1612 3237 1639 3264 ››
1670 3218 1727 3270 et
1769 3215 1901 3269 alibi
1934 3232 1948 3270 :
1983 3238 2009 3265 ‹‹
2036 3217 2143 3270 Τιι-
2167 3239 2222 3315 C

510 3302 704 3358 lerunt
723 3303 939 3375 lapides
962 3306 1145 3360 Judaei
1163 3311 1230 3361 ut
1241 3307 1501 3377 jacerent
1516 3308 1573 3362 in
1596 3325 1753 3363 eum.
1770 3310 1929 3364 Jesus
1951 3313 2146 3365 autem

508 3397 807 3453 abscondit
849 3416 929 3467 se,
963 3405 1019 3455 et
1058 3400 1236 3455 exivit
1263 3401 1334 3455 de
1367 3402 1581 3473 templo
1614 3403 1786 3471 (Joan.
1824 3420 1943 3470 vm,
1975 3405 2083 3473 59),
2117 3424 2144 3452 »

508 3493 566 3545 et
589 3492 913 3548 «transiens
935 3510 1038 3565 per
1057 3494 1314 3550 medium
1330 3512 1553 3563 eorum,
1569 3496 1709 3551 abiit
1725 3497 1871 3568 (Luc.
1892 3515 1966 3567 Iv,
1985 3499 2093 3569 30),
2116 3519 2143 3547 »

509 3589 566 3640 et
590 3585 670 3640 ita
699 3586 972 3656 discessit,
1006 3605 1140 3643 nam
1170 3592 1227 3644 et
1252 3589 1513 3661 discipuli
1546 3594 1784 3662 propter
1809 3596 2029 3648 metum
2055 3594 2148 3648 Ju-

507 3678 770 3735 daeorum
796 3686 1173 3748 recesserunt,
1192 3684 1441 3738 celantes
1468 3684 1830 3755 semetipsos,
1858 3690 1914 3741 et
1941 3687 2146 3742 Paulus

508 3772 568 3827 in
600 3774 876 3829 Damasco
905 3792 939 3830 a
969 3776 1224 3848 principe
1257 3777 1443 3847 gentis
1468 3778 1764 3848 quaesitus,
1795 3778 1866 3833 de
1894 3796 2061 3834 muro
2088 3780 2147 3836 in

505 3870 697 3936 sporta
726 3867 1020 3939 depositus
1046 3872 1149 3936 est,
1181 3873 1239 3925 et
1268 3886 1473 3924 manus
1501 3870 1811 3941 quaerentis
1847 3872 2067 3944 effugit,
2092 3877 2146 3928 et

506 3959 604 4014 alii
635 3976 811 4031 quam
857 3961 1086 4032 plurimi
1114 3966 1170 4017 et
1206 3962 1658 4019 innumerabiles
1704 3966 1901 4032 sancti,
1933 3969 2054 4021 tam
2085 3967 2144 4021 in

508 4053 695 4108 Veteri
722 4054 1084 4109 Testamento
1113 4057 1286 4127 quam
1318 4056 1378 4111 in
1409 4058 1561 4112 Novo
1604 4058 1818 4129 fugisse
1849 4058 2143 4130 leguntur.

512 4146 568 4202 Si
595 4162 732 4218 ergo
763 4148 960 4220 fugam
986 4148 1387 4221 improperatis
1431 4151 1800 4222 fugientibus,
1831 4152 2145 4209 erubescite

475 4290 484 4303 ,
508 4240 701 4312 potius
728 4242 1015 4314 persequi,
1047 4246 1104 4297 et
1132 4243 1401 4316 quiescite
1428 4244 1703 4313 insidiari,
1736 4246 2146 4319 quiescentque

504 4334 774 4390 continuo
806 4335 1106 4408 fugientes.
1154 4337 1295 4393 Nam
1343 4339 1459 4396 sive
1511 4340 1805 4412 perimatis
1843 4357 1959 4408 eos,
1988 4358 2146 4396 mors

506 4445 734 4501 semper
759 4434 956 4485 contre
990 4447 1087 4485 vos
1115 4432 1409 4500 exclamat,
1443 4432 1557 4488 sive
1601 4451 1797 4489 rursus
1834 4435 2028 4490 exsilia
2058 4453 2147 4513 su-

507 4522 854 4594 perponatis,
886 4524 1096 4596 ubique
1124 4524 1184 4580 in
1208 4541 1308 4581 vos
1335 4526 1470 4582 mali
1498 4526 1833 4583 memoriam
1858 4529 2143 4584 destinare

2244 1994 2395 2045 recte
2423 1988 2962 2056 excommunicatos,
2988 1989 3226 2060 illosque
3240 1989 3392 2060 juste
3416 1989 3666 2045 liberari.
3688 1989 3886 2045 Noluit

2245 2082 2437 2155 itaque
2472 2082 2748 2138 Dominus
2778 2087 2894 2138 tam
2921 2082 3122 2138 leviter
3159 2100 3287 2138 suos
3316 2083 3541 2139 tractari
3584 2083 3885 2139 ministros

2245 2177 2390 2232 sicut
2416 2176 2616 2243 facitis,
2645 2178 2743 2231 aut
2769 2193 2804 2231 a
2829 2176 2987 2231 vobis
3014 2177 3296 2246 damnari,
3324 2177 3426 2232 sed
3459 2177 3625 2247 (sicut
3649 2194 3881 2233 memo-

2246 2276 2433 2325 ratum
2457 2271 2557 2340 est)
2585 2274 2683 2325 aut
2722 2270 2793 2325 ab
2819 2270 2922 2325 hac
2963 2270 3096 2326 sede
3132 2271 3223 2325 cui
3266 2270 3554 2326 commissi
3598 2275 3751 2339 sunt,
3782 2275 3884 2326 aut

2246 2382 2348 2419 suo
2374 2363 2652 2419 reservari
2671 2363 2920 2435 judicio;
2950 2364 3029 2419 ait
3053 2363 3207 2419 enim
3236 2381 3249 2418 :
3281 2387 3307 2414 α
3335 2364 3444 2429 Qui
3461 2382 3562 2420 vos
3587 2365 3884 2420 contrista-

2247 2458 2350 2528 bit,
2398 2474 2491 2513 me
2540 2456 2930 2527 contristabit;
2990 2459 3088 2529 qui
3144 2458 3343 2513 fecerit
3384 2458 3654 2529 injuriam
3696 2458 3881 2526 vobis,

2246 2551 2490 2624 recipiet
2516 2551 2577 2606 id
2605 2551 2759 2623 quod
2795 2550 2991 2622 inique
3037 2552 3211 2622 gessit
3240 2553 3459 2623 (Coloss.
3499 2568 3582 2622 iu,
3612 2554 3719 2623 l5).
3747 2573 3777 2602 »
3816 2554 3881 2607 Et

2245 2648 2464 2718 qnanta
2491 2661 2662 2717 pcena
2688 2648 2971 2717 exspectet
2995 2662 3089 2701 eos
3115 2646 3214 2717 qui
3243 2645 3467 2701 Domini
3499 2646 3886 2701 scandalizant

2245 2738 2573 2811 discipulos;
2606 2739 2976 2811 Evangelium
3001 2739 3353 2795 sufﬁcienter
3391 2738 3639 2812 exponit,
3669 2740 3764 2794 ubi
3809 2741 3881 2795 de

2245 2832 2757 2889 scandalizantibus
2807 2833 3114 2905 discipulos
3168 2834 3444 2906 loquitur.
3488 2835 3633 2889 Nam
3662 2834 3822 2906 quod
3850 2853 3883 2889 a

2247 2927 2401 2983 vobis
2443 2944 2559 2983 non
2607 2926 2720 2983 sint
2761 2927 3099 2994 damnandi,
3143 2927 3239 2982 sed
3285 2933 3386 2983 aut
3421 2927 3491 2982 ab
3533 2928 3642 2983 hac
3683 2934 3884 2984 sancta

2248 3022 2331 3091 (ut
2384 3021 2687 3093 praefatum
2737 3023 2839 3092 est)
2875 3022 3028 3089 sede,
3073 3026 3172 3076 aut
3214 3020 3323 3076 sibi
3376 3022 3721 3089 reservandi,
3758 3022 3883 3094 ipse

2247 3115 2545 3171 manifeste
2573 3114 2671 3170 dat
2694 3115 3023 3188 exemplum
3053 3114 3277 3187 quando
3301 3118 3598 3187 peccantes
3628 3116 3885 3172 sacerdo-

2247 3213 2354 3277 tes,
2380 3224 2625 3281 quorum
2650 3209 2839 3265 locum
2880 3209 3049 3264 modo
3079 3209 3140 3263 in
3181 3214 3376 3266 sancta
3401 3209 3647 3265 Ecclesia
3681 3212 3885 3266 tenent

2249 3302 2515 3375 episcopi,
2545 3320 2660 3358 non
2702 3321 2810 3375 per
2837 3303 3035 3371 alium,
3065 3302 3163 3358 sed
3208 3320 3314 3373 per
3341 3304 3707 3376 semetipsum
3748 3320 3885 3360 ven-

2249 3397 2449 3452 dentes
2473 3400 2530 3451 et
2552 3401 2812 3453 ementes
2839 3396 3008 3468 ejecit
3034 3396 3106 3452 de
3126 3397 3361 3468 templo,
3384 3401 3441 3452 et
3462 3414 3691 3453 mensas
3716 3415 3885 3454 num-

2248 3490 2625 3551 mulariorum
2669 3490 2902 3562 proprio
2947 3489 3156 3545 evertit
3200 3489 3449 3561 ﬂagello,
3501 3497 3557 3547 et
3597 3492 3766 3563 ejecit
3812 3494 3883 3548 de

2246 3585 2482 3656 templo.
2510 3585 2577 3639 Et
2601 3584 2721 3655 ipse
2755 3583 2887 3638 alibi
2925 3582 3006 3638 ait
3034 3600 3047 3638 :
3082 3602 3109 3635 (ί
3139 3584 3285 3638 Deus
3310 3585 3465 3641 stetit
3492 3585 3552 3640 in
3582 3603 3883 3659 synagoga

2246 3678 2505 3745 deorum,
2527 3677 2586 3732 in
2616 3677 2806 3733 medio
2835 3682 3030 3733 autem
3057 3678 3192 3733 deos
3217 3678 3473 3735 decernit
3502 3679 3665 3749 (Psal.
3689 3698 3879 3751 Lxxxi,

2248 3775 2319 3840 1),
2345 3793 2372 3821 ››
2404 3774 2460 3827 et
2489 3771 2711 3843 reliqua
2740 3771 2875 3826 talia
2900 3775 2957 3827 et
2984 3772 3074 3826 his
3104 3771 3338 3843 similia;
3364 3773 3569 3828 etalibi
3588 3774 3741 3829 idem
3759 3775 3883 3847 ipse

2245 3864 2371 3919 ait:
2410 3886 2437 3913 «
2477 3865 2661 3919 Nolite
2706 3864 2983 3935 judicare,
3013 3871 3076 3921 ut
3125 3882 3240 3920 non
3279 3866 3650 3937 judicemini;
3702 3868 3882 3925 nolite

2246 3958 2644 4025 condemnare,
2673 3961 2878 4013 utnon
2929 3960 3399 4016 condemnemini
3430 3964 3571 4028 (Luc.
3602 3976 3677 4030 η,
3707 3964 3816 4032 37),
3851 3986 3878 4013 n

2244 4052 2304 4107 in
2318 4068 2432 4123 quo
2457 4052 2613 4107 enim
2627 4052 2847 4123 judicio
2866 4053 3182 4124 judicaveri
3191 4053 3278 4120 tis,
3290 4054 3719 4125 judicabimini;
3743 4073 3884 4128 qua-

2244 4149 2479 4217 propter
2517 4162 2631 4201 non
2677 4151 2795 4202 tam
2837 4151 3053 4202 temere
3095 4147 3177 4218 (ut
3220 4164 3319 4202 vos
3362 4147 3560 4219 facitis)
3598 4149 3881 4222 quispiam

2245 4255 2406 4295 suam
2417 4245 2729 4312 praesumat
2742 4256 3004 4296 evomere
3018 4240 3506 4314 iniquitatemﬁed
3519 4242 3883 4314 judicantem

2245 4337 2449 4389 cuncta
2467 4338 2692 4406 oportet
2710 4335 2929 4403 rimari,
2944 4340 3001 4391 et
3020 4335 3281 4391 ordinem
3302 4335 3495 4391 rerum
3513 4338 3685 4408 plena
3696 4337 3885 4411 inqui-

2246 4428 2450 4483 sitione
2479 4427 2778 4498 discutere,
2796 4445 2901 4484 nec
2929 4430 3000 4484 de
3026 4429 3139 4484 illis
3158 4446 3285 4502 quae
3316 4430 3367 4485 ei
3398 4431 3731 4486 inconcessa
3748 4437 3883 4488 sunt

2245 4523 2360 4576 ullo
2379 4521 2549 4576 modo
2568 4522 2853 4593 judicium
2879 4540 3246 4594 praesumere,
3264 4524 3656 4595 interrogandi
3678 4543 3743 4581 ac
3757 4545 3885 4599 pro-

504 4616 822 4686 noscimini,
856 4621 914 4673 et
950 4618 1036 4673 illi
1078 4619 1346 4690 patiendo
1381 4620 1486 4676 sibi
1517 4621 1842 4692 proﬁciunt.
1882 4622 2046 4678 Unde
2092 4614 2225 4687 etD
2248 4614 2501 4687 ponendi
2530 4615 2952 4687 adjiciendique
2986 4617 3266 4688 patientia
3296 4618 3581 4689 prohibita
3605 4618 3678 4673 ab
3702 4626 3795 4690 eo,
3819 4628 3885 4677 ut

509 4709 778 4765 Dominus
801 4710 883 4765 ait
916 4728 929 4766 :
963 4733 992 4760 «
1018 4711 1198 4767 Nolite
1227 4713 1430 4769 timere
1470 4730 1567 4769 eos
1605 4714 1705 4785 qui
1740 4714 2004 4770 occidunt
2028 4732 2147 4770 cor-

509 4819 634 4873 pus,
652 4804 902 4859 animam
924 4808 1119 4860 autem
1149 4823 1263 4860 non
1290 4812 1528 4877 possunt
1552 4806 1826 4875 occidere,
1848 4808 1947 4862 sed
1962 4808 2149 4879 potius

510 4912 644 4951 eum
673 4897 875 4953 timete
904 4898 1002 4969 qui
1029 4902 1212 4970 potest
1237 4899 1490 4954 animam
1519 4904 1576 4954 et
1601 4916 1807 4971 corpus
1831 4901 2069 4972 perdere
2088 4902 2148 4956 in

512 4988 837 5058 gehennam
862 4991 1075 5058 (Matth.
1112 5008 1165 5061 x,
1188 4994 1351 5063 28).»
1379 4992 1580 5048 Multos
1602 4992 1758 5047 enim
1777 4994 2150 5065 cognovimus

511 5081 775 5150 pessimis
822 5085 1343 5141 machinationibus
1400 5086 1609 5157 injuste
1659 5086 1964 5158 depositos.
2021 5088 2149 5143 Ideo

512 5188 872 5246 summopere
915 5193 1009 5233 me
1035 5178 1125 5233 cui
1152 5180 1274 5235 vice
1300 5180 1686 5252 apostolorum
1716 5179 1990 5252 principis
2018 5182 2145 5235 uni-

509 5266 740 5321 versalis
783 5268 1040 5325 Ecclesiae
1083 5288 1221 5328 cura
1265 5274 1570 5329 commissa
1601 5277 1702 5340 est,
1734 5273 2149 5345 providendum

511 5362 617 5427 est,
645 5360 950 5418 auxiliante
999 5363 1120 5436 ipso
1165 5383 1389 5423 summo
1433 5369 1723 5439 Apostolo,
1769 5384 1841 5422 ne
1884 5366 2149 5438 deinceps

510 5452 651 5508 talia
680 5454 839 5523 ﬁant,
868 5458 1143 5528 quoniam
1171 5458 1300 5515 ideo
1347 5460 1468 5515 haec
1505 5466 1711 5517 sanctae
1755 5460 1871 5516 sedi
1911 5461 2150 5533 praefata

511 5545 818 5621 privilegia
849 5551 1172 5621 specialiter
1196 5555 1330 5606 sunt
1358 5568 1643 5622 concessa,
1670 5559 1792 5611 tam
1819 5554 1889 5609 de
1919 5570 2151 5625 congre-

513 5641 720 5712 gandis
758 5643 1031 5713 conciliis,
1058 5649 1116 5699 et
1151 5644 1385 5716 judiciis
1426 5662 1494 5701 ac
1538 5646 1993 5703 restitutionibus
2034 5650 2151 5721 epi-

508 5750 811 5805 scoporum
823 5752 1000 5807 quam
1011 5739 1071 5791 et
1081 5736 1151 5792 de
1162 5737 1429 5808 negotiis,
1444 5744 1508 5794 ut
1517 5739 1586 5795 ab
1600 5757 1666 5796 ea
1677 5757 1880 5797 omnes
1895 5742 2149 5814 Oppressi

517 5826 815 5898 auxilium,
845 5831 905 5882 et
929 5828 1139 5898 injuste
1169 5829 1421 5885 damnati
1446 5833 1866 5889 restitutionem
1895 5839 2146 5905 sumant,

523 5919 580 5973 et
593 5917 726 5974 talia
747 5918 819 5974 ab
842 5919 1115 5989 improbis
1142 5938 1213 5977 ne
1242 5927 1659 5995 praesumantur
1685 5926 1896 5997 absque
1914 5927 2148 5995 ultione,

2249 4708 2327 4764 ibi
2355 4709 2503 4764 actio
2530 4709 2783 4781 partium
2812 4710 3055 4765 limitata
3080 4711 3153 4765 sit
3177 4711 3441 4782 pleniter.
3473 4713 3600 4767 Haec
3624 4714 3787 4785 prius
3810 4715 3881 4771 li-

2248 4803 2565 4875 tigantibus
2606 4819 2711 4858 sua
2734 4803 2870 4858 velit
2906 4804 3187 4859 sententia
3231 4804 3475 4872 obviare,
3504 4806 3613 4861 nisi
3650 4809 3884 4880 quando

2249 4896 2327 4952 ibi
2352 4897 2593 4969 peractis
2625 4896 2892 4952 omnibus
2909 4897 3032 4968 jam
3057 4897 3199 4952 nihil
3229 4898 3473 4970 amplius
3499 4899 3881 4959 habuerintin

2250 4990 2563 5061 quaestione
2589 4991 2744 5063 quod
2770 4996 3114 5062 proponant,
3142 5007 3248 5046 nec
3275 4997 3500 5063 oportet
3526 5009 3882 5068 quemquam

2243 5084 2485 5155 judicari
2527 5087 2627 5138 aut
2682 5084 2945 5140 damnari
2993 5087 3307 5157 antequam
3356 5102 3490 5141 suos
3531 5094 3884 5146 accusatores

2249 5180 2563 5250 praesentes
2614 5179 2845 5246 habeat,
2896 5178 3199 5250 locumque
3244 5180 3587 5235 defendendi
3644 5184 3885 5255 accipiat

2250 5272 2559 5344 spatiosum
2581 5271 2655 5326 ad
2671 5272 2953 5328 abluenda
2969 5272 3233 5329 crimina.
3251 5273 3521 5329 Similiter
3540 5274 3601 5329 in
3621 5275 3751 5346 jam
3768 5277 3885 5332 fata

2250 5366 2463 5438 synodo
2509 5368 2787 5421 statutum
2834 5370 2936 5433 est,
2971 5370 3033 5421 ut
3074 5366 3222 5422 ultra
3254 5367 3561 5438 provincite
3604 5370 3884 5426 terminos

2250 5460 2550 5515 accusandi
2580 5459 2868 5515 licentiam
2904 5475 3020 5515 non
3043 5460 3470 5531 progrediatur,
3493 5461 3604 5515 nisi
3632 5462 3707 5516 ad
3737 5463 3884 5520 hanc

2251 5554 2617 5624 apostolicam
2642 5552 2840 5608 sedem
2862 5557 3253 5624 provocatum,
3270 5553 3342 5608 ad
3363 5569 3541 5625 quam
3565 5570 3766 5611 omnes
3785 5559 3882 5628 qui

2249 5647 2530 5701 voluerint
2544 5646 2721 5701 libere
2736 5650 2793 5702 et
2812 5646 3024 5718 absque
3037 5646 3151 5701 ullo
3166 5645 3586 5718 impedimento
3604 5664 3638 5701 a
3659 5649 3887 5720 quibus-

2250 5740 2381 5795 dam
2403 5740 2626 5810 agendo
2652 5739 2939 5795 confluere
2962 5739 3193 5796 debent.
3224 5740 3499 5796 Similiter
3515 5740 3575 5796 in
3595 5742 3720 5812 jam
3741 5759 3887 5813 pra;-

2249 5833 2359 5888 fixa
2384 5833 2596 5903 synodo
2630 5836 2715 5888 est
2740 5833 3057 5899 decretum,
3089 5850 3159 5888 ne
3183 5833 3448 5905 suspecti,
3480 5839 3580 5889 aut
3617 5834 3880 5905 infames,

2255 5931 2356 5983 aut
2404 5924 2713 5996 criminosi,
2755 5931 2852 5982 aut
2895 5926 3140 5998 gravosi,
3169 5926 3257 5983 vel
3300 5926 3765 5996 calumniatores,
3794 5930 3882 5987 vel
