4032 6296
137 310 237 365 633

1376 301 1846 360 DECRETALIUM
1885 287 2272 358 COLLECTlO.

3404 305 3506 362 634

133 417 351 482 attines,
387 420 489 470 aut
509 415 783 484 scelerati,
815 419 912 469 aut
939 414 1105 469 facile
1138 414 1428 486 litigantes
1458 412 1770 484 suscipian-
1795 425 1858 498 Α
1877 433 1903 459 ‹‹
1936 413 2058 466 Non
2087 428 2199 482 quo
2221 412 2392 466 modo
2421 412 2574 466 videt
2605 409 2776 466 homo
2805 411 2957 466 videt
2979 401 3147 481 Deus,
3179 413 3314 484 quia
3335 414 3504 470 homo

138 514 229 562 tur
255 513 630 575 accusatores,
679 509 779 562 sed
821 509 960 563 tales
997 509 1095 579 qui
1124 508 1279 562 omni
1309 511 1541 562 careant
1585 506 1772 577 suspi-

137 603 336 667 cione;
385 603 520 674 quia
565 603 859 657 columnas
903 619 1032 656 suas
1075 602 1351 656 Dominus
1379 600 1593 655 {imiter
1623 603 1773 654 stare

137 697 334 762 voluit,
380 712 482 750 nec
516 713 548 750 a
602 695 944 766 quibusdam
991 696 1219 767 agitari.
1267 695 1537 750 Similiter
1581 694 1776 748 statuit

137 791 378 861 praefata
397 789 665 860 synodus,
693 793 752 843 ut
777 790 998 844 nullum
1020 789 1305 844 sententia
1320 806 1435 843 non
1453 806 1486 843 a
1501 805 1601 842 suo
1624 787 1776 858 judi-

137 900 198 938 ce
217 883 374 937 dicta
399 885 768 954 constringat,
790 884 1013 954 judices
1051 889 1241 938 autem
1271 883 1365 937 alii
1396 899 1516 938 esse
1543 898 1659 936 non
1685 882 1776 936 de-

137 978 464 1048 bentquam
486 976 759 1048 quosipse
786 977 885 1048 qui
901 977 1212 1050 impeditur
1231 976 1487 1048 elegerit,
1518 981 1616 1031 aut
1635 992 1776 1048 quos

139 1088 239 1125 suo
261 1088 396 1126 cum
417 1070 830 1141 consensuhzec
846 1075 1036 1126 sancta
1051 1071 1232 1139 sedes,
1254 1077 1353 1126 aut
1368 1071 1415 1142 ej
1427 1088 1488 1124 us
1503 1070 1777 1142 primates

139 1165 475 1219 auctoritate
508 1165 679 1234 hujus
705 1168 912 1219 sanctas
938 1164 1088 1218 sedis
1120 1164 1507 1236 delegaverint
1534 1182 1549 1231 ;
1591 1180 1660 1218 ex
1689 1165 1776 1216 his

141 1258 295 1312 enim
324 1262 381 1311 et
405 1258 529 1312 aliis
551 1275 677 1330 qua:
705 1262 823 1313 tam
853 1260 913 1313 in
945 1260 1050 1313 hac
1079 1264 1270 1314 sancta
1283 1259 1416 1314 sede
1435 1274 1607 1329 quam
1624 1260 1681 1311 et
1705 1257 1775 1310 ab

139 1352 406 1422 apostolis
483 1369 800 1424 eorumque
865 1353 1284 1407 successoribus
1342 1357 1474 1406 sunt
1540 1354 1772 1420 statuta,

141 1445 283 1499 nihil
309 1446 566 1516 przefatis
583 1445 860 1516 episcopis
882 1447 1252 1513 concessistis,
1283 1446 1383 1500 sed
1402 1446 1518 1499 vim
1541 1445 1620 1499 eis
1638 1445 1777 1499 infe-

139 1545 348 1605 rentes,
379 1539 700 1612 injusteque
731 1541 812 1610 (ut
838 1540 1094 1611 superius
1118 1543 1637 1594 commemoratum
1670 1539 1773 1608 est)

140 1650 230 1686 eos
286 1634 631 1688 damnantes
671 1634 890 1706 aliquos
946 1634 1202 1688 absentes
1245 1633 1568 1704 expulistis,
1623 1631 1775 1704 quod

139 1727 296 1781 omni
320 1728 654 1783 Christiana:
679 1728 946 1799 religioni
993 1732 1078 1782 est
1109 1727 1426 1793 inimicum,
1474 1727 1531 1781 in
1570 1727 1775 1797 quibus

1875 506 2025 560 videt
2059 507 2115 559 in
2154 506 2316 575 facie,
2359 507 2503 561 Deus
2539 509 2733 560 autem
2786 506 2845 559 in
2871 506 3044 561 corde
3073 506 3240 561 videt.
3274 528 3301 554 »
3345 509 3410 562 Et
3448 509 3507 562 in

1878 599 2345 671 Paralipomenon
2379 616 2391 652 :
2461 621 2488 648 ‹‹
2530 599 2734 654 Omnia
2761 599 2928 654 corda
2955 603 3237 655 scrutatur
3262 601 3425 670 Deus,
3454 607 3509 655 et

1875 709 2104 746 omnem
2140 692 2538 762 cogitationem
2578 693 2734 747 novit
2775 694 2821 761 (Ι
2853 695 2979 747 Par.
3028 710 3214 761 xxvnl,
3250 697 3319 764 9).
3354 714 3381 746 »
3441 696 3510 749 Et

1875 786 2007 840 alibi
2036 787 2308 857 scriptum
2339 792 2423 840 est
2453 771 2524 840 ι’»
2564 788 2683 841 Non
2727 790 2911 858 potest
2949 788 3202 842 humano
3237 788 3503 842 condem-

1879 881 2001 934 nari
2031 880 2292 935 examine
2331 897 2503 952 quem
2532 881 2676 935 Deus
2723 897 2822 934 suo
2866 881 3172 936 reservavit
3199 881 3444 952 judicio;
3479 905 3506 934 »

1878 974 1999 1028 haec
2029 974 2220 1028 omnia
2249 990 2613 1045 summopere
2641 974 3018 1044 prwcavenda
3038 980 3189 1042 sunt,
3222 991 3326 1031 nec
3342 993 3504 1030 accu-

1877 1068 2015 1122 satio
2034 1069 2428 1138 cpiscoporum
2450 1067 2614 1122 facile
2630 1071 2715 1121 est
2736 1068 3078 1138 recipienda,
3093 1069 3314 1124 dicente
3327 1070 3507 1124 Domi-

1877 1177 1986 1216 no:
2023 1182 2049 1213 «
2083 1163 2205 1215 Non
2239 1162 2508 1234 suscipias
2535 1179 2730 1216 vocem
2748 1162 3044 1227 mendacii;
3076 1181 3102 1214 »
3135 1167 3192 1217 et
3207 1165 3507 1234 Apostolus

1877 1255 2061 1327 inquit
2087 1257 2358 1310 adversus
2378 1256 2778 1326 presbyterum
2798 1255 3231 1326 inscriptionem
3253 1275 3364 1312 non
3385 1275 3504 1312 sus-

1877 1351 2198 1422 cipiendam
2236 1351 2449 1422 absque
2497 1350 2716 1405 duobus
2751 1351 2834 1404 vel
2879 1349 3055 1404 tribus
3097 1350 3317 1406 idoneis
3345 1354 3504 1407 testis

1877 1444 2002 1498 bus.
2033 1445 2087 1500 Si
2118 1445 2240 1499 haec
2270 1445 2340 1498 dc
2366 1444 2710 1515 presbyteris
2736 1444 2823 1498 vel
2855 1443 3073 1498 cazteris
3098 1444 3356 1500 fidelibus
3377 1451 3509 1500 sunt

1875 1539 2262 1610 praecavenda,
2293 1543 2505 1609 quanto
2533 1538 2716 1608 magis
2744 1538 2814 1591 de
2851 1538 3148 1608 episcopis.
3175 1538 3384 1602 Quibus
3409 1557 3504 1594 co-

1879 1633 2052 1704 gnitis
2073 1633 2258 1703 magis
2272 1649 2367 1686 vos
2385 1631 2664 1686 dominari
2682 1633 2822 1686 velle
2838 1632 3200 1686 manifestum
3218 1638 3320 1702 est,
3336 1649 3507 1704 quam

1877 1727 2170 1780 consulere
2212 1727 2503 1793 fratribus,
2547 1729 2649 1780 aut
2685 1728 3002 1780 sustentare
3023 1742 3136 1795 eos,
3169 1727 3302 1798 quia
3328 1727 3511 1782 honor

142 1825 383 1892 apparet
438 1822 592 1892 quod
645 1839 750 1876 nec
778 1821 1016 1877 Domino
1051 1838 1153 1875 sua
1183 1821 1461 1876 servantis
1491 1821 1643 1891 jura,
1674 1836 1776 1874 nec
1796 1800 1852 1872 B
1877 1821 2036 1874 inﬂat
2065 1821 2136 1874 ad
2164 1819 2511 1890 superbiam,
2566 1823 2623 1874 et
2649 1820 2799 1889 quod
2830 1819 3132 1890 praevisum
3160 1823 3245 1875 est
3273 1821 3347 1875 ad
3377 1839 3511 1876 con-

139 1915 272 1969 huic
314 1920 528 1970 sanctaz
575 1916 744 1969 matri
789 1921 846 1970 et
874 1915 1195 1987 apostolicae
1225 1915 1510 1981 Ecclesia},
1539 1931 1668 1984 quas
1695 1914 1779 1985 (ut

139 2009 545 2080 praescriptum
570 2009 670 2068 est)
699 2026 796 2064 eos
825 2027 923 2063 suo
946 2009 1182 2079 judicio,
1230 2013 1329 2063 aut
1366 2009 1497 2062 huic
1526 2007 1644 2062 sedi
1677 2025 1775 2061 vo-

140 2102 243 2156 luit
274 2103 570 2170 reservari,
601 2119 672 2157 ne
706 2120 739 2156 a
778 2107 893 2157 tam
921 2103 1126 2174 pravis,
1169 2103 1314 2157 sicut
1351 2102 1502 2168 estis,
1532 2101 1780 2156 homini-

139 2195 243 2249 bus
261 2196 676 2250 damnarentur
697 2201 794 2250 aut
811 2197 1182 2268 ejicerentur;
1216 2197 1276 2250 in
1297 2197 1383 2250 his
1400 2195 1666 2250 omnibus
1682 2213 1779 2251 vos

141 2290 338 2344 stultos
365 2295 424 2344 et
454 2290 911 2360 praevaricatores
945 2290 1379 2361 Evangeliorum
1405 2295 1462 2345 et
1492 2306 1779 2344 canonum

143 2399 262 2436 esse
296 2383 439 2436 nulli
470 2400 606 2438 sane
633 2383 976 2454 sapientium
1007 2387 1092 2438 est
1119 2383 1535 2439 absconditum.
1563 2401 1666 2439 nec
1693 2383 1780 2437 his

143 2477 398 2530 contenti
438 2477 495 2530 in
535 2482 722 2531 vestra
769 2478 903 2532 estis
936 2477 1422 2548 praavaricatione,
1465 2478 1566 2532 sed
1607 2477 1779 2531 etiam

141 2571 294 2640 quod
331 2571 488 2641 prius
533 2572 794 2642 expulsos
827 2588 924 2626 eos
963 2577 1022 2626 et
1061 2572 1180 2626 suis
1209 2572 1543 2644 exspoliatos
1587 2572 1776 2640 rebus,

145 2665 305 2734 quasi
335 2664 574 2719 vocastis
593 2669 760 2736 atque
787 2665 1089 2736 damnatis,
1121 2682 1252 2720 cum
1285 2667 1470 2720 nullus
1503 2665 1778 2736 regulari-

142 2763 228 2811 ter
252 2762 354 2812 aut
381 2759 567 2812 vocari
595 2765 692 2813 aut
707 2760 949 2830 judicari
970 2760 1166 2831 possit,
1196 2763 1502 2831 antequam
1532 2760 1602 2814 sit
1617 2776 1783 2830 regu-

143 2852 338 2906 lariter
389 2852 701 2919 restitutus,
750 2857 807 2907 et
851 2871 951 2907 sua
993 2854 1148 2908 omni
1180 2853 1232 2908 ei
1260 2853 1483 2925 legibus
1509 2853 1620 2907 sint
1642 2853 1784 2907 inte-

145 2945 396 3015 gerrime
429 2947 735 3000 reformata
767 2965 782 3016 ;
822 2953 905 3002 est
938 2964 1188 3019 namque
1213 2948 1274 3002 in
1300 2964 1448 3018 saape
1468 2948 1588 3018 jam
1631 2948 1783 3002 dicta

144 3044 337 3094 sancta
364 3040 586 3110 synodo
615 3041 685 3094 ab
714 3041 985 3096 omnibus
1021 3042 1366 3097 unanimiter
1387 3041 1699 3109 decretum,
1728 3047 1785 3096 et

143 3134 453 3204 apostolica
482 3134 816 3190 auctoritate
855 3136 1201 3206 roboratum,
1237 3141 1299 3190 ut
1332 3136 1378 3190 si
1407 3135 1533 3207 quis
1561 3136 1778 3207 episco-
1804 3175 1858 3249 Ο

145 3244 343 3249 ____--__
379 3228 490 3249 __-I_
517 3228 682 3249 D.--_!L
708 3229 872 3249 ___L__-
915 3247 1026 3249 _,,,,,
1050 3231 1232 3249 -1',1.__
1272 3236 1310 3249 ξι
1345 3231 1394 3249 ἔα
1430 3247 1445 3249 -
1470 3231 1735 3249 _-__,_A,'-,,
1761 3248 1770 3249 κ

143 3244 349 3298 porum
376 3228 494 3282 suis
516 3228 690 3282 fuerit
708 3229 876 3284 rebus
906 3231 1242 3302 exspoliatus
1263 3236 1320 3285 et
1343 3231 1404 3284 in
1425 3231 1780 3284 accusatione

145 3323 418 3391 pulsatus,
468 3322 824 3377 ordinatione
863 3325 1200 3394 pontificum
1249 3329 1474 3396 oportet
1515 3329 1571 3379 et
1617 3325 1783 3379 decet

145 3421 408 3470 sanctum
439 3417 791 3488 propositum
808 3419 994 3489 prima
1022 3419 1206 3474 fronte
1237 3425 1476 3490 certare,
1510 3426 1570 3474 ut
1594 3420 1784 3474 omnia

149 3526 277 3580 quae
294 3525 399 3581 per
422 3511 811 3582 suggestiones
838 3513 1202 3568 inimicorum
1229 3530 1463 3568 suorum
1491 3514 1779 3580 amiserat,

145 3603 411 3673 legaliter
437 3605 622 3674 primo
652 3607 919 3676 potestati
947 3607 1068 3678 ejus
1097 3608 1166 3661 ab
1194 3608 1513 3662 honorabili
1545 3607 1782 3662 concilio

148 3697 596 3768 reintegrentur,
628 3705 683 3754 et
706 3700 914 3770 praesul
952 3702 1290 3772 regulariter
1310 3703 1468 3773 prius
1491 3707 1638 3756 statu
1667 3701 1780 3773 pri-

150 3791 297 3845 stino
342 3791 640 3860 reddatur,
681 3796 739 3847 et
781 3794 901 3865 ipse
953 3796 1234 3866 dispositis
1261 3796 1642 3868 ordinatisque
1670 3797 1786 3850 suis

151 3890 288 3939 tunc
328 3885 400 3940 ad
443 3888 673 3957 tempus
714 3888 902 3943 veniat
941 3889 1012 3943 ad
1056 3907 1301 3960 causam,
1350 3896 1408 3946 et
1452 3891 1496 3945 si
1536 3891 1612 3945 ita
1631 3891 1783 3962 juste

151 3979 375 4034 videtur
430 3981 815 4036 accusantium
878 3984 1356 4054 propositionibus
1408 3987 1781 4057 respondeat;

152 4090 328 4144 quare
355 4090 494 4146 ergo
521 4077 826 4146 trangressi
857 4077 989 4132 estis
1004 4079 1279 4133 terminos
1292 4081 1521 4134 Patrum
1530 4079 1787 4151 judican-

152 4173 235 4222 tes
265 4171 322 4223 et
359 4169 698 4224 damnantes
743 4187 836 4225 eos
880 4189 1020 4243 quos
1069 4190 1181 4227 non
1233 4173 1557 4228 debuistis?
1608 4190 1786 4245 quare

144 4262 438 4332 judicastis
460 4279 556 4317 eos
581 4280 722 4334 quos
746 4282 858 4320 non
881 4267 1223 4337 regulariter
1245 4268 1637 4339 approbastis?
1663 4269 1786 4323 Non

151 4357 490 4412 observastis
521 4359 676 4430 quod
723 4359 781 4413 in
825 4376 1131 4432 regnorum
1179 4362 1323 4416 libro
1351 4362 1621 4433 scriptum
1653 4366 1739 4416 est
1771 4381 1782 4417 :

1878 1914 2146 1982 cordiam,
2200 1914 2383 1968 tendit
2418 1913 2491 1968 ad
2541 1929 2768 1968 noxam.
2826 1915 3098 1968 Decuerat
3129 1931 3381 1986 namque
3418 1932 3513 1970 vos

1871 2009 2034 2079 juxta
2075 2008 2337 2078 praefatas
2386 2008 2633 2077 regulas,
2676 2007 2720 2061 si
2770 2007 2981 2078 aliquid
3029 2007 3279 2079 egissent
3318 2013 3513 2064 contra

1878 2119 2043 2156 suum
2075 2102 2335 2156 ordinem
2365 2102 2636 2156 mandare
2678 2101 2864 2166 nobis,
2905 2105 2961 2155 et
2993 2106 3319 2172 exspectare
3361 2104 3512 2175 quod

1878 2197 1947 2250 ad
1977 2198 2164 2250 vestra
2202 2196 2454 2250 consulta
2491 2195 2954 2265 rescriberemus,
3001 2196 3059 2249 in
3092 2201 3314 2251 tantum
3363 2203 3428 2252 ut
3468 2196 3511 2251 si

1879 2290 2055 2344 etiam
2088 2289 2406 2361 quidquam
2431 2305 2599 2360 grave
2628 2289 3168 2360 intolerandumque
3199 2290 3514 2346 committe-

1879 2389 2024 2450 rent,
2058 2387 2255 2440 nostra
2276 2384 2676 2454 praetolaretur
2695 2399 2953 2451 censura,
2983 2387 3041 2439 et
3068 2384 3211 2438 nihil
3240 2386 3394 2455 prius
3420 2389 3515 2440 aut

1879 2476 2034 2532 aliud
2082 2477 2481 2546 discerneritis,
2527 2477 2678 2548 quad
2730 2477 2886 2548 quod
2941 2477 3103 2531 nobis
3154 2478 3374 2549 placere
3421 2495 3509 2532 co-

1881 2571 2233 2642 gnovissetis,
2278 2571 2354 2625 ita
2383 2575 2446 2625 ut
2484 2587 2516 2624 a
2561 2571 2772 2641 regulis
2810 2571 3142 2642 praestitutis
3185 2572 3374 2640 nulla,
3417 2580 3515 2627 aut

1883 2665 2231 2736 negligentia
2267 2670 2364 2718 aut
2410 2665 2860 2736 praesumptione
2915 2665 3298 2736 recederetis;
3340 2673 3516 2721 cesset

1881 2759 2210 2830 hujusmodi
2259 2775 2454 2830 pressa
2502 2764 2692 2813 nostra
2739 2759 3075 2814 auctoritate
3123 2760 3512 2832 presumptio,

1885 2854 2131 2908 vitentur
2151 2853 2248 2924 huj
2259 2853 2475 2907 usmodi
2501 2859 2862 2923 nocumenta,
2886 2853 3018 2924 quia
3041 2869 3404 2926 nequaquam
3432 2859 3513 2908 ta-

1883 2947 1958 3002 lia
1973 2947 2256 3018 patienter
2270 2947 2416 3001 ferre
2436 2963 2734 3019 possumus
2747 2947 3229 3016 machinamenta,
3247 2947 3512 3019 quoniam

1883 3042 2149 3096 convenit
2175 3059 2279 3096 nos
2299 3047 2665 3112 paternarum
2692 3042 3052 3096 sanctionum
3074 3041 3377 3113 diligentes
3396 3055 3516 3097 esse

1885 3135 2162 3205 custodes,
2215 3135 2421 3190 merito
2475 3152 2726 3207 namque
2775 3152 2878 3190 nos
2930 3152 3154 3190 causam
3196 3135 3443 3208 respicit,
3475 3133 3519 3190 si

1883 3231 2104 3285 silentio
2127 3231 2418 3285 faveamus
2433 3229 2632 3299 errori,
2664 3233 2750 3284 est
2764 3230 3000 3301 insuper
3023 3230 3080 3284 in
3103 3231 3368 3301 praedicta
3388 3247 3517 3286 san-

1883 3329 1970 3379 cta
1999 3325 2222 3378 Nicaena
2255 3325 2467 3394 synodo
2509 3327 2803 3390 statutum,
2835 3328 2896 3376 ut
2935 3340 3104 3378 nemo
3133 3325 3432 3379 anathema
3462 3325 3518 3380 in

1884 3424 2072 3473 nostra
2099 3417 2432 3488 suscipiatur
2454 3417 2827 3485 accusatione,
2857 3433 2960 3472 nec
2986 3417 3066 3471 illi
3094 3418 3191 3489 qui
3219 3418 3395 3472 nosin
3417 3435 3517 3473 sua

1881 3514 2084 3567 nolunt
2118 3511 2371 3582 recipere
2413 3513 2648 3583 querela
2693 3512 2777 3565 vel
2817 3512 3196 3580 accusatione,
3245 3528 3374 3566 cum
3413 3527 3518 3567 nos

1883 3624 2058 3678 super
2094 3607 2219 3662 illos
2264 3606 2510 3660 sciamus
2537 3622 2570 3659 a
2613 3605 2854 3660 Domino
2893 3606 3222 3661 constitutos
3252 3623 3368 3661 non
3396 3606 3516 3661 illos

1884 3719 2054 3773 super
2078 3718 2215 3769 nos;
2253 3706 2308 3756 et
2339 3700 2484 3755 sicut
2511 3700 2691 3770 major
2717 3716 2836 3754 non
2866 3704 3052 3771 potest
3077 3716 3112 3754 a
3135 3700 3345 3755 minori
3371 3699 3516 3756 indi-

1885 3798 2017 3866 cari,
2071 3797 2149 3850 ita
2181 3811 2284 3850 nec
2327 3793 2599 3866 colligari,
2635 3794 2769 3865 quia
2793 3811 2991 3848 rarum
3035 3799 3120 3848 est
3156 3810 3322 3849 omne
3365 3795 3517 3866 quod

1885 3907 2164 3962 magnum
2179 3893 2283 3944 est.
2302 3891 2598 3944 Portemus
2613 3905 2790 3944 onera
2802 3888 3056 3943 omnium
3074 3888 3169 3960 qui
3193 3891 3518 3960 gravantur,

1887 3986 2147 4057 quinimo
2175 3985 2292 4038 haec
2308 3986 2500 4056 portat
2526 3983 2583 4036 in
2600 3982 2762 4037 nobis
2777 3983 2976 4038 beatus
3002 3983 3285 4054 apostolus
3302 3985 3517 4050 Petrus,

1885 4081 2045 4151 cujus
2073 4079 2190 4134 vice
2211 4078 2510 4149 fungimur
2535 4077 2839 4148 legatione,
2871 4081 2928 4131 et
2943 4078 3104 4148 cujus
3119 4078 3316 4149 regula
3347 4077 3519 4132 infor-

1885 4191 2132 4241 mamur,
2165 4178 2446 4244 quatenus
2466 4172 2588 4242 ejus
2604 4171 2732 4226 fulti
2750 4171 2957 4226 auxilio
2980 4171 3049 4225 ab
3084 4171 3348 4226 omnibus
3372 4189 3521 4228 nunc

1888 4273 1944 4322 et
1974 4269 2031 4322 in
2057 4273 2331 4338 perpetuo
2371 4271 2635 4320 tueamur
2659 4265 2924 4319 adversis.
2967 4266 3108 4319 Data
3136 4265 3396 4320 Kalendis
3422 4266 3521 4320 Nos

1889 4362 2157 4430 vembris,
2189 4360 2466 4414 Feliciano
2494 4365 2548 4414 et
2568 4359 2908 4413 Maximiano
2939 4358 3072 4412 viris
3103 4356 3446 4413 consulibus.

160 4491 3506 4519 W

755 4638 873 4729 IN
877 4640 1258 4734 ClPIUN
1261 4643 1329 4733 Τ
1426 4645 1952 4736 DECRETA

157 4831 424 4909 Epistola_
453 4833 750 4888 Athanasii
795 4840 844 4909 et
879 4837 1254 4906 Egyptiorum
1299 4841 1663 4909 episcoporum
1717 4841 1791 4894 ad

263 4903 508 4956 eumdem
529 4919 756 4975 papam,
787 4905 852 4960 de
882 4903 1704 4977 oppressionibus—Arianorum.

232 5018 474 5072 Domino
493 5018 814 5075 beatissimo
843 5025 902 5076 et
919 5023 1236 5079 honorabili
1256 5029 1447 5080 sancto
1465 5026 1616 5098 patri
1644 5028 1794 5082 LIBE-

165 5127 252 5164 an
264 5115 860 5184 papaaANAsrAsws,et
873 5116 1511 5191 universi/Egyptiorum
1525 5119 1791 5192 episcopi.

231 5211 292 5263 In
319 5225 463 5264 unm
495 5212 760 5282 synodice
804 5215 954 5285 apub
993 5217 1396 5272 Alexandriam
1443 5219 1792 5290 congregati,

166 5308 362 5356 vestra:
410 5303 750 5360 beatissimse
800 5309 1156 5378 paternitatis
1201 5311 1333 5382 jura
1385 5310 1576 5384 156
1622 5329 1798 5383 penes

166 5396 346 5451 Deum
379 5402 513 5451 sunt
557 5399 880 5468 manifesta,
929 5403 1066 5457 dum
1111 5405 1606 5475 praadicationibus
1647 5405 1796 5459 scili-

165 5493 252 5543 cet
277 5491 600 5561 apostolicis
634 5497 692 5547 et
719 5494 992 5550 doctrinis
1041 5513 1187 5552 verae
1232 5498 1365 5552 lidei
1414 5499 1631 5553 cultura
1672 5499 1796 5553 uni-

167 5597 325 5637 versa
364 5584 587 5655 repleta
615 5586 689 5640 sit
712 5590 868 5642 terra
896 5605 909 5655 ;
959 5605 1060 5660 per
1096 5591 1414 5646 divinorum
1445 5597 1640 5647 tamen
1668 5609 1798 5646 eru-

168 5675 447 5731 ditionem
484 5677 840 5750 eloquiorum
867 5688 1044 5737 vestra
1074 5683 1390 5740 instruente
1417 5685 1801 5741 admonitione

168 5769 555 5826 exhortatoria
593 5774 1074 5844 superaedificatur
1123 5779 1442 5834 orthodoxa
1470 5779 1672 5834 Christi
1702 5781 1802 5835 Ec-

169 5861 340 5924 clesia
379 5865 680 5942 apostolica
718 5867 1072 5929 institutione
1110 5871 1363 5943 fundata,
1403 5878 1459 5929 et
1483 5891 1515 5928 a
1546 5872 1804 5928 ﬁdelibus

2056 4641 2467 4735 LIBEBII
2564 4639 2930 4730 PAP/E.

1810 4854 1870 4926 D
1891 4838 2174 4910 prioribus
2201 4835 2526 4890 ﬁrmissime
2553 4834 2834 4900 roborata,
2865 4828 2937 4887 ad
2969 4845 3140 4905 quam
3168 4847 3366 4888 omnes
3387 4831 3521 4888 bea-

1893 4932 2094 4988 tissimi
2127 4930 2368 5003 apostoli
2408 4929 2529 5001 pari
2565 4928 2799 4983 honoris
2827 4931 2884 4981 et
2921 4927 3213 4997 potestatis
3242 4929 3524 4984 consortio

1893 5027 2118 5098 praediti
2143 5026 2484 5098 populorum
2505 5023 2740 5092 agmina
2767 5023 3177 5087 convertentes,
3202 5021 3290 5092 pie
3311 5026 3527 5077 sancte-

1894 5137 2005 5192 que
2039 5119 2282 5176 tenebris
2311 5119 2380 5173 ad
2408 5118 2624 5183 lumen,
2681 5117 2747 5170 de
2789 5116 2953 5186 lapsu
2995 5114 3066 5169 ad
3109 5129 3299 5170 veram
3327 5116 3522 5188 fidem,

1897 5214 1966 5269 de
1995 5221 2174 5268 morte
2201 5213 2270 5268 ad
2310 5212 2484 5266 vitam
2526 5209 2788 5264 homines
2833 5208 3038 5263 divinae
3081 5209 3526 5280 praedestinatio-

1898 5310 1983 5363 nis
2007 5325 2216 5381 genera
2242 5303 2542 5378 praeceptis
2569 5320 2631 5356 ac
2661 5303 2897 5358 monitis
2934 5303 3343 5374 perduxerunt,
3395 5321 3529 5375 quo-

1899 5419 2024 5456 rum
2047 5405 2370 5456 sanctorum
2401 5397 2793 5469 apostolorum
2817 5401 3000 5452 vestra
3020 5397 3341 5453 fraternitas
3358 5399 3530 5452 hono-

1899 5496 2077 5550 randa
2103 5509 2342 5564 sequens
2369 5492 2590 5560 merita,
2621 5494 2676 5545 et
2706 5490 3013 5562 profeclius
3051 5491 3294 5563 implens
3333 5507 3526 5546 exem—

1900 5589 1993 5661 pla
2043 5586 2348 5642 Ecclesiam
2400 5585 2493 5638 Dei
2553 5601 2781 5639 morum
2835 5584 3136 5655 probitate,
3195 5589 3250 5639 et
3297 5589 3528 5638 actuum

1900 5681 2191 5737 sanctitate
2229 5679 2586 5748 condecorat,
2624 5684 2681 5732 et
2725 5678 2836 5732 ﬁde
2874 5695 3032 5733 sacra
3058 5676 3387 5732 Christianis
3411 5691 3527 5729 mo-

1902 5777 2057 5830 ribus
2093 5775 2310 5845 vigens,
2341 5789 2467 5843 quae
2512 5772 2636 5826 ﬁeri
2663 5773 2776 5827 Deo
2806 5771 3010 5842 placita
3041 5768 3309 5839 praecepit
3333 5766 3530 5823 studiis

1905 5867 2323 5945 pontiﬁcalibus
2355 5866 2743 5922 indesinenter
2770 5867 3036 5936 operatur
3061 5864 3116 5914 et
3151 5859 3390 5933 proﬁcit,
3422 5877 3534 5919 ser.
