4032 6308
512 300 612 356 635

1409 292 1690 355 ΑΡΡΕΝΙ).
1730 290 1816 352 ΑΙ)
1853 299 2014 352 seu.
2064 287 2148 350 ιχ.
2179 325 2246 334 —-
2285 289 2528 352 Ismoal
2565 286 2988 352 MERCATORIS

3777 294 3882 351 636

498 425 633 462 vans
671 408 810 478 legis
857 407 1060 462 divina:
1083 407 1378 474 mandata;
1419 407 1552 478 quia
1603 421 1717 460 non
1746 405 1888 476 legis
1917 404 2138 460 audito-
2158 403 2631 490 Asubsannabit,
2677 408 2735 459 et
2785 407 2921 458 tunc
2964 403 3236 474 loquetur
3270 401 3343 457 ad
3383 419 3478 457 eos
3518 403 3577 458 in
3626 403 3713 458 ira
3752 421 3875 470 sua,

495 509 593 557 res
614 501 755 572 justi
784 506 917 557 sunt
963 501 1113 573 apud
1162 502 1362 570 Deum,
1397 500 1545 554 sicut
1583 501 1780 554 narrat
1813 499 2133 571 Apostolus,

506 595 602 650 sed
654 596 897 649 factores
937 594 1078 665 legis
1119 593 1602 664 justiﬁcabuntur.
1656 596 1766 649 Nos
1814 592 1970 647 enim
2015 593 2138 646 haec

505 688 766 744 meditari
811 688 1122 758 cupientes,
1174 692 1229 742 et
1271 704 1340 742 ea
1393 704 1521 759 qua:
1565 705 1598 742 a
1645 690 1840 742 sancta
1868 687 2002 742 sede
2038 703 2133 741 ve-

505 786 619 837 stra
660 783 1043 853 apostolorum
1088 798 1404 853 eorumque
1443 798 1828 837 successorum
1872 781 2138 852 praedica-

504 877 656 931 tione
683 876 1031 951 suscepimus
1058 879 1230 948 atque
1251 893 1380 948 quae
1410 876 1468 929 in
1496 877 1716 930 Nicaena
1738 876 1952 946 synodo
1977 875 2140 929 robo-

502 979 624 1028 rata
659 974 1030 1045 cognovimus
1065 975 1388 1045 praedicare,
1419 978 1476 1028 et
1504 974 1849 1029 Arianorum
1874 975 2136 1046 blasphe-

497 1069 659 1136 mias,
697 1074 866 1140 atque
896 1068 1141 1123 aliorum
1166 1069 1562 1123 hiareticorum
1591 1069 1866 1139 repellere
1894 1068 2134 1139 cupien-

502 1169 586 1216 tes
623 1162 871 1234 quotidie
913 1163 983 1215 ab
1048 1163 1136 1216 1118
1188 1164 1607 1234 persequimur,
1664 1166 1720 1217 et
1783 1161 2135 1216 damnationi

504 1256 804 1323 tradimur,
837 1261 1008 1326 atque
1032 1256 1205 1311 morti
1233 1256 1602 1311 destinamur.
1652 1256 1772 1320 Qua
1809 1256 1876 1310 de
1917 1273 1977 1310 re
2007 1273 2132 1327 pre-

507 1366 716 1417 camur,
767 1353 827 1403 ut
879 1350 1078 1404 vestris
1127 1350 1651 1416 exhortationibus,
1705 1354 1825 1404 tam
1886 1367 1989 1419 per
2040 1365 2137 1403 vos

507 1461 680 1516 quam
726 1447 781 1497 et
821 1459 923 1513 per
968 1443 1362 1514 apocrisiarius
1413 1446 1627 1498 vestros
1675 1444 2028 1514 adjuvemur,
2064 1459 2136 1498 ne

506 1539 644 1593 dum
675 1537 754 1591 illi
801 1543 1064 1592 crescunt
1102 1542 1158 1592 et
1198 1554 1302 1592 1108
1343 1537 1677 1607 111111111111111,
1707 1554 1841 1592 vera
1872 1537 2013 1592 ﬁdes
2043 1537 2136 1591 de-

507 1637 770 1698 struatur,
799 1636 855 1686 et
873 1648 1074 1686 eorum
1090 1631 1319 1686 haeresis
1341 1633 1488 1686 ultra
1511 1631 1684 1686 ﬁdem
1705 1635 1957 1686 nostram
1985 1647 2132 1685 cres-

505 1730 625 1789 cat;
683 1723 952 1795 quoniam
995 1726 1285 1792 timemus,
1331 1729 1396 1779 ut
1416 1729 1716 1796 postquam
1762 1724 2138 1780 abundaverit

2239 502 2296 554 et
2334 499 2394 553 in
2437 499 2630 554 furore
2673 516 2773 552 suo
2819 497 3177 553 conturbabit
3227 515 3323 552 eos
3369 498 3536 567 (Psal.
3571 515 3630 565 11,
3660 499 3716 564 4,
3747 500 3819 568 5),
3851 520 3876 546 »

2237 593 2550 648 secundum
2568 593 2797 647 beatum
2813 592 3121 647 Jeremiam
3137 591 3327 646 dicens
3353 608 3366 646 :
3407 613 3434 640 ‹‹
3463 591 3623 646 Falso
3636 592 3884 662 prophe-

2237 690 2310 742 tas
2339 686 2429 740 isti
2457 685 2837 741 vaticinantur
2868 686 2924 740 in
2952 685 3184 740 nomine
3211 702 3342 740 meo
3370 703 3383 752 ;
3415 702 3534 739 non
3564 686 3724 738 enim
3754 685 3879 739 misi

2239 797 2354 848 eos,
2397 783 2455 834 et
2483 797 2599 834 non
2629 779 2880 851 pracepi
2919 779 3019 847 eis,
3057 796 3240 850 neque
3271 780 3488 833 locutus
3517 796 3643 833 sum
3674 779 3751 832 ad
3783 795 3880 833 eos

2237 874 2512 929 visionem
2537 874 2897 942 mendacem,
2928 878 2986 928 et
3011 873 3421 928 divinationem
3451 877 3508 927 et
3543 873 3878 927 fraudulen-

2236 969 2373 1023 tiam
2405 973 2462 1023 et
2479 968 2870 1022 seductionem
2896 967 3083 1022 cordis
3113 967 3197 1021 sui
3224 966 3566 1038 prophetant
3593 967 3771 1020 vobis.
3800 967 3882 1020 ld-

2237 1062 2387 1116 circo
2416 1062 2539 1116 haec
2564 1060 2699 1115 dicit
2734 1062 3008 1115 Dominus
3047 1061 3114 1114 de
3159 1060 3453 1132 prophetis
3480 1060 3576 1131 qui
3635 1060 3880 1131 prophe-

2239 1156 2439 1209 tantin
2477 1155 2711 1209 nomine
2737 1171 2864 1209 meo
2894 1155 3260 1210 mendacium
3287 1171 3299 1208 :
3347 1161 3514 1208 erunt
3549 1153 3793 1224 projecti
3821 1153 3879 1208 in

2235 1249 2340 1303 viis
2367 1249 2770 1320 Hierosolyma
2819 1252 2940 1316 (Jcr.
2989 1265 3099 1317 xiv,
3137 1248 3338 1319 l4-16);
3370 1269 3397 1296 ››
3429 1251 3486 1302 01
3523 1248 3878 1302 conculcatio

2237 1343 2496 1398 omnium
2527 1343 2618 1414 pie
2657 1342 3049 1397 conﬁtentium
3082 1358 3196 1411 me,
3227 1346 3283 1397 et
3311 1359 3424 1397 non
3451 1341 3560 1396 erit
3578 1341 3680 1412 qui
3707 1357 3875 1412 sepe-

2236 1437 2335 1491 liat
2361 1454 2477 1492 eos.
2511 1437 2689 1490 Nemo
2721 1436 2875 1491 enim
2915 1437 3259 1490 abscondere
3303 1441 3488 1506 potest
3529 1435 3876 1506 quibusdam

2237 1530 2669 1602 subreptionem
2717 1529 3161 1598 commenticiis,
3218 1529 3380 1582 sicuti
3430 1545 3536 1583 nec
3579 1528 3736 1584 foliis
3783 1529 3877 1582 ﬁci

2235 1625 2486 1696 antiquis
2539 1628 2924 1695 transgressor
2971 1623 3243 1695 praecepti
3285 1622 3462 1678 Adam
3509 1623 3716 1694 potuit,
3776 1622 3877 1693 qui

2238 1736 2340 1790 per
2369 1718 2666 1790 prOpriam
2724 1718 2979 1788 linguam
3043 1717 3420 1772 inverecunde
3469 1717 3738 1782 nudatur,
3794 1716 3873 1769 la-

506 1794 791 1888 iniquitas,
819 1817 1148 1890 refrigescat
1171 1794 1767 1874 Charitas—multorum.
1796 1820 1903 1873 Pro
1935 1835 2049 1890 qua
2075 1834 2136 1872 re
2157 1794 2214 1866 B
2241 1829 2451 1883 queum
2479 1812 2634 1866 enim
2650 1811 2812 1866 fortis
2837 1811 2955 1865 viro
2983 1810 3134 1865 labia
3163 1811 3305 1882 ejus,
3328 1814 3387 1864 et
3405 1815 3600 1880 captus
3627 1809 3876 1881 propriis

508 1913 684 1966 multa
727 1915 924 1966 vestra:
976 1930 1146 1966 sacrae
1204 1912 1477 1967 doctrinae
1510 1955 1523 1979 ,
1590 1918 1706 1967 tam
1755 1913 1909 1984 apud
1961 1915 2139 1968 Deum

508 2023 679 2077 quam
715 2005 867 2076 apud
906 2008 1138 2061 cunctos
1182 2007 1372 2061 ﬁdeles
1415 2023 1634 2062 merces
1662 2011 1717 2060 et
1742 2007 1862 2061 laus
1889 2007 2140 2078 reposita

509 2105 607 2170 est,
637 2099 682 2154 si
739 2104 926 2154 vestra
952 2100 1072 2154 haec
1103 2105 1472 2155 recensentur
1499 2100 1852 2170 auctoritate,
1883 2104 2140 2154 nostram

512 2193 662 2248 enim
699 2193 874 2248 ﬁdem
904 2211 1076 2264 quam
1118 2211 1151 2247 a
1182 2195 1392 2249 sanctis
1429 2195 1687 2248 Patribus
1718 2195 2039 2266 accepimus
2083 2196 2142 2247 et

509 2294 769 2343 tenemus
808 2291 978 2359 atque
1027 2289 1300 2342 docemus
1343 2289 1535 2343 subter
1587 2288 1948 2358 inservimus,
2005 2291 2071 2342 ut
2094 2288 2141 2341 si

512 2381 710 2452 aliquis
739 2381 894 2436 vobis
923 2380 1084 2436 aliter
1114 2398 1220 2436 nos
1259 2381 1494 2436 credere
1530 2387 1629 2436 aut
1669 2383 1891 2449 docere,
1934 2387 2033 2436 aut
2055 2398 2143 2436 ac-

509 2475 781 2544 cusando,
815 2480 909 2530 aut
959 2475 1315 2530 mussitando
1353 2476 1630 2545 retulerit,
1675 2476 1760 2530 vel
1786 2474 2139 2530 detrahendo

507 2568 725 2641 scriptis
754 2569 1129 2638 mandaverit,
1164 2585 1266 2640 per
1303 2569 1451 2624 hanc
1477 2569 1773 2626 manifeste
1797 2585 1899 2624 nos
1923 2570 2004 2624 ita
2023 2585 2142 2624 cre-

509 2663 644 2718 dere
671 2669 727 2718 et
751 2664 957 2718 docere
991 2663 1334 2734 agnoscatis.

576 2757 873 2812 Credimus
900 2773 1156 2828 namque
1183 2757 1242 2811 in
1265 2773 1447 2811 unum
1489 2759 1668 2812 Deum
1697 2759 1924 2812 Patrem
1952 2757 2138 2811 omni-

507 2853 820 2921 potentem,
867 2850 1126 2905 omnium
1163 2849 1473 2905 visibilium
1522 2867 1745 2906 necnon
1770 2850 2142 2905 invisibilium

505 2945 801 3012 factorem,
859 2949 916 2998 et
962 2945 1021 2998 in
1066 2961 1251 2998 unum
1301 2944 1607 2999 Dominum
1655 2950 1919 3000 nostrum
1949 2947 2141 3000 Jesum

507 3039 794 3094 Christum
825 3039 1027 3092 Filium
1062 3038 1183 3105 Dei,
1217 3041 1416 3093 natum
1457 3054 1527 3093 ex
1553 3040 1718 3093 Patre
1751 3039 2137 3109 unigenitum,

507 3131 612 3186 hoc
633 3137 719 3187 est
746 3148 817 3186 ex
843 3132 1162 3186 substantia
1187 3131 1369 3186 Patris
1397 3149 1409 3186 :
1459 3133 1639 3187 Deum
1667 3149 1735 3187 ex
1760 3135 1896 3201 Deo,
1944 3133 2139 3187 lumen

510 3243 577 3282 ex
622 3226 840 3280 lumine
866 3268 879 3294 ,
931 3227 1112 3280 Deum
1158 3242 1357 3280 verum
1400 3243 1462 3281 ex
1505 3227 1624 3280 Deo
1663 3243 1836 3281 vero:
1898 3230 2136 3295 natum,

508 3337 621 3375 non
654 3323 925 3386 creatum,
956 3319 1272 3388 omousion,
1307 3321 1415 3374 hoc
1445 3325 1528 3375 est
1549 3320 1806 3390 ejusdem
1826 3337 1957 3375 cum
1977 3322 2139 3375 Patre

507 3414 854 3486 substantiae,
910 3431 1014 3486 per
1058 3431 1232 3485 quem
1273 3414 1466 3468 omnia
1504 3415 1649 3468 facta
1695 3417 1846 3481 sunt,
1895 3414 2142 3469 0101081ἱο

507 3457 834 3468 -..υυηηηωυ
910 3457 1004 3486 1,...
1059 3457 1232 3485 quo...
1274 3457 1466 3468 υ..-...ι.
1504 3457 1649 3468 ...νυν
1695 3457 1846 3481 νων,
1896 3457 2142 3469 πωπω.

506 3457 950 3580 1011081110.ίο111
981 3511 1216 3580 propter
1242 3525 1343 3562 nos
1374 3508 1657 3577 homines,
1701 3514 1755 3564 et
1785 3511 2019 3579 propter
2046 3524 2143 3562 no-

506 3607 678 3657 stram
705 3587 947 3657 8011110111
971 3602 1265 3658 descendit
1293 3602 1363 3656 de
1401 3603 1572 3670 010118,
1597 3605 1655 3656 et
1683 3601 2008 3657 incarnatus
2035 3605 2140 3671 est,

506 3700 563 3750 et
587 3697 762 3752 homo
786 3696 984 3766 factus,
1006 3713 1202 3767 passus
1247 3700 1352 3762 est,
1399 3701 1455 3750 et
1499 3695 1807 3751 resurrexit
1833 3695 2003 3751 tertia
2027 3697 2139 3763 die,

505 3791 756 3845 ascendit
804 3790 863 3844 in
909 3791 1136 3856 coelum,
1190 3795 1462 3844 venturus
1503 3795 1588 3843 est
1617 3789 1877 3859 judicare
1903 3790 2056 3844 vivos
2087 3792 2144 3844 et

504 3889 778 3937 mortuos.
827 3885 892 3937 Et
937 3882 997 3936 in
1044 3882 1319 3953 Spiritum
1353 3887 1630 3936 sanctum.
1682 3884 1788 3936 Eos
1821 3886 2017 3938 autem
2044 3885 2142 3955 qui

510 3975 722 4042 dicunt,
753 3981 874 4030 erat
900 3978 1124 4046 tempus
1155 3976 1388 4046 quando
1413 3993 1528 4030 non
1560 3980 1699 4043 erat,
1729 3979 1786 4029 et
1810 3977 2142 4048 priusquam

508 4072 832 4122 nasceretur
872 4085 990 4122 non
1031 4071 1169 4135 erat,
1219 4073 1275 4123 et
1317 4070 1450 4140 quia
1498 4086 1567 4124 ex
1616 4069 1786 4123 nullis
1831 4070 2139 4125 subsisten-

507 4163 654 4217 tibus
689 4163 867 4216 factus
906 4167 1008 4229 est,
1055 4166 1151 4217 aut
1193 4179 1257 4218 ex
1284 4162 1395 4217 alia
1421 4163 1735 4218 substantia
1776 4164 1860 4217 vel
1899 4165 2143 4218 essentia

507 4256 702 4311 dicunt
750 4273 868 4312 esse
919 4261 1179 4328 trepton,
1220 4256 1326 4311 hoc
1378 4263 1464 4312 est
1505 4257 1932 4312 convertibilem
1972 4261 2141 4330 atque

505 4351 837 4405 mutabilem
865 4351 1067 4405 Filium
1096 4349 1213 4419 Dei,
1257 4351 1360 4406 hos
1405 4352 1842 4407 anathematizat
1867 4352 2142 4407 catholica

506 4450 562 4500 et
587 4443 897 4516 apostolica
928 4444 1187 4514 Ecclesia,
1222 4445 1367 4499 hanc
1396 4447 1779 4500 venerabilem
1801 4445 1972 4500 ﬁdem
2025 4451 2137 4502 tre-

2238 1905 2619 1974 sermonibus,
2661 1909 2718 1960 et
2743 1922 2915 1976 opera
2949 1921 3225 1959 manuum
3257 1905 3400 1976 ejus,
3443 1903 3746 1958 retributio
3773 1920 3873 1956 au-

2239 2006 2356 2054 tem
2392 2000 2675 2069 labiorum
2707 1999 2828 2069 ejus
2856 1999 3084 2053 dabitur
3109 1999 3181 2066 ei,
3224 2003 3279 2052 et
3333 1996 3639 2067 impietatis
3683 2013 3878 2068 repre-

2238 2094 2460 2148 hensio.
2483 2055 2525 2198 Ρ
2550 2055 2802 2164 11181ιο111
2827 2097 2902 2157 10,
2937 2091 3140 2163 inquit,
3169 2055 3243 2145 [et
3272 2055 3518 2146 statuam
3557 2055 3770 2145 001111οι
3789 2091 3874 2144 fa-

2241 2188 2385 2242 ciem
2431 2184 2622 2252 tu'am,
2689 2185 3016 2240 existimasti
3085 2185 3279 2256 inique
3342 2184 3498 2257 quod
3543 2200 3727 2238 essem
3769 2184 3878 2238 tibi

2241 2281 2443 2336 similis
2497 2281 2661 2350 (Psal.
2712 2297 2852 2349 XLIX,
2903 2280 3012 2350 21).
3055 2300 3082 2329 ››
3151 2281 3492 2350 Propterea,
3546 2279 3690 2332 sicut
3740 2277 3882 2332 dicit

2241 2375 2512 2429 Dominus
2547 2375 2617 2428 ad
2660 2374 2936 2428 Gedeon:
2991 2374 3356 2444 Deponamus
3406 2389 3500 2427 eos
3545 2372 3617 2427 ad
3661 2389 3877 2443 aquam

2242 2486 2389 2524 verae
2439 2468 2828 2537 discretionis,
2878 2473 2933 2522 et
2978 2467 3282 2539 probemus
3337 2483 3435 2522 eos
3490 2466 3566 2520 ibi
3619 2466 3879 2537 regulari

2241 2562 2666 2618 examinatione
2723 2562 2783 2616 in
2836 2561 3078 2632 idipsum
3134 2577 3344 2632 pronos
3393 2563 3724 2615 corruentes
3771 2576 3881 2630 per

2243 2656 2621 2712 ostensionem
2667 2656 2826 2727 pravi
2884 2655 3196 2711 intellectus
3247 2672 3480 2722 eorum,
3549 2658 3745 2709 utrum
3805 2671 3878 2708 ne

2241 2751 2353 2805 sint
2418 2751 2570 2822 apud
2638 2767 2736 2805 eos
2793 2749 3072 2820 sapientes
3137 2749 3312 2803 divini
3368 2749 3524 2802 verbi
3579 2748 3876 2803 scientiam

2243 2845 2592 2915 ignorantes,
2611 2844 2880 2915 quoniam
2900 2843 3152 2898 dicentes
3173 2860 3232 2897 se
3261 2842 3550 2914 sapientes
3566 2841 3720 2896 stulti
3739 2842 3878 2896 facti

2242 2943 2392 3008 sunt,
2450 2944 2505 2993 et
2553 2942 2921 2993 mutaverunt
2977 2938 3218 3009 gloriam
3277 2934 3565 2990 catholicae
3615 2935 3878 2990 Ecclesiae

2241 3032 2472 3104 propria
2509 3033 2755 3086 novitate
2794 3036 2852 3086 et
2894 3033 3197 3098 voluntate,
3229 3031 3341 3085 sive
3385 3046 3486 3101 per
3516 3045 3586 3084 ea
3610 3046 3742 3102 quas
3773 3029 3881 3083 illi-

2243 3127 2348 3181 0110
2371 3126 2428 3180 111
2453 3128 2575 3197 ejus
2604 3126 2936 3180 defensione
2978 3129 3140 3196 gesta
3186 3131 3338 3194 sunt,
3391 3123 3716 3178 haereticam
3752 3129 3874 3178 tur-

2194 3215 2216 3242 λ
2240 3221 2554 3276 bulentiam
2593 3219 3036 3289 introducentes,
3078 3218 3219 3273 illud
3252 3221 3640 3290 competenter
3667 3218 3742 3272 ad
3774 3235 3880 3273 nos

2240 3315 2550 3370 retinentes
2581 3315 2735 3386 quod
2770 3315 2918 3368 bene
2965 3315 3038 3368 ad
3075 3315 3264 3367 Jesum
3313 3313 3496 3367 ﬁlium
3537 3312 3735 3367 Sirach
3783 3313 3876 3367 di-

2243 3414 2395 3464 ctum
2427 3412 2546 3463 est:
2583 3430 2610 3457 «
2641 3409 2827 3479 Usque
2853 3408 2921 3462 ad
2955 3411 3200 3462 mortem
3220 3412 3374 3461 certa
3399 3423 3503 3478 pro
3535 3406 3788 3474 veritate,
3818 3410 3881 3460 et

2241 3502 2516 3559 Dominus
2543 3503 2824 3574 pugnabit
2849 3519 2952 3572 pro
2985 3507 3037 3557 te
3072 3502 3255 3569 (Eccli.
3279 3517 3354 3568 1v,
3377 3502 3487 3571 33).
3519 3519 3546 3550 »
3593 3499 3771 3570 Hujus
3794 3501 3874 3555 rei

2244 3598 2425 3668 gratia
2457 3597 2788 3651 universalis
2833 3596 2990 3650 vobis
3028 3596 3088 3649 in
3135 3595 3355 3651 Christo
3391 3597 3520 3649 Jesu
3573 3595 3878 3650 commissa

2243 3697 2329 3746 est
2369 3691 2634 3759 Ecclesia,
2672 3694 2729 3745 et
2771 3707 2875 3761 pro
2929 3689 3194 3744 omnibus
3228 3689 3516 3756 laboratis,
3560 3694 3616 3743 et
3657 3689 3877 3743 cunctis

2244 3802 2410 3856 opem
2439 3786 2585 3840 ferre
2606 3801 2722 3838 non
2755 3784 3078 3855 negligatis,
3109 3784 3240 3855 quia
3270 3784 3407 3838 dum
3433 3783 3595 3838 fortis
3617 3788 3876 3837 armatus

2243 3878 2739 3949 custoditjatrium
2787 3895 2980 3947 suum,
3031 3878 3090 3931 in
3143 3895 3278 3949 pace
3333 3882 3464 3932 sunt
3517 3877 3714 3931 omnia
3743 3892 3874 3948 quae

2243 3896 2487 3934 0118101111
2567 3896 2739 3933 11111111
2787 3896 2980 3947 81111111,
3031 3896 3090 3931 111
3143 3896 3278 3949 pace
3333 3896 3464 3932 sunt
3517 3896 3714 3931 omnia
3743 3896 3874 3948 quae

2241 3896 2783 4060 possidetflldeoque
2811 3976 2967 4026 tanta
2995 3976 3238 4043 urgente
3266 3971 3597 4026 necessitate
3620 3988 3876 4026 summo-

2241 4083 2376 4137 pere
2400 4066 2755 4137 comprimite
2777 4071 2958 4121 vestra
2983 4083 3208 4120 summa
3247 4065 3577 4120 auctoritate
3617 4065 3872 4131 infestos,

2243 4160 2484 4215 revelate
2512 4175 2828 4231 oppressos,
2875 4166 2934 4216 ut
2964 4160 3176 4232 absque
3204 4161 3378 4232 gravi,
3420 4159 3660 4214 Domino
3685 4160 3871 4230 opitu-

2241 4255 2414 4320 lante,
2436 4254 2721 4321 facultate,
2754 4254 2863 4325 ipsi
2894 4259 3184 4325 gratanter
3207 4254 3358 4308 omni
3389 4260 3648 4325 tempore
3668 4253 3878 4308 sacriﬁ-

2243 4365 2370 4403 care
2395 4364 2721 4402 mereamur
2739 4348 2921 4402 illaesi.
2949 4350 3016 4402 Et
3035 4349 3352 4420 suscriptio.
3370 4349 3598 4403 Eterna
3617 4354 3673 4402 te
3693 4350 3878 4402 servet

2244 4442 2507 4496 divinitas
2535 4459 2637 4514 per
2662 4443 2872 4496 multos
2900 4458 3102 4510 annos,
3136 4443 3489 4498 sanctissime
3515 4443 3751 4498 Patrum
3782 4458 3876 4514 pa-

502 4539 654 4594 centi
682 4538 913 4610 quidem
944 4537 1144 4593 decem
1189 4542 1247 4592 et
1273 4543 1399 4594 octo
1425 4541 1616 4594 Patres
1654 4545 2031 4610 agnoverunt,
2084 4544 2218 4616 etD
2242 4541 2346 4590 ter.
2377 4540 2574 4590 Amen.

501 4633 752 4705 amplexi
789 4635 941 4700 sunt,
987 4637 1044 4686 et
1069 4637 1449 4688 consonantes
1485 4636 1544 4686 et
1589 4633 1886 4689 unanimes
1914 4633 2138 4705 scriptis

506 4728 972 4799 explanaverunt.

575 4821 679 4876 Sed
706 4820 881 4875 modo
930 4819 1204 4890 quoniam
1244 4822 1441 4873 contra
1497 4819 1617 4873 haec
1657 4820 1740 4890 (ut
1776 4819 1973 4891 nostis)
2003 4821 2141 4874 talia

505 4919 837 4984 exsurgunt,
893 4912 1084 4984 qualia
1111 4929 1225 4968 non
1265 4912 1494 4978 debent,
1535 4911 1719 4966 venite
1764 4916 1822 4966 et
1847 4930 1967 4983 nos,
1997 4914 2138 4968 dile-

506 5006 739 5061 ctissimi
765 5006 988 5073 fratres,
1022 5023 1152 5060 cum
1176 5008 1290 5061 Deo
1328 5004 1743 5059 descendamus
1769 5005 1842 5059 ad
1868 5006 2137 5062 visitatio-

507 5117 660 5167 nem,
705 5100 764 5154 id
796 5103 898 5168 est,
946 5099 1372 5170 inquisitionem
1416 5114 1752 5154 sermonum
1800 5116 2031 5167 eorum,
2083 5104 2142 5156 et

506 5192 921 5247 confundamus
943 5209 1046 5264 per
1063 5193 1532 5265 approbationem
1553 5192 1909 5248 verissimam
1928 5194 2141 5249 ibidem

506 5287 730 5356 linguas
786 5302 984 5341 eorum
1007 5286 1253 5342 elevatas
1296 5292 1499 5342 contra
1529 5287 1826 5342 scientiam
1859 5287 2141 5360 unigeniti

504 5379 628 5434 Filii
654 5379 790 5448 Dei;
820 5384 878 5434 et
898 5381 1260 5451 iniquitatem
1288 5381 1347 5435 in
1379 5381 1745 5436 altitudinem
1773 5382 2140 5438 humanitatis

505 5472 628 5544 ejus
644 5473 962 5545 loquentes,
994 5495 1020 5522 ››
1053 5474 1477 5545 disrumpamus
1495 5475 1718 5529 vincula
1739 5493 1942 5531 eorum
1970 5477 2135 5544 (Psal.

504 5583 564 5637 11,
599 5567 649 5638 3)
678 5588 705 5615 ››
755 5582 862 5638 per
900 5567 1155 5638 gladium
1187 5566 1560 5637 spiritualem,
1596 5569 1749 5637 quod
1793 5573 1876 5624 est
1904 5569 2140 5623 verbum

501 5660 638 5726 Dei,
695 5681 741 5710 ~«
779 5664 837 5715 et
887 5660 1254 5731 projiciamus
1317 5675 1352 5711 a
1404 5658 1567 5713 nobis
1619 5661 1828 5732 jugum
1885 5660 2138 5732 ipsorum

508 5753 709 5822 (Ibid),
741 5773 768 5804 »
799 5769 901 5824 per
918 5751 1409 5823 expugnationem
1431 5753 1660 5823 profani
1678 5770 1873 5809 sensus
1890 5755 2137 5811 illorum.

509 5862 537 5898 ς(
575 5845 730 5909 Tunc
757 5845 914 5900 enim
951 5844 1074 5915 ipse
1099 5859 1332 5917 quoque
1355 5845 1624 5900 Dominus
1643 5846 1904 5905 irridebit
1937 5865 2052 5919 eos,
2086 5853 2144 5912 et

2595 4631 2928 4702 Rescriptum
2973 4627 3174 4687 Liberii
3192 4632 3266 4687 ad
3293 4629 3516 4687 eosdem.

2309 4725 2678 4780 Dilectissimo
2707 4726 2820 4780 ﬁlio
2857 4729 3169 4782 ATHANASIO
3213 4731 3269 4781 et
3316 4726 3578 4780 omnibus
3602 4725 3662 4779 in
3696 4742 3875 4780 unum

2240 4820 2622 4890 congregatis,
2652 4823 2710 4874 et
2735 4820 2804 4876 de
2833 4819 3123 4875 Trinitatis
3164 4821 3274 4875 ﬁde
3319 4826 3470 4875 recte
3501 4820 3878 4874 sentientibus

2239 4913 2632 4984 Egyptiorum
2663 4913 2940 4985 episcopis
2962 4913 3214 4969 meuus
3248 4932 3417 4986 papa.

2309 5006 2458 5062 Olim
2487 5013 2544 5062 et
2569 5007 2638 5062 ab
2669 5007 2830 5062 initio
2852 5011 3070 5063 tantam
3099 5008 3461 5080 percepimus
3484 5025 3516 5061 a
3533 5007 3697 5062 beato
3712 5008 3877 5064 Petro

2239 5101 2621 5172 apostolorum
2651 5102 2910 5173 principe
2924 5102 3213 5172 ﬁduciam,
3239 5107 3299 5156 ut
3311 5102 3625 5156 habeamus
3637 5103 3878 5156 auctori-

2241 5197 2436 5263 tatem,
2452 5211 2554 5265 pro
2570 5195 2873 5250 universali
2885 5195 3128 5251 Ecclesia
3138 5195 3210 5251 ad
3226 5201 3441 5250 rectam
3456 5195 3876 5250 defendendam

2240 5288 2429 5356 ﬁdem,
2460 5293 2757 5359 quatenus,
2783 5289 2924 5344 nulli
2952 5289 3116 5344 liceat
3145 5295 3355 5344 statum
3385 5292 3590 5344 sanctas
3617 5289 3877 5343 Ecclesia:

2241 5399 2602 5439 commovere
2619 5383 2690 5438 ad
2705 5383 2997 5438 laesionem
3011 5386 3161 5439 recte
3177 5383 3536 5438 credentium
3554 5381 3768 5453 absque
3791 5381 3878 5436 sui

2239 5476 2492 5548 periculo
2517 5477 2768 5532 honoris.
2800 5477 3098 5547 Epistolam
3117 5477 3399 5548 siquidem
3416 5478 3662 5530 vestram
3691 5473 3878 5529 nobis-

2241 5586 2351 5640 que
2381 5571 2650 5624 directam
2676 5576 2805 5626 ante
2824 5587 2928 5625 nos
2950 5571 3177 5625 recitari
3199 5570 3452 5636 fecimus,
3471 5567 3876 5623 tribulatione:

2242 5669 2299 5718 et
2329 5665 2747 5734 persecutiones
2786 5683 2927 5737 quas
2953 5681 3054 5736 pro
3084 5665 3240 5719 recta
3273 5661 3386 5718 ﬁde
3412 5661 3671 5734 patimini
3701 5659 3872 5714 intel-

2239 5756 2503 5812 leximus.
2551 5760 2731 5830 Super
2775 5759 2978 5830 quibus
3014 5763 3070 5813 et
3117 5774 3220 5812 nos
3269 5773 3385 5811 una
3409 5755 3704 5810 nobiscum
3732 5770 3872 5808 con-

2243 5850 2522 5923 dolemus,
2574 5856 2632 5907 et
2678 5852 2932 5908 laborare
2978 5868 3083 5924 pro
3127 5850 3286 5906 vobis
3319 5853 3385 5905 ut
3422 5851 3582 5922 pater
3605 5864 3711 5920 pro
3742 5847 3874 5906 ﬁliis
