4032 6290
233 283 337 346 63ῒ

1432 277 1906 344 DECRETALIUM
1945 279 2328 343 COLLECTIO.

3503 287 3607 346 638

231 398 426 469 parati
456 412 671 460 sumus,
704 395 879 452 fidem
909 413 1041 452 vero
1071 398 1284 453 Niceni
1322 398 1548 453 concilii
1577 400 1636 452 in
1670 399 1870 452 eadem
1893 398 2402 483 Acondemnatus,
2463 397 2622 450 nullo
2677 393 2845 451 modo
2905 401 3132 466 oportet
3179 412 3284 451 nos
3339 396 3603 468 deinceps

231 491 472 561 epistola
497 495 710 545 rectam
739 491 1077 563 reperimus,
1108 508 1278 562 super
1301 508 1414 564 qua
1435 494 1490 546 et
1519 493 1632 546 Deo
1661 490 1871 561 gratias

229 584 552 638 uberrimas
583 585 904 652 retulimus,
933 602 1036 656 pro
1064 602 1179 656 qua
1203 602 1318 640 non
1357 585 1716 640 solummodo
1747 601 1872 655 per-

229 677 566 746 secutiones,
601 683 658 733 et
705 678 992 749 passiones
1038 679 1320 734 sustinere
1367 679 1656 732 vobiscum
1684 678 1869 749 parati

231 788 450 838 sumus,
483 773 578 826 sed
605 772 796 840 etiam,
828 773 874 826 si
899 791 1129 828 necesse
1174 774 1363 840 fuerit,
1397 772 1545 828 mori
1571 789 1674 842 pro
1704 771 1866 826 Chri-

229 867 300 919 sti
331 865 586 932 nomine,
621 866 677 920 in
704 870 982 937 quantum
1025 871 1218 922 nostra
1265 867 1402 920 sinit
1431 867 1726 936 fragilitas,
1753 883 1870 919 non

229 959 574 1030 respuimus.
625 959 802 1030 Igitur
858 961 1195 1030 prtedictum
1248 963 1508 1014 sanctum
1565 959 1868 1014 concilium

229 1053 313 1120 (ut
335 1054 602 1124 legimus)
649 1053 905 1108 deﬁnivit
950 1055 1264 1121 Nicaauum,
1297 1053 1468 1108 aliam
1513 1053 1686 1108 ﬁdem
1729 1053 1867 1106 nulli

228 1147 397 1200 licere
455 1147 729 1218 proferre,
783 1152 880 1202 aut
933 1148 1308 1216 conscribere,
1361 1149 1448 1202 vel
1500 1165 1863 1220 componere,

227 1246 324 1294 aut
370 1257 572 1312 sapere
615 1241 702 1296 vel
747 1241 950 1296 docere
980 1242 1163 1309 aliter,
1195 1258 1298 1296 nec
1326 1243 1640 1313 quidquam
1669 1243 1728 1296 in
1753 1244 1864 1298 fide

224 1333 459 1400 sentire,
506 1340 604 1388 aut
647 1335 904 1406 proferre
935 1335 1090 1406 quod
1121 1335 1208 1388 his
1233 1337 1463 1389 Patrum
1495 1336 1710 1404 regulis
1741 1353 1866 1407 pos-

226 1426 296 1480 sit
323 1427 578 1482 obviare.
625 1428 732 1492 Qui
771 1431 964 1482 autem
1007 1427 1482 1498 prmsumpserint
1525 1445 1863 1500 componere

225 1521 400 1574 aliam
435 1521 608 1576 fidem
649 1527 748 1576 aut
789 1523 1069 1592 proferre,
1098 1521 1320 1588 docere,
1349 1523 1434 1576 vel
1461 1523 1688 1577 tradere
1712 1522 1864 1577 aliud

224 1615 558 1684 symbolum
587 1615 658 1670 ad
683 1615 832 1669 viam
861 1615 1116 1670 veritatis
1135 1615 1386 1670 converti
1411 1614 1863 1670 desiderantibus

225 1707 292 1762 de
319 1725 660 1779 quacunque
687 1709 914 1775 hairesi,
957 1709 1040 1762 vel
1068 1725 1132 1764 ex
1157 1709 1384 1780 Judaeis,
1415 1709 1503 1762 vel
1531 1726 1600 1762 ex
1627 1710 1862 1780 paganis

1970 495 2178 559 tacere,
2211 493 2312 545 aut
2335 490 2648 562 quiescere,
2695 507 2766 546 ne
2798 490 3024 561 quando
3053 489 3236 562 iniqui
3280 489 3609 561 judicemur

1970 583 2241 638 odibilem
2255 585 2366 638 Deo
2375 601 2576 655 pacem
2589 585 3022 655 amplectentes,
3038 584 3312 655 quoniam
3330 583 3606 655 scriptum

1971 681 2058 731 est
2071 695 2084 730 :
2099 677 2282 732 Zelavi
2307 677 2364 730 iu
2391 678 2782 749 peccatoribus
2795 695 2994 749 pacem
3011 683 3373 749 peccatorum
3389 677 3604 746 videns,

1969 775 2028 825 et
2043 771 2262 826 dicatur
2282 771 2456 825 etiam
2479 772 2550 826 de
2573 772 2736 826 nobis
2756 790 2767 826 ε
2786 773 3111 828 Sacerdotes
3133 771 3244 826 mei
3261 775 3610 843 contempse-

1969 869 2103 918 runt
2139 865 2328 935 legem
2377 882 2588 932 meam,
2642 869 2700 920 et
2745 867 3082 938 polluerunt
3110 865 3426 920 sanctuaria
3455 882 3602 932 mea,

1968 958 2119 1013 inter
2139 962 2398 1012 sanctum
2425 964 2480 1012 et
2507 960 2806 1030 profanum
2831 977 2946 1014 non
2971 961 3222 1015 habuere
3247 959 3599 1026 distantiam,

1967 1051 2118 1108 inter
2153 1053 2430 1124 pollutum
2461 1056 2518 1106 et
2545 1053 2828 1108 mundum
2871 1053 2992 1109 non’
3035 1037 3455 1122 intellexerunt,
3501 1054 3601 1107 sed

1967 1163 2312 1218 consurgere
2339 1147 2398 1201 in
2429 1148 2561 1215 Deo,
2588 1151 2646 1200 et
2670 1147 2978 1202 consistere
3025 1151 3288 1218 prompte
3315 1148 3386 1215 ei,
3418 1151 3473 1201 et
3511 1147 3601 1201 in-

1966 1240 2206 1295 duentes
2228 1256 2388 1294 arma
2415 1240 2646 1312 spiritus
2677 1241 2950 1295 adversus
2991 1242 3374 1312 malignantes
3399 1243 3600 1294 contra

1965 1333 2140 1388 ﬁdem
2171 1335 2311 1404 ejus,
2344 1339 2408 1388 ut
2427 1335 2807 1406 approbemus
2831 1335 3059 1406 spiritus
3089 1335 3398 1407 sapienter,
3419 1334 3474 1390 id
3493 1338 3597 1402 est,

1965 1426 2133 1480 verba
2163 1444 2360 1482 eorum
2402 1429 2448 1482 si
2481 1445 2550 1482 ex
2582 1429 2698 1483 Deo
2728 1435 2879 1483 sunt.
2924 1429 3208 1500 Scriptum
3245 1433 3330 1483 est
3357 1428 3512 1482 enim
3542 1428 3602 1482 in

1961 1520 2204 1576 Jeremia
2233 1538 2246 1574 :
2281 1541 2309 1573 ι(
2337 1521 2706 1577 Probatorem
2741 1523 2873 1576 dedi
2915 1526 2970 1576 te
3001 1523 3058 1576 in
3105 1523 3310 1594 populo
3351 1538 3480 1576 meo
3507 1538 3596 1576 ro-

1961 1613 2216 1681 bustum,
2245 1614 2385 1668 scies
2411 1621 2466 1670 et
2491 1616 2762 1686 probabis
2781 1616 2932 1670 viam
2953 1633 3152 1670 eorum
3173 1617 3298 1686 (Jer.
3331 1633 3406 1682 vr,
3434 1616 3546 1686 27);
3568 1635 3597 1668 ιι

1963 1708 2142 1762 multa
2189 1725 2442 1779 namque
2493 1709 2658 1763 nobis
2698 1709 3020 1764 necessaria
3071 1713 3156 1764 est
3191 1709 3510 1779 vigilantia,
3546 1715 3603 1763 et

222 1801 576 1856 Christianos
617 1817 674 1856 se
715 1803 840 1856 fieri
881 1801 1200 1856 volentibus
1231 1770 1340 1889 εἰ.ὴὶ
1377 1803 1424 1855 si
1457 1802 1706 1872 episcopi
1734 1803 1856 1857 fue—
1883 1785 1937 1855 Β
1960 1804 2117 1854 tanta
2157 1801 2362 1855 divinae
2395 1802 2690 1873 sapientiae
2721 1804 2946 1858 rimatio
2997 1819 3127 1874 quae
3178 1804 3398 1858 occulta
3441 1807 3599 1858 tene-

222 1894 358 1962 rint,
387 1900 488 1949 aut
529 1894 738 1962 clerici,
770 1896 1004 1950 alienari
1043 1895 1278 1967 quidem
1321 1895 1614 1966 episcopos
1637 1896 1706 1950 ab
1737 1897 1860 1967 epi-

221 1994 482 2060 scopatu,
516 1990 698 2044 cleros
746 2007 780 2044 a
820 1990 989 2044 clero.
1033 1990 1092 2045 Si
1122 2006 1256 2043 vero
1295 1989 1578 2058 monachi,
1606 1993 1706 2044 aut
1734 1990 1862 2044 laici

219 2083 456 2150 fuerint,
471 2084 833 2138 anathemate
860 2083 1038 2138 feriri.
1063 2086 1410 2139 Protestatur
1435 2084 1646 2138 etenim
1665 2085 1862 2139 beatus

221 2177 527 2247 Apostolus
557 2176 750 2232 dicens
779 2194 793 2232 :
830 2199 856 2226 α
885 2177 944 2234 Si
970 2178 1096 2249 quis
1138 2180 1334 2244 certat,
1367 2194 1487 2232 non
1534 2182 1858 2246 coronatur,

218 2270 330 2324 nisi
373 2270 640 2340 legitime
685 2270 986 2328 certaverit
1031 2271 1101 2340 (Il
1137 2275 1272 2326 Tim.
1304 2288 1364 2338 ιι,
1394 2275 1468 2340 5);
1503 2290 1532 2322 »
1569 2275 1628 2326 et
1651 2271 1860 2326 iterum

221 2363 495 2418 Dominus
520 2364 640 2418 ait:
673 2384 702 2416 «
730 2363 838 2428 Qui
876 2368 1064 2418 autem
1112 2363 1550 2435 perseveraverit
1592 2381 1770 2436 usque
1799 2365 1859 2418 in

219 2456 422 2522 ﬁnem,
457 2457 548 2510 hic
579 2460 762 2513 salvus
806 2457 914 2512 erit
960 2457 1170 2527 (Matth.
1219 2475 1370 2527 xxw,
1402 2459 1507 2528 13);
1541 2481 1568 2508 »
1601 2457 1861 2513 videlicet

219 2551 628 2606 certaminibus
659 2553 832 2606 sacris
873 2552 1179 2623 propositis
1209 2553 1371 2606 nobis
1397 2568 1500 2622 pro
1533 2551 1859 2606 defensione

218 2643 512 2698 catholicae
559 2645 836 2712 Ecclesiae,
887 2661 1208 2716 magnaque
1251 2647 1428 2700 salute
1475 2662 1545 2700 ex
1592 2645 1702 2699 hoc
1733 2662 1856 2716 spe-

218 2741 338 2792 rata
367 2739 440 2792 ab
467 2738 728 2792 omnium
755 2739 1038 2794 bonorum
1065 2739 1260 2794 datore
1289 2740 1420 2806 Deo,
1449 2755 1564 2792 non
1593 2739 1862 2794 deﬁciant

219 2848 426 2886 manus
469 2839 678 2886 nostra:
717 2833 1064 2888 dilectissimi
1111 2833 1334 2901 fratres,
1365 2849 1468 2903 per
1506 2833 1858 2888 occasionem

218 2926 543 2996 cujuslibet,
581 2926 810 2980 desidia:
858 2926 1158 2995 dissolutae,
1194 2927 1291 2980 sed
1333 2927 1504 2980 fortes
1545 2927 1860 2981 efficiamur

217 3036 319 3090 per
349 3019 594 3090 gratiam
625 3020 849 3074 Domini
883 3027 1051 3092 atque
1091 3021 1360 3074 virtutem
1411 3020 1678 3091 potentim
1715 3021 1855 3090 ejus,

218 3113 494 3184 quoniam
536 3113 776 3183 perfecit
821 3113 991 3185 pedes
1038 3119 1257 3168 nostros
1287 3119 1561 3184 tauquam
1601 3130 1854 3180 suorum,

217 3209 272 3260 et
301 3223 480 3277 super
507 3207 726 3261 excelsa
774 3207 997 3262 firmius
1039 3207 1232 3261 statuit
1259 3207 1582 3262 intellectus
1619 3224 1857 3262 summae

217 3301 340 3371 ejus
367 3300 741 3355 humanitatis
775 3306 1006 3372 propter
1033 3305 1286 3355 nostram
1312 3301 1578 3370 salutem,
1611 3301 1854 3356 maxime

215 3398 446 3466 tantqm
477 3395 759 3450 habentes
782 3395 1107 3466 impositam
1136 3400 1460 3449 sanctorum
1487 3395 1720 3450 testium
1746 3412 1854 3448 nu-

215 3413 360 3449 Iantl
387 3413 446 3448 m
477 3413 759 3450 na-oentes
782 3413 1107 3466 imposuam
1136 3413 1460 3449 sanctorum
1487 3413 1720 3450 tesuum
1746 3413 1854 3448 nu-

214 3413 760 3636 bemLDeponentes
781 3505 917 3560 ergo
946 3507 1114 3544 omne
1133 3490 1378 3560 pondus,
1411 3491 1467 3542 et
1491 3488 1859 3543 circumstan—

217 3587 334 3636 tem
396 3582 818 3636 dversariorum
861 3583 1172 3636 novitatem
1218 3600 1322 3636 uer
1367 3581 1697 3636 patientiam
1727 3599 1852 3636 cur—

217 3587 334 3636 tem
359 3581 818 3637 adversariorum
861 3583 1172 3638 novitatem
1218 3600 1322 3654 per
1367 3581 1697 3653 patientiam
1727 3599 1852 3636 cur—

215 3693 432 3744 ramus,
463 3677 801 3746 aspicientes
827 3677 888 3731 in
913 3683 1206 3731 auctorem
1232 3676 1384 3743 fidei,
1420 3679 1476 3730 et
1503 3692 1858 3730 consumma-

215 3775 402 3835 torem
448 3771 640 3824 Jesum
682 3769 778 3841 qui
821 3771 878 3824 in
931 3771 1226 3841 proposito
1256 3771 1422 3824 nobis
1453 3773 1690 3840 propter
1721 3787 1852 3824 eum

219 3863 476 3934 negotio,
505 3863 770 3934 spiritum
810 3864 974 3918 nobis
1012 3881 1129 3918 sum
1164 3863 1414 3918 veritatis
1443 3863 1732 3918 condonet
1767 3865 1853 3918 lo-

219 3959 498 4028 quentem
525 3955 586 4012 in
615 3957 778 4011 nobis
803 3963 970 4029 atque
999 3958 1400 4029 prohibentem
1420 3957 1709 4029 magnalia
1723 3957 1858 4012 ﬁdei

215 4068 324 4124 per
371 4051 692 4106 doctrinam
737 4056 1060 4106 sanctorum
1105 4054 1334 4107 Patrum
1385 4069 1524 4124 quos
1550 4051 1857 4106 adversarii

217 4146 649 4200 calumniantur
664 4146 1010 4217 quotidieJn
1024 4146 1318 4217 prophetis
1330 4163 1578 4217 namque
1589 4146 1852 4200 habetur:

219 4261 248 4288 κ
277 4241 516 4310 Propter
547 4239 682 4295 Sion
736 4257 849 4294 non
901 4240 1122 4308 tacebo,
1171 4245 1227 4294 et
1268 4245 1507 4310 propter
1551 4239 1691 4295 Sion
1739 4255 1854 4293 non

217 4331 536 4404 quiescam,
556 4332 736 4388 donec
756 4333 1104 4404 egrediatur,
1128 4339 1192 4388 ut
1211 4333 1481 4404 splendor
1503 4334 1690 4403 justus
1711 4333 1851 4404 ejus,

1961 1893 2194 1948 brarum
2223 1896 2438 1950 revelat
2481 1896 2554 1950 ad
2592 1896 3026 1968 requisitionem
3055 1897 3382 1968 hujusmodi
3409 1897 3511 1964 rei,
3547 1904 3604 1952 et

1963 1989 2395 2056 scrutationem,
2423 1988 2696 2060 quoniam
2739 1991 2878 2045 latet
2919 1991 3353 2062 quodammodo
3382 1997 3438 2046 et
3473 1993 3598 2046 abs-

1963 2082 2244 2148 conditur,
2283 2081 2486 2152 vixque
2530 2084 3053 2153 comprehenditur,
3101 2084 3300 2140 dolosa
3349 2085 3598 2140 existens

1963 2175 2202 2243 malitia,
2221 2192 2324 2246 pro
2343 2193 2409 2230 eo
2429 2176 2578 2246 quod
2601 2177 2709 2230 sibi
2729 2177 3006 2247 pietatem
3029 2177 3232 2232 callide
3253 2177 3597 2246 blandiatur,

1961 2273 2026 2323 ut
2055 2269 2242 2323 valeat
2267 2270 2646 2324 scrutantium
2675 2275 2930 2325 mentem
2961 2272 3137 2326 latere
3161 2289 3174 2338 ;
3223 2272 3374 2342 quod
3407 2273 3602 2342 utique

1962 2361 2144 2416 sciens
2195 2361 2396 2416 beatus
2444 2365 2766 2435 Apostolus,
2818 2363 2897 2418 ait
2944 2381 2956 2418 :
3009 2385 3036 2417 ι(
3079 2367 3220 2420 Nam
3275 2366 3604 2436 hujusmodi

1961 2455 2178 2526 pseudo
2231 2456 2468 2526 apostoli
2526 2462 2580 2510 et
2636 2457 2878 2527 operarii
2927 2458 3144 2514 subdoli
3197 2459 3601 2531 transﬁgurant

1963 2566 2022 2602 se
2071 2549 2129 2603 in
2175 2550 2462 2620 apostolos
2488 2550 2692 2605 Christi
2715 2553 2784 2618 (Il
2834 2554 2954 2608 Cor.
2999 2568 3070 2618 χι,
3117 2555 3224 2624 l3).
3272 2572 3300 2605 »
3345 2553 3452 2608 Sed
3479 2569 3598 2607 non

1960 2643 2192 2710 mirum,
2211 2643 2484 2713 quoniam
2515 2647 2572 2698 et
2599 2645 2718 2714 ipse
2751 2645 2990 2700 Satanas
3017 2648 3388 2718 transﬁgurat
3414 2663 3474 2700 se
3502 2663 3595 2700 ve-

1959 2736 2045 2790 lut
2083 2737 2320 2806 angelus
2364 2737 2526 2806 lucis,
2575 2743 2632 2792 ct
2675 2738 2801 2792 ideo
2847 2755 2960 2793 non
3015 2739 3248 2808 mirum,
3281 2740 3328 2794 si
3351 2739 3598 2795 ministri

1961 2830 2084 2900 ejus
2109 2831 2591 2901 transﬁgurantur
2609 2832 2764 2885 velut
2783 2832 3024 2886 ministri
3040 2833 3300 2903 justitias,
3325 2833 3598 2904 quoniam

1960 2923 2090 2977 finis
2141 2924 2453 2978 secundum
2493 2941 2668 2996 opera
2714 2942 2940 2994 eorum,
2991 2927 3089 2980 sed
3133 2931 3191 2981 et
3231 2927 3501 2982 Dominus
3539 2927 3599 2982 in

1960 3017 2068 3071 hoc
2093 3017 2478 3088 preemuniens
2507 3035 2631 3088 nos,
2666 3019 2746 3073 ait
2779 3035 2792 3073 :
2829 3041 2855 3068 α
2885 3021 3170 3075 Attendite
3201 3039 3232 3074 a
3269 3021 3421 3076 falsis
3464 3037 3595 3092 pro-

1959 3111 2145 3181 phetis
2173 3111 2272 3182 qui
2301 3110 2538 3166 veniunt
2568 3112 2637 3166 ad
2665 3129 2764 3167 vos
2802 3113 2858 3167 in
2886 3113 3238 3170 vestimentis
3267 3113 3474 3185 ovium,
3505 3114 3595 3170 in-

1957 3205 2234 3258 trinsecus
2283 3209 2418 3259 sunt
2473 3206 2592 3276 lupi
2643 3206 2908 3277 rapices;
2973 3225 3008 3262 a
3070 3210 3347 3277 fructibus
3399 3225 3598 3265 eorum

1959 3213 2234 3258 trmsecus
2283 3213 2418 3259 sunt
2473 3213 2592 3276 lupi
2643 3213 2908 3277 rapices;
2973 3225 3008 3262 a
3070 3213 3193 3264 fruc
3225 3213 3347 3264 ibus
3399 3225 3598 3265 eorum

1959 3299 2308 3368 cognoscetis
2356 3315 2452 3353 eos
2497 3299 2711 3366 (Matth.
2763 3317 2858 3370 v11,
2911 3306 2995 3369 15,
3035 3303 3140 3373 16).
3172 3213 3470 3378 wJErgoiii
3513 3305 3598 3359 id-

1957 3392 2146 3462 ipsum
2189 3409 2256 3446 ex
2303 3396 2418 3446 toto
2469 3393 2639 3447 corde
2685 3395 2997 3450 referentes
3037 3399 3168 3452 ante
3211 3397 3400 3452 omnia
3425 3415 3595 3468 super

1956 3486 2053 3539 tali
2077 3486 2380 3556 quaestione
2407 3487 2898 3557 deprecationem,
2937 3493 2996 3544 et
3038 3489 3291 3546 dicentes
3321 3508 3452 3546 cum
3491 3491 3594 3546 Da-

1956 3579 2140 3633 vid:«
2171 3579 2376 3635 Revela
2417 3581 2610 3634 oculos
2662 3598 2838 3649 meos,
2887 3587 2945 3638 et
2993 3583 3364 3638 considerabo
3415 3584 3588 3640 mira-

1955 3673 2087 3728 bilia
2114 3674 2184 3728 de
2211 3675 2338 3744 lege
2365 3678 2466 3728 tua
2493 3674 2656 3744 (Psal.
2695 3691 2886 3743 cxvui,
2924 3677 3030 3746 18),
3063 3699 3090 3728 ››
3126 3701 3152 3726 ‹‹
3183 3679 3408 3732 lucerna
3437 3679 3594 3736 enim

1956 3768 2195 3839 pedibus
2231 3769 2374 3822 meis
2419 3767 2654 3822 verbum
2687 3771 2868 3836 tuum,
2901 3771 3160 3838 Domine,
3199 3775 3256 3827 et
3283 3772 3479 3828 lumen
3509 3791 3592 3828 se-

1957 3862 2111 3916 mitis
2155 3861 2298 3916 meis
2343 3863 2510 3933 (Psat.
2569 3879 2756 3930 cxvm,
2822 3865 2946 3936 l8),
3003 3887 3030 3914 ››
3083 3865 3356 3937 quoniam
3416 3867 3591 3938 ipsius

1959 3960 2042 4009 est
2088 3956 2250 4024 (sicut
2293 3957 2372 4011 ait
2419 3956 2622 4011 beatus
2667 3957 2867 4012 Daniel
2911 3959 3208 4030 propheta)
3242 3960 3592 4032 «sapientia,

1954 4049 2252 4118 fortitudo,
2283 4049 2382 4104 dat
2409 4049 2749 4121 sapientiam
2781 4052 3153 4122 sapientibus,
3205 4059 3261 4108 et
3297 4055 3592 4110 scientiam

1957 4143 2409 4214 intelligentibus
2451 4143 2835 4215 disciplinam.
2882 4148 3004 4217 Ipse
3055 4149 3266 4202 revelat
3310 4151 3592 4219 profunda

1957 4241 2014 4291 et
2042 4236 2396 4304 abscondita,
2447 4240 2503 4290 et
2545 4239 2702 4292 novit
2749 4239 2808 4292 in
2857 4241 3106 4294 tenebris
3162 4243 3486 4308 constituta,
3537 4251 3594 4298 et

1955 4331 2045 4383 lux
2073 4347 2202 4384 cum
2239 4347 2304 4383 eo
2335 4335 2417 4384 est
2447 4330 2605 4398 (Dan.
2639 4348 2696 4399 ιι,
2731 4333 2940 4394 20-22).
2973 4355 3000 4382 ››
3044 4333 3183 4397 Quia
3229 4335 3587 4406 sapientiam,

217 4395 278 4487 ἐξ
324 4395 568 4487 sanatur
613 4432 754 4503 ejus,
791 4395 870 4486 “ut
917 4395 1131 4503 lampas
1177 4395 1522 4486 aagendam;-
1557 4431 1679 4500 (Ῑεα,
1723 4395 1910 4498 [jx-[1,,
1955 4421 2157 4494 inquit,
2189 4427 2246 4476 et
2271 4395 2692 4478 fortitudinem:
2721 4424 2927 4479 dedisti
2977 4395 3142 4495 mihi,
3185 4431 3242 4482 et
3291 4395 3592 4486 ostendisti
3661 4487 3664 4491 ,

221 4527 295 4596 4),
357 4547 384 4576 ››
435 4526 698 4581 Profecto
756 4525 1030 4581 catholica
1072 4525 1320 4581 Ecclesia
1371 4542 1482 4596 qua
1536 4543 1668 4580 vera
1719 4517 2100 4603 con-Dmihi
2141 4533 2268 4588 quae
2319 4517 2518 4588 rogavi
2561 4520 2637 4584 te,
2686 4535 2816 4572 cum
2862 4534 3033 4590 opera
3080 4519 3270 4574 divina
3323 4521 3589 4578 uniuscu-

220 4619 368 4676 sistit
394 4620 557 4688 Sion,
587 4626 642 4674 et
675 4621 864 4675 civitas
907 4621 1118 4676 Christi
1158 4621 1430 4674 caelorum
1457 4620 1606 4690 regis
1641 4635 1742 4689 per
1775 4623 1857 4673 tot

217 4731 506 4770 annorum
555 4713 740 4785 spatia
785 4717 1112 4786 expugnata
1148 4713 1218 4767 ab
1264 4713 1653 4767 aversantibus
1684 4712 1856 4766 verba

217 4809 376 4878 ﬁdei,
401 4809 502 4881 qui
528 4823 713 4879 neque
729 4810 906 4863 Deum
929 4808 1136 4862 timent
1163 4824 1349 4878 neque
1375 4807 1674 4862 hominem
1705 4822 1858 4860 reve-

219 4907 440 4972 rentur,
475 4901 578 4957 sed
601 4902 887 4957 incassum
923 4899 1365 4973 perducentibus
1389 4901 1511 4972 pias
1543 4903 1601 4955 et
1625 4900 1851 4954 canoni-

221 5015 315 5052 cas
341 4997 410 5052 de
443 4997 552 5050 hoc
576 4996 749 5050 verbo
780 4995 1083 5066 doctrinas,
1114 4995 1252 5050 dum
1281 4994 1530 5050 adversis
1573 4995 1854 5066 tantisque

222 5091 456 5162 scripto,
514 5096 572 5144 et
625 5091 748 5145 sine
811 5089 1018 5162 scripto
1076 5089 1584 5144 contestationibus
1640 5088 1856 5142 invitati

222 5185 466 5240 fuissent
493 5185 782 5255 corrigere
825 5183 1140 5255 propriam,
1187 5187 1244 5238 et
1283 5183 1522 5257 sepelire
1567 5183 1854 5251 haeresim,

222 5279 384 5334 sicuti
435 5281 495 5332 et
541 5295 644 5350 per
685 5277 1031 5350 anteriorem
1079 5277 1472 5347 cognitionem
1517 5276 1858 5331 luculentius

223 5341 680 5428 demonstratum
721 5341 971 5476 estrtltam
1000 5388 1105 5441 per
1129 5341 1350 5426 libellos
1389 5387 1558 5442 quam
1592 5387 1692 5440 per
1723 5386 1854 5440 sug-

223 5468 514 5538 gestioncs
543 5463 1152 5520 reverendissimorum
1190 5463 1569 5530 sacerdotum,
1604 5466 1660 5517 et
1689 5479 1853 5517 vene-

221 5558 492 5616 rabilium
507 5559 801 5628 abbatum,
817 5558 1084 5630 Apostolo
1101 5561 1456 5630 protestante
1478 5557 1662 5624 nobis,
1679 5560 1743 5611 ut
1758 5557 1860 5610 ho—

223 5655 446 5710 minem
477 5653 812 5708 hzereticum
851 5656 978 5724 post
1021 5652 1265 5723 primam
1302 5655 1360 5706 et
1397 5652 1704 5707 secundam
1729 5667 1856 5706 cor-

221 5749 546 5820 reptionem
567 5747 780 5802 evitare
821 5747 1153 5814 debeamus,
1191 5746 1431 5801 scientes
1480 5747 1616 5817 quia
1659 5745 1859 5817 hujus-

223 5837 384 5912 modi
432 5837 734 5896 subversas
780 5841 882 5910 est,
930 5841 987 5894 et
1033 5835 1336 5922 delinquit}
1366 5835 1596 5910 preprio
1639 5833 1860 5910 judicio

1947 4612 2154 4682 jusque
2199 4627 2459 4681 personas
2509 4609 2788 4682 descripta
2837 4629 3036 4667 eorum
3068 4611 3168 4684 qui
3199 4629 3300 4685 pro
3327 4614 3590 4672 novitatis

1954 4707 2277 4760 commento
2309 4703 2551 4758 accusati
2597 4707 2730 4759 sunt
2774 4703 2844 4760 de
2891 4707 3199 4762 venerabili
3227 4712 3419 4765 nostro
3451 4711 3588 4766 scri-

1954 4801 2050 4854 nio
2077 4797 2615 4866 obsecundantibus,
2649 4805 2704 4854 et
2727 4799 2890 4854 nobis
2935 4800 3327 4857 ordinabiliter
3355 4803 3593 4862 offeren-

1957 4894 2105 4948 tibus
2137 4893 2397 4948 solertius
2429 4893 2807 4961 intendamus,
2841 4893 2918 4948 ita
2941 4899 3006 4948 ut
3032 4894 3130 4965 qui
3173 4895 3296 4950 hinc
3321 4913 3594 4968 praesum-

1957 4988 2178 5059 pserint
2218 4987 2598 5058 praevaricari,
2647 4987 2899 5059 primum
2961 4987 3195 5058 quidem
3257 4991 3592 5062 subjaceant

1949 5081 2166 5153 judicio
2216 5081 2459 5136 terribili
2517 5081 2926 5152 omnipotentis
2974 5080 3092 5151 Dei,
3151 5082 3353 5139 deinde
3399 5090 3592 5142 autem

1958 5177 2314 5247 qualemcun.
2325 5191 2418 5245 pie
2435 5174 2689 5244 regalem
2711 5173 3170 5244 indignationem
3193 5183 3587 5246 revereantur,

1959 5285 2059 5338 per
2102 5285 2275 5340 quam
2329 5267 2562 5338 quidem
2609 5265 2656 5320 si
2706 5265 2958 5337 episcopi
3005 5273 3106 5322 aut
3147 5269 3340 5325 clerici
3372 5275 3524 5341 sunt,
3557 5287 3592 5327 a

1959 5362 2044 5414 sui
2083 5359 2400 5428 sacerdotii,
2444 5359 2558 5414 sive
2603 5377 2637 5414 a
2678 5359 2762 5414 sui
2792 5359 2926 5414 cleri
2949 5359 3150 5416 ordine
3195 5364 3386 5419 modis
3411 5365 3593 5420 omni-

1958 5455 2060 5508 bus
2085 5455 2378 5508 excedant.
2409 5452 2464 5507 Si
2490 5455 2684 5507 autem
2715 5453 2987 5508 monachi
3015 5458 3167 5522 sunt,
3196 5462 3588 5527 segregentur,

1959 5551 2015 5602 et
2039 5547 2204 5602 alieni
2249 5548 2360 5601 sint
2402 5547 2470 5602 de
2520 5546 2636 5602 suis
2677 5547 2836 5602 locis.
2888 5547 2951 5602 Si
2998 5553 3191 5603 autem
3228 5549 3586 5620 dignitatem,

1957 5645 2058 5696 aut.
2098 5641 2412 5711 cingulum,
2466 5647 2564 5696 aut
2612 5641 2878 5696 militiam
2909 5641 3176 5708 habeant,
3207 5641 3494 5696 nudentur
3519 5643 3588 5698 de

1958 5735 2056 5792 eis.
2105 5736 2200 5790 Sin
2254 5739 2446 5790 autem
2478 5737 2613 5790 sunt
2637 5735 2864 5806 privati,
2897 5733 2944 5788 si
2973 5733 3201 5804 quidem
3227 5731 3444 5786 nobiles
3474 5733 3592 5790 exi-

1960 5835 2116 5898 stunt
2135 5846 2364 5886 suarum
2392 5828 2836 5886 substantiarum
2857 5824 3328 5901 proscriptionem
3357 5826 3586 5902 patiam.
