4032 6292
447 273 548 326 639

1351 267 1636 328 APPEND.
1677 273 1764 328 AD
1801 263 1966 328 SAL‘C.
2007 273 2094 329 1X.
2121 301 2190 314 —
2229 266 2468 330 lSlDORl
2508 273 2933 332 MERCATORIS

3713 280 3818 334 64-0

449 383 562 433 tur.
609 379 664 434 Si
711 385 905 435 autem
953 377 1234 452 ignobiles
1277 381 1610 450 consistunt,
1645 396 1758 435 non
1799 382 1981 435 solum
2023 382 2082 436 in
2103 397 2312 473 Arum
2333 381 2674 438 custodiant.
2706 384 2850 438 Data
2874 387 3068 438 octava
3091 383 3474 440 Kalendarum
3503 385 3676 456 Junii,
3710 390 3818 439 As-

454 470 503 542 1
521 471 642 544 57
676 490 913 545 corpore
938 475 1324 542 verberentur,
1355 475 1454 529 sed
1477 473 1675 530 exsilio
1700 478 1978 547 perpetuo
1995 493 2081 530 ca-

451 565 738 636 stigentur
762 610 775 633 ,
807 571 868 621 ut
896 584 1096 622 omnes
1125 568 1329 622 timore
1359 568 1455 622 Dei
1483 569 1812 641 compressi,
1841 574 1897 623 et
1921 586 2079 624 com-

450 659 663 714 minata
697 660 777 714 eis
806 661 981 732 digna
1024 661 1298 733 supplicia
1343 667 1662 719 reverentes
1702 662 2079 730 immobilem,

451 756 508 806 et
535 752 656 808 sine
683 753 1008 809 turbatione
1051 770 1252 826 pacem
1297 758 1617 810 sanctarum
1666 756 1767 810 Dei
1811 757 2081 811 Ecclesia-

2181 476 2383 547 clepio,
2417 479 2475 530 et
2503 477 2749 532 Deodato
2775 479 2859 546 IV,
2894 495 2975 532 cc.
3009 479 3226 533 consul.
3259 479 3450 534 Gratia
3491 481 3621 534 Jesu
3652 480 3815 534 Chri-

2183 575 2268 625 sto
2311 569 2549 626 Domino
2594 577 2806 640 nostro,
2858 589 2966 643 pax
3020 571 3195 627 vobis.
3246 575 3450 642 Amen,
3509 574 3621 629 Deo
3680 589 3817 644 gra-

2183 664 2307 718 tias.

1048 1036 1628 1130 INCIPIUNT
1719 1039 2242 1131 DECRETA
2337 1039 2763 1133 FELICIS
2853 1040 3219 1134 PAPzE.

447 1228 695 1296 Epistola
741 1229 1124 1298 Egyptiorum
1153 1233 1474 1300 pontiﬁcum
1519 1231 1594 1287 ad
1629 1235 1870 1289 eumdem
1905 1235 1972 1289 de
1995 1237 2081 1290 in-

882 1301 1266 1368 festationibus
1292 1304 1642 1359 Arianorum.

517 1415 757 1469 Domino
787 1414 1114 1471 beatissimo
1145 1420 1201 1471 et
1232 1417 1553 1474 honorabili
1579 1422 1771 1474 sancto
1805 1420 1958 1492 patri
1988 1421 2083 1475 FE-

449 1524 554 1564 ucx
596 1512 803 1564 sanctae
853 1510 1012 1566 Sedis
1063 1513 1390 1583 apostolicae
1440 1513 1593 1568 urbis
1647 1515 1847 1570 Romae
1896 1531 2081 1587 papae,

447 1605 819 1674 Arnamsws,
848 1608 905 1658 et
938 1604 1184 1660 universi
1220 1607 1637 1678 Egyptiarum,
1664 1608 2083 1664 Thebaidorum

451 1701 507 1750 et
535 1696 825 1752 Libiorum
849 1698 1098 1770 episcopi
1124 1699 1184 1754 in
1210 1705 1404 1756 sancta
1429 1701 1815 1757 Alexandrina
1828 1703 2081 1774 synodo,

451 1795 631 1866 gratia
659 1797 756 1850 Dei
782 1797 1136 1868 congregati.

522 1891 716 1945 Vestro
728 1894 918 1945 sancto
933 1907 996 1946 su
1004 1892 1295 1963 ggerimus
1306 1893 1664 1964 apostolatui,
1685 1897 1748 1948 ut
1762 1893 1938 1951 nostri
1954 1911 2081 1950 mo-

451 2000 510 2037 re
541 1984 705 2038 solito
735 1985 1177 2041 sollicitudinem
1202 2003 1402 2058 gerere
1439 1986 1783 2060 dignemini,
1801 1989 1968 2060 juxta
1996 2006 2084 2045 ve-

449 2081 628 2132 stram
644 2079 1147 2149 prudentissimam
1163 2080 1506 2152 sapientiam
1526 2099 1655 2155 quae
1674 2083 1942 2138 omnibus
1961 2084 2084 2138 luce

450 2172 656 2226 clarius
682 2172 989 2228 manifesta
1009 2179 1121 2241 est;
1143 2175 1279 2246 quia
1299 2175 1622 2247 apostolicis
1643 2181 1824 2232 vestra
1846 2177 2086 2231 beatitu-

451 2264 522 2319 do
537 2265 842 2320 visceribus
856 2283 979 2321 com
989 2271 1141 2321 mota
1157 2284 1262 2339 per
1277 2269 1703 2326 tribulationem
1721 2276 1970 2326 nostram
1983 2287 2085 2326 nos

449 2375 648 2414 omnes
669 2359 896 2416 hortata
918 2365 1001 2416 est
1019 2361 1089 2416 ad
1109 2361 1413 2418 tuitionem
1433 2364 1718 2420 catholicae
1741 2370 1796 2421 et
1815 2365 2080 2437 apostoli-

446 2469 529 2507 cae
548 2453 808 2508 Ecclesia:
829 2455 888 2508 in
912 2472 1091 2510 unum
1112 2456 1434 2524 convenire,
1453 2461 1509 2512 et
1521 2458 1592 2513 de
1605 2463 1796 2514 nostra
1816 2459 2084 2515 canonice

2184 1250 2379 1306 scopos
2429 1234 2706 1289 damnare
2734 1277 2748 1302 ,
2799 1235 2929 1290 licet
2983 1235 3105 1290 haec
3163 1239 3220 1290 et
3270 1233 3379 1290 alia
3427 1248 3601 1304 quam
3655 1232 3822 1303 plura

2185 1327 2501 1383 necessaria
2528 1327 2600 1382 ab
2629 1328 2932 1397 haereticis,
2980 1329 3080 1400 qui
3120 1344 3225 1384 nos
3270 1327 3522 1399 quotidie
3547 1325 3823 1381 infestant

2184 1425 2241 1476 et
2269 1420 2507 1492 perdere
2537 1419 2818 1490 nituntur,
2852 1426 2915 1476 ut
2940 1422 3161 1476 facilius
3201 1437 3303 1476 nos
3346 1435 3550 1492 capere
3578 1418 3819 1490 possint,

2185 1513 2298 1569 sint
2322 1514 2593 1586 synodica
2611 1515 2864 1587 capitula
2887 1516 3116 1572 incensa
3137 1515 3414 1587 nobisque
3434 1513 3677 1569 sublata.
3698 1514 3822 1576 Qua

2183 1607 2254 1662 de
2274 1624 2334 1662 re
2353 1609 2455 1662 hac
2475 1606 2703 1664 inventa
2731 1609 3025 1664 occasione
3054 1609 3448 1666 indifferenter
3473 1606 3631 1663 omni
3649 1622 3824 1661 cano-

2183 1701 2309 1757 nica
2339 1708 2395 1758 et
2423 1703 2731 1774 apostolica
2774 1703 3088 1775 postposita
3129 1702 3480 1773 auctoritate,
3524 1718 3652 1771 nos,
3694 1700 3746 1754 vi
3788 1717 3823 1755 a

2183 1796 2431 1868 propriis
2460 1797 2614 1852 vobis
2639 1797 2995 1866 inconsultis,
3025 1797 3218 1852 illicite
3249 1797 3536 1870 expellunt
3557 1794 3820 1860 sedibus;

2185 1906 2433 1962 ovesque
2459 1891 2625 1946 nobis
2650 1908 2684 1946 a
2707 1887 2929 1946 Christo
2950 1891 3195 1947 Domino
3222 1891 3531 1963 apostolica
3553 1888 3824 1944 commis~

2184 2001 2272 2039 sas
2299 1985 2484 2055 gratia
2525 1985 2801 2041 invadunt
2835 1985 3104 2057 gradibus
3129 1986 3373 2057 privant,
3419 1989 3476 2040 et
3515 1983 3670 2056 quod
3698 1998 3825 2054 pes-

2185 2078 2395 2133 simum
2418 2083 2521 2150 est,
2547 2083 2606 2134 et
2625 2079 2894 2151 omnibus
2909 2079 3242 2135 Christianis
3270 2078 3493 2151 legibus
3519 2076 3824 2132 inimicum

2186 2172 2455 2243 perﬁcere
2499 2149 2972 2322 decertantXVos
3023 2190 3182 2245 ergo,
3227 2175 3293 2228 ut
3336 2149 3566 2244 semper
3614 2175 3824 2225 vestrae

2186 2264 2302 2321 sedi
2327 2269 2532 2320 sancta)
2560 2269 2836 2321 consuetu
2883 2283 2916 2322 ο
2959 2267 3087 2322 fuit.
3136 2265 3582 2322 periclitantibus
3613 2263 3822 2320 subve-

2185 2264 2302 2321 sedi
2327 2269 2532 2320 sancta)
2560 2263 2916 2322 consuetudo
2959 2267 3087 2334 fuit,
3134 2265 3582 2338 periclitantibus
3613 2263 3822 2320 subve-

2186 2359 2304 2415 nite
2334 2377 2638 2432 oppressos
2663 2361 2950 2432 roborato,
2982 2360 3382 2416 tribulantibus
3409 2375 3652 2414 manum
3679 2374 3821 2430 por-

2184 2453 2372 2525 rigite,
2399 2455 2647 2527 taliaque
2664 2455 2984 2526 prohibete,
3005 2457 3063 2511 et
3086 2456 3242 2526 leges
3267 2453 3566 2526 imponite,
3596 2455 3661 2507 ut
3683 2469 3822 2524 apon

449 2547 840 2618 oppressione,
860 2553 918 2604 et
935 2549 1284 2606 unanimiter
1304 2556 1545 2606 tractare
1573 2553 1713 2607 dum
1735 2559 1957 2611 constat
1975 2569 2082 2610 nos
2102 2538 2159 2611 B
2183 2548 2378 2604 St01ica
2419 2549 2678 2605 doctrina
2724 2566 2853 2622 quae
2884 2550 2942 2604 in
2976 2550 3091 2605 Deo
3122 2553 3226 2618 est,
3253 2550 3365 2605 Cito
3411 2549 3480 2604 ad
3516 2545 3822 2603 Victoriam

448 2657 557 2696 una
579 2658 710 2696 cum
745 2642 913 2698 beato
934 2645 1104 2699 Paulo
1119 2646 1375 2717 apostolo
1394 2646 1594 2702 eadem
1615 2647 2088 2719 compassibiliter
2178 2641 2459 2714 judicium
2473 2645 2786 2716 perducere
2807 2645 2992 2700 valeat
3008 2649 3270 2699 nostrum
3297 2658 3514 2716 nosque
3542 2641 3822 2714 apostolo-

449 2735 677 2790 dicere?
697 2758 724 2785 «
743 2737 878 2801 Quis
897 2737 1241 2807 inﬁrmatur,
1275 2745 1332 2795 et
1351 2756 1458 2811 ego
1477 2757 1590 2795 non
1613 2741 1878 2798 inﬁrmor
1895 2745 1922 2798 ?
1949 2743 2086 2808 Quis

448 2830 881 2900 scandalizatur,
900 2835 957 2886 et
971 2849 1078 2903 ego
1094 2849 1212 2887 non
1231 2849 1367 2888 uror
1381 2835 1408 2889 ?
1426 2857 1453 2884 ‹‹
1475 2836 1546 2904 (II
1571 2837 1689 2894 Cor.
1720 2853 1794 2905 χι,
1821 2836 2087 2908 29.)sala-

449 2930 645 2996 gentes
675 2941 745 2980 ne
765 2925 957 2996 aliqua
978 2925 1046 2981 de
1070 2927 1150 2980 eis
1171 2944 1298 2998 quae
1322 2927 1486 2983 nobis
1506 2929 1737 2998 creditae
1758 2936 1890 2986 sunt
1909 2931 2082 2986 ratio-

450 2995 733 3074 habilibus
753 2995 951 3074 ovibus
971 3036 1005 3074 a
1025 2995 1218 3074 bestiis
1236 3021 1507 3092 capiatur.
1520 2995 1682 3127 Edeo,
1706 3029 1867 3096 pater
1884 3025 2087 3080 beatis-

448 3112 609 3180 sime,
635 3111 766 3183 quia
783 3129 1011 3184 semper
1029 3117 1416 3170 antecessores
1430 3111 1628 3185 nos'tri,
1651 3122 1707 3172 et
1726 3134 1826 3173 nos
1846 3135 1880 3173 a
1900 3124 2085 3174 vestra

451 3207 756 3279 apostolica
799 3209 992 3261 sancta
1044 3207 1178 3262 sede
1208 3209 1478 3264 auxilium
1525 3210 1839 3281 hausimus,
1885 3217 1943 3268 et
1980 3229 2080 3268 no-

449 3301 550 3355 stri
573 3317 671 3355 vos
697 3317 892 3356 curam
915 3300 1126 3356 habere
1146 3302 1502 3374 agnovimus,
1527 3306 1827 3376 praefatam
1852 3313 2082 3379 aposto-

447 3395 642 3464 licam,
678 3398 736 3449 et
775 3411 1057 3450 summam
1090 3397 1428 3468 expetimus,
1467 3399 1634 3469 juxta
1666 3417 1952 3456 canonum
1978 3401 2080 3456 de-

448 3492 620 3557 creta,
669 3488 900 3558 sedem,
949 3492 1015 3544 ut
1060 3489 1195 3545 inde
1245 3491 1513 3546 auxilium
1567 3494 1876 3566 capiamus,
1929 3495 2082 3550 unde

445 3583 887 3655 prmdecessores
906 3584 1085 3639 nostri
1103 3584 1516 3656 ordinationes,
1538 3591 1595 3643 et
1614 3587 1888 3660 dogmata
1909 3593 2083 3662 atque

446 3677 865 3734 sublevationes
883 3683 1184 3750 ceperunt;
1209 3679 1278 3734 ad
1295 3696 1425 3734 eam
1441 3698 1671 3754 quoque
1695 3684 1857 3755 quasi
1875 3684 1946 3738 ad
1968 3701 2084 3739 ma-

447 3775 594 3826 trem
622 3773 992 3843 recurrimus,
1040 3776 1104 3826 ut
1139 3773 1260 3843 ejus
1305 3774 1571 3830 uberibus
1615 3778 1916 3846 nutriatur,
1948 3795 2084 3850 quo-

446 3866 602 3920 niam
633 3883 746 3921 non
773 3870 957 3936 potest
984 3871 1166 3921 mater
1190 3867 1439 3922 oblivisci
1468 3869 1752 3926 infantem
1783 3889 1971 3944 suum,
2003 3873 2081 3927 sic

773 3921 791 3936 ι
1268 3921 1277 3922 ί
1344 3921 1349 3922 ⁷
1402 3921 1435 3922 ”
1480 3921 1752 3926 ’7’“"—""—
1783 3921 1971 3944 ”“““““”“1
2004 3921 2080 3927 ’⁷⁵⁷

448 3964 507 4016 et
533 3976 628 4014 vos
654 3959 828 4014 nolite
859 3959 1111 4014 oblivisci
1136 3975 1242 4015 nos
1266 3961 1422 4017 vobis
1451 3964 1780 4019 commissos
1813 3967 2082 4038 quoniam
2101 3921 2156 3996 Ο

446 4069 565 4108 non
593 4053 812 4108 levibus
839 4069 944 4107 nos
965 4052 1177 4108 inimici
1203 4055 1382 4110 nostri
1399 4055 1847 4128 implicaverunt,
1865 4064 1922 4115 et
1940 4078 2079 4133 quo-

446 4147 585 4202 tidie
598 4145 783 4203 facere
805 4147 1120 4202 moliuntur
1136 4148 1534 4206 afﬂictionibus
1555 4157 1610 4208 et
1630 4154 2077 4227 apprehendere,

445 4246 545 4296 aut
573 4242 724 4297 ferro
749 4259 855 4296 nos
880 4242 1198 4316 constringi
1230 4245 1543 4315 minantur,
1575 4247 1686 4302 nisi
1717 4265 1915 4304 eorum
1940 4267 2076 4306 con-

448 4336 762 4392 sentiamus
785 4337 1101 4405 erroribus;
1133 4338 1289 4410 quod
1318 4355 1686 4413 nequaquam
1707 4343 1863 4398 vobis
1888 4343 2080 4400 incon-

445 4431 604 4486 sultis
629 4446 800 4502 agere
830 4431 1252 4502 praesumimus,
1277 4433 1594 4489 canonibus
1625 4435 1837 4508 quippe
1864 4437 2075 4508 juben-

444 4525 596 4580 tibus
622 4526 834 4598 absque
863 4527 1124 4580 Romano
1141 4544 1243 4581 nos
1273 4528 1342 4583 de
1375 4527 1690 4600 majoribus
1717 4531 1901 4585 causis
1931 4532 2079 4588 nihil

444 4620 651 4676 debere
683 4619 993 4674 decernere
1024 4620 1326 4691 pontiﬁce;
1352 4621 1598 4696 ideoque
1622 4624 1692 4680 ad
1720 4627 2078 4697 propositum

444 4717 796 4770 recurrentes
829 4717 885 4769 et
911 4713 985 4768 ad
1014 4713 1272 4770 bravium
1303 4723 1691 4787 properantes,
1722 4721 1920 4774 vestrae
1949 4737 2078 4792 apo.

444 4809 656 4866 stolicae
705 4808 854 4863 sedis
887 4808 1262 4880 imploramus
1289 4810 1590 4881 auxilium,
1618 4813 1771 4884 quia,
1802 4818 1864 4868 ut
1891 4815 2076 4869 credi-

446 4920 595 4972 mus,
641 4919 754 4958 non
799 4903 1055 4974 despexit
1081 4903 1226 4958 Deus
1257 4920 1453 4975 preces
1494 4921 1623 4960 cum
1669 4907 1934 4980 lacrymis
1971 4909 2079 4964 sibi

444 4999 658 5053 oblatas
703 5014 990 5053 servorum
1035 5015 1290 5069 suorum,
1318 4999 1418 5054 sed
1450 4999 1524 5054 ob
1547 4999 1606 5054 id
1633 5017 1730 5055 vos
1759 5003 2076 5072 praedeces-

446 5108 716 5164 soresque
760 5095 975 5146 vestros
1021 5093 1356 5165 apostolicos
1390 5093 1654 5149 videlicet
1695 5097 1968 5166 praesules
2014 5098 2075 5151 in

445 5187 781 5244 summitatis
809 5203 936 5241 arce
966 5187 1281 5254 constituit,
1305 5187 1677 5259 omniumque
1703 5189 2074 5245 ecclesiarum

2186 2754 2318 2793 rum
2347 2737 2607 2810 principe
2630 2739 2980 2811 suffragante
3001 2740 3165 2794 Petro
3181 2739 3252 2794 ab
3267 2735 3699 2794 imminentibus
3725 2751 3822 2806 pe-

2185 2832 2381 2888 riculis
2411 2833 2670 2890 liberare.
2717 2834 2986 2889 Novimus
3036 2850 3285 2906 namque
3328 2833 3388 2886 in
3427 2831 3551 2904 jam
3577 2830 3822 2902 praefata

2185 2927 2411 2982 Nicasna
2437 2929 2658 2999 synodo
2687 2929 3031 3002 generaliter
3049 2945 3171 2983 esse
3195 2927 3512 2995 decretum,
3540 2929 3603 2978 ut
3628 2925 3822 2979 nullus

2183 3020 2394 3093 passim
2409 3038 2663 3094 vageque
2694 3024 2986 3094 episcopos
3002 3028 3102 3078 aut
3116 3021 3522 3094 praesumptive
3545 3019 3818 3087 lacerare,

2187 3120 2285 3170 aut
2315 3132 2611 3187 accusare;
2635 3120 2693 3172 et
2719 3118 2818 3189 qui
2847 3134 2964 3172 non
3005 3120 3139 3172 sunt
3179 3119 3348 3172 recta:
3377 3114 3509 3170 ﬁdei
3537 3113 3625 3169 vel
3650 3113 3820 3167 bona)

2184 3209 2313 3263 vitae
2344 3211 2429 3265 vel
2455 3211 2622 3266 clarae
2649 3212 3094 3266 conversationis
3135 3216 3232 3266 aut
3279 3210 3559 3265 infamare
3597 3223 3818 3280 praesu-

2185 3307 2328 3372 mat;
2356 3305 2457 3359 sed
2487 3305 2644 3376 prius
2674 3306 2722 3360 si
2750 3322 2890 3376 erga
2918 3305 3209 3377 episcopos
3235 3305 3325 3359 vel
3354 3309 3609 3358 auctores
3635 3302 3822 3356 Eccle-

2185 3398 2281 3453 sise
2314 3398 2616 3470 quisquam
2647 3417 2873 3456 causam
2916 3401 3198 3468 habuerit,
3231 3416 3329 3454 eos
3372 3414 3504 3452 cum
3540 3395 3822 3452 charitate

2183 3499 2480 3549 mansuete
2509 3494 2820 3565 conveniat,
2852 3500 2917 3549 ut
2962 3495 3033 3550 ab
3064 3495 3144 3550 eis
3183 3495 3386 3548 vulnus
3438 3491 3586 3547 unde
3627 3491 3821 3562 agitur

2183 3593 2334 3643 recte
2362 3594 2542 3657 sanet,
2557 3593 2657 3644 aut
2670 3589 2790 3661 ipse
2811 3589 2857 3643 si
2882 3605 3042 3644 secus
3066 3589 3251 3661 egerit
3271 3590 3564 3643 accusator
3581 3601 3815 3640 excom-

2181 3682 2524 3738 municetur.
2555 3683 2721 3747 Quod
2750 3684 2795 3738 si
2826 3684 2896 3739 ab
2917 3684 2997 3738 eis
3023 3683 3163 3738 nihil
3184 3681 3425 3738 valuerit
3448 3685 3600 3736 recte
3627 3679 3815 3752 perci-

2182 3792 2340 3847 pere,
2371 3780 2505 3831 tunc
2535 3777 2720 3849 primo
2767 3794 3027 3832 summos
3073 3778 3244 3833 adeat
3283 3777 3578 3849 primates,
3605 3778 3672 3830 et
3704 3773 3819 3845 ipsi

2181 3873 2438 3942 tempore
2466 3888 2720 3943 congruo
2743 3872 3012 3927 canonice
3033 3889 3128 3928 eos
3155 3887 3464 3926 convocare
3491 3867 3812 3938 debebunt;

2181 3964 2278 4036 qui
2306 3964 2352 4019 si
2379 3968 2477 4019 aut
2500 3966 2614 4020 suis
2639 3966 2810 4020 rebus
2835 3965 3150 4038 exspoliati,
3183 3969 3282 4020 aut
3309 3981 3344 4018 a
3370 3962 3614 4036 propriis
3661 3961 3810 4016 sedi-

2179 4059 2286 4114 bus
2313 4059 2497 4129 ejecti,
2543 4064 2644 4114 aut
2685 4061 3023 4132 exsulantes,
3068 4061 3158 4116 vel
3184 4059 3456 4132 oppressi,
3491 4061 3592 4112 aut
3613 4056 3811 4128 inique

2181 4152 2404 4208 tractati
2433 4153 2662 4223 fuerint,
2695 4155 2883 4227 primo
2923 4160 3219 4223 eruantur,
3250 4159 3307 4210 et
3331 4151 3602 4208 canonice
3651 4151 3813 4205 resti-

2182 4251 2434 4318 tuantur,
2485 4252 2654 4321 atque
2684 4250 2876 4305 omnia
2916 4249 3020 4304 sibi
3066 4249 3310 4319 sublata,
3338 4245 3704 4318 integerrime
3732 4244 3812 4299 eis

2180 4343 2400 4415 legibus
2440 4343 2786 4414 reddantur;
2823 4343 3097 4416 quoniam
3127 4343 3466 4415 priusquam
3496 4341 3618 4395 haec
3645 4339 3809 4408 ﬁant,

2181 4442 2245 4492 ut
2289 4437 2346 4491 in
2395 4437 2666 4508 praedicto
2697 4439 3067 4493 constitutum
3097 4443 3180 4493 est
3208 4435 3468 4506 concilio,
3499 4451 3602 4489 nec
3632 4449 3807 4488 canos

2179 4531 2305 4586 nice
2351 4532 2670 4600 convocari,
2718 4549 2824 4587 nec
2877 4531 3145 4604 distringi
3185 4548 3220 4585 a
3263 4546 3494 4604 quoquo
3547 4530 3808 4600 possunt,

2182 4624 2456 4696 quoniam
2508 4643 2613 4680 nec
2661 4627 2850 4682 saeculi
2893 4627 3052 4698 leges
3103 4626 3226 4681 haec
3274 4624 3398 4681 ﬁeri
3444 4622 3809 4695 permittunt,

2179 4724 2392 4792 quanto
2419 4723 2600 4793 magis
2630 4721 3016 4776 ecclesiastica:
3036 4721 3063 4776 ‘I
3099 4720 3372 4776 Similiter
3399 4723 3456 4774 et
3484 4734 3517 4772 a
3541 4714 3808 4788 supradi-

2180 4815 2283 4869 ctis
2320 4816 2576 4871 Patribus
2605 4821 2691 4871 est
2733 4815 3032 4872 deﬁnitum
3071 4818 3465 4880 consonanter,
3491 4811 3626 4867 utsi
3653 4809 3807 4882 quis-

2179 4924 2348 4981 quam
2379 4910 2799 4981 episcoporum,
2829 4915 2927 4966 aut
2951 4909 3479 4983 metropolitanum,
3523 4907 3620 4960 aut
3661 4920 3812 4959 com-

2177 5003 2570 5075 provinciales,
2599 5005 2686 5059 vel
2707 5005 2931 5077 judices
2957 5010 3242 5077 suspectos
3262 5001 3544 5071 habuerit,
3563 5003 3810 5054 vestram

2177 5102 2430 5152 sanctam
2474 5099 2789 5154 Romanam
2831 5099 3157 5171 interpellet
3207 5097 3422 5167 sedem,
3462 5093 3553 5149 cui
3583 5092 3654 5146 ab
3680 5091 3807 5164 ipso

2177 5191 2421 5247 Domino
2452 5197 2699 5264 potestas
2727 5195 2942 5268 ligandi
2959 5211 3024 5250 ac
3052 5191 3305 5248 solvendi
3334 5188 3567 5263 speciali
3590 5191 3676 5242 est
3693 5185 3810 5258 pri-

446 5281 527 5336 eis
547 5296 741 5336 curam
763 5280 976 5336 habere
998 5280 1287 5352 praecepit,
1305 5282 1371 5334 ut
1393 5279 1554 5335 nobis
1571 5283 1930 5352 succurratis,
1950 5301 2076 5339 nos-
2093 5297 2154 5371 D
2175 5285 2378 5358 vilegio
2407 5304 2580 5360 super
2601 5289 2738 5344 alios
2765 5305 3051 5346 concessa.
3067 5290 3188 5360 Ipsa
3204 5285 3359 5343 enim
3374 5284 3809 5338 ﬁrmamentum

443 5390 556 5446 que
588 5377 830 5444 tuentes,
880 5374 972 5428 cui
1016 5389 1185 5427 omne
1230 5372 1626 5445 episcoporum
1666 5375 1949 5446 judicium
1993 5385 2077 5434 est

444 5467 832 5535 commissum,
866 5466 1111 5520 liberare
1138 5465 1208 5520 ab
1234 5465 1492 5522 hostibus
1521 5469 1729 5524 nostris
1758 5487 1872 5525 non
1900 5472 2074 5542 negli-

445 5561 616 5632 gatis;
645 5577 780 5616 nam
809 5559 1016 5614 scimus
1045 5559 1104 5612 in
1131 5559 1358 5614 Nicsena
1383 5577 1592 5633 magna
1619 5563 1835 5635 synodo
1861 5568 2076 5622 trecen-

444 5657 636 5708 torum
663 5653 858 5708 decem
885 5658 940 5707 et
963 5657 1088 5707 octo
1117 5652 1516 5725 episcoporum
1543 5657 1613 5710 ab
1641 5657 1906 5714 omnibus
1935 5677 2069 5716 con-

444 5729 690 5800 cerditer
727 5761 849 5800 esse
892 5745 1248 5813 roboratum,
1295 5764 1410 5802 non
1459 5749 1663 5805 debere
1710 5752 1923 5824 absque
1960 5757 2067 5812 Ro-

446 5837 604 5891 mani
624 5837 904 5906 pontiﬁcis
930 5838 1211 5893 sententia
1239 5841 1477 5895 concilia
1503 5843 1808 5917 celebrare,
1835 5865 1937 5901 nec
1957 5851 2070 5920 epi-

2175 5399 2209 5436 a
2226 5382 2336 5438 Deo
2350 5382 2522 5438 ﬁxum
2539 5389 2595 5439 et
2609 5383 2900 5440 immobile
2914 5381 3208 5457 praecepit,
3221 5379 3493 5453 quoniam
3504 5376 3687 5448 ipsam
3696 5374 3809 5429 fore

2175 5492 2332 5531 mam
2353 5477 2748 5534 universorum
2771 5479 3070 5534 titulorum
3091 5474 3504 5532 lucidissimam
3522 5468 3808 5526 Dominus

2170 5571 2194 5624 ,Ι
2201 5585 2329 5625 esus
2355 5571 2608 5627 Christus
2625 5575 2872 5628 vestram
2893 5571 3258 5644 apostolicam
3275 5565 3570 5624 constituit
3583 5563 3802 5632 sedem,

2172 5663 2293 5734 ipsa
2307 5669 2391 5718 est
2405 5663 2561 5719 enim
2579 5682 2736 5721 sacer
2745 5671 2936 5724 vertex
2949 5667 3008 5721 in
3020 5681 3132 5739 quo
3149 5679 3351 5720 omnes
3365 5664 3684 5728 vertuntur,
3702 5673 3803 5712 su—

2170 5761 2508 5828 stentantur,
2540 5761 2879 5832 relevantur,
2914 5766 2971 5817 et
2994 5761 3136 5816 sicut
3154 5761 3212 5815 in
3231 5758 3452 5815 Christo
3472 5751 3803 5819 Christiani,

2171 5854 2226 5904 et
2248 5851 2305 5906 in
2333 5858 2510 5923 petra,
2539 5854 2595 5910 id
2617 5860 2721 5925 est,
2741 5856 2983 5924 Christo,
3007 5857 3228 5923 Petrus,
3251 5853 3598 5910 renovantur
3617 5847 3804 5904 Eccle~
