4032 6310
167 356 263 414 641

1401 353 1872 417 DECRETALIUM
1909 350 2293 416 COLLECTIO.

3437 355 3537 415 642

167 467 285 519 size.
309 467 390 520 Tu
419 482 478 521 es
500 465 663 537 (sicut
680 468 936 524 divinum
959 467 1229 524 veraciter
1247 471 1482 524 testatur
1500 470 1804 541 eloquium)
1831 481 1888 552 Α
1908 467 2103 522 stolico
2131 467 2365 522 culmini
2397 467 2782 538 persolventes
2811 466 3168 539 obsequium,
3200 471 3264 522 ut
3289 467 3410 540 ipse
3438 469 3542 523 Do-

166 561 388 630 Petrus,
429 565 487 615 et
515 579 699 633 super
743 562 1180 617 fundamentum
1224 566 1387 617 tuum
1418 563 1674 617 Ecclesiae
1719 580 1808 618 co-

167 653 405 720 lumnae,
441 654 503 709 id
537 659 641 722 est,
671 656 920 728 episcopi
951 655 1049 728 qui
1079 655 1389 710 Ecclesium
1429 656 1724 724 sustinere,
1752 662 1808 711 et

164 748 415 818 propriis
457 748 712 803 humeris
751 755 977 820 portare
1019 749 1249 818 debent,
1296 749 1396 803 tibi
1442 753 1575 803 sunt
1609 750 1808 804 conﬁr-

167 845 360 907 matae,
388 840 605 912 tibique
633 843 814 896 claves
840 842 1004 914 regni
1030 843 1300 897 caelorum
1321 843 1619 910 commisit,
1636 846 1804 914 atque

166 933 348 1004 ligare
377 939 432 988 et
459 935 696 1002 solvere,
725 936 1048 1060 potestafive
1080 952 1206 1006 quae
1236 937 1293 989 in
1323 940 1473 990 terra
1501 942 1555 990 et
1583 954 1710 1008 quae
1747 937 1805 990 in

167 1028 320 1060 nml:a
347 1032 477 1060 ειη-ιι
532 1029 910 1060 ηκηνηι-ιιηηυῖι
961 1031 1168 1060 Τηννιηη
1211 1031 1584 1060 ηηηιδηιηι-...ηηι
1630 1030 1782 1060 lsmnn

167 1028 322 1081 caelis
347 1032 500 1096 sunt,
532 1028 1170 1100 promlilgavit.!'l‘amen
1210 1031 1588 1100 profanarum
1629 1030 1808 1084 haere-

169 1120 338 1187 sium,
376 1125 434 1175 ct
461 1121 850 1192 impetitorum
891 1120 1059 1192 διῇυο
1107 1123 1367 1177 omnium
1411 1123 1802 1178 infestantium

169 1213 477 1284 depositor,
507 1219 569 1268 ut
590 1214 856 1286 princeps
891 1219 948 1269 et
980 1215 1196 1282 doctor,
1228 1219 1512 1287 caputque
1545 1216 1804 1270 omnium

168 1307 500 1361 orthodoxa
528 1308 799 1362 doctrinae
819 1308 1203 1363 immaculatas
1230 1309 1361 1363 ﬁdei
1392 1309 1602 1363 existis.
1628 1309 1808 1379 Igitur

166 1416 236 1454 ne
254 1400 744 1473 despicias,pater,
764 1407 994 1457 tuorum
1017 1406 1245 1473 patrum
1256 1403 1548 1474 pietatem,
1571 1403 1806 1457 bonam-

167 1510 275 1566 que
303 1494 706 1563 intentionem,
762 1499 820 1549 et
844 1496 988 1550 sicut
1022 1496 1104 1549 illi
1134 1499 1316 1566 patres
1346 1500 1403 1550 et
1430 1496 1806 1566 praedecesso-

164 1604 254 1642 res
279 1593 501 1642 nostros
539 1605 573 1642 a
597 1588 786 1643 multis
829 1589 1213 1644 liberaverunt
1248 1589 1704 1661 oppressionibus
1750 1595 1808 1645 et

165 1681 466 1751 angustiis,
508 1681 588 1738 ita
617 1699 722 1736 nos
759 1682 1000 1737 liberare
1037 1682 1312 1753 digneris.
1346 1684 1490 1737 Nam
1517 1683 1627 1738 fuit
1663 1699 1806 1738 sem-

163 1790 268 1845 per
298 1779 499 1830 vestras
529 1779 736 1831 sanctae
767 1778 823 1831 et
847 1776 1169 1847 apostolicae
1197 1777 1316 1832 sedi
1345 1777 1574 1832 licentia
1599 1777 1805 1848 injuste

1909 561 2100 615 minus
2126 562 2412 632 praecepit,
2454 567 2510 615 et
2540 566 2870 616 sanctorum
2901 561 3131 616 decreta
3166 565 3395 632 patrum
3423 566 3538 618 sta-

1906 657 2161 721 tuerunt,
2189 671 2316 708 cum
2346 655 2611 726 lacrymis
2631 655 2992 725 suggerimus
3009 655 3159 726 quod
3186 655 3307 710 sine
3325 657 3542 727 gemitu

1907 747 2092 800 cordis
2139 748 2378 801 reticere
2437 765 2552 802 non
2596 749 2866 802 valemus.
2921 750 3062 802 Nam
3109 749 3171 802 in
3233 755 3454 803 tantum
3511 767 3545 804 a

1907 841 2356 910 persecutoribus
2385 847 2591 896 sanctae
2629 842 2727 896 Dei
2754 842 3039 911 Ecclesiae,
3074 841 3398 913 nostrisque
3439 843 3544 897 ini-

1907 932 2070 986 micis
2090 935 2510 1005 persequimur,
2534 939 2597 988 ut
2616 935 2797 1006 magis
2818 952 2918 988 nos
2938 935 3147 990 taedeat
3166 936 3349 990 vivere
3369 952 3541 1007 quam

1907 1026 2072 1081 mori.
2093 1027 2251 1081 Unde
2272 1044 2391 1098 prae
2427 1028 2692 1081 omnibus
2721 1029 2971 1082 fatemur
2986 1029 3044 1082 in
3070 1032 3294 1082 tantum
3315 1045 3410 1083 cor
3426 1044 3542 1084 esse

1909 1122 2170 1174 nostrum
2190 1121 2576 1191 vulneratum,
2593 1125 2655 1175 ut
2665 1122 3058 1192 propheticum
3076 1121 3235 1176 illum
3249 1123 3542 1192 planctum

1909 1218 2170 1283 exoptem
2179 1214 2517 1281 us,dicentes
2533 1232 2583 1268 :«
2601 1214 2733 1278 Quis
2746 1215 2902 1269 dabit
2918 1215 3086 1286 capiti
3100 1218 3294 1270 nostro
3308 1233 3515 1287 aquam
3527 1259 3540 1286 ,

1907 1311 2006 1360 aut
2041 1307 2216 1360 oculis
2251 1307 2458 1362 nostris
2487 1309 2710 1362 fontem
2739 1308 3145 1379 lacrymarum,
3183 1315 3245 1363 ut
3281 1311 3544 1364 sedentes

1905 1399 2202 1469 ploremus
2230 1400 2319 1454 die
2350 1417 2414 1454 ac
2441 1406 2602 1456 nocte
2627 1404 2751 1470 (Jer.
2779 1418 2854 1468 1x,
2892 1405 2937 1471 l)
2959 1403 2985 1456 ?
3017 1423 3044 1450 »
3075 1404 3212 1457 Ecce
3251 1404 3407 1458 enim
3438 1405 3540 1458 Ec—

1906 1492 2075 1547 clesia
2095 1493 2196 1547 Dei
2226 1511 2342 1548 non
2369 1495 2566 1548 leviter
2591 1495 2977 1566 perturbatur,
3002 1497 3396 1568 columnasque
3422 1497 3542 1568 ejus

1906 1586 2078 1639 nimis
2105 1587 2467 1657 infestantur,
2491 1592 2660 1660 atque
2687 1605 2722 1643 a
2740 1588 2926 1659 pravis
2947 1589 3196 1643 amoveri
3218 1591 3544 1647 hominibus

1907 1679 2188 1749 nituntur,
2218 1680 2669 1736 Christianorum
2708 1697 2840 1736 vero
2871 1698 3032 1737 voces
3060 1699 3125 1736 ac
3145 1683 3392 1753 gemitus
3423 1684 3542 1756 epi-

1909 1789 2206 1843 scoporum
2235 1774 2410 1845 longe
2441 1775 2670 1846 lateque
2711 1781 3002 1843 resonant,
3037 1776 3316 1831 novitates
3356 1777 3541 1832 insur-

164 1867 481 1936 damnatos,
502 1870 589 1924 vel
608 1870 1487 1941 excommunicatos,potestative
1501 1874 1806 1925 suaaucto—
1826 1863 1880 1935 B
1908 1871 2068 1936 gunt,
2098 1867 2397 1921 calumniae
2425 1874 2704 1936 crescunt,
2735 1868 3053 1940 persecutio
3077 1878 3380 1940 grassatur,
3409 1888 3541 1944 per-

161 1961 329 2016 ritate
346 1962 671 2030 restituere,
704 1967 760 2016 et
778 1979 880 2018 sua
899 1963 979 2018 eis
996 1963 1188 2018 omnia
1207 1964 1468 2031 reddere,
1489 1969 1546 2019 et
1563 1965 1690 2019 illos
1707 1965 1806 2036 qui

164 2071 258 2109 eos
285 2055 827 2125 condemnaverunt,
855 2061 958 2112 aut
984 2057 1635 2124 excommunicaverunt,
1672 2074 1804 2129 apo-

161 2147 356 2202 stolico
385 2149 588 2219 punire
613 2150 928 2220 privilegio,
958 2149 1101 2204 sicut
1128 2151 1301 2204 etiam
1329 2150 1534 2205 nostris
1563 2156 1620 2204 et
1641 2155 1801 2205 ante-

162 2241 412 2296 rioribus
429 2241 800 2313 cognovimus
821 2247 1013 2297 actum
1034 2244 1408 2314 temporibus.
1430 2245 1604 2298 Porro
1625 2249 1682 2298 et
1698 2243 1805 2315 ipsi

159 2335 435 2406 primates
467 2335 566 2406 qui
596 2335 992 2407 episcoporum
1013 2340 1070 2391 et
1089 2353 1444 2391 summorum
1467 2336 1799 2392 ecclesiasti-

162 2444 365 2482 corum
394 2429 760 2501 negotiorum
790 2446 988 2484 causas
1032 2431 1314 2501 suscipere
1343 2430 1554 2486 debent
1582 2432 1640 2485 in
1663 2448 1805 2502 prte-

162 2523 275 2577 ﬁxa
297 2522 528 2577 Nicaena
552 2523 770 2594 synodo
799 2528 930 2578 sunt
949 2524 1308 2591 dinumerati,
1341 2541 1414 2579 ne
1436 2525 1494 2579 in
1513 2529 1805 2596 posterum

162 2616 454 2670 contentio
485 2632 554 2670 ex
600 2616 706 2670 hoc
733 2616 996 2672 oriretur.
1029 2617 1071 2671 Ο
1107 2618 1454 2672 sanctissime
1482 2621 1662 2689 pater,
1711 2635 1804 2689 pa-

159 2714 318 2763 trum
347 2709 619 2764 abscinde
663 2710 1067 2782 blasphemias,
1113 2717 1170 2766 ct
1208 2711 1546 2781 jactantiam
1596 2712 1804 2766 vanilo~

162 2819 430 2874 quorum,
469 2807 526 2858 et
571 2803 961 2860 insidiantium
1005 2804 1419 2875 infestationes,
1466 2821 1570 2860 nos
1599 2811 1655 2860 et
1683 2805 1801 2860 fra-

161 2901 277 2952 tres
303 2900 533 2952 nostros
549 2897 995 2969 opprimentium
1017 2903 1186 2970 atque
1207 2899 1446 2970 perdere
1465 2899 1801 2968 volentium,

163 2991 260 3061 qui
293 2991 366 3044 ad
394 3007 491 3046 vos
513 2991 674 3062 quasi
694 2992 765 3046 ad
783 2995 953 3064 caput
976 2992 1358 3064 confugimus,
1387 2997 1452 3046 ut
1480 2996 1668 3047 vestro
1688 2993 1800 3046 suf-

161 3084 288 3138 fulti
316 3085 530 3140 auxilio
556 3085 886 3154 liberemur,
916 3089 973 3140 et
997 3086 1154 3141 vobis
1182 3087 1456 3158 nobisque
1475 3087 1804 3141 commissas

160 3178 365 3234 Christi
395 3195 524 3235 oves
546 3196 579 3232 a
608 3180 874 3251 luporum
905 3197 1022 3248 ore,
1061 3181 1300 3236 Domino
1337 3180 1798 3250 adminiculante,

162 3278 474 3344 antequam
500 3232 904 3345 deglutiantur,
935 3232 1268 3347 eripiamus.
1297 3276 1409 3328 Nec
1431 3274 1586 3329 enim
1606 3275 1689 3329 fas
1720 3232 1805 3330 est
1823 3232 1878 3307 Ο

161 3367 489 3438 supplicum
526 3367 848 3439 apostolicae
889 3368 1036 3423 sedis
1065 3368 1292 3440 scripto,
1319 3373 1417 3423 aut
1441 3368 1562 3424 sine
1595 3369 1803 3440 scripto

157 3476 360 3532 preces
394 3460 610 3516 oblatas
637 3461 946 3533 despicere,
978 3461 1081 3518 sed
1109 3466 1174 3517 ut
1193 3463 1466 3518 condecet
1494 3465 1551 3518 et
1572 3462 1800 3533 privile-

159 3554 322 3625 gium
364 3558 567 3610 vestrae
609 3555 758 3611 sedis
801 3559 905 3624 est,
947 3559 1003 3612 et
1043 3572 1148 3612 nos
1178 3561 1234 3612 et
1283 3556 1364 3611 illi
1402 3555 1803 3611 canonicaliter

158 3664 559 3718 convocemur,
617 3653 676 3703 et
718 3656 848 3706 ante
891 3667 992 3705 vos
1039 3650 1109 3705 de
1143 3650 1346 3706 nostris
1387 3649 1802 3720 objectionibus

159 3742 430 3798 canonice
449 3759 581 3798 cum
602 3743 755 3799 omni
773 3745 1054 3816 probitate
1071 3749 1488 3815 concertemus,
1506 3745 1802 3816 sicutpre-

160 3835 486 3892 decessores
519 3838 698 3893 nostri
725 3854 900 3910 penes
928 3845 1143 3896 vestros
1180 3840 1440 3894 fecerunt
1476 3842 1798 3894 antecesso-

157 3946 268 3998 res,
299 3935 356 3986 et
381 3931 526 3986 sicut
556 3931 829 3988 canonica
851 3933 912 3988 in
938 3933 1210 4005 praedicta
1238 3936 1430 3988 sancta
1458 3933 1669 4005 synodo
1695 3932 1798 3986 do-

158 4027 289 4078 cent
315 4025 596 4096 instituta,
631 4031 688 4081 et
707 4027 878 4082 veluti
905 4027 1112 4099 paleati
1131 4028 1285 4082 verbi
1307 4043 1411 4098 per
1425 4026 1800 4081 ventilabrum

157 4117 446 4173 canonica:
466 4119 901 4175 examinationis
917 4122 1146 4192 plenam
1159 4121 1558 4193 purgationem
1570 4121 1632 4175 in
1653 4137 1801 4175 com-

158 4212 321 4266 muni
357 4213 732 4269 consistentes
758 4215 1039 4270 auditorio
1068 4215 1139 4269 de
1168 4214 1424 4282 maturis,
1455 4221 1513 4269 et
1549 4214 1800 4269 nutrien-

157 4305 312 4361 tibus
336 4307 623 4362 catholicae
648 4309 908 4364 Ecclesiae
928 4308 1292 4381 dogmatibus
1311 4325 1439 4383 quae
1455 4309 1801 4364 conﬁrmant

158 4414 256 4453 cor
280 4400 549 4469 hominis,
579 4401 1078 4474 participationem
1098 4408 1471 4476 paternarum
1492 4418 1799 4474 consequa-

160 4509 297 4548 mur
321 4494 765 4551 institutionum.
795 4497 1057 4569 Antiquis
1093 4497 1248 4552 enim
1275 4497 1492 4568 regulis
1519 4495 1800 4552 censitum

1905 1959 2047 2014 ditio
2075 1961 2138 2015 ﬁt
2157 1961 2529 2032 populorum;
2560 1966 2811 2016 vestrum
2829 1967 2914 2018 est
2943 1964 3097 2017 enim
3123 1964 3284 2019 nobis
3304 1982 3544 2022 manum

1904 2053 2216 2124 porrigere,
2245 2055 2378 2126 quia
2407 2055 2564 2109 vobis
2592 2057 2874 2110 commissi
2905 2073 3132 2126 sumus;
3170 2065 3415 2114 vestrum
3457 2063 3545 2115 est

1904 2162 2010 2202 nos
2042 2145 2353 2202 defendere
2382 2153 2549 2220 atque
2581 2149 2840 2218 liberare,
2870 2156 3246 2222 nostrumque
3282 2157 3366 2206 est
3391 2170 3425 2207 a
3449 2170 3543 2208 vo-

1903 2238 1988 2293 bis
2025 2240 2299 2296 auxilium
2345 2250 2628 2313 expetere,
2678 2243 2872 2298 vestris
2927 2259 3132 2315 parere
3169 2246 3538 2315 jussionibus.

1904 2334 2024 2387 Prze
2053 2334 2233 2388 nimio
2261 2351 2400 2406 ergo
2428 2335 2622 2390 dolere
2661 2342 2718 2390 et
2747 2336 2964 2407 gemitu
2988 2337 3181 2392 omnia
3215 2356 3344 2411 quas
3378 2341 3543 2396 nobis

1903 2426 2138 2494 instant,
2186 2431 2244 2481 et
2277 2445 2380 2483 nos
2409 2428 2700 2496 infestant,
2742 2431 3062 2485 necessario
3108 2433 3409 2503 recordari,
3443 2451 3538 2488 vo-

1901 2519 2102 2590 bisque
2147 2521 2466 2592 signiticare
2515 2523 2838 2592 nequimus.
2880 2523 3014 2578 Ideo
3044 2525 3261 2581 almum
3287 2531 3540 2583 vestrum

1902 2629 2200 2668 exoramus
2247 2615 2648 2686 apostolatum,
2687 2620 2748 2669 ut
2790 2617 3048 2688 superius
3089 2618 3276 2690 legem
3308 2636 3436 2691 quae
3479 2621 3538 2676 in

1904 2714 2218 2762 memorata
2245 2709 2472 2763 Niczena
2491 2709 2708 2780 synodo
2735 2721 2821 2765 est
2846 2712 3230 2783 promulgata,
3248 2713 3380 2768 licet
3398 2730 3539 2785 pra:-

1906 2799 2187 2855 dictorum
2227 2801 2623 2857 insidiatorum
2651 2807 2708 2856 et
2738 2804 2987 2858 aliorum
3017 2806 3308 2860 malorum
3355 2808 3542 2864 homi-

1905 2911 2066 2964 num,
2099 2901 2159 2949 ut
2183 2895 2403 2950 facilius
2441 2896 2732 2967 episcopos
2761 2897 2972 2969 Deique
2997 2899 3290 2954 ministros
3321 2887 3590 2984 valeant]

1902 2987 2213 3060 illaqucare
2248 2989 2670 3060 deprevatione,
2722 2989 2794 3045 sit
2835 2990 3101 3047 suﬂ'ocata
3143 2994 3436 3064 reparctis,
3487 3001 3544 3051 et

1903 3098 2032 3153 quas
2064 3084 2382 3138 necessaria
2408 3084 2528 3138 fore
2558 3084 2897 3156 cognoscitis
2924 3089 3127 3142 vestrae
3155 3093 3364 3143 sanctae
3393 3087 3542 3144 sedis

1906 3177 2244 3231 auctoritate
2286 3193 2388 3232 nos
2435 3181 2783 3250 cunctosque
2828 3179 3034 3234 fratres
3085 3181 3424 3252 informetis,
3482 3187 3545 3238 ut

1903 3270 2183 3324 malorum
2209 3271 2442 3326 insidias
2467 3271 2772 3328 hominum
2801 3279 3000 3328 vestrae
3034 3274 3162 3330 fulti
3201 3276 3540 3332 auctoritate

1902 3363 2081 3432 illaesi,
2123 3365 2364 3420 Domino
2392 3366 2729 3438 opitulante,
2777 3368 3018 3423 evadere
3057 3369 3368 3438 valeamus,
3406 3372 3541 3443 quia

1903 3473 2018 3512 non
2046 3461 2132 3511 est
2157 3457 2386 3513 insidias
2411 3459 2680 3532 luporum
2706 3460 3023 3533 praevidere
3054 3463 3266 3530 ovium,
3307 3463 3406 3518 sed
3438 3464 3537 3535 pa:-

1903 3556 2142 3607 storum.
2176 3552 2398 3607 Scimus
2435 3553 2588 3608 enim
2614 3559 2679 3609 ut
2709 3570 2934 3625 semper
2962 3560 3162 3610 vestrae
3200 3556 3348 3611 sedis
3385 3573 3536 3629 pras-

1902 3644 2050 3700 sules
2078 3645 2265 3716 primo
2297 3646 2559 3717 apostoli,
2597 3647 2801 3702 deinde
2840 3664 3189 3705 successores
3227 3666 3424 3705 eorum
3461 3653 3539 3706 fe-

1901 3745 2102 3794 cerunt
2131 3756 2229 3794 vos
2253 3740 2590 3795 universalis
2629 3741 2909 3812 Ecclesize,
2944 3745 2999 3798 et
3037 3743 3286 3798 maxime
3321 3746 3536 3815 episco-

1899 3849 2110 3904 porum
2139 3833 2238 3906 qui
2261 3834 2410 3889 oculi
2431 3837 2678 3907 propter
2698 3836 3243 3907 contemplationem
3269 3841 3327 3892 et
3345 3855 3542 3910 specu-

1902 3925 2171 3982 lationem
2219 3931 2493 3983 vocantur
2540 3928 2768 3983 Domini
2814 3945 3012 3984 curam
3067 3947 3288 4002 gerere,
3347 3949 3412 3987 ac
3468 3933 3538 3988 de

1902 4021 2266 4090 revelationc,
2297 4025 2354 4076 et
2385 4022 2512 4092 lege
2542 4025 2741 4077 nostra
2767 4022 2990 4078 assidue
3025 4025 3270 4095 cogitare.
3307 4025 3537 4096 debere,

1902 4114 2046 4168 sicut
2065 4115 2340 4186 scriptum
2361 4121 2476 4170 est:
2498 4137 2527 4166 ‹‹
2557 4117 2764 4171 Beatus
2787 4116 2872 4170 vir
2893 4117 2991 4188 qui
3005 4118 3316 4174 meditatur
3336 4119 3394 4174 in
3415 4120 3540 4191 lege

1900 4208 2131 4264 Domini
2151 4209 2242 4263 die
2271 4226 2336 4264 ac
2352 4215 2515 4266 nocte
2533 4209 2699 4280 (Psal.
2720 4226 2758 4278 ι,
2786 4211 2870 4282 2);
2888 4232 2917 4261 »
2948 4227 3076 4282 qua
3104 4212 3400 4268 meditatio
3422 4231 3538 4270 non

1901 4302 2144 4359 lectione
2172 4319 2277 4375 per
2316 4305 2560 4375 figuram
2598 4304 2916 4358 litterarum
2951 4309 3176 4359 tantum
3217 4314 3534 4378 conspecta,

1899 4397 2002 4451 sed
2044 4397 2386 4452 exuberante
2429 4397 2486 4450 in
2527 4396 2683 4451 vobis
2725 4397 2930 4451 Christi
2988 4399 3178 4468 gratia
3232 4400 3292 4455 in
3351 4405 3538 4456 vestra

1899 4491 2257 4564 cognoscitur
2283 4490 2632 4545 conscientia
2665 4490 3034 4546 immobiliter
3066 4493 3236 4548 insita
3262 4499 3318 4549 et
3356 4497 3536 4551 nulla«

161 4591 264 4656 est,
301 4591 370 4643 ut
413 4588 711 4662 quidquid,
756 4591 1017 4662 quamvis
1053 4592 1112 4646 in
1139 4591 1392 4659 remotis,
1435 4596 1534 4646 aut
1559 4590 1872 4681 longin-D
1896 4591 2062 4642 tenus
2107 4585 2176 4641 de
2214 4590 2399 4640 vestro
2439 4585 2604 4681 corde
2647 4585 2948 4640 recedente
2995 4586 3144 4681 lege-
3173 4588 3376 4642 Christi
3431 4591 3532 4645 Dei

157 4683 286 4754 quis
329 4683 527 4754 positis
563 4684 1065 4757 provinciis'super
1092 4685 1492 4758 episcoporum
1525 4683 1790 4756 querelis,

153 4782 252 4830 aut
293 4777 748 4834 accusationibus
772 4785 1056 4851 ageretur,
1105 4797 1221 4835 non
1248 4778 1406 4851 prius
1431 4778 1793 4833 tractandum

151 4871 236 4925 vel
258 4871 661 4943 accipiendum
689 4880 852 4942 esset,
879 4891 1050 4946 quam
1073 4875 1144 4929 ad
1168 4873 1433 4928 notitiam
1461 4873 1625 4926 alma:
1645 4871 1792 4927 sedis

149 4969 350 5020 vestrae
381 4966 581 5022 fuisset
615 4968 984 5039 pronuntatio
1022 4969 1264 5040 prolata,
1299 4983 1425 5038 quae
1454 4966 1788 5036 inﬁrmaret,

151 5066 248 5114 aut
260 5059 540 5132 ﬁrmaret,
571 5061 817 5134 indeque
833 5067 1126 5118 sumerent
1141 5077 1430 5129 normam,
1446 5060 1599 5115 unde
1612 5059 1792 5116 Eccle-

155 5153 249 5207 siae
279 5170 575 5226 sumpsere
597 5155 1023 5227 praedicationis
1050 5155 1365 5225 exordium,
1386 5171 1460 5209 ne
1484 5153 1696 5226 passim
1720 5153 1791 5207 ab

157 5246 577 5304 insidiatoribus
603 5249 884 5304 columnae
925 5253 1316 5306 everterentur
1359 5248 1637 5305 Ecclesiae.
1668 5248 1792 5302 Cer-

153 5344 276 5396 tum
305 5347 392 5397 est
419 5328 573 5398 enim
600 5343 788 5399 eidem
818 5349 1025 5399 sanctas
1056 5343 1173 5400 sedi
1200 5347 1403 5398 vestra:
1426 5343 1487 5398 in
1511 5343 1790 5398 honorem

153 5434 468 5490 beatissimi
501 5436 650 5492 Petri
680 5441 909 5508 patrum
949 5437 1171 5493 decreta
1208 5437 1554 5509 peculiarem
1593 5434 1787 5489 decre-

152 5529 296 5584 visse
336 5530 714 5585 reverentiam
755 5531 855 5586 Dei
889 5548 993 5604 pro
1034 5531 1203 5586 rebus
1240 5529 1592 5602 inquirendis
1620 5533 1790 5601 atque

155 5623 604 5680 determinandis
631 5640 772 5697 quas
806 5625 1038 5680 sollicite
1077 5625 1237 5680 decet
1256 5625 1522 5696 justeque
1560 5622 1631 5678 ab
1670 5623 1791 5694 ipso

154 5718 463 5788 prasulum
491 5717 816 5774 examinare
855 5719 1063 5774 vertice
1090 5719 1418 5790 apostolico,
1452 5718 1611 5789 cujus
1645 5716 1792 5771 solli-

155 5812 343 5867 citudo
370 5828 602 5885 semper
623 5813 734 5868 fuit
764 5818 822 5870 et
844 5818 930 5870 est
957 5816 1072 5869 tam
1103 5814 1258 5869 mala
1292 5813 1588 5880 damnare,
1619 5826 1790 5884 quam

155 5906 396 5982 probare
425 5905 732 5962 laudanda.
749 5907 1026 5972 Quocirca
1046 5907 1440 5964 humillimum
1461 5909 1644 5961 vestro
1663 5920 1792 5976 apo-

560 6005 830 6072 PATBOL.
881 6006 1106 6074 CXXX.

1894 4681 2116 4737 Domini
2143 4681 2520 4746 sacrosancta,
2550 4677 2693 4733 sicut
2713 4678 2770 4732 in
2798 4680 3017 4750 psalmo
3043 4679 3178 4734 dicit
3206 4683 3491 4754 propheta
3514 4703 3526 4740 :

1897 4799 1925 4826 ‹‹
1962 4775 2035 4830 Os
2072 4773 2213 4845 justi
2254 4772 2621 4828 meditabitur
2664 4771 3022 4844 sapientiam,
3069 4776 3126 4828 et
3166 4774 3360 4847 lingua
3408 4779 3530 4850 ejus

1891 4869 2158 4941 loquetur
2175 4867 2478 4939 judicium,
2501 4867 2592 4922 lex
2622 4867 2722 4922 Dei
2743 4867 2865 4938 ejus
2885 4866 2944 4922 in
2971 4867 3138 4923 corde
3167 4868 3344 4941 ipsius
3365 4872 3528 4940 (Psal.

1893 4979 2076 5030 xxxvx,
2127 4965 2236 5033 30),
2281 4982 2309 5012 ››
2362 4977 2477 5016 non
2525 4965 2862 5028 atramento,
2909 4961 3008 5016 sed
3041 4962 3246 5032 spiritu
3287 4965 3391 5020 Dei
3423 4967 3532 5023 vivi

1892 5060 2082 5112 vestra
2109 5056 2170 5110 in
2194 5071 2403 5109 arcana
2429 5061 2622 5110 mente
2648 5054 2970 5126 conscripta
3008 5071 3197 5127 neque
3226 5058 3285 5112 in
3312 5060 3528 5116 tabulis

1890 5150 2150 5222 lapideis,
2180 5150 2278 5204 sed
2313 5148 2372 5204 in
2398 5148 2602 5204 tabulis
2629 5147 2815 5203 cordis
2839 5149 3182 5218 carnalibus,
3225 5151 3372 5208 sicut
3394 5154 3526 5210 hea-

1890 5244 2098 5300 tissimi
2125 5242 2364 5315 apostoli
2397 5242 2553 5296 Pauli
2579 5242 2650 5296 ad
2692 5241 3014 5298 Corinthios
3037 5243 3208 5300 missa
3235 5263 3338 5302 nos
3364 5249 3530 5306 docet

1889 5337 2148 5410 epistola.
2179 5337 2389 5402 Quibus
2411 5335 2719 5408 praemissis
2740 5335 3128 5407 signiﬁcamus
3147 5339 3284 5410 Deo,
3306 5343 3524 5414 placitae

1889 5429 2218 5504 paternitati
2253 5432 2474 5495 vestrae,
2503 5428 2593 5483 die
2629 5445 2703 5482 vn
2729 5429 3114 5487 Kalendarum
3141 5435 3521 5506 Augustarum

1885 5524 2214 5581 indictionis
2239 5525 2456 5596 quarta:
2481 5525 2734 5578 nostram
2762 5523 3151 5582 humilitatem
3177 5528 3363 5584 divina
3393 5547 3521 5602 grao

1891 5619 1969 5674 tia
2005 5635 2128 5688 suo,
2163 5622 2229 5672 ut
2267 5615 2557 5689 praecepit,
2607 5633 2848 5672 munere
2889 5621 3274 5690 praeveniente
3325 5625 3522 5679 vestris

1891 5713 2096 5768 sanctis
2141 5728 2206 5766 ac
2243 5712 2361 5766 Deo
2414 5709 2602 5781 dignis
2630 5711 2893 5782 precibus
2929 5713 2992 5767 in
3035 5719 3229 5770 sancta
3270 5716 3522 5774 Romana

1891 5806 2132 5863 Ecclesia
2169 5804 2506 5878 pontificalis
2545 5803 2782 5860 honoris
2827 5805 3110 5878 accepisse
3146 5811 3519 5867 consecratio-

1889 5917 2025 5958 nem
2055 5905 2112 5956 et
2148 5900 2368 5968 stolam,
2410 5898 2470 5952 in
2510 5914 2625 5970 quo
2656 5898 2946 5969 dignitatis
2971 5899 3218 5974 fastigio,
3254 5907 3376 5961 uta
3402 5907 3520 5967 Deo

3075 6004 3144 6062 21
