4032 6302
477 350 577 409 643

1383 338 1661 400 APPEND.
1704 339 1789 394 AD
1827 335 1988 392 SEC.
2031 335 2116 390 IX.
2141 362 2208 373 —
2248 326 2491 387 lSlDORl
2530 318 2954 383 MERCATORIS

3749 310 3853 370 644

475 456 870 528 omnipotente
895 470 1163 526 regamur
1187 455 1461 511 altissimo
1499 455 1557 507 et
1582 466 1616 505 a
1648 446 1812 503 malis
1840 442 2104 500 omnibus
2126 452 2186 526 Α
2205 454 2430 494 summo
2457 436 2685 509 speculo
2712 433 2900 505 gratia
2925 430 3025 486 Dei
3052 429 3186 484 estis
3206 427 3390 500 positi,
3415 422 3720 480 attendere
3756 439 3859 476 eos

477 550 811 616 liberemur,
847 554 914 604 ut
951 565 1068 604 non
1098 549 1442 605 sacerdotale
1484 559 1695 601 nomen
1735 544 1980 607 tantum,
2013 538 2110 594 sed

478 645 685 703 Christi
724 642 950 698 Domini
988 641 1085 697 Dei
1135 643 1316 698 nostri
1368 642 1706 714 protegente
1772 632 2002 701 auxilio,
2056 636 2112 686 et

478 736 751 794 meritum
778 736 1109 803 habeamus,
1154 736 1351 791 vestris
1379 733 1590 790 sanctis
1629 747 1693 785 ac
1722 730 1836 785 Deo
1864 729 2113 797 accepta-

476 831 684 887 bilibus
722 845 823 883 nos
874 829 1337 884 commendantes
1400 824 1750 883 orationibus
1801 820 2109 893 poscimus,

479 928 756 997 quatenus
801 928 857 976 et
900 922 1098 976 vestris
1145 921 1638 995 depreéationibus
1679 933 1781 989 pro
1834 913 2000 970 nobis
2042 912 2113 967 ad

476 1019 657 1072 Deum
674 1015 865 1071 effusis
884 1017 1177 1086 muniti,et
1196 1015 1621 1073 eruditionibus
1639 1012 1803 1067 bonis
1830 1006 2109 1076 instructi,

479 1111 641 1183 digni
666 1108 983 1165 efﬁciamur
1002 1126 1132 1165 cum
1154 1111 1311 1166 omni
1337 1109 1505 1166 nobis
1546 1102 1760 1179 pOpulo
1791 1101 2111 1159 Christiano

482 1205 782 1261 commisso
862 1203 1017 1258 illaesi
1079 1205 1301 1276 protegi
1372 1203 1699 1259 velamento
1765 1196 1974 1252 divino.
2034 1194 2113 1250 Ad

482 1297 876 1353 salutationem
929 1313 1067 1369 ergo
1121 1303 1323 1352 vestrae
1390 1300 1595 1352 sanctae
1659 1298 1716 1348 et
1761 1287 2116 1345 honorandae

481 1390 840 1463 paternitatis
877 1391 999 1445 vice
1050 1394 1246 1446 nostra
1289 1389 1652 1445 benedictum
1696 1383 1973 1441 humilem
2021 1398 2118 1435 no-

484 1490 667 1541 strum
695 1484 951 1552 fratrem,
989 1490 1239 1539 vestrum
1274 1484 1627 1556 episcopum,
1655 1484 1711 1535 et
1736 1476 2119 1534 Alexandrum

485 1578 911 1652 presbyterum,
941 1577 1267 1651 Crispinum
1309 1592 1538 1650 quoque
1579 1574 1878 1629 diaconem
1903 1572 2120 1625 vestros

491 1671 541 1744 1
558 1669 685 1745 58
711 1671 955 1726 famulos
978 1671 1404 1740 destinavimus,
1426 1686 1570 1742 quos
1595 1667 1944 1739 postulamus
1974 1664 2117 1718 cele-

486 1766 606 1821 rius
620 1765 787 1821 nobis
805 1783 839 1820 a
862 1768 1044 1820 vestra
1066 1765 1420 1821 beatitudine
1435 1761 1696 1837 persolvi,
1716 1766 1780 1816 ut
1803 1759 2004 1815 vestris
2022 1774 2119 1813 co-

2210 538 2268 587 et
2315 530 2638 603 opprimere
2686 528 2915 599 Oportet
2958 524 3056 596 qui
3100 523 3161 577 in
3197 522 3399 577 fratres
3443 517 3757 572 seditiones
3799 518 3860 568 et

2209 626 2476 681 scandala
2511 623 2776 688 excitant,
2820 620 3064 689 ideoque
3116 630 3444 680 exoramus,
3503 618 3565 665 ut
3613 608 3856 664 minime

2210 718 2528 790 despiciatis
2566 712 2900 770 humilitatis
2946 715 3158 766 nostrae
3203 711 3260 764 et
3301 705 3559 762 omnium
3609 702 3861 758 orienta-

2211 813 2354 868 lium
2392 809 2836 865 orthodoxorum
2876 804 3234 860 sacerdotum
3265 806 3323 856 et
3344 799 3690 872 populorum
3717 795 3862 850 afﬂi-

2212 906 2424 960 ctiones
2463 906 2520 959 et
2545 901 2979 973 deprecationes
3009 914 3137 952 cum
3170 893 3442 967 lacrymis
3468 892 3729 957 oblatas;
3762 889 3859 943 sed

2213 999 2358 1054 sicut
2382 996 2688 1052 luminaria
2718 994 2979 1049 universo
3022 990 3239 1046 mundo
3269 988 3509 1043 verbum
3550 985 3684 1041 vitae
3724 982 3860 1038 reti-

2214 1097 2434 1159 nentes,
2474 1089 2820 1145 iutroductas
2850 1084 3195 1157 exstinguite
3228 1082 3488 1138 tenebras
3525 1077 3863 1133 nefandissi-

2214 1201 2441 1240 morum
2505 1182 2926 1251 insidiatorum,
2996 1176 3351 1249 temporibus
3410 1173 3583 1229 etiam
3647 1169 3863 1224 nostris

2214 1277 2528 1351 procaciter
2564 1275 2933 1347 germinatas,
2981 1275 3263 1344 quatenus
3295 1266 3554 1323 funditus
3584 1263 3863 1320 exstincta

2215 1371 2543 1443 hujusmodi
2597 1369 2842 1442 caligine
2879 1367 3104 1422 Lucifer
3148 1364 3310 1418 nobis
3357 1359 3724 1431 resplendeat
3761 1372 3864 1427 per

2217 1484 2333 1535 vos,
2383 1464 2733 1520 sanctissime
2761 1466 2941 1535 pater,
2980 1466 3035 1515 et
3063 1459 3332 1529 dogmata
3361 1452 3617 1509 deﬁnitio
3658 1466 3863 1506 omnes

2217 1562 2532 1629 laetificans,
2566 1574 2742 1630 quam
2770 1554 3003 1628 gloriosi
3034 1552 3295 1608 Ecclesiae
3320 1547 3499 1604 sancti
3536 1550 3727 1619 patres
3755 1559 3862 1614 per

2218 1655 2455 1728 propria
2483 1652 2734 1724 piissime
2749 1651 3015 1721 dogmata
3031 1647 3090 1701 in
3111 1650 3337 1700 internae
3352 1643 3482 1696 vitae
3505 1641 3730 1694 firmam
3750 1638 3867 1691 hai—

2219 1749 2521 1805 reditatem
2565 1745 2899 1817 prmdicassc
2928 1742 3261 1808 noscuntur,
3289 1740 3346 1793 et
3391 1731 3747 1817 subscriptio.
3781 1733 3867 1784 ln-

490 1858 904 1914 hortationibus
915 1859 1168 1914 roborati
1185 1814 2003 1928 etvestrisregulis’informati,
2020 1851 2124 1906 ini—
2141 1822 2198 1895 B
2224 1843 2506 1898 colllme
2538 1814 2594 1896 ’ίίὲ
2623 1843 2681 1895 et
2704 1835 3133 1909 beneplacitum’
3165 1834 3301 1899 Deo,
3329 1826 3678 1884 SﬂncuSSime
3702 1814 3869 1897 Pater

491 1953 654 2009 micis
671 1953 928 2009 videlicet
950 1953 1305 2025 compressis,
1319 1952 1390 2007 ad
1404 1950 1660 2024 proprias
1673 1948 1985 2021 prudenter
2000 1963 2130 2001 con-

493 2047 656 2103 solati
684 2047 973 2103 valeamus
1002 2046 1267 2102 ecclesias
1300 2049 1433 2101 ante
1456 2044 1710 2099 hiemem
1738 2044 1852 2098 Deo
1879 2040 2127 2114 propitio

492 2158 766 2198 remeare.
813 2143 1073 2197 Vestrum
1116 2145 1201 2197 cst
1242 2139 1475 2213 quippe,
1541 2141 1704 2210 pater
1756 2133 2125 2203 sanctissime,

493 2234 765 2292 canonica
799 2234 1151 2290 districtione
1208 2232 1444 2289 sollicite
1484 2228 1877 2287 ecclesiasticae
1911 2229 2128 2300 regulas

494 2329 927 2385 adversantibus
951 2331 1009 2384 et
1030 2330 1271 2383 fratrum
1297 2325 1724 2381 insidiatoribus
1749 2323 1993 2393 obviare,
2024 2337 2129 2376 nec

493 2422 826 2495 permittere
854 2422 1075 2477 noviter
1113 2421 1225 2477 dici
1258 2421 1412 2491 quod
1450 2422 1677 2492 patrum
1715 2415 2129 2473 venerabilium

493 2517 794 2572 auctoritas
839 2516 1073 2571 omnino
1106 2533 1225 2571 non
1260 2513 1499 2570 censuit.
1542 2514 1654 2567 Nos
1698 2511 1851 2567 enim
1888 2509 2132 2565 humiles

496 2610 672 2667 corde
697 2626 827 2682 quae
847 2615 1002 2665 recta
1027 2612 1181 2679 sunt,
1213 2608 1517 2680 adjuvante
1547 2606 1811 2674 Domino,
1828 2604 2129 2676 sapientes,

500 2721 616 2760 uno
657 2704 880 2759 vinculo
923 2703 1216 2758 charitatis
1262 2702 1559 2757 vobiscum
1596 2715 1792 2755 sumus
1819 2696 2131 2763 constricti,

498 2815 696 2854 veram
733 2798 905 2853 ﬁdem
940 2814 1005 2852 ac
1043 2797 1382 2868 religionem
1409 2794 1749 2850 catholicam
1786 2792 1846 2847 in
1873 2790 2135 2846 omnibus

499 2891 731 2947 fortiter
774 2890 1156 2946 defensantes.
1204 2888 1517 2946 Studiosius
1566 2887 1755 2958 itaque
1785 2904 1819 2941 a
1846 2884 2137 2940 catholicis

502 2983 779 3056 improbis
825 2984 1000 3056 probe
1046 2983 1306 3039 resistere
1350 2980 1715 3036 innitendum
1756 2985 1861 3048 est,
1904 2997 1977 3035 ne
2028 2981 2139 3033 tor-

503 3082 704 3151 pentes
747 3076 964 3132 desidia
994 3076 1251 3148 oppressi
1292 3076 1471 3148 culpae
1506 3073 1906 3131 taciturnitatis
1944 3077 2138 3128 tenea-

2222 1942 2476 2009 patrum,
2519 1937 2781 2009 orantem
2829 1947 2933 2003 pro
2964 1928 3129 1984 nobis
3173 1924 3446 1981 Dominus
3488 1919 3773 1976 custodiat
3808 1916 3870 1971 in

2226 1947 2476 2009 patrum,
2519 1947 2686 1990 orant

2226 2048 2431 2087 aevum.
2461 1947 2718 2177 Amen/7

2491 2126 2659 2177 Rescr
2676 2138 2711 2177 υ

2491 2110 2831 2192 Βεεονὶριιιηι
2859 2118 3054 2175 Felicis
3078 2130 3242 2187 papa
3266 2113 3343 2168 ad
3368 2110 3596 2166 eosdem.

2300 2213 2802 2275 Reverendissimis
2872 2215 3043 2283 atque
3136 2203 3516 2263 dilectissimis
3596 2198 3873 2256 fratribus

2226 2316 2543 2369 ATHANASIO
2579 2316 2637 2365 et
2667 2304 2938 2363 universis
2967 2303 3382 2375 Egyptiorum,
3427 2293 3871 2353 Thebaidorum.

2227 2406 2535 2479 Lybiorum
2571 2400 2848 2474 episcopis
2895 2399 2954 2453 in
2998 2401 3192 2452 sancta
3227 2391 3606 2450 Alexandrina
3648 2387 3874 2459 synodo

2229 2498 2609 2572 congregatis,
2631 2498 2797 2551 F1:le
2810 2494 2976 2549 alma:
2996 2494 3271 2547 Romanae
3288 2487 3448 2542 urbis
3466 2489 3524 2540 et
3535 2478 3877 2539 universalis

2229 2594 2491 2651 Ecclesiae
2518 2592 2836 2664 episcopus,
2869 2593 2927 2643 et
2954 2589 3149 2641 sancta
3172 2582 3418 2656 synodus
3442 2595 3569 2651 quae
3588 2577 3648 2632 in
3670 2575 3875 2630 urbem

2231 2691 2472 2745 Romam
2525 2683 2792 2741 convenit
2851 2681 2904 2735 in
2972 2678 3232 2748 Domino,
3305 2676 3564 2729 salutem.
3640 2670 3878 2725 Sacram

2232 2785 2477 2839 vestram
2502 2778 2834 2852 synodicam
2851 2773 3149 2847 epistolam
3165 2786 3268 2843 per
3285 2768 3531 2841 gratiam
3552 2762 3729 2819 sancti
3744 2761 3877 2833 Spi-

2234 2876 2379 2933 ritus
2401 2879 2459 2931 et
2482 2876 2599 2929 Deo
2637 2871 2908 2943 placitum
2943 2866 3197 2922 studium
3235 2860 3613 2933 conscriptam
3672 2857 3881 2910 vestra:

2239 2989 2273 3027 a
2304 2972 2419 3025 Deo
2464 2966 2814 3023 honorandae
2851 2960 3165 3018 sanctitatis
3199 2956 3387 3030 gratia
3410 2954 3659 3010 libenter
3697 2965 3884 3005 susce-

2237 3064 2448 3137 pimus,
2491 3064 2661 3132 atque
2691 3059 2975 3114 instanter
3017 3055 3075 3109 in
3101 3051 3313 3127 synodo
3359 3048 3593 3104 recitare
3624 3060 3728 3117 per
3769 3042 3886 3099 sin-

506 3187 639 3226 mur
667 3169 918 3237 obnoxii,
956 3175 1013 3225 et
1038 3169 1200 3241 quasi
1226 3170 1476 3224 favorem
1509 3167 1904 3241 impendentes
1927 3165 2141 3238 judice—
2160 3194 2217 3269 Ο
2240 3159 2376 3229 gula
2395 3154 2673 3227 jussimus
2692 3156 2749 3207 et
2773 3166 2977 3207 omnes
3004 3149 3223 3203 intente
3253 3145 3374 3216 ejus
3408 3136 3885 3212 colligereverba

706 3264 721 3269 -
893 3263 909 3269 -
1169 3264 1198 3269 ν-
1261 3263 1296 3269 -.
1408 3262 1435 3269 η
1458 3263 1474 3269 -
1516 3262 1526 3269 .
1742 3262 1755 3269 -
2019 3260 2052 3269 ..
2106 3260 2116 3269 .
2245 3253 2255 3264 -
2573 3262 2739 3269 _-__-..
2774 3262 2892 3269 ..-υ-η
2928 3244 3058 3269 4......
3091 3237 3657 3269 ιηηιηηςηηηνιιιιωη-ιηα
3690 3234 3745 3269 at
3791 3246 3885 3269 nn-

507 3281 659 3333 mur,
691 3264 828 3320 dum
843 3263 1076 3319 adversa
1095 3263 1383 3319 catholicas
1402 3262 1532 3318 ﬁdei
1555 3262 1885 3334 propulsare
1903 3260 2142 3332 negligi-

509 3375 657 3427 mus,
673 3358 826 3420 unde
841 3357 1059 3413 dictum
1081 3362 1165 3413 est
1187 3374 1201 3412 :
1220 3356 1522 3429 Negligere
1539 3355 1772 3427 quippe,
1800 3355 1937 3410 dum
1963 3354 2145 3426 possis

505 3452 866 3520 conturbare,
909 3467 1200 3523 perversos
1226 3450 1372 3506 nihil
1418 3449 1576 3505 aliud
1619 3454 1701 3505 est
1729 3465 1903 3521 quam
1933 3448 2143 3517 fovere,

508 3563 615 3604 nec
648 3551 807 3601 caret
835 3546 1101 3617 scrupulo
1135 3545 1416 3601 societatis
1448 3544 1681 3600 occultae
1708 3543 1808 3614 qui
1839 3543 2148 3601 manifesto

509 3639 753 3697 facinori
786 3638 999 3695 desinit
1035 3639 1284 3709 obviare,
1322 3638 1523 3711 liquet,
1553 3638 1753 3693 doctor
1779 3636 2146 3707 sanctissime,

511 3750 804 3791 venenosa
835 3733 1189 3804 serpentium
1217 3731 1338 3787 sine
1372 3730 1739 3803 simplicitate
1776 3731 1985 3785 astutia
2010 3731 2151 3785 dum

514 3828 817 3884 manifesta
860 3829 947 3880 est
983 3826 1177 3880 dolosa
1217 3824 1581 3879 inimicorum
1635 3823 1876 3879 fallacia.
1916 3825 2152 3880 Succur-

517 3921 648 3989 rite,
676 3935 1024 3990 qusesumus,
1042 3917 1348 3990 oppressis,
1370 3917 1608 3973 liberate
1627 3934 1729 3971 nos
1744 3917 1813 3977 de
1825 3934 2002 3972 manu
2022 3935 2154 3990 per-

524 4012 906 4109 sequentium,
935 4013 1002 4066 ut
1028 4027 1158 4065 cum
1179 4010 1347 4109 beato
1362 4010 1477 4109 .lob
1499 3990 1809 4109 caute-tim"
1840 4011 2158 4067 Benedictio

524 4105 768 4180 perituri
792 4120 965 4175 super
992 4120 1085 4159 me
1115 4103 1401 4174 veniebat,
1429 4107 1487 4158 et
1505 4119 1604 4158 cor
1628 4103 1811 4158 viduae
1837 4104 2159 4160 consolatus

527 4215 692 4268 sum;
731 4197 957 4270 justitia
1006 4197 1239 4252 indutus
1270 4196 1352 4252 fui
1389 4200 1448 4251 et
1484 4196 1680 4253 vestivi
1706 4213 1799 4253 me
1830 4197 1976 4253 sicut
2001 4198 2164 4253 vesti-

530 4298 727 4350 mento
754 4296 811 4347 et
847 4290 1173 4348 diademate
1206 4291 1424 4363 judicio
1466 4307 1634 4362 meo;
1667 4293 1862 4347 oculus
1889 4292 1972 4347 fui
2014 4308 2162 4348 caeco

530 4394 590 4445 et
633 4403 733 4459 pes
774 4386 991 4456 claudo,
1039 4389 1202 4458 pater
1241 4402 1401 4441 eram
1447 4402 1793 4459 pauperum,
1838 4391 1896 4442 et
1933 4402 2165 4443 causam

533 4498 708 4554 quam
734 4479 1059 4536 nesciebam
1086 4479 1521 4552 diligentissime
1550 4481 1986 4553 investigabam.
2019 4482 2165 4537 Con-

2240 3250 2529 3322 iussimus,
2570 3262 2739 3318 super
2769 3262 2896 3316 qua:
2925 3244 3063 3299 dum
3090 3239 3272 3295 lateri
3288 3237 3658 3310 sperabamus
3690 3234 3750 3285 et
3791 3246 3887 3285 cu-

2242 3344 2562 3417 piebamus,
2606 3356 2769 3396 versa
2813 3341 2899 3394 est
2944 3337 3003 3391 in
3048 3336 3266 3391 luctum
3313 3331 3533 3386 cithara
3571 3329 3789 3394 nostra,
3830 3327 3889 3378 et

2247 3437 2496 3494 cantatio
2518 3436 2578 3490 in
2604 3433 3004 3506 prolationem,
3027 3433 3084 3485 et
3114 3442 3284 3484 omne
3309 3425 3481 3482 totius
3509 3419 3713 3494 synodi
3738 3434 3883 3489 gau-

2248 3533 2407 3589 dium
2429 3531 2489 3585 in
2514 3544 2820 3585 mcerorem
2850 3525 3187 3581 translatum
3220 3526 3321 3588 est,
3353 3519 3491 3591 quia
3522 3530 3642 3571 non
3672 3512 3887 3568 decue-

2249 3632 2336 3682 rat
2360 3628 2428 3680 ut
2468 3624 2529 3679 hi
2553 3623 2653 3696 qui
2698 3638 2901 3692 corpus
2942 3616 3148 3673 Christi
3186 3614 3438 3688 quotidie
3482 3608 3710 3682 proprio
3751 3622 3888 3660 con-

2252 3719 2451 3775 ficiunt
2479 3735 2595 3785 ore,
2624 3719 2845 3771 tantam
2870 3714 3207 3786 paterentur
3238 3705 3715 3781 persecutionem,
3740 3717 3891 3772 quo-

2253 3814 2406 3869 niam
2429 3814 2578 3867 Deus
2598 3814 2791 3866 noster
2805 3809 3047 3863 salutem
3067 3803 3372 3878 providens
3390 3797 3611 3872 generis
3628 3793 3893 3861 humani,

2256 3906 2547 3963 mandavit
2564 3903 2989 3978 persecutiones
3004 3917 3118 3955 non
3140 3897 3474 3968 ﬁeri,neque
3491 3889 3896 3948 fluctuationes

2258 4002 2480 4071 inferri,
2515 4017 2622 4056 nec
2652 3996 2894 4054 invideri
2916 3993 3302 4051 laborantibus
3330 3992 3390 4045 in
3416 4004 3554 4060 agro
3574 3983 3903 4050 Dominico,

2258 4114 2445 4169 neque
2473 4095 2887 4166 dispensatores
2918 4088 3114 4160 magni
3142 4086 3291 4157 regis
3324 4081 3520 4139 vexari
3544 4081 3644 4134 aut
3662 4075 3895 4147 expelli.

2264 4190 2564 4259 Quiescite,
2598 4187 2785 4260 inquit
2822 4189 3015 4241 sancta
3044 4197 3257 4253 magna
3283 4178 3510 4235 Nicaana
3533 4172 3797 4246 synodus,
3842 4174 3901 4224 et

2262 4286 2438 4343 nolite
2466 4283 2732 4356 persequi
2779 4297 2873 4335 eos
2901 4278 2997 4350 qui
3039 4278 3154 4332 Deo
3184 4274 3432 4346 perfecte
3476 4267 3802 4325 ministrant
3842 4267 3903 4318 et

2264 4381 2483 4436 sincera
2527 4377 2812 4431 voluntate
2854 4373 2956 4428 Dei
2982 4368 3215 4443 superni
3253 4366 3521 4423 mandata
3549 4359 3901 4444 custodiunt,

2268 4478 2328 4531 et
2350 4472 2557 4528 nostris
2587 4470 2809 4541 legibus
2845 4467 3244 4538 subjugantur,
3283 4462 3416 4534 quia
3441 4476 3545 4515 nec
3572 4458 3752 4526 decet,
3796 4473 3904 4512 nec

532 4553 789 4633 terebam
802 4572 1325 4645 molasiniquietde
1341 4574 1605 4630 dentibus
1618 4591 1817 4631 earum
1836 4576 2168 4633 auferebam
2189 4570 2251 4644 D
2274 4568 2415 4625 ordo
2448 4566 2659 4639 patitur
2683 4569 2744 4619 ut
2780 4560 2961 4633 iniqui
2989 4566 3044 4615 et
3070 4558 3324 4614 carnales
3361 4553 3680 4626 spirituales
3709 4568 3905 4623 perse-

534 4668 794 4743 praadam
834 4667 947 4739 (Job
982 4683 1130 4736 xxxx,
1173 4669 1372 4739 13-17),
1412 4688 1442 4718 »
1486 4671 1546 4723 et
1590 4668 1828 4742 reliqua.
1872 4671 1981 4725 Nos
2018 4673 2174 4727 enim

541 4780 682 4837 quos
724 4768 825 4817 tua
862 4760 1110 4816 maxima
1172 4765 1465 4832 exspectat
1510 4779 1668 4833 cura,
1713 4763 1772 4819 id
1813 4769 1916 4835 est,
1974 4782 2177 4821 omnes

541 4856 790 4931 episcopi
811 4856 1096 4929 priecipue
1129 4860 1293 4910 tuum
1322 4856 1531 4911 mereri
1566 4857 1843 4912 debemus
1871 4858 2175 4929 judicium,

540 4955 601 5009 et
627 4965 744 5006 non
785 4949 856 5005 ab
902 4948 1029 5006 aliis
1073 4947 1352 5004 devorari.
1402 4949 1596 5005 Merito
1639 4967 1779 5023 ergo
1821 4969 1923 5007 nos
1957 4953 2180 5008 Domini

547 5060 716 5101 causa
735 5043 965 5115 respicit
987 5042 1324 5112 sacerdotes,
1348 5042 1394 5097 si
1414 5043 1642 5100 silentio
1667 5045 1958 5102 faveamus
1979 5047 2178 5102 errori.

548 5137 844 5208 Siquidem
889 5135 1274 5206 corripiantur
1314 5136 1641 5208 hujusmodi
1681 5156 1783 5195 nec
1826 5140 1897 5195 sit
1938 5140 2182 5195 liberum

551 5230 632 5286 eis
653 5246 754 5301 pro
774 5230 1062 5285 voluntate
1084 5229 1273 5286 facere
1294 5230 1599 5301 judicium,
1630 5232 1854 5288 desinat
1869 5234 2089 5289 novitas
2113 5235 2186 5288 la-

552 5340 769 5380 cessere
789 5327 1144 5392 vetustatem,
1178 5324 1397 5381 desinat
1429 5326 1796 5382 ecclesiarum
1832 5329 2083 5398 quietem
2105 5328 2189 5383 in-

554 5417 827 5491 quietudo
843 5418 1239 5486 turbare,nam
1261 5424 1326 5474 ut
1339 5436 1539 5474 omnes
1564 5420 1987 5492 metropolitani
2011 5421 2094 5476 vel
2107 5438 2190 5476 re-

551 5512 696 5587 liqui
715 5512 963 5584 episcopi
986 5528 1088 5567 sua
1114 5512 1259 5581 odia,
1287 5518 1386 5566 aut
1416 5512 1689 5569 vindictas
1721 5515 1779 5569 in
1803 5515 2051 5586 reliquos
2078 5516 2194 5588 epi-

555 5624 754 5680 scopos
775 5623 1039 5662 exercere
1073 5623 1187 5661 non
1219 5606 1461 5671 valeant,
1496 5606 1624 5662 ideo
1645 5609 1983 5664 nominatim
2012 5609 2073 5665 in
2102 5610 2193 5665 Ni-

557 5719 719 5757 ceena
738 5701 951 5772 synodo
964 5698 1217 5770 expressi
1234 5703 1366 5754 sunt
1380 5699 1670 5770 primates,
1690 5703 1788 5773 qui
1805 5702 2054 5775 reliquos
2068 5705 2191 5777 epi-

561 5811 756 5866 scopos
766 5793 963 5849 audire
985 5795 1043 5846 et
1052 5790 1311 5861 judicare
1328 5792 1594 5863 debeant,
1617 5811 1691 5850 ne
1705 5796 1822 5852 ulla
1844 5796 2000 5852 fraus
2015 5798 2075 5853 in
2094 5798 2191 5869 ju-

566 5886 715 5953 dicio
753 5885 1146 5958 episcoporum
1181 5886 1356 5955 possit
1396 5885 1639 5943 irruere.
1677 5889 1784 5942 Vos
1818 5906 1955 5959 ergo
2003 5891 2101 5962 qui
2138 5891 2197 5948 in

2272 4664 2559 4737 quantur;
2603 4658 2788 4714 omnis
2825 4656 2983 4712 enim
3027 4654 3125 4726 qui
3150 4651 3358 4708 resistit
3401 4647 3569 4705 alicui
3597 4662 3750 4701 nunc
3785 4663 3911 4700 ver-

2272 4679 2452 4737 quam
2494 4679 2559 4729 1';
2603 4679 2788 4714 omnis
2825 4679 2983 4712 clum
3027 4679 3125 4726 qui
3151 4679 3358 4708 resistit.
3401 4679 3569 4705 αιιυυι
3598 4679 3750 4701 ιιυιιυ
3794 4679 3911 4700 νει-

2272 4679 2663 4856 ῐθηάοξὶῐιιιῐιο
2700 4751 2934 4808 celando
2961 4749 3278 4815 veritatem,
3326 4743 3599 4800 mentitur
3640 4740 3914 4795 adversus

2552 4853 2560 4856 _
2897 4844 2979 4856 ...ι
3067 4846 3076 4856 .
3174 4848 3182 4856 .
3304 4841 3314 4852 ι
3361 4839 3371 4849 ”
3426 4838 3465 4856 ﬂ,
3511 4841 3594 4856 n___
3632 4838 3708 4856 --ι
3748 4834 3911 4856 -1;---ζ

2278 4869 2411 4907 eum
2439 4834 2635 4905 cdntra
2681 4864 2854 4919 quem
2896 4844 3104 4916 litigat,
3136 4848 3192 4897 et
3220 4841 3321 4912 qui
3357 4838 3597 4893 infestus
3626 4838 3716 4891 est
3745 4834 3914 4888 alicui

2280 4945 2472 5000 omnia
2515 4943 2659 4998 sicut
2697 4940 2874 4995 hostis
2895 4938 3033 5009 agit,
3058 4942 3116 4992 et
3156 4937 3389 5006 insuper
3411 4930 3572 5002 loqui
3592 4927 3912 4985 contendit.

2282 5041 2388 5095 Vos
2431 5038 2587 5094 enim
2605 5051 2929 5102 monemus,
2976 5033 3203 5099 fratres,
3251 5030 3310 5083 in
3362 5023 3606 5097 speculis
3652 5038 3774 5077 esse
3821 5021 3916 5075 de-

2283 5134 2439 5202 bere,
2467 5138 2534 5188 ut
2580 5130 2924 5202 inquantum
2960 5125 3200 5198 potestis
3227 5126 3286 5178 et
3326 5119 3603 5177 Dominus
3643 5114 3919 5171 auxilium

2287 5225 2524 5295 dederit,
2553 5224 2760 5281 talibus
2788 5227 2983 5279 nostra
3006 5218 3310 5291 apostolica
3345 5218 3640 5283 vestraque
3669 5209 3915 5264 auctori-

2286 5325 2403 5378 tate
2434 5319 2726 5387 resistatis,
2754 5334 2859 5373 nec
2877 5316 3182 5388 quisquam
3210 5315 3458 5367 vestrum
3486 5324 3519 5361 a
3542 5306 3731 5360 fratris
3752 5302 3917 5357 auxi-

2289 5417 2362 5471 lio
2389 5432 2447 5471 se
2473 5414 2791 5481 subtrahat,
2837 5411 2937 5466 sed
2963 5426 3065 5481 pro
3102 5406 3315 5461 viribus
3346 5403 3575 5476 praestet
3607 5396 3920 5453 adminicu-

2288 5516 2433 5571 lum.
2456 5509 2737 5576 Quoniam
2761 5507 2892 5562 licet
2914 5504 3081 5577 pauci
3112 5501 3254 5567 sitis,
3282 5499 3326 5554 si
3350 5496 3647 5552 unanimes
3673 5492 3919 5557 fueritis,

2292 5608 2614 5662 nullatenus
2621 5601 2842 5674 justitia
2866 5591 3489 5669 suffragante,Domino
3503 5602 3737 5660 quoque
3755 5599 3925 5655 opem

2291 5704 2527 5767 ferente,
2550 5693 2979 5770 superabimini,
3002 5692 3137 5764 quia
3157 5688 3441 5745 funiculus
3464 5681 3672 5754 triplex
3698 5677 3926 5734 difficile

2292 5795 2598 5866 rumpitur.
2638 5794 2778 5847 Nam
2823 5788 2870 5844 si
2899 5786 3099 5843 officiis
3132 5781 3497 5841 saecularibus
3544 5778 3800 5831 humana
3838 5772 3927 5826 lex

2295 5888 2572 5958 subvenit,
2616 5891 2826 5960 quanto
2856 5882 3039 5955 magis
3071 5873 3457 5936 ecclesiasticis
3486 5874 3543 5928 et
3580 5865 3812 5926 Domini
3836 5882 3927 5922 sa-
