4032 6294
171 364 274 420 M5

1405 364 1876 423 DECRETAIJUM
1915 365 2306 423 COLLECTIO.

3435 369 3534 422 646

168 473 491 528 cerdotibus
539 473 909 544 maximeque
951 471 1142 527 divina
1188 477 1360 545 atque
1408 473 1690 529 catholica
1717 476 1804 528 lex
1827 486 1885 560 Α
1905 475 2186 543 stituatur,
2218 479 2274 530 et
2296 479 2494 547 postea
2519 490 2631 529 non
2659 472 2871 542 statim,
2905 474 3002 529 sed
3031 473 3150 541 diu,
3179 478 3236 528 et
3276 489 3381 545 per
3407 490 3536 545 spa-

169 566 472 637 suﬂ'ragari
499 566 750 622 debeat?
781 566 873 621 Ait
918 566 1073 622 enim
1117 566 1370 621 divinum
1419 568 1488 622 de
1527 568 1805 639 episcopis

167 660 480 730 eloquium,
503 681 530 708 ‹‹
551 660 657 724 Qui
677 676 771 714 vos
794 659 994 730 tangit,
1019 660 1207 730 tangit
1226 660 1504 732 pupillam
1524 661 1670 716 oculi
1689 661 1804 716 mei

171 755 348 819 (Zach.
381 769 438 822 ιι,
469 754 594 825 8).»
629 755 697 807 Et
725 753 772 807 si
802 754 1108 808 szeculares
1133 753 1390 808 humana
1414 753 1806 826 multipliciter

167 847 537 917 explorantur
565 847 828 902 homines
854 847 984 918 lege
1016 853 1072 902 et
1099 847 1500 918 requisitiones
1527 853 1697 919 atque
1723 849 1806 902 in-

168 939 352 994 ducite
365 941 448 995 eis
465 941 778 996 multorum
799 940 1085 996 mensium
1105 941 1496 996 conceduntur
1511 957 1582 996 ne
1597 941 1804 1012 injuste

167 1033 535 1103 damnentur,
555 1037 771 1106 quanto
788 1035 968 1106 magis
995 1034 1276 1106 episc0pis
1297 1036 1397 1106 qui
1423 1035 1804 1106 proximiores

167 1131 303 1181 sunt
327 1130 460 1195 Deo,
493 1133 549 1183 et
575 1145 746 1199 super
788 1129 890 1182 hos
935 1129 1224 1184 constituti
1270 1129 1556 1199 positique
1587 1129 1644 1183 in
1687 1146 1799 1184 coe-

164 1219 290 1274 lesti
311 1220 514 1275 militia
533 1238 661 1292 quae.
682 1221 994 1292 impensius
1018 1221 1392 1292 ponderanda
1415 1228 1518 1289 est,
1541 1225 1804 1293 tempora

165 1317 301 1368 sunt
325 1315 690 1369 concedenda
732 1315 914 1369 multo
958 1314 1258 1386 ampliora,
1289 1332 1361 1369 ne
1405 1333 1437 1368 a
1461 1315 1800 1386 quibtlsdam

168 1411 480 1478 graventur
509 1413 608 1462 aut
635 1408 1053 1479 opprimantur,
1087 1410 1178 1463 vel
1209 1409 1396 1463 subito
1434 1409 1797 1464 damnentur.

163 1501 509 1571 Incipiamus
541 1517 697 1572 ergo,
718 1502 1022 1571 adjuvante
1049 1503 1163 1556 Deo
1187 1505 1246 1556 et
1265 1505 1460 1556 sancto
1490 1505 1653 1558 Petro
1670 1520 1803 1575 apo-

165 1595 332 1663 stolo,
354 1611 457 1665 per
473 1611 645 1665 quem
667 1595 1016 1666 apostolatus
1044 1598 1101 1649 et
1126 1596 1559 1667 episcopatusin
1581 1597 1801 1652 Christo

163 1687 335 1758 ccepit
361 1688 680 1755 exordium,
715 1689 983 1760 quoniam
1029 1689 1218 1759 plures
1245 1706 1394 1760 saepe
1438 1695 1804 1745 emerserunt

165 1795 351 1837 causa:
377 1797 505 1852 quas
536 1781 591 1834 in
623 1781 964 1852 quibusdam
994 1797 1113 1836 non
1144 1787 1305 1836 erant
1329 1798 1526 1850 causae,
1557 1783 1657 1838 sed
1687 1784 1798 1838 cri-

1903 568 2050 623 tiosa
2075 575 2338 640 tempora
2363 570 2478 623 suis
2502 569 2838 640 potestative
2873 567 3180 638 dispositis,
3205 572 3262 621 et
3279 567 3347 622 ad
3376 583 3538 622 suam

1902 662 2293 715 necessitatem
2323 662 2675 732 praeparatis,
2705 661 2776 716 ad
2806 665 3037 732 tempus
3067 659 3257 715 veniat
3291 660 3362 715 ad
3403 677 3536 715 cau-

1903 771 2042 820 sam,
2081 761 2154 821 et,
2177 755 2221 807 si
2247 755 2396 825 juste
2429 755 2608 808 visum
2637 753 2828 822 fuerit,
2861 753 3278 809 accusatoribus
3308 770 3539 825 respon-

1904 848 2034 902 deat
2060 847 2191 901 suis.
2227 848 2372 902 Nulli
2409 848 2605 902 infami
2639 851 2806 919 atque
2854 847 3129 918 sacrilego
3169 848 3238 901 de
3279 863 3532 918 quocun-

1904 958 2011 1012 que
2033 941 2199 996 liceat
2223 941 2450 1012 negotio
2479 943 2746 996 adversus
2771 941 3102 1012 religiosum
3145 940 3532 995 Christianum

1903 1034 2164 1105 quamvis
2183 1035 2412 1088 humilis
2425 1035 2752 1105 servilisque
2771 1052 3016 1105 persona
3032 1034 3123 1102 sit,
3145 1033 3534 1089 testimonium

1903 1128 2107 1195 dicere,
2143 1145 2246 1182 nec
2275 1128 2345 1182 de
2377 1128 2625 1200 qualibet
2651 1121 3147 1198 refinscriptione,
3177 1127 3401 1182 actione
3436 1130 3536 1181 aut

1902 1222 2284 1276 Christianum
2316 1221 2614 1292 impetere.
2643 1222 2698 1276 Si
2719 1221 3016 1292 episc0pus
3037 1221 3288 1291 legitime
3314 1237 3540 1275 accusa-

1901 1322 2012 1384 tus,
2030 1321 2086 1370 et
2113 1315 2440 1386 supradicto
2471 1315 2672 1369 ordine
2699 1315 2769 1368 ad
2791 1315 3093 1369 concilium
3121 1314 3390 1368 canonice
3408 1331 3537 1369 con-

1901 1415 2132 1464 vocatus
2159 1409 2351 1477 fuerit,
2385 1409 2594 1479 absque
2635 1409 2744 1462 ulla
2774 1407 3146 1479 trepidatione
3177 1407 3257 1462 ire
3287 1407 3532 1474 debebit,

1903 1508 1959 1556 et
1987 1503 2032 1556 si
2058 1503 2139 1558 ire
2166 1520 2281 1557 non
2307 1502 2580 1573 potuerit,
2609 1519 2713 1573 per
2740 1519 2799 1555 se
2829 1503 3087 1572 legatum
3133 1501 3205 1555 ad
3251 1501 3532 1571 synodum

1899 1597 2105 1650 mittat.
2153 1597 2329 1650 Nulla:
2360 1611 2541 1650 causa:
2583 1613 2616 1649 a
2659 1595 2947 1665 judicibus
2995 1593 3381 1648 ecclesiasticis
3429 1611 3533 1648 au-

1902 1690 2130 1744 diantur
2155 1706 2282 1761 quae
2314 1689 2536 1760 legibus
2565 1706 2683 1743 non
2711 1689 3093 1756 continentur,
3121 1688 3206 1742 vel
3245 1704 3374 1758 qua:
3400 1703 3533 1759 pro-

1900 1783 2094 1837 hibita:
2134 1799 2253 1838 esse
2282 1785 2613 1837 noscuntur.
2644 1782 2704 1838 Si
2751 1783 2877 1852 quis
2908 1782 3070 1836 aliter
3101 1797 3211 1835 non
3240 1781 3535 1852 acquieve-

164 1873 340 1940 mina,
377 1873 512 1944 quia
540 1874 723 1944 magis
770 1879 828 1928 ut
859 1874 1249 1945 comperimus
1288 1875 1591 1947 iniquitate
1630 1871 1995 1948 quamBrit,
2039 1876 2146 1930 nisi
2197 1881 2260 1931 ut
2311 1876 2639 1947 episcopum
2693 1881 2918 1930 accuset
2965 1892 3133 1946 supra
3188 1880 3377 1929 taxato
3433 1875 3538 1928 hoc

164 1965 438 2020 charitate
483 1966 752 2020 fratribus
791 1970 923 2021 sunt
973 1967 1272 2039 impositas.
1310 1969 1376 2022 Et
1405 1975 1470 2023 ut
1497 1968 1566 2023 de
1596 1975 1801 2025 caetero

163 2058 486 2113 sollicitudo
513 2059 604 2125 sit,
637 2076 707 2114 ne
733 2061 866 2114 talia
898 2059 1217 2128 deveniant,
1248 2062 1494 2132 capitula
1533 2063 1800 2134 quaedam

162 2169 196 2206 a
221 2152 430 2207 sanctis
457 2153 732 2223 patribus,
763 2157 883 2207 tam
925 2153 982 2208 in
1026 2155 1254 2209 Nicazna
1298 2155 1512 2226 synodo
1538 2173 1708 2227 quam
1739 2164 1796 2213 et

163 2245 220 2299 in
261 2246 371 2300 hac
399 2245 532 2300 sede
575 2247 880 2301 constituta
923 2265 1226 2318 ponamus,
1255 2249 1461 2320 quibus
1505 2250 1706 2306 fratres
1747 2255 1804 2307 et

164 2339 482 2411 coepiscopi
503 2339 677 2394 nostri
694 2340 839 2410 fulti,
860 2341 1087 2396 insidias
1107 2341 1469 2397 inimicorum
1490 2343 1798 2400 auxiliante

163 2433 404 2487 Domino
445 2433 667 2488 valeant
713 2433 974 2503 evadere,
1006 2439 1062 2490 et
1100 2440 1273 2506 prout
1319 2436 1592 2492 Dominus
1635 2454 1800 2509 posse

165 2526 403 2596 dederit,
433 2526 791 2598 paucioribus
818 2532 1110 2582 tantorum
1148 2530 1432 2584 malorum
1460 2530 1645 2585 verbis
1670 2531 1795 2586 inii-

163 2622 354 2674 temur
365 2620 790 2690 compendium,
807 2626 864 2676 et
881 2621 1119 2676 strictim
1141 2638 1267 2693 quae
1282 2623 1339 2676 in
1352 2623 1643 2678 volumine
1657 2625 1800 2680 litte-

163 2729 358 2766 rarum
387 2716 704 2768 vestrarum
731 2713 1138 2786 comperimus,
1173 2719 1564 2785 retractemus,
1598 2724 1655 2772 et
1693 2719 1799 2773 alia

163 2808 444 2862 nonnulla
471 2807 733 2862 instantis
760 2809 1038 2880 temporis
1083 2809 1425 2877 necessaria,
1450 2814 1618 2880 prout
1651 2812 1795 2883 peti-

161 2900 250 2966 tis,
283 2917 586 2972 ponamus.
616 2902 711 2956 Est
737 2918 986 2973 namque
1014 2895 1295 2974 synodicis
1321 2903 1616 2960 decretum
1644 2905 1799 2960 insti-

163 2994 317 3061 tutis,
346 2997 410 3049 ut
435 3011 609 3050 nemo
640 2995 967 3066 episcopum
1009 3013 1188 3068 penes
1215 2999 1510 3052 saeculares
1556 2998 1798 3054 arbitros

162 3092 406 3158 accuset,
435 3089 535 3143 sed
559 3089 713 3160 apud
745 3106 1003 3146 summos
1035 3091 1327 3162 primates.
1360 3092 1419 3147 Si
1450 3093 1574 3163 quis
1603 3092 1798 3147 adver-

163 3199 253 3236 sus
272 3182 602 3254 episcopum
632 3199 862 3238 causam
884 3184 1166 3254 habuerit,
1200 3203 1313 3239 non
1340 3186 1499 3258 prius
1525 3186 1662 3240 alios
1682 3187 1797 3258 epi-

162 3293 361 3347 scopos
391 3276 555 3331 adeat
578 3279 642 3330 nt
679 3293 812 3332 eum
857 3281 1104 3346 accuset,
1136 3295 1307 3349 quam
1351 3279 1713 3335 familiariter
1745 3281 1794 3335 ei

162 3386 322 3424 suam
366 3368 578 3424 indicet
603 3371 920 3442 querelam,
952 3375 1010 3427 et
1039 3373 1110 3426 ab
1139 3389 1206 3426 eo
1235 3373 1562 3444 autjustam
1593 3391 1792 3428 emen-

163 3463 458 3518 dationem
487 3467 587 3518 aut
611 3465 1009 3520 rationabilem
1037 3466 1321 3538 percipiat
1352 3467 1792 3534 excusationem,

162 3562 218 3612 et
247 3557 370 3628 ipsa
400 3574 502 3612 nos
545 3557 860 3614 instruente
887 3560 1132 3616 Veritate
1165 3577 1178 3615 :
1215 3581 1244 3610 «
1276 3561 1333 3616 Si
1379 3561 1698 3632 peccaverit
1735 3562 1792 3615 in

156 3655 211 3706 te
236 3652 417 3707 frater
443 3655 596 3718 tuus,
615 3653 758 3708 vade
789 3659 844 3708 et
874 3653 1092 3726 corripe
1123 3671 1255 3710 eum
1283 3654 1432 3710 inter
1449 3660 1504 3709 te
1528 3658 1586 3709 et
1603 3655 1789 3726 ipsum

158 3746 374 3812 solum;
419 3746 465 3800 si
526 3749 579 3801 te
630 3764 747 3802 non
805 3748 1069 3818 audierit,
1104 3748 1312 3803 adhibe
1367 3749 1509 3804 duos
1547 3749 1633 3803 vel
1678 3752 1794 3804 tres

155 3844 369 3906 tecum,
401 3844 460 3894 et
503 3839 548 3893 si
580 3857 695 3895 non
722 3858 816 3895 vos
851 3842 1118 3911 audierit,
1149 3842 1237 3896 dic
1283 3843 1543 3897 Ecclesiae
1575 3845 1788 3912 (Matth.

152 3949 308 4002 xvm,
346 3936 545 4004 15-17),
580 3956 607 3983 »
651 3935 709 3989 id
747 3941 851 4002 est,
884 3953 1083 3991 accusa
1132 3953 1264 3991 eum
1313 3937 1534 4007 publice
1575 3943 1631 3992 et
1674 3956 1791 3994 non

153 4026 332 4098 prius,
354 4031 412 4081 et
437 4029 676 4100 reliqua.
707 4029 762 4084 Si
793 4029 919 4101 quis
947 4030 1282 4102 episcopum
1312 4035 1439 4102 post
1465 4032 1586 4086 hasc
1608 4033 1792 4104 elege-

152 4121 228 4174 rit
255 4137 541 4190 accusare,
573 4123 809 4177 summis
833 4123 1170 4194 primatibus
1209 4124 1603 4196 episcoporum
1631 4143 1789 4181 suam

153 4214 371 4269 indicet
408 4232 658 4286 causam,
692 4221 748 4271 et
785 4233 902 4272 non
948 4217 1340 4284 saacularibus,
1369 4219 1465 4290 qui
1494 4220 1680 4291 magis
1717 4220 1789 4274 ad

151 4324 355 4379 pacem
399 4325 575 4380 quam
618 4310 691 4364 ad
721 4310 1004 4380 judicium
1051 4327 1148 4366 eos
1191 4317 1476 4381 revocent,
1507 4316 1573 4367 ut
1600 4314 1784 4368 chari-

153 4405 236 4455 tas
265 4402 324 4456 in
353 4403 621 4458 omnibus
642 4407 698 4458 et
717 4405 788 4459 ab
816 4405 1085 4459 omnibus
1111 4406 1480 4462 custodiatur.
1503 4407 1558 4462 Si
1581 4407 1786 4478 prima-

151 4498 238 4550 tes
265 4500 622 4552 accusatores
649 4497 1047 4570 episcoporum
1091 4515 1219 4553 cum
1255 4499 1334 4554 eis
1373 4500 1671 4571 paciﬁcare
1702 4502 1784 4556 fa-

1902 1976 2096 2025 tenore
2140 1986 2309 2042 agere
2352 1969 2600 2037 debebit,
2638 1969 2771 2040 quia
2813 1968 2978 2022 aliter
3027 1972 3146 2022 rata
3189 1984 3304 2022 non
3353 1973 3540 2039 potest

1901 2063 2182 2118 accusatio
2216 2063 2454 2118 existere
2487 2081 2501 2116 :
2531 2069 2665 2117 tunc
2692 2062 2880 2134 primo
2912 2062 3155 2116 accusati
3180 2077 3408 2116 causam
3439 2078 3535 2115 ac-

1901 2161 2125 2212 cusator
2147 2157 2298 2228 apud
2329 2156 2602 2228 primates
2628 2155 2898 2210 canonice
2931 2155 3170 2224 deferat,
3192 2171 3296 2209 nec
3322 2171 3355 2208 a
3385 2171 3536 2209 com-

1903 2250 2176 2305 munione
2221 2249 2588 2321 prohibeatur
2635 2253 2949 2318 accusatus,
2979 2248 3086 2302 nisi
3121 2247 3192 2302 ad
3222 2247 3533 2302 electorum

1895 2343 2178 2413 judicium
2207 2343 2477 2397 canonice
2503 2348 2838 2397 convocatus
2863 2342 3012 2396 infra
3044 2347 3160 2396 tres
3189 2344 3287 2395 aut
3320 2357 3420 2395 sex
3446 2342 3534 2396 vel

1901 2438 2090 2507 plures
2116 2454 2359 2505 menses,
2393 2452 2497 2507 pro
2526 2437 2640 2490 suis
2671 2435 2950 2489 rationem
2981 2433 3307 2489 redditurus
3337 2436 3533 2489 venire

1902 2530 2210 2599 distulerit;
2241 2530 2392 2601 quod
2426 2529 2468 2583 si
2490 2530 2729 2600 probare
2758 2529 3006 2599 potuerit
3033 2528 3181 2599 quod
3204 2545 3320 2582 non
3339 2528 3534 2582 nolue-

1901 2624 1991 2690 rit,
2024 2624 2121 2678 sed
2170 2640 2284 2677 non
2333 2622 2585 2694 potuerit
2622 2621 2828 2689 venire,
2857 2621 3000 2674 nihil
3043 2620 3094 2674 ei
3136 2620 3384 2676 nocebit.
3437 2620 3534 2676 llle

1899 2733 2028 2770 vero
2055 2717 2151 2788 qui
2177 2717 2228 2770 vi
2260 2722 2357 2770 aut
2387 2716 2588 2770 timore
2619 2733 2651 2769 a
2681 2714 2813 2768 sede
2844 2714 3060 2785 pulsus,
3087 2720 3185 2769 aut
3215 2713 3329 2768 suis
3360 2713 3533 2768 rebus

1901 2811 2239 2882 exspoliatus
2282 2810 2471 2880 fuerit,
2503 2809 2611 2863 nisi
2659 2808 2816 2880 prius
2859 2811 3093 2861 vocetur
3135 2807 3207 2862 ad
3252 2807 3535 2878 synodum

1898 2921 2068 2975 quam
2095 2905 2146 2958 ei
2173 2904 2365 2958 omnia
2393 2903 2614 2974 legibus
2639 2901 3124 2972 redintegrentur,
3152 2903 3209 2955 et
3234 2900 3450 2955 tamdiu
3471 2899 3531 2954 in

1898 2997 2032 3052 sede
2053 2998 2279 3069 prepria
2305 2997 2532 3068 paciﬁce
2561 3002 2618 3050 et
2638 2994 2971 3067 potestative
2995 2997 3198 3050 cuncta
3225 2993 3530 3066 disponens

1896 3092 2161 3160 resideat,
2208 3091 2480 3164 quamdiu
2525 3089 2791 3162 expulsus
2843 3088 2930 3144 vel
2976 3089 3296 3160 expoliatus
3338 3104 3532 3144 carere

1894 3188 2043 3242 visus
2071 3190 2156 3240 est
2181 3187 2367 3240 rebus.
2398 3185 2538 3242 Cum
2567 3188 2759 3239 autem
2795 3181 2868 3236 ad
2904 3181 3186 3253 judicium
3214 3181 3452 3252 venerit,
3482 3181 3526 3236 si

1894 3281 2136 3336 voluerit
2163 3283 2220 3333 et
2250 3295 2475 3333 necesse
2504 3277 2695 3343 fuerit,
2719 3276 2962 3331 induciae
2989 3275 3040 3329 ei
3060 3277 3118 3330 et
3144 3275 3419 3346 petentia
3437 3291 3532 3346 pa-

1894 3375 2075 3429 tribus
2097 3373 2413 3428 constitutae
2435 3371 2647 3441 absque
2674 3368 3086 3440 impedimento
3117 3367 3527 3434 concedantur,

1895 3472 1952 3522 et
1974 3468 2193 3539 judices
2220 3484 2253 3520 a
2291 3483 2349 3520 se
2379 3464 2537 3520 electi
2568 3463 2911 3528 tribuantur,
2939 3467 3003 3515 ut
3029 3461 3088 3514 in
3113 3461 3237 3515 loco
3265 3461 3414 3515 unde
3443 3467 3530 3515 est

1891 3562 1986 3616 ille
2017 3561 2113 3632 qui
2152 3564 2466 3626 accusatur,
2505 3561 2604 3611 aut
2647 3557 2693 3610 si
2737 3555 2868 3610 alibi
2921 3555 3159 3624 alicujus
3204 3554 3526 3608 temeraria».

1893 3653 2274 3710 multitudinis
2318 3653 2433 3706 vim
2483 3650 2772 3719 metuerit,
2814 3650 3002 3704 locum
3046 3647 3153 3702 sibi
3204 3663 3526 3719 congruum

1893 3749 2086 3820 eligat,
2105 3764 2215 3819 quo
2231 3746 2441 3818 absque
2463 3745 2665 3800 timore
2694 3759 2848 3809 suos,
2866 3742 2914 3796 si
2940 3740 3242 3796 necessitas
3261 3758 3525 3812 exposce-

1892 3843 1984 3910 rit,
2018 3845 2185 3897 testes
2210 3840 2418 3896 habere
2446 3843 2504 3892 et
2547 3839 2756 3909 absque
2783 3834 3201 3908 impedimento
3233 3851 3396 3889 suam
3427 3851 3522 3889 ca-

1891 3936 2091 3991 nonice
2120 3933 2461 3990 sententiam
2490 3933 2655 3986 ﬁnire
2683 3932 2884 4005 valeat,
2914 3929 3047 4001 quia
3076 3929 3258 3984 multa
3280 3944 3386 4000 per
3401 3928 3527 3982 sub-

1890 4031 2206 4102 reptionem
2247 4029 2437 4083 venire
2481 4023 2712 4102 solent]
2736 4026 2807 4080 Ut
2845 4023 3178 4079 testiﬁcandi
3224 4023 3313 4077 vel
3359 4037 3525 4078 accu-

1891 4031 2206 4102 reptionem
2247 4029 2437 4083 venire
2481 4019 2712 4191 solentZ
2736 4026 2807 4080 Ut
2845 4023 3178 4079 testiﬁcandi
3224 4023 3313 4077 vel
3359 4037 3525 4078 accu-

1891 4125 2055 4180 sandi
2078 4124 2306 4179 licentia
2331 4124 2647 4192 denegetur
2707 4119 2765 4174 ui
2792 4117 3123 4181 Christianas
3153 4116 3448 4188 religionis
3471 4121 3528 4171 et

1891 4219 2140 4273 nominis
2169 4218 2528 4288 dignitatem,
2561 4218 2616 4269 et
2653 4230 2768 4267 suae
2800 4213 2963 4283 legis,
2991 4212 3078 4264 vel
3124 4211 3210 4264 sui
3251 4209 3526 4281 propositi

1886 4328 2173 4381 normam,
2201 4314 2300 4365 aut
2323 4307 2665 4380 regulariter
2691 4305 2976 4377 prohibita
2997 4303 3369 4375 neglexerint.
3390 4303 3526 4357 Mul-

1887 4412 2010 4461 tum
2036 4404 2327 4475 derogatio
2351 4402 2616 4474 praevalet
2641 4398 2870 4471 quando
2910 4398 3216 4468 derogator
3251 4396 3518 4465 creditur,

1886 4499 2013 4554 ideo
2069 4498 2235 4552 variis
2284 4493 2788 4550 detrectationibus
2843 4495 3012 4562 atque
3062 4488 3518 4544 accusationibus

150 4588 454 4644 miliariter
481 4590 718 4646 minime
749 4592 1060 4663 potuerint,
1085 4595 1220 4648 tunc
1247 4597 1505 4664 tempore
1527 4594 1783 4665 legitimo
1808 4619 1863 4692 Β
1888 4610 2001 4648 non
2028 4593 2191 4646 decet
2218 4587 2545 4644 labefactari
2574 4586 2900 4656 primatem,
2935 4583 3035 4692 sed
3048 4582 3260 4692 "magis
3289 4586 3520 4684 patrum

151 4698 250 4738 eos
296 4683 368 4736 ad
411 4684 693 4754 synodum
741 4686 1007 4741 canonice
1057 4689 1427 4741 convocatam
1478 4703 1590 4741 non
1639 4683 1836 4819 intra]

151 4781 384 4819 sinonem
464 4780 724 4819 famnnrn
818 4779 1088 4819 nnnnnina
1150 4783 1451 4819 nnnvnnonf
1538 4785 1587 4819 at
1667 4798 1780 4819 nnn

148 4781 390 4847 angusta
464 4780 730 4850 tempora
818 4779 1088 4835 canonice
1150 4783 1476 4847 convocent,
1538 4785 1596 4835 et
1666 4798 1784 4836 non

149 4870 307 4939 prius
336 4887 510 4942 quam
535 4871 614 4925 eis
640 4889 744 4943 per
771 4873 977 4945 scripta
1003 4874 1341 4946 significent,
1369 4875 1525 4946 quod
1558 4875 1638 4929 eis
1679 4892 1781 4946 op-

149 4964 381 5033 ponitur
419 4969 484 5019 ut
527 4965 597 5019 ad
642 4968 1067 5037 responsionem
1114 4968 1418 5040 praeparati
1459 4968 1781 5023 adveniant.

148 5056 288 5109 Nam
335 5057 382 5110 si
428 5063 526 5112 aut
570 5059 621 5112 vi
674 5065 774 5114 aut
823 5061 1028 5115 timore
1077 5061 1264 5132 ejecti,
1309 5067 1408 5116 aut
1452 5063 1567 5116 suis
1617 5063 1784 5117 rebus

148 5151 448 5221 exspoliati
477 5153 709 5219 fuerint,
729 5169 833 5208 nec
861 5154 1132 5209 canonice
1163 5156 1384 5209 evocari
1403 5156 1475 5210 ad
1504 5156 1785 5227 synodum

147 5249 408 5314 possunt,
437 5261 543 5299 nec
591 5247 932 5317 respondere
980 5249 1202 5302 aemulis
1229 5249 1438 5304 debent
1477 5256 1784 5321 antequam

145 5341 419 5393 canonice
467 5340 857 5410 restituantur,
906 5345 963 5397 et
1011 5359 1112 5396 sua
1161 5343 1242 5396 eis
1291 5343 1479 5398 omnia
1527 5343 1788 5416 legaliter

146 5431 484 5488 reddantur.
505 5423 599 5526 \Si
643 5434 770 5506 quis
813 5435 1204 5507 episcoporum
1251 5438 1425 5492 fuerit
1465 5438 1578 5491 suis
1614 5437 1786 5492 rebus

145 5528 512 5597 exspoliatus,
543 5531 641 5582 aut
669 5545 702 5582 a
733 5545 833 5583 sua
877 5530 1111 5584 ecclesia
1144 5530 1198 5583 vi
1224 5535 1324 5585 aut
1353 5531 1556 5586 timore
1588 5531 1781 5603 expul-

145 5636 260 5687 sus,
299 5621 455 5691 quod
498 5622 654 5676 omni
697 5623 1020 5679 Christiano
1063 5623 1283 5679 nomini
1333 5629 1418 5679 est
1462 5625 1783 5695 inimicum,

145 5717 376 5784 oportet
413 5717 471 5769 et
510 5714 676 5771 decet
718 5717 1118 5789 episcoporum
1165 5719 1519 5790 propositum
1563 5736 1788 5791 semper

144 5808 330 5879 prima
361 5807 548 5864 fronte
579 5808 802 5881 cedere,
841 5816 902 5866 ut
927 5812 1122 5868 omnia
1149 5829 1275 5884 quae
1307 5814 1496 5869 ablata
1523 5817 1655 5869 sunt
1683 5829 1781 5885 po-

147 5902 334 5958 testati
366 5902 490 5975 ejus
527 5903 785 5976 legaliter
813 5904 1142 5976 reddantur,
1176 5913 1232 5962 et
1273 5909 1478 5980 praesul
1514 5908 1670 5980 prius
1696 5923 1782 5962 re-

1887 4685 2097 4758 regulis
2138 4683 2410 4749 roborari,
2445 4696 2549 4736 nec
2583 4678 2744 4734 facile
2785 4680 2886 4732 aut
2918 4675 3309 4730 indifferenter
3345 4673 3517 4729 susci-

1885 4797 2021 4852 pere
2053 4777 2443 4834 accusationes
2467 4776 2801 4846 praesumat,
2833 4771 3053 4826 dicente
3084 4768 3324 4823 Domino
3351 4785 3364 4822 :
3391 4768 3514 4822 Non

1884 4874 2151 4945 suscipias
2181 4887 2374 4926 vocem
2399 4867 2708 4937 mendacii;
2751 4865 2848 4920 sed
2883 4864 3041 4937 prius
3068 4863 3309 4934 probare
3347 4861 3519 4917 debet

1885 4968 2266 5040 suspicionem
2291 4969 2348 5020 et
2375 4979 2604 5019 causam
2636 4965 2734 5016 aut
2759 4976 2870 5031 quo
2894 4957 3086 5012 animo
3112 4957 3217 5011 hoc
3242 4955 3435 5025 faciat,
3460 4961 3516 5012 et

1886 5061 2253 5134 postmodum
2300 5058 2606 5129 suscipere,
2637 5054 2768 5126 quia
2811 5051 3060 5106 veritatis
3102 5049 3517 5122 professionem

1886 5154 2348 5228 prOpinquitatis,
2363 5149 2699 5215 inimicitiae,
2716 5146 2956 5214 timoris,
2971 5145 3206 5214 amoris,
3220 5143 3335 5200 odii
3353 5150 3410 5200 et
3426 5161 3520 5200 eu-

1885 5250 2136 5320 piditatis
2160 5247 2399 5303 intentio
2429 5244 2700 5314 impedire
2729 5245 2788 5295 et
2813 5240 3045 5295 adversa
3072 5238 3344 5294 fratribus
3371 5238 3514 5295 irro-

1887 5360 2023 5415 gare
2063 5343 2223 5397 solet.
2257 5342 2513 5395 Personae
2553 5335 2940 5390 accusantium
2981 5334 3120 5388 tales
3151 5349 3270 5388 esse
3303 5333 3516 5388 debent

1885 5452 2128 5509 quarum
2172 5433 2312 5489 fides
2356 5438 2413 5487 et
2453 5429 2804 5486 conversatio
2835 5431 2892 5482 et
2917 5427 3030 5481 vita
3075 5426 3422 5498 probabilius
3459 5432 3516 5480 et

1884 5531 2098 5602 absque
2155 5525 2598 5599 reprehensione
2640 5523 2730 5591 sit,
2777 5525 2834 5576 et
2885 5538 3030 5594 quas,
3070 5521 3231 5576 omni
3283 5524 3518 5574 careant

1886 5622 2222 5695 suspicione,
2257 5620 2389 5692 quia
2415 5625 2473 5674 et
2500 5619 2608 5673 hoc
2633 5622 2689 5672 te
2721 5620 3021 5688 prasente,
3055 5618 3120 5668 ut
3159 5615 3300 5668 bene
3346 5610 3513 5676 nosti,

1886 5719 1944 5771 in
1957 5717 2180 5771 Nicaena
2197 5713 2411 5787 synodo
2430 5717 2663 5784 prOpter
2674 5711 2956 5766 malorum
2973 5706 3268 5762 hominum
3289 5703 3516 5757 infesta-

1885 5811 2099 5867 tionem
2145 5809 2213 5863 ab
2257 5807 2518 5863 omnibus
2571 5805 2870 5860 definitum
2905 5807 3006 5866 est,
3038 5799 3168 5852 licet
3213 5811 3517 5868 pravorum

1886 5906 2191 5961 hominum
2232 5900 2452 5957 insidiis
2479 5901 2590 5955 sint
2619 5899 2740 5953 hac
2779 5897 2890 5950 alia
2934 5891 3278 5966 quamplura
3313 5890 3518 5956 deleta,
