4032 6308
485 372 586 432 Β47

1379 356 1659 426 ΑΡΡΕΝῘ).
1699 363 1787 425 ΑΙ)
1823 369 1981 426 sec.
2025 357 2109 425 lx.
2140 396 2208 411 -
2248 359 2487 424 lsmom
2527 355 2948 424 MERCATORlS

3745 358 3849 424 6&8

484 485 753 539 Primates
779 482 862 536 illi
882 487 938 536 et
957 497 1070 536 non
1095 481 1188 534 alii
1215 480 1326 533 sint
1354 495 1526 550 quam
1558 477 1618 532 in
1648 477 1873 533 Niccena
1892 477 2110 549 synodo
2133 489 2191 563 Α
2209 476 2534 532 stituantur.
2552 478 2671 549 Ipse
2689 475 2839 531 enim
2859 476 2938 530 ait
2961 474 3267 532 Dominus:
3295 476 3712 548 «Quaecunque
3741 475 3848 530 sol-

485 581 619 632 sunt
642 575 951 632 constituti.
985 573 1200 644 Reliqui
1231 588 1362 627 vero
1394 572 1492 644 qui
1522 571 1856 643 metropolis
1883 575 2116 629 teneant

485 671 666 736 sedes,
691 667 1100 739 archiepiscopi
1127 670 1493 733 vocantur,et
1515 683 1626 720 non
1655 665 2115 736 priniatcs,salva

484 765 543 818 in
561 763 823 817 omnibus
849 760 1169 830 apostolicae
1201 760 1347 813 sedis
1368 759 1668 829 dignitate,
1685 775 1811 830 quae
1834 760 1884 812 ei
1904 760 1972 814 ab
1993 760 2113 831 ipso

484 856 722 913 Domino
750 860 834 908 est
877 870 1159 918 concessa,
1196 856 1251 906 et
1290 855 1484 924 postea
1514 869 1547 905 a
1584 852 1786 906 sanctis
1829 853 2113 922 prioribus

482 951 762 1006 roborata.
801 949 987 1002 Primo
1029 962 1258 1018 semper
1284 947 1342 1000 in
1388 946 1546 1001 omni
1583 945 1979 1017 episcoporum
2017 963 2110 1000 ac-

482 1043 772 1099 cusatione
801 1041 929 1110 vita,
962 1057 1207 1112 persona
1247 1045 1304 1094 et
1341 1039 1693 1093 conversatio
1728 1040 2110 1094 accusantium

483 1135 822 1191 cnucleatim
852 1134 1232 1205 inquirantur,
1257 1136 1314 1187 et
1339 1134 1702 1203 postmodum
1731 1149 1794 1187 ea
1815 1151 1941 1205 quae
1964 1133 2110 1203 obji-

482 1231 711 1285 ciuntur
734 1229 979 1284 fideliter
1008 1230 1452 1298 pertractentur,
1483 1227 1751 1298 quoniam
1782 1228 1924 1281 nihil
1949 1228 2114 1281 aliter

481 1324 603 1379 ﬁeri
629 1324 816 1391 debet,
850 1321 958 1375 nisi
987 1291 1377 1392 iinpetitorum
1415 1291 1571 1391 prius
1598 1321 1922 1392 requiratur
1951 1291 2139 1420 ﬁdes.’

482 1420 747 1472 Personae
777 1416 892 1468 vita
921 1418 978 1470 et
1001 1419 1156 1468 actus
1185 1413 1578 1481 discutiantur,
1610 1415 1746 1485 quia
1790 1431 1905 1469 non
1947 1414 2114 1470 debet

483 1526 784 1582 pravorum
815 1513 914 1562 aut
950 1506 1338 1561 insidiantium
1388 1507 1685 1562 hominum
1726 1508 1976 1579 pernicie
2002 1509 2113 1562 vita

483 1603 718 1659 lacerari
748 1601 1164 1656 innocentium.
1200 1601 1345 1655 Sane
1373 1600 1682 1671 saepissime
1713 1601 1850 1657 boni
1876 1619 1909 1655 a
1949 1601 2113 1655 malis

435 1689 438 1692 ’
486 1698 892 1767 disperguntur
917 1694 1016 1764 qui
1046 1711 1160 1748 non
1187 1700 1406 1748 cessant
1431 1695 1545 1748 suis
1561 1695 1974 1750 calamitatibus
1991 1695 2114 1749 aliis

485 1791 781 1860 derogare.
815 1789 940 1843 ldeo
961 1804 1327 1859 summopere
1343 1787 1754 1859 providendum
1785 1794 1884 1855 est,
1901 1805 1971 1842 ne
1992 1789 2113 1843 haec

2214 663 2430 735 (Matth.
2461 681 2571 732 xvi,
2605 665 2711 734 19).
2741 663 2784 735 »Ι
2801 663 3036 728 Quoties
3080 664 3330 734 episcopi
3359 680 3419 718 se
3463 680 3495 717 a
3535 663 3651 718 suis
3682 679 3848 718 com-

2213 758 2670 830 provincialibus,
2701 758 2791 812 vel
2819 774 2851 811 a
2879 758 3320 828 metropolitano
3349 758 3671 828 putaverint
3699 773 3848 828 prte-

2215 851 2459 923 gravari,
2484 855 2583 905 aut
2604 868 2697 905 eos
2715 856 3001 922 suspectos
3021 851 3348 917 habuerint,
3363 867 3497 905 mox
3519 853 3848 906 Romanam

2212 946 2504 1016 appellent
2517 945 2715 1001 Sedcm
2728 987 2740 1013 ,
2755 946 2822 999 ad
2843 962 3015 1016 quam
3031 962 3127 1000 eos
3139 945 3348 1016 absque
3371 945 3481 1000 ulla
3495 945 3847 1012 detentione,

2212 1043 2311 1093 aut
2328 1054 2562 1094 suarum
2585 1055 2778 1094 rerum
2809 1038 3112 1108 ablatione,
3133 1039 3307 1094 libere
3334 1039 3415 1093 ire
3445 1039 3612 1093 liceat
3628 1044 3687 1092 et
3707 1038 3848 1093 dum

2212 1132 2543 1204 praedictam
2583 1134 2896 1189 Romanam
2943 1136 3186 1187 matrem
3235 1132 3640 1204 appellaverint
3665 1133 3847 1186 eccle-

2213 1226 2376 1295 siam,
2396 1226 2577 1280 autab
2591 1243 2651 1281 ea
2666 1243 2722 1281 se
2734 1225 2917 1280 audiri
2933 1226 3306 1297 exposcerint,
3328 1227 3518 1281 nullus
3532 1242 3625 1281 eos
3640 1231 3741 1281 aut
3754 1243 3849 1281 ex-

2213 1320 2656 1389 communicare,
2678 1324 2777 1374 aut
2798 1337 2997 1375 eorum
3019 1320 3178 1376 sedes
3200 1320 3510 1391 subripere,
3533 1323 3632 1375 aut
3648 1337 3849 1375 eorum

2213 1431 2303 1469 res
2320 1414 2561 1480 auferre,
2577 1416 2677 1468 aut
2691 1414 2941 1484 aliquam
2957 1414 3036 1469 eis
3050 1413 3389 1469 vim-inferre
3406 1417 3734 1485 praesumat,
3751 1431 3824 1468 an
3836 1444 3852 1454 -

2211 1513 2446 1580 tequam
2462 1524 2658 1562 eorum
2683 1523 2852 1562 causa
2876 1507 3114 1562 Romani
3135 1507 3414 1579 pontificis
3434 1507 3766 1562 auctoritate
3788 1507 3851 1560 fi-

2213 1581 2607 1748 niaturiQuod
2633 1601 2679 1655 si
2709 1601 2874 1656 aliter
2898 1619 2931 1656 a
2957 1617 3248 1673 quoquam
3277 1606 3694 1673 praesumptum
3717 1601 3846 1655 fue-

2213 1694 2306 1748 rit.
2357 1694 2413 1748 ni
2462 1695 2496 1748 il
2541 1694 2666 1748 erit.
2717 1693 2815 1748 sed
2859 1693 3071 1748 viribus
3117 1694 3349 1748 carebit.
3393 1695 3537 1748 Nam
3589 1710 3694 1748 nec
3734 1694 3846 1748 hoc

2211 1694 2306 1762 rit,
2357 1693 2496 1748 nihil
2541 1694 2666 1764 erit,
2717 1693 2815 1749 sed
2859 1693 3071 1748 viribus
3117 1694 3349 1748 carebit.
3393 1695 3537 1749 Nam
3589 1710 3694 1749 nec
3734 1694 3846 1748 hoc

2213 1803 2512 1859 perperam
2536 1787 2960 1859 praesumimus,
2989 1787 3086 1842 sed
3114 1791 3171 1842 et
3197 1788 3383 1859 ipsum
3414 1787 3472 1842 in
3497 1787 3725 1842 Nicaena
3760 1805 3848 1860 sy-

2214 571 2358 625 veris
2385 588 2556 642 super
2584 576 2734 626 terra
2804 613 2816 639 ,
2852 572 3020 625 erunt
3043 570 3223 625 soluta
3259 570 3319 624 in
3348 575 3499 624 terra
3525 569 3662 625 etin
3691 569 3849 624 cmlis

2214 663 2430 735 (Matth.
2461 681 2571 732 xvi,
2605 665 2711 734 19).
2737 587 3036 811 :IQuoties
3080 664 3330 734 episcopi
3359 680 3419 718 se
3463 680 3495 717 a
3535 663 3651 718 suis
3682 679 3848 718 com-

2214 758 2670 811 nrovincialibus.
2701 774 2767 811 ve
2819 774 2851 811 a
2879 758 3320 811 metronolitano
3349 758 3671 811 putaverint
3699 773 3848 811 orte-

2741 686 2755 713 >

484 1885 640 1938 fiant.
679 1883 872 1937 Nullus
910 1898 1120 1948 servus,
1157 1882 1345 1935 nullus
1378 1880 1632 1948 libertus,
1662 1883 1850 1936 nullus
1880 1881 2108 1950 inﬁdus,
2133 1865 2190 1936 Β
2212 1881 2360 1937 nodo
2376 1881 2743 1937 constitutum
2761 1887 2818 1936 et
2837 1886 3219 1937 antecessores
3240 1884 3458 1937 nostros
3472 1880 3651 1953 egisse
3674 1881 3846 1948 bene,

484 1979 670 2032 nullus
700 1976 1031 2030 criminibus
1061 1975 1326 2041 irretitus,
1359 1975 1544 2028 nullus
1570 1976 1954 2045 calumniator,
1984 1977 2110 2030 nul-

485 2073 572 2125 lus
621 2069 717 2142 qui
765 2067 1074 2122 inimicitiis
1126 2069 1333 2134 studet,
1388 2067 1578 2122 nullus
1633 2068 1729 2139 qui
1781 2068 2112 2139 frequenter

483 2165 686 2236 litigat,
741 2168 797 2217 et
844 2163 912 2216 ad
965 2162 1345 2216 accusandum
1399 2161 1487 2216 vel
1554 2160 1972 2216 detrahendum
2026 2165 2113 2216 est

484 2259 685 2327 facilis,
744 2258 895 2311 nulla
959 2255 1184 2310 infamis
1242 2272 1516 2326 persona,
1574 2255 1662 2310 vel
1713 2272 1915 2310 omnes
1970 2272 2111 2328 quos

487 2354 555 2409 ad
607 2351 920 2407 accusanda
962 2349 1198 2403 crimina
1241 2349 1464 2420 publica
1511 2349 1672 2421 leges
1717 2350 1956 2421 publicae
1996 2366 2110 2405 non

486 2447 812 2511 admittunt,
855 2444 1258 2516 permittantur
1304 2443 1598 2515 episcopos
1641 2459 1924 2510 accusare,
1967 2461 2109 2515 quo-

483 2541 638 2596 niam
671 2543 1021 2594 accusatorcs
1053 2541 1108 2590 et
1137 2537 1522 2592 accusationes
1557 2553 1698 2609 quas
1734 2538 1894 2608 leges
1923 2538 2113 2592 saeculi

482 2652 596 2689 non
625 2633 926 2705 recipiunt,
960 2647 1072 2702 qua
1097 2631 1316 2685 ratione
1348 2631 1714 2686 sacerdotalis
1744 2648 1837 2686 eas
1864 2630 2113 2702 recipere

483 2729 650 2783 debet
677 2726 834 2794 ordo,
864 2725 1116 2779 invenire
1147 2741 1390 2795 nequeo,
1422 2741 1551 2780 cum
1585 2725 1709 2780 haec
1737 2723 1928 2797 159
1963 2731 2020 2780 et
2054 2726 2111 2780 in

485 2821 714 2876 Nicaena
763 2818 980 2889 synodo
1035 2816 1316 2888 prohibita
1368 2817 1500 2886 sint,
1557 2822 1612 2872 et
1663 2819 1744 2872 illi
1808 2819 1988 2890 magis
2040 2819 2110 2874 ab

485 2915 625 2983 istis,
659 2930 771 2968 non
804 2912 894 2965 isti
923 2911 992 2966 ab
1024 2911 1134 2964 illis
1156 2911 1401 2981 judicari
1447 2912 1706 2979 debeant,
1739 2916 1796 2967 et
1821 2914 2113 2984 Apostolus

488 3008 637 3064 dicat
664 3024 678 3062 :
709 3004 1023 3077 Spiritualis
1040 3005 1256 3074 judicat
1284 3004 1495 3071 omnia,
1521 3005 1639 3076 ipse
1666 3022 1795 3060 vero
1826 3023 1857 3060 a
1883 3009 2108 3063 nemine

479 3103 784 3174 judicatur.
817 3098 1071 3154 Hzeretici
1086 3115 1118 3151 a
1134 3098 1338 3169 quibus
1358 3097 1602 3152 nimium
1627 3099 2006 3171 opprimimur
2026 3119 2115 3156 ex-

486 3193 1002 3264 communicatique
1058 3191 1379 3259 homicidae,
1427 3192 1688 3263 malefici,
1735 3193 1906 3262 fures,
1941 3195 2110 3249 sacri-

485 3289 621 3360 legi,
653 3291 929 3360 raptores,
960 3285 1217 3352 veneﬁci,
1251 3285 1512 3355 adulteri,
1545 3290 1604 3341 et
1646 3287 1744 3357 qui
1774 3291 2001 3358 raptum
2028 3289 2109 3343 fe-

487 3383 666 3438 cerint
690 3381 778 3436 vel
807 3381 1011 3436 falsum
1050 3379 1441 3434 testimonium
1490 3378 1756 3448 dixerint,
1787 3397 1887 3436 seu
1916 3381 2014 3452 qui
2043 3383 2113 3437 ad

483 3477 782 3547 sortilegos
817 3489 1126 3546 magosque
1161 3473 1573 3541 concurrerint,
1600 3475 1923 3530 nullatenus
1941 3477 2010 3531 ad
2029 3494 2115 3530 ac-

486 3571 832 3627 cusationem
850 3569 931 3622 vel
952 3567 1020 3622 ad
1041 3565 1424 3622 testimonium
1446 3573 1612 3622 erunt
1638 3568 1995 3638 admittendi,
2012 3587 2113 3625 nec

485 3667 562 3721 ita
590 3665 646 3719 in
691 3661 1075 3718 ecclesiasticis
1120 3661 1404 3731 agendum
1453 3667 1536 3716 est
1578 3662 1825 3732 negotiis
1871 3663 2015 3718 sicut
2056 3664 2112 3718 in

485 3757 868 3814 saecularibus.
895 3756 1034 3809 Nam
1063 3755 1121 3808 in
1163 3755 1524 3809 saecularibus
1563 3761 1858 3826 postquam
1897 3757 2116 3829 legibus

488 3855 718 3907 vocatus
744 3848 980 3914 venerit,
999 3852 1054 3902 et
1078 3847 1136 3900 in
1165 3847 1287 3902 foro
1317 3847 1601 3902 decertare
1633 3850 1866 3919 C(eperit
1888 3851 2112 3922 aliquis,

488 3962 605 4002 non
635 3944 765 3998 licet
790 3948 917 3995 ante
944 3945 1234 4012 peractam
1264 3956 1494 3994 causam
1526 3941 1820 4011 recedere;
1851 3944 1911 3998 in
1938 3945 2112 4000 eccle-

491 4037 727 4095 siasticis
751 4051 882 4089 vero
917 4033 1064 4088 dicta
1105 4049 1274 4088 causa
1301 4034 1566 4089 recedere
1619 4035 1768 4104 licet,
1799 4037 1846 4090 si
1891 4054 2116 4094 necesse

489 4132 663 4190 fuerit
693 4134 790 4187 aut
819 4127 865 4182 si
903 4126 1250 4199 praegravari
1293 4126 1512 4182 viderit.
1553 4128 1783 4192 Quoties
1827 4130 2119 4204 episcopus

490 4242 662 4300 super
686 4223 850 4280 certis
874 4225 1173 4276 accusatur
1195 4219 1546 4289 criminibus,
1563 4222 1609 4277 si
1635 4223 1775 4278 tales
1801 4225 2014 4281 fuerint
2033 4244 2122 4284 ac-

492 4327 780 4378 cusatores
809 4315 904 4388 qui
927 4315 1076 4386 juste
1103 4317 1160 4368 et
1188 4315 1462 4370 canonice
1489 4315 1666 4389 recipi
1696 4318 1956 4388 debeant,
1981 4320 2120 4393 legi-

491 4418 631 4474 tima
658 4413 716 4467 in
749 4409 962 4482 synodo
983 4425 1082 4463 suo
1107 4409 1166 4463 in
1192 4414 1449 4480 tempore
1481 4418 1826 4483 congregata
1847 4413 1916 4468 ab
1935 4416 2117 4470 omni-

489 4512 596 4567 bus
613 4505 883 4582 canonice
901 4502 1205 4558 audiantur
1221 4502 1319 4573 qui
1339 4506 1471 4556 sunt
1495 4503 1553 4558 in
1587 4506 1890 4576 provinciis
1909 4509 2120 4579 episco-

2134 3237 2188 3312 C

2211 1975 2502 2042 Athanasi,
2530 1975 2694 2043 nosti,
2725 1975 3000 2046 quoniam
3029 1975 3257 2047 quando
3287 1980 3349 2029 tu
3380 1978 3436 2029 et
3458 1975 3663 2029 Paulus
3691 1975 3847 2030 Con-

2210 2068 2769 2140 stantinopolitanus,
2787 2067 3066 2140 Asclipius
3079 2068 3234 2123 Gazae
3246 2073 3301 2123 et
3321 2067 3851 2122 LucianusAndrio-

2212 2163 2413 2234 polites
2439 2164 2509 2217 ab
2541 2161 2911 2218 orientalibus
2953 2162 3248 2233 episcopis,
3279 2162 3599 2216 inconsulto
3633 2167 3850 2216 sanctae

2212 2256 2502 2312 memoriae
2515 2256 2540 2310 ,Ι
2549 2255 2660 2310 ulio
2677 2255 3090 2327 praedecessore
3113 2261 3327 2322 nostro,
3344 2255 3599 2310 damnati
3619 2255 3775 2326 estis,
3794 2260 3854 2310 et

2211 2350 2280 2405 ad
2308 2367 2439 2405 eum
2466 2350 2628 2421 quasi
2659 2349 2732 2404 ad
2762 2349 2939 2404 totius
2969 2349 3121 2404 orbis
3146 2355 3312 2420 caput
3344 2352 3423 2419 (ut
3460 2365 3685 2420 semper
3713 2349 3851 2403 huic

2215 2443 2344 2500 Sedi
2367 2447 2574 2498 sanctae
2602 2442 2820 2498 licitum
2849 2443 2972 2514 fuit)
3004 2443 3362 2514 confugistis,
3386 2443 3613 2514 cognita
3643 2459 3851 2497 eorum

2215 2538 2473 2608 nequitia
2501 2541 2558 2591 et
2572 2540 2761 2591 vestra
2778 2536 3022 2607 justitia,
3043 2553 3141 2590 vos
3159 2536 3218 2590 in
3241 2536 3713 2591 communionem
3731 2552 3854 2592 sus-

2212 2631 2382 2703 cepit,
2412 2635 2468 2685 et
2507 2631 2768 2686 omnium
2815 2634 3066 2684 vestrum
3107 2635 3305 2685 'curam
3359 2646 3582 2701 gerens,
3612 2634 3853 2701 propter

2215 2724 2370 2780 Sedis
2383 2725 2630 2796 propriae
2649 2723 2987 2795 dignitatem
3013 2740 3138 2778 suas
3156 2723 3394 2794 singulis
3411 2723 3655 2778 reddens
3673 2724 3854 2778 eccle—

2214 2817 2321 2872 sias
2351 2818 2718 2873 orientalibus
2741 2818 2979 2890 scripsit,
2995 2818 3229 2888 culpans
3257 2834 3354 2872 eos
3373 2817 3529 2890 quod
3550 2834 3666 2872 non
3694 2821 3851 2873 recte

2214 2914 2565 2980 tractassent,
2593 2912 2741 2966 viros
2761 2911 3133 2983 inculpabiles
3154 2912 3223 2966 de
3245 2912 3360 2965 suis
3387 2911 3636 2966 ccclesiis
3658 2913 3854 2982 expel-

2212 3005 2394 3060 lentes
2419 3011 2475 3060 et
2503 3006 2810 3060 constituta
2840 3005 3051 3060 Nicaeni
3080 3005 3303 3060 concilii
3338 3005 3580 3060 minime
3612 3021 3849 3060 conser-

2212 3093 2530 3192 vantes\l)e
2549 3099 2757 3172 quibus
2777 3100 2850 3154 ad
2872 3102 3089 3154 certum
3113 3099 3266 3154 diem
3296 3099 3595 3154 nonnullos
3616 3100 3852 3154 sibimet

2214 3193 2408 3250 adesse
2435 3194 2720 3265 praecepit,
2748 3197 2814 3248 ut
2842 3194 2911 3248 de
2938 3194 3141 3247 talibus
3169 3193 3707 3264 praesumptionibus
3727 3210 3853 3248 cer—

2213 3294 2328 3343 tam
2353 3288 2662 3343 redderent
2689 3288 2989 3357 rationem,
3009 3292 3066 3342 et
3091 3303 3282 3342 coram
3309 3287 3389 3342 eis
3407 3287 3738 3342 ostenderet
3749 3287 3848 3358 ju-

2216 3386 2365 3436 stum
2395 3398 2451 3436 se
2473 3397 2644 3454 super
2669 3383 2750 3436 eis
2770 3381 3072 3453 protulisse
3105 3380 3417 3436 decretum.
3442 3381 3852 3437 Interminatus

2215 3482 2299 3530 est
2319 3476 2488 3532 etiam
2514 3493 2631 3531 non
2657 3476 2794 3531 talia
2823 3475 3090 3546 deinceps
3115 3475 3319 3530 fratres
3345 3492 3462 3530 esse
3489 3492 3774 3547 passuros,
3795 3482 3854 3530 et

2217 3570 2326 3624 nisi
2384 3571 2455 3625 ab
2510 3569 2839 3641 hujusmodi
2881 3569 3421 3641 praesumptionibus
3467 3575 3770 3639 cessarent,
3819 3586 3853 3623 a

2215 3664 2458 3736 propriis
2487 3680 2607 3720 esse
2638 3664 2912 3736 gradibus
2938 3680 3032 3720 eos
3062 3679 3402 3719 recessuros.
3426 3663 3542 3718 Tali
3565 3663 3721 3718 enim
3745 3663 3854 3718 hue

2208 3758 2304 3830 jus
2315 3762 2521 3814 sancta
2533 3758 2689 3814 Sedis
2701 3758 2997 3830 privilegio
3010 3762 3071 3813 tu
3090 3762 3146 3812 et
3161 3758 3364 3813 fratres
3379 3758 3462 3812 tui
3481 3757 3748 3830 proprias
3767 3775 3857 3813 re-

2217 3853 2440 3924 cepistis
2462 3852 2724 3907 ecclesias
2742 3869 2869 3907 cum
2886 3851 3150 3907 omnibus
3165 3851 3267 3906 sibi
3291 3851 3730 3923 pertinentibus.
3754 3853 3855 3906 His

2218 3946 2374 4002 enim
2403 3949 2460 4002 et
2480 3945 2603 4002 aliis
2630 3947 3068 4019 quamplurimis
3088 3946 3444 4002 documentis
3475 3945 3855 4000 manifestum

2218 4045 2302 4095 est
2322 4041 2543 4095 nullum
2564 4040 2843 4109 damnari,
2862 4046 2960 4095 aut
2980 4041 3092 4095 suis
3122 4039 3418 4111 exspoliari
3444 4039 3611 4094 rebus
3639 4038 3853 4094 debere

2218 4134 2550 4206 episcopum
2578 4135 2677 4206 qui
2703 4136 2850 4190 hanc
2871 4138 3124 4190 sanctam
3151 4134 3354 4190 Sedem
3381 4133 3852 4204 interpellaverit,

2218 4234 2314 4284 aut
2339 4228 2443 4284 sibi
2471 4228 2903 4285 defensatricem
2930 4227 3208 4295 asciverit,
3243 4227 3426 4282 donec
3461 4226 3747 4298 judicium
3781 4227 3853 4282 de

2220 4339 2286 4378 eo
2314 4327 2523 4377 nostra:
2562 4323 2879 4394 apostolica
2907 4321 3276 4390 auctoritatis,
3309 4323 3416 4376 hoc
3452 4324 3536 4375 est
3577 4321 3855 4392 principis

2217 4418 2604 4490 apostolorum
2632 4417 2798 4486 Petri,
2833 4420 3115 4488 agnoscat,
3147 4416 3280 4488 quia
3300 4414 3658 4471 solummodo
3690 4415 3856 4470 Chri-

2219 4518 2337 4566 stus
2361 4512 2522 4567 Jesus
2547 4510 2680 4565 huic
2708 4515 2914 4565 sanctae
2945 4511 3090 4577 Sedi,
3111 4509 3170 4564 id
3191 4512 3276 4564 est
3301 4509 3623 4580 apostolicae
3641 4508 3749 4562 hoc
3773 4509 3856 4562 fa-

495 4604 580 4677 pis
595 4583 801 4689 ﬁgiluod
829 4598 874 4652 si
920 4596 1161 4668 legitimi
1202 4613 1312 4650 non
1359 4596 1571 4652 fuerint
1612 4605 1960 4656 accusatores
2005 4619 2116 4657 non
2139 4617 2198 4689 D
2222 4621 2348 4660 cere
2365 4604 2670 4673 commisit,
2687 4608 2882 4676 utpote
2902 4604 3176 4676 quoniam
3191 4604 3343 4658 solus
3357 4607 3523 4673 atque
3547 4618 3649 4672 pro
3665 4602 3857 4656 omni-

491 4679 767 4767 fatigetur
795 4690 1114 4763 episcopus,
1147 4689 1281 4760 quia
1322 4691 1635 4746 sacerdotes
1685 4693 1754 4747 ad
1799 4695 2117 4750 sacrifican-

493 4792 632 4847 dum
657 4803 859 4842 vacare
887 4783 1114 4849 debent,
1152 4799 1266 4836 non
1297 4783 1365 4837 ad
1395 4783 1751 4854 litigandum,
1785 4803 1889 4842 nec
1916 4788 1994 4843 illi
2023 4791 2121 4862 qui

491 4883 682 4940 throni
708 4880 805 4936 Dei
825 4881 1104 4933 vocantur
1121 4893 1429 4946 pravorum
1453 4878 1747 4934 hominum
1767 4881 1990 4937 insidiis
2009 4887 2118 4938 tur-

493 4978 613 5034 bari
656 4974 886 5039 debent,
920 4971 1018 5025 sed
1061 4969 1234 5024 libere
1279 4970 1496 5025 Christo
1548 4973 1788 5028 Domino
1833 4975 2116 5045 famulari,

493 5084 819 5144 quanquam
847 5063 1414 5136 comprovincialibus
1441 5066 1715 5138 episcopis
1736 5085 1849 5122 una
1869 5087 2000 5125 cum
2022 5089 2116 5127 e0-

493 5181 621 5220 rum
651 5159 1102 5230 metropolitano,
1136 5173 1250 5212 suze
1282 5158 1585 5229 provincia;
1612 5178 1806 5217 causas
1834 5164 2121 5238 episcopo-

493 5275 619 5314 rum
637 5256 800 5310 liceat
814 5251 1171 5308 concorditer
1183 5251 1535 5323 agitare,non
1551 5258 1740 5312 tamen
1754 5257 1960 5313 sicutin
1979 5277 2122 5331 prse-

494 5353 644 5408 dicta
661 5366 719 5404 re
739 5352 1014 5419 prmsente
1033 5345 1396 5402 constitutum
1416 5352 1500 5402 est
1513 5351 1726 5420 synodo
1741 5351 2118 5409 licetdeﬁnire

489 5448 698 5518 absque
729 5440 965 5496 Romani
996 5440 1274 5510 pontificis
1301 5443 1662 5509 auctoritate;
1691 5446 1844 5515 quod
1874 5447 1919 5500 si
1958 5463 2119 5504 secus

491 5536 875 5614 aquibusdam
892 5538 1306 5604 praesumptum
1326 5534 1514 5600 fuerit,
1529 5536 1634 5606 ipsi
1651 5538 1748 5608 qui
1769 5538 1877 5593 hoc
1897 5541 2120 5611 egerint

492 5652 606 5690 suae
624 5626 1080 5704 praesumptionis
1101 5625 1403 5696 suscipiant
1427 5627 1720 5699 damnum,
1745 5637 1801 5686 et
1828 5633 1904 5687 illi
1927 5635 2026 5704 qui
2046 5636 2116 5690 ab

493 5730 572 5783 eis
599 5739 898 5797 perperam
943 5718 1423 5773 excommunicati
1454 5725 1551 5775 aut
1587 5723 1839 5779 damnati
1885 5728 2114 5797 fuerint,

491 5819 822 5875 auctoritate
856 5813 1026 5882 hujus
1053 5817 1259 5864 sanctae
1293 5812 1451 5867 Sedis
1477 5820 1532 5868 et
1574 5815 1722 5870 beati
1754 5824 2118 5890 praeceptoris

495 5911 669 5972 nostri
693 5906 957 5977 clavigeri
991 5903 1133 5958 Petri
1162 5908 1434 5975 potestate
1479 5907 1784 5976 solvantur,
1815 5918 1986 5983 atque
2027 5931 2118 5970 re.

2219 4701 2326 4755 bus
2351 4700 2618 4771 praefatus
2642 4698 2904 4770 princeps
2935 4698 3316 4769 apostolorum
3346 4695 3593 4750 creditus
3622 4699 3728 4763 est,
3765 4701 3856 4751 at-

2220 4810 2328 4865 que
2355 4794 2647 4866 percipere
2678 4792 2888 4847 meruit
2917 4810 2950 4846 a
2971 4808 3104 4863 rege
3130 4807 3335 4863 regum
3352 4789 3574 4845 Christo
3602 4790 3717 4844 Deo
3747 4790 3858 4843 cla-

2219 4905 2311 4943 ves
2336 4888 2499 4959 regni
2536 4888 2827 4943 caelorum.
2863 4887 2942 4940 De
2986 4885 3226 4940 induciis
3275 4901 3404 4939 vero
3454 4883 3856 4955 episcoporum

2221 4999 2391 5054 super
2405 4982 2609 5054 quibus
2630 4980 3008 5047 consuluistis,
3028 4980 3276 5034 diversas
3296 4995 3328 5033 a
3348 4977 3605 5050 patribus
3627 4978 3856 5049 regulas

2218 5075 2536 5130 invenimus
2581 5075 2881 5143 institutas,
2909 5073 3141 5146 quidam
3195 5072 3351 5129 enim
3401 5072 3472 5126 ad
3519 5071 3855 5142 repellenda

2220 5170 2617 5242 imperitorum
2659 5169 3120 5225 machinamenta
3169 5171 3227 5222 et
3270 5183 3399 5254 suas
3441 5165 3854 5237 prmparandas

2219 5265 2611 5335 responsiones
2640 5268 2697 5319 et
2720 5268 2888 5318 testes
2919 5255 3442 5353 confirmandos,\et
3467 5258 3710 5313 concilia
3738 5260 3857 5331 epi-

2222 5373 2522 5429 scoporum
2567 5364 2735 5430 atque
2779 5356 3089 5412 amicorum
3138 5353 3472 5427 quzerenda,
3504 5369 3722 5407 annum
3753 5357 3853 5407 aut

2221 5469 2317 5507 sex
2362 5453 2772 5507 mandaverunt
2815 5467 3041 5505 menses
3084 5447 3342 5514 concedi;
3377 5446 3607 5520 quidam
3655 5451 3854 5501 autem

2221 5562 2435 5600 annum
2485 5545 2543 5600 in
2592 5562 2706 5615 quo
2753 5544 2984 5617 plurimi
3051 5541 3417 5608 concordant,
3472 5539 3664 5595 minus
3717 5557 3853 5595 vero

2221 5655 2395 5709 quam
2437 5655 2534 5692 sex
2578 5655 2803 5692 menses
2850 5654 2966 5692 non
3015 5637 3222 5708 reperi,
3253 5635 3386 5706 quia
3430 5640 3486 5688 et
3525 5634 3682 5688 laicis
3734 5633 3854 5688 haec

2221 5732 2436 5786 indulta
2478 5737 2628 5798 sunt,
2663 5735 2879 5803 quanto
2925 5731 3108 5802 magis
3157 5727 3380 5784 Domini
3437 5727 3850 5782 sacerdotibus.

2219 5826 2356 5880 Nam
2385 5831 2442 5880 et
2469 5825 2676 5880 nostris
2716 5824 3166 5880 antecessoribus
3215 5827 3384 5894 atque
3429 5821 3666 5900 reliquis
3714 5837 3849 5875 san-

2218 5919 2320 5973 ctis
2373 5919 2622 5990 patribus
2685 5920 2976 5976 multoties
3040 5916 3346 5972 inhibitum
3413 5918 3514 5982 est,
3576 5931 3647 5969 ne
3720 5914 3849 5988 quis
