4032 6294
182 322 295 378 649

1408 323 1874 382 DECRETALIUM
1911 324 2298 384 COLLECTIO.

3452 322 3555 380 650

179 431 416 485 Domini
466 431 853 487 sacerdotibus
901 432 1279 488 detractiones
1320 432 1535 504 irrogct
1563 452 1574 488 :
1607 439 1822 506 quanto
1844 449 1901 520 Α
1924 436 2311 492 deﬁnitionem
2345 434 2464 489 sine
2486 433 2726 506 quadam
2756 434 3082 490 nocnmenti
3112 433 3559 506 prmsumptione

179 524 376 596 magis
424 525 809 580 accusationes
856 543 971 581 non
1013 543 1082 581 ex
1123 527 1311 581 radice
1352 527 1643 582 charitatis
1686 546 1820 601 pro-

178 617 352 672 latas.
407 617 710 688 Quiescitc,
756 619 1040 690 inquiunt,
1091 625 1147 675 et
1191 621 1366 675 nolite
1414 623 1677 693 persequi
1727 639 1824 678 eos

177 710 284 782 qui
315 712 565 782 perfecte
593 713 704 767 Deo
745 713 1090 782 ministrant,
1124 730 1367 784 quorum
1392 714 1740 770 orationibus
1770 721 1827 771 et

176 811 419 859 terrena
444 805 592 860 bella
619 806 890 860 sedantur
932 810 989 860 et
1027 807 1412 861 recedentium
1442 825 1474 862 a
1498 809 1612 862 Deo
1644 825 1822 879 ange-

177 898 373 953 lorum
423 900 718 971 pelluntur
764 900 1041 967 incursus,
1075 900 1284 971 quique
1312 917 1507 956 omnes
1538 901 1825 957 daemones

178 993 284 1063 qui
317 995 570 1064 corrupti
613 998 746 1048 sunt
792 1009 1022 1064 precum
1067 994 1396 1049 assiduitate
1445 995 1820 1051 confundunt.

180 1085 437 1141 lnducize
461 1103 705 1158 namque
733 1104 845 1141 non
876 1087 979 1140 sub
1005 1091 1250 1157 angusto
1282 1094 1564 1159 tempore,
1594 1089 1689 1144 sed
1717 1090 1823 1144 sub

180 1180 361 1250 longo
406 1179 586 1250 spatio
630 1180 1006 1235 concedendo:
1033 1184 1186 1248 sunt,
1220 1184 1285 1234 ut
1321 1182 1562 1236 accusati
1589 1199 1648 1236 se
1673 1199 1821 1255 prm-

178 1288 390 1343 parare
435 1276 494 1328 et
536 1273 832 1329 universos
875 1273 1388 1329 communicatorcs
1425 1274 1484 1329 in
1524 1275 1824 1346 provinciis

181 1365 398 1435 positos
424 1366 742 1436 convenire,
774 1370 829 1422 et
858 1370 1030 1421 testes
1057 1384 1402 1440 praeparare,
1427 1374 1595 1440 atque
1631 1375 1823 1423 contra

179 1457 547 1515 insidiatores
563 1477 619 1514 se
637 1459 886 1532 pleniter
901 1477 1128 1516 armare
1158 1447 1399 1532 valeanti
1423 1461 1644 1516 Judices
1667 1463 1818 1516 enim

179 1558 236 1606 et
269 1556 630 1608 accusatores
676 1554 814 1608 tales
845 1570 965 1608 esse
995 1554 1224 1622 debent,
1271 1555 1366 1626 qui
1407 1554 1563 1609 omni
1591 1559 1824 1610 careant

180 1645 507 1717 suspicione
547 1653 603 1701 et
634 1663 702 1702 ex
732 1648 920 1702 radice
963 1647 1249 1702 charitatis
1293 1665 1452 1703 suam
1498 1650 1822 1705 desiderent

178 1756 450 1810 promere
478 1741 842 1795 sententiam.
866 1741 962 1795 His
983 1758 1123 1813 ergo
1151 1745 1266 1796 tam
1285 1743 1547 1812 legaliter
1572 1761 1743 1815 quam
1766 1749 1821 1798 ct

1923 530 2118 601 utique
2133 546 2235 584 con
2245 529 2836 601 servarent,quoniam
2855 529 2990 584 dicit
3003 545 3227 584 sacrum
3243 528 3549 600 eloquium:

1924 623 2236 678 Concilium
2281 622 2497 678 bonum
2528 623 2882 694 conservabit
2911 627 2964 678 te
2995 626 3052 677 et
3079 639 3249 678 mens
3276 622 3426 677 bona
3453 637 3552 676 cu-

1925 716 2131 770 stodiet
2157 721 2228 770 te.
2262 717 2383 770 Non
2417 716 2571 770 enim
2621 716 2691 770 de
2736 715 2984 770 fontibus
3028 715 3329 770 salutiferis
3382 714 3552 787 spiri-

1927 809 2155 864 tualiter
2183 809 2252 863 ad
2283 809 2707 881 inquisitionem
2735 813 2959 864 aeternae
2985 810 3116 864 vitae
3143 808 3556 880 proceduntta-

1924 903 2006 956 les
2033 903 2410 958 accusationes
2436 908 2491 957 et
2519 903 2914 970 detractiones,
2948 906 3120 976 atque
3148 903 3278 957 ideo
3319 919 3550 973 compe-

1923 1001 2114 1052 tenter
2158 1013 2260 1050 nos
2306 997 2502 1051 beatus
2544 997 2746 1051 Paulus
2776 997 3088 1052 admonens
3114 995 3211 1051 ait.
3244 1015 3271 1048 ‹‹
3299 997 3423 1051 Non
3451 996 3550 1051 de-

1923 1090 2060 1144 bere
2082 1090 2207 1161 plus
2227 1107 2424 1160 sapere
2447 1107 2620 1162 quam
2643 1094 2870 1162 oportet
2889 1106 3103 1161 sapere,
3132 1089 3234 1144 sed
3260 1105 3460 1161 sapere
3481 1089 3554 1144 ad

1923 1182 2286 1238 sobrietatem
2321 1184 2489 1253 (Rom.
2521 1199 2618 1248 xu,
2661 1182 2733 1253 3).
2767 1202 2794 1234 ››
2843 1184 2903 1236 1η
2950 1183 3276 1238 definitione
3324 1182 3554 1255 pietatis

1923 1276 2294 1347 perdurantes
2315 1293 2327 1330 :
2346 1277 2442 1346 qui
2471 1276 2622 1331 enim
2645 1276 2792 1330 hanc
2819 1280 3166 1348 praetereunt
3185 1292 3303 1331 non
3327 1279 3551 1331 tantum

1921 1369 2039 1424 laesi
2067 1374 2198 1425 sunt
2244 1369 2568 1425 decidentes
2593 1387 2627 1424 a
2652 1369 3113 1425 corroboratione
3143 1386 3262 1439 sua,
3290 1370 3389 1425 sed
3412 1369 3548 1425 insi-

1921 1463 2150 1534 pientize
2199 1480 2315 1517 suae
2361 1463 2791 1534 dereliquerunt
2831 1462 3157 1518 hominibus
3196 1463 3549 1530 memoriam,

1920 1562 1984 1611 ut
2013 1557 2103 1612 his
2130 1557 2188 1611 in
2214 1556 2418 1628 quibus
2447 1562 2840 1627 peccaverunt,
2871 1556 3110 1612 minime
3137 1556 3311 1612 latere
3340 1557 3549 1630 potuis-

1921 1655 2062 1718 sent,
2095 1650 2274 1721 gloria
2299 1651 2450 1704 enim
2481 1651 2909 1722 etcontumelia
2933 1650 2992 1704 in
3021 1651 3251 1722 loquela
3275 1653 3333 1705 et
3363 1650 3422 1705 in
3451 1651 3554 1705 lin-

1921 1761 2034 1814 gua
2049 1744 2294 1798 hominis
2322 1761 2483 1798 casus
2511 1744 2659 1798 illius
2687 1749 2772 1800 est
2784 1719 3077 1832 ;lideoque
3106 1744 3445 1799 conveniens
3470 1750 3554 1799 est

181 1834 451 1887 canonice
470 1834 719 1905 prolatis,
734 1835 904 1889 etiam
926 1835 1185 1889 omnium
1207 1835 1651 1892 Christianorum
1669 1854 1820 1893 reve-
1839 1817 1896 1890 Β
1920 1837 2069 1892 hanc
2121 1837 2353 1908 quidem
2409 1817 2814 1892 ostensionemf
2847 1837 3274 1910 reprehensioni
3325 1838 3552 1893 illorum

180 1926 430 1980 rentiam
457 1928 818 1998 congaudere
848 1927 1229 1999 deposcimus,
1270 1929 1544 2001 spirituali
1575 1930 1816 1986 interce-

183 2019 359 2074 dente
392 2021 691 2075 dilectione
732 2027 785 2076 et
829 2021 1034 2077 timore
1063 2023 1354 2078 Dominico
1389 2040 1494 2094 per
1523 2041 1692 2095 quem
1719 2024 1822 2080 hu-

182 2130 360 2168 mana
389 2119 712 2169 removetur
740 2115 990 2182 offensio,
1033 2121 1090 2170 et
1133 2117 1496 2172 ecclesiarum
1525 2118 1819 2173 aedificatio

182 2208 528 2278 proponitur
545 2208 838 2275 universis,
854 2214 918 2264 ut
940 2210 1124 2281 magis
1143 2211 1386 2264 universi
1409 2210 1480 2264 ad
1502 2211 1822 2266 aedificatio-

182 2317 318 2355 nem
335 2301 580 2356 fratrum
601 2302 858 2358 laborent
883 2320 1055 2374 quam
1075 2303 1145 2357 ad
1167 2303 1618 2371 damnationem,
1640 2322 1818 2376 quum

183 2395 265 2448 ait
297 2395 566 2448 Dominus
597 2414 610 2450 :
649 2416 675 2446 «
705 2397 765 2449 In
796 2396 902 2450 hoc
933 2401 1282 2466 cognoscent
1311 2414 1510 2452 omnes
1544 2399 1678 2468 quia
1707 2399 1819 2454 mei

181 2488 314 2542 estis
347 2487 606 2559 discipuli
654 2489 698 2542 si
733 2489 1100 2544 dilectionem
1151 2490 1463 2546 habueritis
1504 2492 1818 2548 adinvicem

183 2582 358 2652 (Joan.
386 2597 505 2650 xm,
538 2583 645 2651 3i).
678 2603 705 2632 ››
759 2585 882 2637 Jam
931 2584 1084 2638 enim
1129 2584 1373 2638 formam
1415 2585 1679 2640 dedimus
1706 2591 1763 2640 et
1789 2603 1822 2641 a

183 2675 702 2746 praedecessoribus
728 2677 932 2731 nostris
959 2677 1154 2732 datam
1192 2694 1311 2732 esse
1339 2679 1725 2750 cognovimus,
1760 2684 1822 2734 ut

183 2769 229 2823 si
262 2768 393 2841 quis
437 2786 497 2824 se
543 2785 664 2825 esse
709 2771 1006 2842 agnoverit
1047 2771 1448 2839 Christianum,
1475 2772 1613 2828 illud
1640 2779 1823 2828 servet

183 2867 340 2937 quod
379 2867 450 2921 ab
483 2868 750 2939 apostolis
802 2868 1054 2923 noscitur
1094 2885 1216 2924 esse
1266 2870 1700 2940 eontradictum,
1735 2872 1817 2926 di-

186 2964 352 3016 cente
378 2963 633 3032 apostolo
660 2962 828 3017 Paulo
860 2980 873 3017 :
911 2984 937 3012 ‹‹
970 2963 1023 3018 Si
1053 2963 1180 3034 quis
1217 2963 1373 3017 vobis
1400 2964 1824 3020 annuntiaverit

183 3059 397 3124 praeter
435 3055 587 3126 quod
630 3056 942 3127 accepistis,
974 3057 1280 3112 anathema
1309 3057 1380 3111 sit
1408 3057 1548 3127 (Gal.
1584 3075 1622 3126 ι,
1667 3060 1756 3129 9);
1790 3080 1817 3108 »

182 3148 440 3203 Christus
472 3149 628 3203 enim
679 3149 775 3204 Dei
825 3150 992 3204 Filius
1031 3149 1303 3206 Dominus
1344 3154 1539 3206 noster
1568 3153 1818 3207 humano
1841 3185 1895 3259 Ο

184 3243 385 3311 generi
411 3243 640 3314 propria
666 3244 921 3314 passione
944 3246 1183 3299 salutem
1202 3245 1598 3315 plenissimam
1618 3247 1819 3301 condo-

183 3337 362 3404 navit,
410 3339 475 3390 ut
513 3353 617 3390 nos
661 3336 948 3392 liberaret.
1000 3340 1066 3392 Et
1113 3338 1157 3392 si
1204 3339 1346 3394 Deus
1391 3339 1675 3394 intantum
1717 3357 1818 3394 nos

185 3429 398 3499 dilexit,
432 3435 492 3484 ut
517 3430 687 3485 etiam
714 3431 942 3502 proprio
974 3431 1114 3488 Filio
1139 3449 1254 3486 non
1282 3437 1558 3503 parceret,
1586 3434 1684 3487 sed
1717 3451 1817 3504 pro

184 3525 348 3578 nobis
378 3524 645 3580 omnibus
689 3524 850 3579 illum
899 3525 1170 3593 traderet,
1213 3529 1273 3580 ut
1304 3542 1405 3580 nos
1434 3526 1721 3594 liberaret,
1759 3531 1820 3582 ut

182 3618 316 3688 quid
345 3635 449 3672 nos
478 3635 590 3673 non
624 3617 916 3690 diligimus
941 3619 1162 3687 fratres,
1187 3625 1285 3674 aut
1306 3635 1398 3673 eos
1425 3623 1638 3674 temere
1659 3620 1815 3690 judi-

182 3728 399 3777 camus,
428 3729 558 3766 cum
595 3713 897 3783 pradictus
926 3712 1074 3767 dicat
1102 3714 1422 3785 Apostolus,
1459 3734 1486 3762 «
1519 3712 1698 3768 Nolite
1718 3713 1816 3784 ju~

184 3805 372 3860 dicare
399 3805 664 3873 invicem,
694 3806 791 3861 sed
825 3807 932 3861 hoc
967 3805 1152 3878 magis
1187 3805 1456 3877 judicate,
1486 3822 1558 3861 ne
1589 3807 1816 3877 ponatis

184 3899 588 3954 offendiculum
609 3899 768 3954 fratri
789 3898 874 3954 vel
898 3899 1224 3954 scandalum
1250 3900 1278 3954 ?
1307 3918 1335 3951 »
1366 3899 1534 3970 (Rom.
1569 3916 1681 3970 xxv,
1710 3900 1815 3971 l3.)

184 3995 324 4048 Nam
355 3993 401 4046 si
439 3993 522 4048 illi
561 3993 659 4064 qui
702 3993 905 4049 fratres
929 3993 1192 4063 diligunt,
1226 4009 1291 4047 ex
1319 3993 1434 4049 Deo
1464 3994 1580 4048 nati
1606 3999 1818 4049 suntet

182 4087 376 4141 vident
418 4087 619 4156 Deum,
649 4087 786 4158 quid
831 4103 967 4158 ergo
1007 4090 1177 4141 erunt
1217 4087 1298 4141 illi
1339 4088 1438 4159 qui
1483 4104 1578 4143 eos
1622 4104 1814 4159 perse-

181 4183 455 4252 quuntur,
472 4185 526 4235 et
543 4197 638 4234 eos
656 4180 1022 4248 detrahendo,
1045 4181 1441 4247 machinando,
1467 4181 1813 4250 accusando,

182 4275 499 4329 infestando
523 4274 789 4329 damnate
820 4274 1133 4329 moliuntur
1155 4274 1182 4328 ?
1210 4274 1264 4328 Si
1296 4273 1376 4327 illi
1405 4273 1502 4328 ﬁlii
1529 4275 1649 4343 Dei,
1682 4291 1813 4346 pro-

182 4370 267 4423 cul
296 4367 469 4422 dubio
499 4368 558 4421 hi
590 4367 690 4422 ﬁlii
716 4373 846 4422 sunt
861 4367 1095 4433 diaboli,
1128 4368 1223 4438 qui
1251 4385 1476 4439 semper
1504 4390 1531 4418 «
1561 4369 1814 4424 sicutleo

181 4461 416 4533 rugiens
438 4461 918 4532 circuitqnzerens
935 4478 1107 4532 quem
1131 4461 1361 4516 devoret
1381 4463 1424 4531 (Ι
1442 4464 1587 4517 Petr.
1618 4478 1670 4530 v,
1695 4462 1766 4531 8),
1785 4483 1812 4512 »

180 4557 253 4609 ita
284 4556 493 4610 fratres
518 4555 914 4625 insequuntur,
951 4559 1008 4608 ut
1039 4555 1279 4626 perdant
1313 4573 1326 4608 :
1359 4555 1454 4626 qui
1486 4571 1620 4610 vero
1651 4556 1812 4626 adju-
1833 4556 1892 4628 D

181 4666 307 4703 vare
343 4649 548 4703 fratres
592 4648 884 4717 refugiunt
928 4647 1116 4718 majus
1157 4652 1523 4718 peccatorum
1551 4665 1694 4702 onus
1719 4666 1810 4702 ac-

184 4742 437 4813 quirunt,
467 4746 524 4796 et
551 4740 920 4796 fraternitatis
966 4741 1162 4795 solatio
1207 4742 1284 4795 rei
1335 4740 1614 4809 existunt;
1649 4763 1676 4789 «
1706 4758 1810 4807 vce,

183 4835 357 4906 inquit
395 4834 701 4905 propheta,
735 4835 831 4904 qui
857 4839 1056 4905 potum
1081 4834 1181 4888 dat
1207 4833 1392 4887 amico
1424 4850 1544 4902 suo,
1579 4834 1813 4888 mittens

185 4929 251 4983 fel
279 4944 450 4982 suum
483 4928 704 4994 (Habac.
738 4943 797 4994 ιι,
835 4929 936 4997 15).
973 4947 1000 4979 ››
1031 4929 1096 4982 Et
1125 4927 1333 4981 iterum
1364 4927 1814 4999 sapientissimus

185 5022 460 5077 Salomon
480 5022 577 5088 ait,
604 5019 931 5084 «Quoniam
956 5019 1319 5092 quiloquitur
1344 5021 1560 5093 iniqua,
1581 5038 1697 5075 non
1721 5038 1816 5093 po-

181 5120 281 5170 test
310 5117 512 5181 latere,
548 5130 622 5169 ne
654 5114 946 5184 praeteriet
985 5115 1147 5169 illum
1179 5115 1486 5186 corripiens
1530 5115 1814 5186 judigium

183 5211 327 5281 (Sap.
365 5227 402 5277 ι,
433 5211 509 5279 8).
530 5230 558 5258 »
589 5211 651 5264 ln
684 5209 1126 5280 cogitationibus
1148 5227 1284 5281 ergo
1312 5209 1472 5282 impii
1500 5211 1818 5284 interroga-

183 5306 255 5359 tio
281 5303 409 5374 erit,
434 5319 771 5358 sermonum
808 5307 1001 5357 autem
1030 5303 1179 5358 illius
1207 5305 1273 5359 ad
1305 5305 1485 5359 Deum
1518 5306 1816 5377 perveniet

181 5398 391 5452 auditio
407 5396 483 5452 ad
505 5396 923 5466 correptionem
943 5396 1314 5467 iniquitatum
1344 5398 1509 5464 illius,
1541 5398 1814 5468 quoniam

183 5493 325 5546 auris
347 5490 451 5546 zeli
487 5489 650 5544 audit
678 5490 890 5557 omnia,
923 5495 980 5544 et
1008 5492 1285 5545 tumultus
1327 5493 1814 5548 murmurantium

186 5602 294 5640 non
323 5583 732 5650 abscondctur;
765 5584 887 5638 base
916 5583 1074 5637 enim
1103 5585 1147 5638 si
1173 5584 1442 5656 amplecti
1481 5585 1811 5654 voluissent,

185 5679 408 5750 proprio
435 5682 495 5732 et
525 5693 664 5733 sano
690 5695 857 5732 sensu
885 5679 955 5733 ad
980 5679 1289 5749 reprobum
1317 5696 1549 5734 sensum
1575 5679 1815 5735 minime

187 5773 525 5840 laberentur,
549 5771 650 5826 sed
669 5788 773 5843 per
796 5771 899 5826 Dei
931 5772 1196 5827 timorem
1227 5789 1559 5828 sermonum
1579 5789 1814 5828 suorum

185 5869 566 5946 praecaventes
611 5865 950 5930 custodiam,
1005 5865 1162 5946 piam
1212 5872 1540 5929 sanctorum
1583 5867 1814 5925 Patrum

1919 1931 2128 1986 nostris
2147 1931 2366 1986 actibus
2393 1931 2562 1986 inseri
2586 1947 2656 1986 ne
2685 1930 2920 1986 ulterius
2933 1932 3054 2002 jam
3073 1931 3208 1986 talia
3232 1930 3548 2002 patiamini,

1921 2024 2333 2079 seminantibus
2363 2025 2468 2079 illis
2499 2024 2713 2079 zizania
2739 2027 2795 2079 et
2824 2024 3102 2093 scandala,
3143 2025 3244 2079 sed
3281 2025 3465 2080 laetari
3491 2025 3552 2080 in

1920 2109 2120 2172 officiis
2147 2123 2202 2172 et
2222 2118 2583 2188 dogmatibus
2613 2118 2811 2173 vestris
2838 2117 3192 2173 mereamini.
3223 2117 3403 2190 Igitur
3429 2135 3553 2174 eru-

1920 2212 2169 2280 bescant,
2192 2213 2326 2266 talia
2343 2218 2400 2266 et
2420 2213 2518 2282 huj
2529 2211 2752 2267 usmodi
2768 2211 3104 2283 blasphema
3128 2211 3459 2267 subtrahere
3477 2212 3554 2266 fe-

1922 2305 2156 2373 stinent,
2182 2305 2226 2360 si
2248 2305 2543 2360 noluerint
2571 2321 2604 2358 a
2633 2304 2966 2360 sacerdotali
2994 2309 3190 2360 nostro
3211 2305 3448 2376 collegio
3471 2321 3554 2360 se-

1924 2399 2169 2470 gregari,
2205 2403 2262 2453 et
2287 2416 2320 2452 a
2348 2398 2522 2453 totius
2564 2398 2864 2453 Christiani
2910 2398 3107 2470 populi
3155 2399 3416 2453 societate
3464 2399 3552 2453 di-

1919 2493 2047 2546 velli
2079 2509 2092 2547 :
2125 2493 2255 2547 licet
2297 2509 2548 2563 namque
2598 2493 2667 2546 de
2709 2493 2796 2546 his
2844 2492 3004 2563 plura
3043 2497 3098 2546 et
3135 2491 3551 2563 pernecessaria

1923 2601 2048 2655 qua:
2099 2586 2157 2638 in
2214 2585 2454 2639 decretis
2503 2584 2658 2639 Sedis
2706 2585 3023 2655 apostolica:
3073 2589 3129 2639 et
3171 2585 3242 2638 ab
3282 2585 3554 2656 apostolis

1922 2694 2235 2749 eorumque
2285 2678 2696 2733 successoribus
2739 2679 2966 2746 nostris,
3014 2677 3275 2733 videlicet
3322 2677 3550 2750 praede-

1923 2772 2234 2826 cessoribus
2262 2775 2476 2827 statuta
2501 2772 2887 2839 inveniuntur,
2907 2772 3094 2828 dicere
3116 2775 3172 2826 et
3194 2771 3552 2827 conscribere

1921 2865 2322 2937 potuissemus,
2355 2870 2546 2920 tamen
2584 2865 2789 2920 melius
2821 2865 2981 2920 nobis
3015 2866 3198 2921 visum
3227 2868 3311 2919 est
3337 2871 3400 2920 ut
3428 2865 3552 2936 epi-

1922 2961 2123 3016 stolam
2139 2960 2394 3015 oratione
2413 2959 2762 3014 claudamus.
2779 2960 2926 3014 Deus
2947 2959 3309 3031 omnipotens
3329 2963 3388 3013 et
3407 2975 3554 3013 unus

1921 3054 2254 3125 unigenitus
2301 3053 2473 3108 Filius
2517 3059 2572 3108 et
2615 3053 2868 3109 Salvator
2906 3057 3099 3107 noster
3125 3054 3279 3107 Jesus
3303 3051 3555 3107 Christus

1923 3149 2032 3203 hoc
2061 3149 2216 3202 vobis
2246 3147 2454 3202 tribuat
2496 3147 2950 3213 incitamentum,
2983 3149 3048 3200 ut
3072 3146 3336 3201 omnibus
3359 3145 3551 3201 fratri-

1921 3241 2026 3296 bus
2075 3246 2130 3296 et
2169 3240 2511 3312 coepiscopis
2539 3240 2745 3295 nostris
2773 3240 3207 3311 quibuscunque
3234 3239 3552 3294 tribulatio-

1920 3335 2085 3389 nibus
2132 3334 2520 3389 laborantibus
2565 3333 2698 3389 totis
2740 3333 3048 3388 succuratis
3095 3332 3308 3387 viribus
3337 3336 3550 3387 etcum

1919 3429 1998 3483 cis
2025 3429 2433 3499 compatientes
2459 3444 2684 3483 crucem
2717 3427 2970 3497 ejusdem
3001 3427 3225 3482 Domini
3254 3426 3550 3482 Salvatoris

1919 3522 2172 3594 portetis,
2206 3527 2266 3575 ut
2290 3521 2404 3576 veri
2435 3521 2611 3592 ipsius
2640 3520 2898 3591 discipuli
2941 3537 3132 3574 coram
3166 3520 3430 3574 omnibus
3456 3536 3552 3590 ap-

1917 3615 2181 3686 pareatis,
2212 3619 2276 3668 ut
2304 3618 2356 3668 et
2389 3632 2486 3669 vos
2512 3619 2566 3669 et
2593 3614 2690 3684 qui
2713 3614 2999 3668 vobiscum
3023 3618 3157 3667 sunt
3176 3613 3266 3667 hic
3297 3617 3353 3667 et
3378 3612 3436 3666 in
3465 3612 3551 3666 fu-

1917 3713 2046 3764 turo
2078 3707 2411 3780 possideatis
2443 3707 2696 3774 meliora,
2755 3729 2781 3755 «
2821 3723 2947 3777 quae
2999 3708 3192 3761 oculus
3230 3722 3346 3760 non
3391 3705 3546 3774 vidit,

1917 3819 2023 3857 nec
2051 3802 2204 3856 auris
2235 3801 2466 3869 audivit,
2501 3817 2602 3854 nec
2631 3800 2690 3854 in
2739 3816 2834 3854 cor
2869 3799 3116 3854 hominis
3153 3798 3544 3867 ascenderunt,

1917 3912 2044 3967 quae
2071 3893 2416 3966 praeparavit
2440 3896 2586 3949 Deus
2621 3892 2989 3963 diligentibus
3016 3909 3073 3946 se
3106 3893 3152 3962 (Ι
3170 3893 3288 3948 Cor.
3319 3911 3376 3963 ιι,
3411 3894 3483 3963 9);
3516 3913 3543 3942 ››

1916 4005 2021 4059 per
2050 3988 2362 4042 Dominum
2395 3990 2654 4042 nostrum
2683 3987 2875 4042 Jesum
2914 3986 3221 4053 Christum,
3250 4003 3352 4058 per
3380 4002 3548 4058 quem

1918 4087 1972 4136 et
2011 4099 2142 4136 cum
2172 4098 2284 4154 quo
2313 4079 2698 4153 omnipotenti
2727 4081 2840 4135 Deo
2867 4080 3016 4134 Patri
3049 4079 3230 4151 gloria
3254 4079 3313 4134 in
3343 4080 3549 4135 saecula

1916 4176 2272 4231 saeculorum.
2303 4179 2501 4230 Amen.
2543 4174 2742 4228 Valere
2769 4190 2866 4228 vos
2907 4177 3061 4244 opto,
3097 4174 3301 4228 fratres
3336 4174 3548 4227 charis-

1918 4269 2069 4324 simi.
2113 4271 2249 4324 Data
2291 4267 2416 4322 ldus
2455 4266 2782 4333 Februarii,
2823 4267 3030 4338 Agario
3071 4271 3127 4322 et
3162 4267 3380 4322 Iuliano
3417 4266 3549 4320 viris

1918 4361 2244 4417 clarissimis
2270 4360 2614 4416 consulibus.

2318 4513 2389 4564 De
2414 4511 2759 4580 oppressione
2784 4509 3140 4564 Arianorum.

1987 4644 2148 4700 FELIX
2176 4645 2385 4698 sanctae
2412 4642 2742 4697 universalis
2761 4641 3022 4697 Ecclesia:
3048 4659 3214 4714 papa,
3247 4645 3422 4714 atque
3441 4659 3548 4716 per

1916 4738 2157 4810 gratiam
2207 4737 2301 4792 Dei
2347 4736 2636 4791 catholicae
2663 4742 2719 4792 et
2749 4736 3072 4808 apostolicae
3103 4736 3361 4791 Ecclesiae
3391 4736 3548 4791 urbis

1916 4834 2114 4887 Romae
2145 4831 2464 4904 episcopus,
2503 4847 2616 4885 una
2661 4846 2793 4885 cum
2835 4835 3030 4885 sancto
3074 4829 3314 4884 concilio
3353 4833 3546 4886 nostro

1915 4925 2523 4982 reverendissimorum
2557 4924 2916 4980 sacerdotum
2958 4925 3068 4979 huc
3096 4923 3390 4979 nobiscum
3420 4940 3550 4980 con-

1915 5021 2262 5076 venientium
2303 5021 2363 5075 in
2388 5019 2819 5075 confirmatione
2845 5018 3234 5090 piissimorum
3259 5017 3548 5074 catholica:

1916 5115 2175 5170 Ecclesiae
2204 5115 2536 5186 dogmatum
2560 5118 2616 5168 et
2641 5113 2986 5168 relevatione
3010 5128 3412 5183 oppressorum
3432 5112 3544 5168 fra-

1914 5214 2068 5264 trum
2093 5208 2561 5279 coepiscoporum
2580 5207 2841 5261 videlicet
2866 5211 3194 5261 nostrorum
3211 5207 3306 5278 qui
3329 5211 3546 5263 rectam

1916 5303 2120 5357 Nicaeni
2151 5302 2377 5357 concilii
2421 5306 2619 5355 tenent
2648 5299 2840 5368 fidem,
2891 5306 2947 5356 et
2992 5301 3196 5356 fratres
3247 5317 3364 5356 non
3401 5302 3546 5356 infe-

1916 5400 2084 5464 stent,
2119 5395 2398 5450 universis
2426 5394 2812 5466 spiritualibus
2835 5393 3107 5450 fratribus
3136 5396 3341 5450 nostris
3371 5400 3427 5450 et
3456 5413 3543 5450 re-

1915 5489 2081 5560 liquis
2133 5489 2187 5542 in
2237 5487 2567 5543 sacerdotali
2621 5487 2863 5559 collegio
2906 5488 3149 5544 Domino
3189 5488 3544 5556 consecratis,

1917 5587 2087 5655 atque
2135 5582 2291 5637 omni
2333 5581 2674 5654 plenitudini
2721 5583 2978 5638 Ecclesia:
3025 5583 3319 5638 catholica:
3368 5583 3548 5652 gratia

1916 5676 2070 5732 vobis
2099 5683 2155 5731 et
2185 5692 2290 5748 pax
2319 5677 2731 5749 multiplicetur
2761 5676 2818 5732 in
2847 5677 3252 5733 confortatione
3280 5679 3337 5730 et
3366 5674 3545 5728 sancti

1915 5771 2155 5844 Spiritus
2185 5771 2617 5840 communione,
2645 5777 2928 5844 quatenus
2975 5771 3033 5826 in
3075 5786 3144 5824 eo
3187 5768 3545 5840 proﬁcientes

1914 5883 1944 5920 a
1975 5865 2154 5944 gloria
2183 5865 2240 5921 in
2271 5865 2513 5943 gloriam
2547 5884 2574 5921 (ι
2601 5865 2837 5930 virtutes
2863 5863 3271 5922 annuntiemus
3300 5864 3420 5943 ejus
3445 5863 3547 5945 qui
