4032 6308
485 311 582 365 651

1368 309 1653 364 ΑΡΡΕΝῙ).
1693 309 1784 362 ΑΙ)
1817 308 1980 363 διΕΟ.
2023 308 2110 362 lX.
2141 333 2209 347 --
2247 306 2490 366 lSlDORl
2527 301 2951 362 MERCATORIS

3754 307 3863 360 652

482 419 553 473 de
585 416 836 473 tenebris
880 433 984 474 nos
1027 417 1243 472 vocavit
1269 417 1328 471 in
1354 415 1689 470 admirabile
1725 415 1918 470 lumen
1947 429 2114 468 suum
2138 425 2418 499 Acxxxn,
2451 415 2520 484 1).
2554 435 2582 464 n
2617 412 2912 486 Spirituali
2958 412 3081 467 dico
3124 411 3442 467 habitaculo
3468 415 3527 467 et
3555 413 3864 468 concordia

485 515 533 580 (Ι
559 516 703 570 Petr.
737 531 798 582 ιι,
832 513 884 583 9)
917 535 946 562 ››
980 533 1007 564 ι(
1035 512 1187 584 apud
1218 527 1392 584 quem
1431 528 1545 565 non
1578 514 1662 566 est
1690 511 2113 580 transmutatio,

483 625 592 662 nec
616 606 1012 662 vicissitudinis
1045 605 1402 661 obumbratio
1433 606 1565 675 (Jac.
1598 623 1636 670 1,
1672 605 1776 675 17),
1813 625 1840 656 ››
1863 607 2113 674 Portate,

482 701 708 768 fratres,
730 701 1031 754 hortamur
1060 699 1478 769 persecutiones
1508 703 1564 753 et
1587 697 1982 752 tribulationes
2012 714 2113 769 pa-

479 794 687 849 tienter
712 796 778 848 ut
821 793 942 864 ejus
988 792 1359 848 inveniamini
1390 791 1492 846 filii
1525 808 1696 863 quem
1728 791 1984 862 quotidie
2015 808 2113 861 pa-

481 887 627 938 trem
653 882 865 937 vocatis
893 883 1073 936 Deum
1095 881 1154 936 in
1183 881 1356 948 caelis,
1385 881 1526 948 etjn
1555 897 1622 935 eo
1645 880 1876 934 vincatis
1901 879 2112 946 omnia,

484 927 627 938 ην...
663 927 864 937 ..η-..ν
897 927 1073 936 μη...
1096 927 1154 936 ...
1186 927 1356 948 -.νηη
1387 927 1442 935 ν-
1558 927 1619 935 .-ν
1656 927 1874 934 .-η-ν--
1905 927 2112 946 ----..-_,

481 977 580 1048 qui
629 981 859 1048 propter
905 993 1010 1030 nos
1059 975 1191 1030 vicit
1235 975 1425 1028 omnia
1443 927 1516 1073 λα
1553 974 1650 1046 qui
1677 974 1847 1028 etiam
1879 973 2114 1046 proprio

481 1070 619 1126 Filio
645 1085 748 1125 suo
782 1087 898 1125 non
931 1069 1202 1140 pepercit,
1237 1069 1330 1123 sed
1374 1067 1487 1139 pro'
1507 1067 1670 1122 nobis
1697 1067 1964 1122 omnibus
1995 1070 2112 1121 tra-

480 1165 621 1220 didit
648 1164 805 1219 illum
851 1164 1020 1235 (Rom.
1052 1179 1170 1228 vm,
1204 1163 1312 1231 32).
1347 1184 1373 1210 »
1403 1161 1718 1216 Imitatores
1749 1177 1977 1232 quoque
2017 1159 2115 1216 Dei

480 1258 743 1313 convenit
769 1257 830 1312 in
857 1256 1014 1312 omni
1039 1255 1215 1311 verbo
1237 1260 1292 1310 et
1312 1271 1484 1326 opere
1513 1255 1728 1309 imitari
1755 1255 2116 1322 Deum,ideo~

481 1368 590 1422 que
619 1351 762 1406 illud
788 1354 1014 1423 oportet
1061 1367 1162 1404 nos
1193 1349 1377 1405 dicere
1403 1349 1556 1421 quod
1587 1349 1705 1420 ipse
1730 1348 1799 1402 de
1832 1365 1891 1402 se
1919 1347 2110 1419 perhi-

479 1447 605 1501 buit
620 1445 917 1514 Dominus,
936 1444 1166 1499 «veniet
1187 1443 1446 1514 princeps
1469 1442 1637 1512 hujus
1657 1442 1854 1497 mundi
1870 1448 1925 1496 et
1939 1442 1998 1496 in
2017 1458 2111 1496 me

479 1540 622 1595 nihil
660 1538 915 1594 inveniet
962 1541 1135 1606 (Joan.
1165 1554 1275 1606 xw,
1310 1538 1420 1607 30),
1456 1558 1482 1585 ν
1510 1538 1788 1591 venerunt
1817 1539 1872 1589 et
1903 1535 1982 1590 illi
2013 1535 2113 1607 qui

479 1649 578 1688 vos
607 1639 663 1688 et
689 1650 790 1688 nos
818 1636 1260 1703 persequuntur,
1289 1631 1424 1702 quia
1453 1646 1548 1684 vos
1580 1630 1697 1684 sine
1723 1629 1885 1684 nobis
1917 1646 2110 1700 perse-

483 1727 578 1798 qui
630 1743 746 1781 non
790 1729 1044 1796 possunt,
1092 1725 1227 1796 quia
1279 1723 1445 1778 unius
1475 1723 1572 1778 Dei
1604 1723 1867 1778 membra
1891 1739 2107 1793 sumus,

481 1825 538 1874 et
556 1835 736 1874 unum
759 1819 908 1874 illius
930 1818 1305 1872 sacerdotium
1334 1833 1436 1888 per
1461 1817 1583 1888 ejus
1602 1816 2110 1872 sanctiﬁcationem

481 1913 810 1980 retinemus,
861 1915 918 1968 et
961 1913 1021 1966 iu
1070 1911 1234 1966 nobis
1281 1911 1349 1966 de
1404 1910 1518 1965 suis
1566 1910 1707 1964 nihil
1746 1911 2106 1977 invenerunt,

481 2007 612 2078 quia
658 2006 933 2078 quidquid
979 2021 1175 2060 sumus
1206 2004 1390 2075 gratia
1434 2003 1530 2058 Dei
1574 2020 1788 2074 sumus,
1821 2004 1953 2059 licet
1978 2021 2107 2075 pro-

479 2107 674 2172 pterea
724 2098 1059 2155 calumniari
1110 2115 1214 2153 nos
1267 2097 1730 2152 irrationabiliter
1785 2097 2112 2152 studuerint

478 2195 631 2266 quod
663 2195 846 2249 facere
892 2193 1076 2248 solent
1117 2191 1354 2258 inimici,
1383 2207 1546 2246 suam
1579 2208 1648 2246 ex
1674 2191 1783 2246 hoc
1813 2191 2110 2262 cooperire

481 2287 826 2342 dementiam
865 2287 1256 2358 properantes,
1291 2290 1572 2356 quatenus
1614 2301 1717 2356 per
1745 2284 2110 2339 mendacium

479 2382 772 2436 veritatem
819 2381 1040 2434 valeant
1083 2379 1447 2434 obumbrare.
1500 2378 1706 2450 Scripsi
1747 2378 1900 2432 enim
1931 2378 2106 2447 vobis,

476 2474 665 2545 inquit
689 2473 1002 2544 Apostolus,
1051 2489 1156 2544 per
1187 2472 1396 2526 multas
1437 2471 1715 2542 lacrymas
1744 2475 1804 2525 ut
1829 2487 1941 2526 non
1972 2488 2107 2526 con-

477 2567 798 2632 tristemini,
848 2566 944 2621 sed
991 2569 1055 2620 ut
1097 2564 1285 2620 sciatis
1329 2580 1500 2636 quam
1547 2565 1881 2620 charitatem
1927 2565 2107 2620 abun-

477 2661 703 2716 dantius
731 2659 914 2714 habeo
962 2659 1021 2715 in
1067 2659 1256 2724 vobis;
1287 2658 1506 2713 etenim
1543 2657 1978 2713 detrahentibus
2005 2658 2106 2713 de-

473 2733 849 2810 traherenon
881 2756 966 2807 est
997 2753 1237 2819 bonum,
1270 2755 1335 2806 ut
1362 2768 1476 2806 non
1523 2752 1594 2806 ad
1634 2769 1699 2806 ea
1729 2769 1857 2822 quae
1901 2751 2111 2822 scripta

479 2851 612 2902 sunt
659 2847 935 2902 commoti
981 2845 1204 2916 injuria:
1251 2847 1542 2900 certamen
1593 2844 1938 2899 deficiamus.
1987 2846 2108 2900 Non

479 2941 751 2996 debemus
771 2939 1002 2994 omnino
1019 2939 1220 2994 timere
1265 2937 1638 3009 opprobrium
1670 2937 1994 3006 hominum,
2016 2955 2111 2993 ne-

480 3051 590 3106 que
605 3050 805 3089 eorum
816 3031 1343 3104 exprobrationibus
1357 3031 1525 3098 vinci,
1543 3031 1813 3102 quoniam
1827 3033 1931 3086 hoc
1944 3033 2110 3087 nobis

479 3128 751 3184 Dominus
773 3127 940 3197 jubet
964 3142 1068 3197 per
1089 3125 1288 3180 Isaiam
1322 3125 1661 3196 prophetam
1689 3125 1878 3180 dicens
1901 3143 1914 3180 :
1938 3148 1964 3176 ‹‹
1993 3129 2107 3180 Au-
2130 3162 2186 3238 Ο

478 3224 592 3278 dite
626 3238 715 3276 me
743 3221 839 3292 qui
872 3219 1022 3275 scitis
1052 3219 1354 3290 judicium,
1390 3219 1630 3291 populus
1674 3235 1852 3288 meus,
1885 3219 1944 3274 in
1968 3236 2106 3291 quo-

479 3333 607 3370 rum
636 3314 900 3369 cordibus
924 3313 1011 3368 lex
1036 3329 1158 3367 mea
1179 3312 1475 3381 est,nolite
1505 3313 1704 3366 timere
1736 3312 2110 3384 opprobrium

479 3409 779 3466 hominum
811 3410 868 3463 et
891 3406 1274 3479 blasphemias
1320 3422 1518 3462 eorum
1564 3422 1638 3461 ne
1683 3406 1933 3461 timeatis
1983 3408 2107 3476 (Isa.

476 3521 546 3570 ιι,
581 3507 652 3574 7).
690 3520 724 3554 »-
748 3501 1180 3557 Considerantes
1227 3499 1397 3554 etiam
1437 3500 1590 3572 quod
1621 3499 1681 3554 in
1719 3499 1933 3571 psalmo
1979 3499 2110 3555 scri-

478 3601 636 3668 ptum
664 3600 789 3650 est:
828 3595 1079 3649 «Nonne
1131 3595 1277 3648 Deus
1317 3593 1574 3665 requiret
1618 3592 1758 3647 ista!
1791 3594 1911 3665 Ipse
1950 3593 2108 3649 enim

476 3690 633 3745 novit
673 3687 1001 3742 abscondita
1051 3687 1241 3743 cordis
1289 3687 1454 3755 (Psal.
1503 3703 1652 3755 mu,
1695 3689 1807 3755 22),
1853 3690 1910 3742 et
1947 3687 2106 3756 cogi-

476 3783 718 3838 tationes
737 3781 936 3836 talium
959 3781 1275 3846 hominum,
1299 3778 1568 3851 quoniam
1590 3795 1751 3834 vanae
1780 3786 1911 3836 sunt
1931 3797 1944 3835 :
1964 3797 2112 3836 vana

477 3879 670 3930 autem
700 3875 916 3928 locutus
942 3878 1026 3928 est
1051 3872 1439 3944 unusquisque
1464 3873 1534 3928 ad
1560 3873 1889 3944 proximum
1918 3890 2104 3940 suum,

480 3973 538 4022 et
589 3966 739 4021 labia
789 3966 980 4020 dolosa
1034 3964 1092 4018 in
1151 3965 1320 4019 corde
1350 4007 1364 4032 ,
1430 3970 1486 4020 et
1533 3966 1700 4020 corde
1752 3966 1922 4020 locuti
1978 3971 2111 4022 sunt

477 4062 646 4127 mala,
677 4059 774 4114 sed
805 4058 1094 4130 disperdet
1138 4058 1408 4112 Dominus
1445 4058 1707 4113 universa
1736 4059 1887 4113 labia
1913 4059 2110 4115 dolosa

479 4155 527 4226 1
545 4151 669 4227 60
683 4158 739 4208 et
752 4153 1000 4223 linguam
1018 4151 1466 4222 magniloquam.
1485 4151 1593 4216 Qui
1614 4151 1883 4206 dixerunt
1902 4169 1914 4206 :
1936 4154 2111 4208 Labia

475 4251 669 4303 nostra
691 4264 724 4301 a
751 4246 914 4302 nobis
932 4251 1082 4312 sunt,
1105 4245 1231 4316 quis
1264 4249 1456 4299 noster
1488 4245 1761 4299 Dominus
1781 4245 1912 4301 est?
1941 4247 2106 4315 (Psal.

476 4360 550 4411 xl,
585 4341 727 4411 3-5.)
759 4361 786 4389 ››
835 4342 974 4394 Nam
1020 4339 1064 4393 si
1113 4340 1233 4394 haec
1260 4338 1316 4393 in
1345 4339 1626 4394 memoria
1655 4339 1967 4395 retinerent
1998 4341 2107 4396 mi-

475 4438 628 4491 nime
657 4434 727 4489 ad
761 4437 978 4488 tantam
1029 4432 1354 4503 prosilirent
1386 4433 1777 4504 iniquitatem;
1811 4451 1928 4488 non
1953 4435 2108 4490 enim

2218 525 2347 580 quas.
2378 509 2437 562 in
2465 509 2578 563 Deo
2606 511 2710 575 est,
2751 513 2807 563 et
2829 507 3046 562 unitate
3093 506 3228 560 ﬁdei
3269 506 3441 578 hujus
3481 506 3858 576 delectabilis,

2217 602 2528 656 secundum
2577 602 2870 656 veritatem
2917 599 3288 656 inhabitaculi
3334 617 3462 672 quae
3505 600 3773 656 videlicet
3798 600 3856 654 in

2215 699 2405 750 Aaron
2451 695 2636 766 magis
2679 694 3053 748 decorabatur
3101 697 3274 764 atque
3323 693 3734 748 sacerdotalem
3764 693 3856 746 in-

2216 788 2519 843 duentibus
2541 788 2900 859 dignitatem,
2929 787 3072 842 sicut
3089 791 3449 858 unguentum
3472 803 3645 858 super
3664 789 3856 858 caput,

2215 882 2586 953 principalem
2614 881 2968 936 intellectum
2993 881 3260 952 irrigans,
3289 886 3344 936 et
3370 897 3546 952 usque
3575 881 3646 935 ad
3669 881 3854 952 ipsam

2215 979 2526 1030 extremam
2581 974 2874 1030 scientiam
2929 975 3215 1029 deducens
3269 975 3328 1029 in
3374 975 3483 1029 hoc
3530 974 3856 1029 habitaculo

2214 1068 2678 1123 benedictionem
2701 1074 2756 1123 et
2776 1071 3052 1122 aeternam
3077 1068 3249 1122 vitam
3265 1067 3527 1138 promisit
3553 1067 3855 1122 Dominus.

2214 1163 2390 1234 Hujus
2435 1178 2572 1234 ergo
2602 1161 2950 1233 prophetica:
2980 1161 3392 1217 vaticinationis
3421 1161 3694 1216 meritum
3727 1177 3853 1217 am-

2213 1257 2550 1327 plectentes,
2585 1256 2893 1310 fraternam
2922 1257 3270 1326 praesentem
3296 1255 3571 1326 syllabam
3595 1255 3857 1326 exposui-

2212 1366 2342 1404 mus
2367 1353 2564 1404 nostra
2595 1353 2830 1426 propter
2857 1348 3193 1404 charitatem
3238 1348 3480 1404 minime
3527 1353 3854 1420 quaerentes

2213 1448 2314 1498 aut
2341 1428 2688 1522 quaesituril
2704 1444 2826 1497 Non
2873 1443 3030 1496 enim
3067 1442 3495 1498 detrahantibus
3524 1443 3740 1497 bonum
3771 1447 3858 1499 est

2215 1536 2541 1606 detrahere,
2586 1539 2686 1590 aut
2735 1536 2864 1608 palo
2908 1536 3219 1592 secundum
3249 1536 3544 1607 vulgarem
3597 1535 3856 1591 fabulam

2213 1636 2499 1698 excutere,
2544 1631 2736 1702 palum
2771 1648 2784 1685 :
2815 1631 2979 1686 absit.
3008 1632 3132 1686 Non
3175 1635 3309 1686 sunt
3335 1633 3528 1685 nostra
3552 1629 3678 1697 ista,
3708 1647 3851 1702 qua-

2210 1727 2444 1796 propter
2487 1725 2592 1778 hoc
2633 1727 2850 1778 avertat
2899 1724 3191 1780 Divinitas.
3229 1725 3351 1778 Non
3379 1727 3514 1778 sunt
3541 1723 3729 1779 edocti
3757 1725 3859 1778 ha-

2130 1795 2187 1867 B
2209 1816 2359 1872 bitus
2387 1816 2569 1872 nostri
2596 1817 2676 1872 ita
2697 1817 2943 1884 vincere,
2979 1817 3075 1871 sed
3113 1817 3172 1872 in
3202 1817 3477 1888 patientia
3501 1816 3851 1888 longanimi-

2210 1911 2338 1966 tatis
2365 1913 2421 1965 et
2452 1911 2653 1982 spiritu
2681 1911 3037 1980 humilitatis,
3075 1911 3206 1983 quia
3250 1911 3395 1966 sicut
3437 1928 3539 1982 per
3578 1911 3854 1967 duritiam

2211 2004 2447 2059 minime
2495 2005 2576 2074 (ut
2615 2004 2948 2076 prophetice
2983 2004 3254 2074 dicamus)
3287 2009 3570 2077 purgatur
3613 2005 3850 2076 nigella,

2209 2098 2292 2152 ita
2342 2115 2446 2153 nec
2496 2098 2648 2169 pacis
2704 2102 2998 2168 soporatus
3045 2098 3262 2153 fructus
3309 2097 3705 2169 intelligentite
3747 2115 3856 2169 per

2211 2191 2581 2262 asperitatem
2611 2191 2980 2262 exprimitur;
3030 2197 3270 2263 propter
3306 2193 3413 2246 hoc
3445 2192 3598 2246 enim
3639 2193 3851 2247 verbo-

2211 2301 2339 2339 rum
2384 2287 2846 2356 supportavimus
2901 2285 3167 2356 colaphos
3223 2289 3285 2340 ut
3336 2290 3437 2340 aut
3488 2285 3702 2357 paulati
3758 2303 3850 2340 va-

2208 2378 2427 2432 leamus
2477 2395 2608 2433 eum
2653 2377 2886 2445 imitari,
2916 2378 3013 2449 qui
3045 2383 3280 2450 pr0pter
3308 2395 3414 2433 nos
3446 2394 3504 2433 se
3550 2379 3853 2434 humiliare

2209 2471 2477 2541 dignatus
2507 2475 2611 2540 est,
2659 2476 2715 2526 et
2757 2476 3028 2526 extremae
3076 2472 3226 2526 illius
3276 2472 3511 2528 ultionis
3554 2489 3655 2544 per
3701 2473 3853 2528 hanc

2210 2565 2436 2636 plagam
2464 2565 2639 2620 verba
2668 2565 3043 2621 declinemus.
3075 2566 3391 2621 Audiamus
3431 2583 3568 2638 ergo
3613 2571 3671 2620 et
3716 2584 3854 2622 con-

2209 2659 2521 2713 sentiamus
2549 2659 2810 2714 Ecclesiaa
2837 2659 3048 2713 oratori
3075 2659 3172 2730 qui
3197 2676 3300 2730 per
3317 2660 3578 2730 linguam
3598 2659 3847 2730 Spiritus

2210 2753 2357 2806 clara
2382 2768 2518 2806 voce
2550 2753 2829 2807 exclamat
2860 2753 3089 2807 dicens:
3119 2774 3146 2801 «
3176 2753 3380 2809 Omnia
3398 2753 3556 2808 vobis
3577 2754 3635 2808 in
3662 2754 3849 2808 chari—

2207 2848 2321 2900 tate
2371 2845 2512 2900 ﬂant
2558 2845 2605 2912 (Ι
2626 2846 2745 2902 Cor.
2776 2863 2889 2913 va,
2933 2848 3041 2917 14).
3072 2867 3099 2896 ››
3151 2848 3301 2918 Ergo
3350 2847 3465 2902 sive
3511 2848 3848 2918 quaerimus,

2208 2939 2326 2994 sive
2354 2940 2750 2994 tantummodo
2780 2940 3040 3010 dicimus,
3064 2944 3121 2994 et
3142 2940 3549 2995 tantummodo
3580 2940 3850 2996 audimur

2209 3031 2457 3088 charitas
2484 3032 2819 3100 intercedat,
2868 3049 2960 3088 ars
3003 3033 3194 3104 aliqua
3239 3033 3445 3089 existat
3491 3033 3566 3088 ad
3611 3050 3848 3105 compo-

2209 3126 2436 3181 sitiones
2467 3127 2789 3182 concordiae
2835 3127 2970 3182 boni
3016 3132 3072 3183 et
3114 3127 3562 3198 conjunctiones.
3611 3127 3853 3199 Oportet

2211 3219 2366 3274 enim
2399 3220 2470 3275 de
2496 3220 2610 3274 Deo
2641 3221 3030 3291 quaerentibus
3061 3219 3224 3275 nobis
3256 3220 3517 3292 spiritum
3546 3221 3850 3278 rectitudi-

2211 3313 2300 3368 nis
2329 3313 2540 3368 mentis
2584 3319 2794 3369 nostra:
2838 3314 3270 3369 dinumerantes
3315 3314 3660 3370 intentiones
3703 3320 3853 3370 tem-

2209 3408 2368 3478 plum
2396 3407 2627 3479 pacitice
2656 3408 2978 3463 inhabitare
3006 3408 3065 3463 in
3094 3426 3227 3463 eum
3256 3412 3494 3480 propter
3517 3409 3716 3477 Deum,
3746 3411 3850 3481 qui

2208 3517 2310 3572 per
2348 3502 2688 3573 prophetam
2734 3501 2957 3557 locutus
3001 3506 3126 3558 est:
3161 3525 3187 3552 ‹‹
3233 3502 3504 3567 Querens
3546 3518 3741 3574 quaere
3793 3507 3853 3559 et

2210 3595 2361 3666 apud
2386 3612 2479 3650 me
2506 3595 2704 3650 habita
2731 3595 2859 3663 (Isa.
2889 3613 3000 3664 xxi,
3038 3599 3142 3668 l2).
3175 3616 3202 3648 »
3232 3597 3534 3667 Speculum
3563 3597 3721 3652 enim
3754 3598 3854 3654 de-

2208 3687 2292 3743 dit
2331 3705 2438 3744 nos
2478 3690 2623 3743 Deus
2653 3689 2864 3760 populo
2895 3705 3018 3758 suo,
3069 3693 3127 3744 et
3173 3694 3396 3762 oportet
3422 3708 3517 3746 eos
3543 3692 3639 3762 qui
3665 3709 3700 3745 a
3727 3693 3850 3748 Deo

2208 3787 2340 3838 sunt
2372 3781 2622 3854 deputati
2661 3781 3049 3838 sacerdotium
3081 3783 3341 3855 .adispici,
3390 3784 3468 3840 ita
3510 3785 3567 3839 in
3606 3785 3848 3840 humili-

2211 3877 2323 3929 tate
2351 3890 2577 3945 gressus
2603 3875 2812 3930 mentis
2833 3875 3150 3931 adinvicem
3175 3877 3429 3945 tendere,
3462 3882 3524 3932 ut
3553 3877 3611 3932 in
3639 3879 3853 3935 melius

2209 3967 2560 4023 mdificentur
2587 3969 2645 4023 hi
2673 3970 2772 4040 qui
2793 3970 2863 4024 ad
2888 3987 2994 4024 nos
3013 3971 3345 4041 respiciunt,
3367 3988 3538 4042 quam
3563 3972 3734 4043 (quod
3757 3974 3852 4028 di-

2209 4076 2335 4116 cere
2361 4061 2536 4132 piget)
2567 4078 2668 4132 per
2695 4065 2950 4136 nostram
2973 4063 3312 4119 discordiam
3340 4065 3598 4120 semitam
3629 4065 3849 4136 pedum

2210 4171 2410 4209 eorum
2464 4133 2808 4211 concutere.'-
2833 4157 2917 4211 Ad
2973 4157 3336 4213 concordiam
3377 4158 3702 4229 judicemus
3739 4177 3850 4215 nos

2208 4248 2379 4319 ipsos,
2414 4253 2471 4303 et
2497 4265 2676 4303 unum
2719 4249 2777 4303 in
2815 4250 3090 4306 charitate
3121 4252 3423 4322 sapiamus,
3456 4252 3849 4310 humilitatem

2208 4359 2568 4411 veneremur,
2628 4361 2734 4413 per
2781 4360 2958 4415 quam
3012 4346 3366 4416 apprehendi
3410 4346 3553 4401 solet
3607 4347 3849 4402 altitudo

2209 4436 2458 4506 spiritus.
2489 4435 2544 4491 Si
2570 4437 2725 4491 enim
2751 4437 3057 4492 verborum
3073 4439 3316 4509 amplius
3339 4455 3516 4510 usque
3545 4456 3694 4494 nunc
3712 4441 3853 4495 taci-

477 4527 746 4601 probabili
762 4535 817 4583 et
831 4530 1068 4598 paterna
1092 4525 1350 4580 doctrina
1367 4507 1478 4581 hoc,
1493 4526 1730 4595 faciunt,
1747 4528 1841 4582 sed
1867 4534 1926 4582 ut
1944 4545 2101 4583 suam
2122 4531 2180 4604 D
2207 4530 2532 4586 turnitatem
2563 4548 2738 4602 quam
2764 4507 3572 4604 garrulitatemﬂdilexerimus,
3596 4535 3706 4589 hoc
3728 4537 3853 4606 qui-

474 4624 766 4678 cxerceaut
794 4620 851 4674 in
884 4636 1075 4674 servos
1098 4619 1191 4673 Dei
1218 4620 1544 4690 vindictam,
1565 4621 1839 4692 scriptum
1860 4639 2108 4694 namque

473 4722 558 4772 est
588 4734 601 4771 :
629 4715 725 4769 Via
753 4713 910 4768 stulti
951 4718 1105 4767 recta
1131 4714 1189 4768 in
1220 4715 1392 4768 oculis
1437 4715 1576 4784 ejus,
1611 4718 1668 4769 et
1693 4721 1824 4770 sunt
1850 4717 1952 4770 viae
1979 4733 2108 4788 quas

471 4811 736 4865 videntur
762 4807 979 4862 homini
1001 4807 1192 4878 justae,
1231 4808 1536 4863 novissima
1563 4811 1755 4862 autem
1783 4825 1981 4864 eorum
2009 4811 2103 4865 de-

473 4904 688 4958 ducunt
704 4901 772 4956 ad
793 4906 1056 4955 mortem.
1076 4901 1185 4954 Nos
1205 4901 1380 4967 enim,
1404 4902 1500 4972 qui
1518 4901 1622 4955 hoc
1650 4901 2102 4973 patimur,judici

472 5011 759 5050 reservare
800 4995 1073 5049 debemus
1100 4994 1197 5066 qui
1228 4995 1428 5049 reddet
1457 4994 1758 5066 unicuique
1792 4996 2104 5052 secundum

472 5106 646 5160 opera
671 5105 793 5155 sua,
827 5088 926 5160 qui
951 5089 1122 5143 etiam
1150 5105 1254 5160 per
1281 5088 1568 5142 ministros
1597 5104 1726 5142 suos
1751 5089 2001 5145 intonuit
2025 5090 2105 5145 di-

472 5199 623 5251 cens,
647 5182 827 5236 «Mihi
853 5183 1176 5250 vindictam,
1198 5198 1305 5252 ego
1327 5182 1634 5237 retribuam
1655 5184 1822 5253 (Rom.
1839 5200 1935 5250 xu,
1961 5185 2100 5256 l9).»

473 5278 512 5328 ν
517 5292 577 5331 os
597 5275 750 5330 enim
785 5275 842 5328 in
877 5281 1030 5330 recta
1051 5276 1160 5330 tide
1178 5281 1233 5330 et
1255 5292 1395 5346 pura
1416 5291 1480 5330 ac
1499 5274 1649 5330 bona
1667 5277 1975 5332 succurrite
2001 5294 2100 5334 vo-

471 5371 684 5425 luntate
726 5367 991 5435 vicissim,
1023 5385 1128 5422 nec
1157 5367 1360 5439 aliquis
1407 5385 1440 5423 a
1482 5369 1884 5441 supplemento
1912 5371 2103 5426 fratris

470 5463 763 5518 subtrahat
787 5478 1044 5529 manum,
1068 5461 1340 5532 quoniam
1361 5462 1419 5516 in
1437 5463 1542 5517 hoc
1563 5463 1642 5517 ait
1663 5463 1936 5518 Dominus
1961 5487 1988 5514 (ι
2003 5466 2103 5520 Co-

470 5558 746 5629 gnoscent
773 5572 970 5611 omnes
997 5555 1128 5626 quia
1158 5555 1273 5610 mei
1300 5556 1433 5610 estis
1461 5556 1740 5628 discipuli,
1766 5557 1809 5611 si
1842 5557 2098 5614 dilectio-

467 5668 598 5707 nem
611 5647 1252 5706 habueritisadinvicem
1269 5649 1445 5721 (Joan.
1476 5666 1593 5719 xm,
1610 5653 1717 5722 33).
1734 5672 1760 5699 ››
1786 5651 1944 5707 Unde
1979 5652 2100 5724 ipse

463 5763 566 5817 per
592 5745 929 5817 prophetam
947 5743 1204 5816 loquitur
1229 5743 1454 5799 dicens:
1481 5766 1508 5793 «
1534 5745 1668 5799 Ecce
1686 5761 1861 5817 quam
1882 5745 2096 5802 bonum

453 5843 508 5892 ct
541 5854 716 5909 quam
737 5837 1065 5908 jucundum
1097 5837 1351 5893 habitare
1383 5836 1582 5893 fratres
1613 5838 1670 5892 in
1710 5855 1889 5894 unum
1929 5841 2092 5906 (Psal.

2208 4624 2340 4679 dem
2370 4625 2516 4680 bene
2547 4625 2756 4681 habere
2784 4626 3043 4681 arbitrati
3071 4644 3288 4696 sumus,
3312 4645 3384 4682 ne
3405 4627 3629 4699 scriptis
3648 4630 3852 4684 vestris

2209 4718 2490 4789 reciproce
2510 4719 2988 4790 respondentibus
3004 4719 3228 4790 injuriae
3240 4721 3501 4776 fomitem
3512 4723 3850 4792 excitemus,

2207 4816 2262 4866 et
2291 4812 2755 4883 pusillanimitate
2799 4813 3178 4883 dijudicemur
3203 4814 3272 4868 ab
3321 4831 3386 4869 eo
3425 4815 3522 4886 qui
3552 4816 3749 4870 omnia
3775 4818 3849 4872 ad

2206 4906 2539 4961 charitatem
2565 4907 2812 4977 dirigere
2833 4908 3235 4979 promulgavit.
3265 4929 3292 4957 «
3317 4908 3610 4963 Oravimus
3635 4925 3770 4964 vero
3791 4916 3854 4968 et

2206 5002 2340 5054 tunc
2412 5000 2622 5054 ostium
2699 5001 3144 5056 circumstantiae
3204 5001 3364 5057 labiis
3417 5003 3622 5057 nostris
3677 5003 3851 5072 (Psal.

2207 5109 2328 5160 ch,
2351 5097 2402 5164 3)
2433 5116 2458 5142 ››
2491 5093 2709 5165 imponi
2740 5095 2977 5150 verbum
3027 5095 3085 5149 in
3131 5096 3378 5150 sonitum
3401 5096 3702 5168 concipere
3732 5115 3843 5169 po-

2203 5188 2316 5241 tius
2344 5203 2518 5259 quam
2548 5188 2784 5243 verbum
2818 5188 3089 5255 sonabile,
3120 5195 3176 5244 et
3205 5189 3311 5244 hoc
3338 5195 3531 5244 tamen
3572 5190 3716 5245 mihi
3740 5192 3844 5246 do-

2203 5297 2346 5336 num
2373 5285 2458 5336 est
2481 5298 2514 5335 a
2544 5282 2803 5350 Domino,
2840 5304 2868 5332 «
2900 5285 2957 5337 et
2976 5283 3159 5337 factus
3195 5299 3324 5337 sum
3355 5283 3498 5340 sicut
3522 5284 3698 5340 homo
3728 5303 3847 5342 non

2204 5373 2441 5429 audiens
2482 5379 2538 5430 et
2587 5392 2700 5430 non
2742 5376 2956 5432 habens
3001 5376 3061 5431 in
3112 5394 3210 5432 ore
3263 5394 3364 5431 suo
3408 5378 3847 5450 redargutiones

2204 5468 2365 5537 (Psal.
2395 5485 2597 5537 xxxvn,
2628 5472 2731 5539 15).
2766 5491 2792 5519 ››
2825 5469 2935 5526 Sed
2969 5469 3104 5541 quia
3131 5473 3354 5542 tempus
3384 5474 3470 5525 est
3493 5470 3768 5544 loquendi
3788 5477 3847 5528 et

2200 5567 2426 5632 tempus
2470 5561 2712 5631 tacendi,
2761 5563 2956 5633 operio
3004 5563 3264 5631 verbum,
3298 5568 3355 5618 et
3379 5564 3582 5620 claudo
3629 5567 3846 5622 ostium

2201 5671 2302 5725 per
2329 5655 2765 5710 taciturnitatem
2790 5661 3187 5728 competenter
3212 5674 3447 5714 exorans
3475 5676 3488 5714 :
3517 5681 3544 5709 «
3573 5659 3840 5730 Domine,

2199 5747 2346 5803 labia
2375 5764 2506 5804 mea
2537 5750 2756 5821 aperies
2785 5752 2948 5818 (Psal.
2982 5768 3033 5815 L,
3076 5754 3181 5821 l7),
3218 5772 3244 5804 ι)
3301 5775 3329 5802 α
3358 5755 3415 5806 et
3454 5754 3841 5825 respondeam

2199 5841 2672 5914 exprobrantibus
2716 5844 2857 5899 mihi
2904 5845 3140 5899 verbum
3188 5846 3351 5917 (Psal.
3405 5861 3592 5916 cxvm,
3641 5849 3753 5916 42),
3811 5873 3838 5896 ι)
