4032 6292
184 332 292 385 653

1431 329 1903 385 DECRETALIUM
1941 325 2324 387 COLLECTIO.

3465 333 3568 388 ὅῖὶίο

181 461 316 516 licet
343 460 498 515 enim
530 459 916 525 tacuissemus,
945 474 1063 513 non
1095 475 1321 529 semper
1346 460 1660 514 tacebimus
1685 476 1818 530 ape-
1845 453 1902 526 Α
1924 438 2052 492 “ea
2078 439 2328 493 dicentes
2371 455 2544 510 quam
2577 439 2730 510 (ἰυοά
2767 439 3087 493 δυάίνίιηυδ
3118 445 3174 493 ει
3204 439 3570 510 ουὸηονίωυδ

185 556 372 609 riente
403 553 566 608 nobis
597 553 839 607 Domino
877 553 1057 607 claves
1083 553 1260 607 verbi.
1291 553 1470 623 Igitur
1504 553 1730 607 directis
1770 553 1828 608 in

186 648 463 719 praesenti
491 646 828 701 beatitudini
859 646 1229 700 fraternitatis
1279 652 1475 701 vestras
1521 646 1826 717 apocrisia-

185 742 291 796 riis
320 741 418 813 qui
449 744 574 812 post
617 741 825 794 multas
848 740 1023 794 factas
1060 740 1206 794 inter
1234 757 1334 793 nos
1361 740 1430 794 de
1462 740 1829 794 ecclesiastica

186 835 563 907 requisitione
587 834 942 889 dissonantes
959 833 1483 902 sermocinationes,
1525 834 1583 887 in
1617 834 1731 887 fine
1758 833 1828 887 ad

185 931 300 984 hoc
352 932 758 1000 pervenerunt,
791 928 1166 982 admonentes
1199 944 1303 982 nos
1335 930 1504 998 atque
1537 927 1854 998 hortantes)

182 1022 556 1094 interpretari
585 1022 754 1076 unius
791 1021 909 1075 veri
935 1021 1037 1075 Dei
1066 1021 1244 1075 nostri
1271 1021 1577 1074 voluntatis
1603 1001 1847 1075 intelle-‘l

185 1123 348 1172 ctum
391 1119 561 1186 atque
601 1115 928 1185 hujusmodi
971 1114 1503 1186 interpretationem
1541 1113 1829 1169 destinare

184 1217 394 1266 vestras
421 1209 812 1264 sacratissima;
837 1207 1213 1263 venerationi.
1261 1210 1372 1263 Nos
1401 1212 1693 1280 acceptam
1720 1208 1825 1262 ha-

188 1305 395 1372 bentes
411 1304 576 1358 bonae
599 1302 957 1357 conscientiae
978 1302 1387 1373 prmdictorum
1409 1301 1827 1356 venerabilium

185 1399 445 1452 virorum
473 1396 950 1464 admonitionem,
975 1399 1382 1467 cognoscentes
1401 1401 1596 1450 autem
1622 1400 1677 1450 et
1702 1412 1830 1467 quae

191 1491 547 1562 principatus
595 1490 987 1561 apostolorum
1037 1489 1338 1544 summitas
1396 1489 1563 1543 docet
1606 1491 1831 1560 paratos

192 1602 318 1640 esse
347 1585 421 1639 ad
449 1585 894 1639 satisfactionem
917 1583 1076 1637 omni
1101 1583 1358 1654 poscenti
1378 1583 1614 1638 verbum
1641 1583 1710 1637 de
1733 1599 1831 1654 spe

191 1697 323 1752 qua!
356 1679 412 1733 in
446 1678 610 1732 nobis
639 1681 722 1731 est
750 1677 1064 1731 secundum
1108 1677 1207 1731 Dei
1235 1677 1520 1746 timorem,
1567 1692 1829 1731 mansue-

193 1773 572 1842 tudinemque
597 1771 670 1825 ad
686 1771 898 1825 bonam
915 1771 1212 1824 scientiam
1234 1773 1639 1842 temperantes,
1663 1786 1833 1841 super

192 1867 295 1920 tali
324 1865 725 1920 tantummodo
751 1863 1121 1936 requisitione
1164 1867 1417 1918 mentem
1458 1866 1706 1918 nostram
1733 1880 1834 1935 per

193 1961 296 2014 has
323 1959 565 2030 syllabas
594 1959 956 2030 exponimus,
998 1958 1313 2030 superﬂuas
1335 1957 1760 2012 exercitationes
1781 1961 1836 2012 et

193 2053 598 2108 altercationes
638 2052 947 2106 verborum
997 2056 1232 2123 propter
1269 2052 1588 2106 satietatem
1615 2055 1670 2106 et
1695 2067 1835 2122 prae-

193 2147 371 2202 sentis
389 2145 665 2217 temporis
681 2146 1167 2217 incongruitatem
1185 2145 1538 2200 declinantes
1555 2162 1619 2199 ac
1632 2161 1836 2215 praeca-

196 2243 412 2306 ventes,
427 2239 572 2294 nihil
587 2239 823 2294 omnino
839 2238 993 2292 aliud
1009 2238 1390 2310 intelligentes
1404 2255 1466 2292 ac
1483 2238 1836 2310 proferentes

1927 549 1958 584 a
1985 532 2193 586 sanctis
2221 531 2632 586 universalibus
2680 533 2908 603 magnis
2936 533 3206 603 apostolis
3251 549 3568 605 eorumque

1927 625 2353 693 successoribus,
2405 629 2463 678 et
2506 628 2698 696 patres
2733 627 2910 680 nostri
2939 633 3353 682 enarraverunt
3382 629 3564 695 nobis,

1928 723 1984 772 et
2009 719 2337 773 audientem
2368 719 2798 789 praedicavimus
2823 719 2894 773 ad
2927 737 3236 792 supernam
3262 722 3567 776 tendentes

1927 810 2266 866 vocationes.
2315 813 2582 866 Nostrum
2629 817 2713 867 est
2755 813 3007 867 studium
3039 813 3117 868 ibi
3169 814 3323 885 pacis
3364 815 3567 870 consti-

1929 904 2072 958 tutio
2116 907 2328 973 manet,
2385 905 2472 959 his
2509 905 2605 976 qui
2641 905 2698 959 in
2742 906 2923 960 stadio
2974 905 3197 976 pietatis
3248 911 3380 962 sunt
3414 909 3563 963 bene

1928 997 2095 1051 unica
2121 998 2319 1068 gloria,
2352 998 2707 1052 intercessori
2762 999 3028 1053 tribuitur
3076 1005 3134 1055 et
3181 1017 3405 1068 corona,
3449 1002 3562 1056 Deo

1930 1091 2277 1146 manifestati
2314 1107 2508 1146 sumus
2533 1091 2630 1162 qui
2658 1093 2875 1162 judicat
2899 1093 3095 1148 omnia
3124 1100 3181 1148 et
3207 1095 3560 1165 comprobat.

1929 1186 2050 1239 Non
2070 1185 2393 1256 jurgialiter
2418 1191 2647 1254 stamus,
2697 1203 2810 1241 non
2857 1187 2926 1242 ad
2965 1187 3440 1243 contradictiones
3466 1205 3559 1243 re-

1929 1277 2215 1348 spicimus,
2254 1295 2357 1332 nec
2395 1279 2647 1335 favorem
2670 1280 2899 1335 inanem
2925 1281 3341 1353 amplectimur,
3372 1283 3468 1336 sed
3502 1279 3599 1356 in!

1929 1372 2099 1426 verbo
2125 1372 2227 1426 Dei
2256 1372 2532 1443 propositi
2563 1373 2892 1444 hujusmodi
2930 1375 3318 1446 requisitionis
3344 1376 3562 1430 resolu-

1929 1465 2113 1520 tiones
2133 1465 2330 1520 fecisse
2348 1466 2756 1538 dignoscimur,
2784 1467 3118 1522 confitentes
3142 1469 3416 1539 quoniam
3441 1470 3566 1540 paci

1931 1559 2198 1614 Dominus
2226 1560 2392 1629 Deus,
2421 1561 2490 1614 ad
2517 1561 2764 1615 alterum
2796 1564 3125 1616 nostrorum
3179 1562 3462 1616 unitatem
3510 1567 3566 1618 et

1932 1652 2266 1707 dilectiones
2297 1653 2650 1709 conservavit
2694 1653 2754 1709 in
2782 1654 2964 1726 gloria
2999 1655 3121 1725 ejus
3150 1655 3568 1727 benignissimae

1931 1746 2259 1817 majestatis.
2293 1748 2536 1802 Omnem
2570 1761 2700 1802 cum
2729 1754 2918 1803 vestra
2943 1747 3296 1803 beatitudine
3327 1748 3386 1804 in
3412 1749 3570 1806 Chri-

1935 1843 2019 1893 sto
2059 1840 2396 1894 existentem
2444 1841 2861 1896 fraternitatem
2920 1845 3036 1896 tam
3092 1857 3194 1897 nos
3250 1858 3423 1913 quam
3470 1843 3563 1914 qui

1937 1933 2232 1987 nobiscum
2271 1936 2403 1988 sunt
2436 1935 2679 1988 multum
2710 1935 3093 1990 salutavimus.
3129 1937 3266 1990 Data
3307 1952 3403 1992 xm
3447 1937 3566 1991 Kal.

1937 2027 2290 2094 Novembris,
2314 2027 2645 2084 Philemone
2665 2032 2719 2084 et
2741 2029 2922 2084 Attico
2940 2028 3070 2084 viris
3092 2029 3416 2085 clarissimis
3433 2046 3564 2085 con-

1938 2119 2172 2175 sulibus.

1115 2538 1661 2632 EPISTULA
1766 2540 2178 2631 LIBER"
2283 2541 2649 2632 PAPIE.

517 2717 599 2780 Ut
625 2715 844 2778 nullus
865 2703 989 2798 pro
1017 2715 1573 2793 persecutz'om'bus
1602 2714 1763 2778 dum
1793 2715 2036 2778 durare
2059 2723 2268 2797 potest
2293 2733 2485 2778 suam
2515 2715 2842 2798 relinquat
2873 2716 3258 2780 Ecclesium.

269 2872 528 2928 Dominis
559 2871 929 2926 sanctissimis
960 2875 1016 2925 et
1047 2873 1161 2926 Deo
1188 2871 1598 2927 amantissimis
1617 2871 1840 2926 univer-

200 2967 272 3021 sis
301 2965 583 3038 episcopis
614 2967 869 3022 LIBERIUS
898 2966 1196 3037 episcopus
1222 2966 1280 3019 in
1303 2965 1545 3020 Domino
1568 2966 1832 3020 salutem.

198 3061 345 3115 Nihil
377 3063 463 3114 est
500 3060 656 3131 quod
688 3060 786 3114 diu
817 3065 964 3114 stare
1003 3060 1177 3130 possit
1210 3059 1319 3113 nisi
1349 3059 1446 3113 Dei
1478 3058 1682 3130 gratia.
1715 3060 1831 3114 C83-

1937 2871 2232 2926 suadeant.
2263 2871 2545 2942 Scriptum
2573 2887 2821 2943 namque
2853 2875 2967 2926 est:
3019 2871 3204 2940 «Quid
3235 2872 3570 2928 retribuam-

1938 2965 2179 3019 Domino
2205 2981 2310 3035 pro
2338 2965 2606 3019 omnibus
2632 2983 2759 3036 quas
2787 2964 3052 3019 retribuit
3081 2965 3223 3019 mihi
3247 2967 3274 3020 ?
3322 2966 3569 3021 Calicem

1936 3059 2191 3113 salutaris
2215 3058 2488 3129 accipiam
2521 3062 2576 3113 et
2609 3075 2820 3114 nomen
2840 3059 3068 3114 Domini
3097 3059 3376 3114 invocabo
3399 3059 3566 3128 (Psal.

197 3162 388 3209 terum
406 3154 664 3224 nequitia
679 3153 889 3208 diaboli
911 3153 1340 3224 contemptibile
1360 3154 1578 3208 malum
1597 3155 1831 3225 plenum
1854 3177 1908 3250 Ο
1936 3168 2056 3219 cxv,
2089 3154 2191 3223 12).
2225 3173 2251 3200 ››
2300 3154 2544 3207 Tantum
2575 3153 2731 3206 enim
2761 3169 2794 3206 a
2825 3153 2992 3207 nobis
3021 3153 3266 3224 exigitur
3289 3157 3567 3224 quantum

195 3264 420 3303 veneno
454 3247 750 3302 mortifero
777 3247 934 3314 sevit,
984 3247 1080 3317 qui
1109 3264 1335 3302 sursum
1367 3250 1538 3318 atque
1566 3247 1831 3302 deorsum
1870 3246 1907 3250 '
1933 3263 2232 3317 possumus
2277 3247 2583 3301 famulatus
2636 3246 2816 3300 nostri
2859 3247 3127 3317 obsequio
3183 3247 3564 3302 commodare.

201 3342 460 3396 «circuit
511 3357 775 3412 quaerens
827 3357 998 3412 quem
1068 3342 1299 3396 devoret
1366 3344 1527 3410 (Petr.
1582 3358 1636 3408 v,
1692 3343 1827 3411 8).»

198 3436 356 3490 Unde
385 3435 621 3506 vigilare
644 3437 700 3489 et
715 3434 883 3489 sobrii
913 3451 1033 3489 esse
1062 3436 1136 3490 ad
1159 3435 1462 3503 orationes,
1495 3439 1550 3489 et
1569 3436 1682 3490 Deo
1704 3451 1832 3506 pro-

194 3530 474 3600 pinquare
492 3529 783 3597 debemus,
803 3532 858 3583 et
880 3529 1082 3596 fatuas,
1115 3528 1359 3584 Domino
1388 3528 1713 3594 auxiliante,
1735 3529 1831 3583 ho-

199 3624 422 3677 minum
479 3622 725 3689 insidias,
777 3627 949 3693 prout
987 3622 1257 3677 Dominus
1283 3638 1444 3692 posse
1472 3621 1709 3688 dederit,
1740 3637 1826 3675 re-

197 3733 422 3788 spuere,
452 3721 508 3771 et
549 3720 735 3787 patres
766 3717 944 3791 sequi,
979 3722 1035 3771 et
1061 3733 1178 3771 non
1206 3715 1527 3787 transgredi
1555 3714 1831 3771 terminos

199 3814 449 3882 patrum,
481 3826 596 3864 non
623 3814 686 3864 ut
713 3813 936 3864 nostras
961 3809 1351 3881 relinquamus
1371 3810 1508 3864 dum
1535 3809 1594 3864 in
1608 3809 1688 3863 eis
1705 3825 1830 3880 per-

200 3906 396 3958 sistere
410 3903 716 3975 aliquando
736 3903 1049 3958 valebimus
1072 3903 1489 3971 ecclesiasticas,
1512 3907 1573 3957 ut
1602 3903 1672 3958 ad
1693 3903 1830 3958 alias

200 4014 602 4070 properemus,
636 4003 733 4052 aut
765 3997 1005 4068 populos
1048 3999 1382 4052 commissos
1418 3997 1729 4068 negligere,
1769 4001 1832 4051 ut

197 4091 450 4163 quietem
477 4091 722 4162 amplius
739 4107 910 4161 quam
932 4107 1034 4162 pro
1057 4091 1136 4146 eis
1157 4090 1472 4157 elaborare,
1503 4107 1603 4161 pro
1623 4091 1830 4162 quibus

196 4185 370 4241 etiam
415 4184 633 4240 animas
679 4201 890 4256 ponere
925 4185 1218 4254 debemus,
1252 4185 1600 4252 studeamus,
1642 4201 1827 4255 quan-

195 4295 373 4351 quam
419 4279 584 4333 multi
628 4296 729 4333 nos
758 4283 1174 4350 persequantur
1202 4282 1257 4332 et
1283 4295 1412 4332 oves
1443 4277 1649 4333 Christi
1681 4278 1826 4331 dila-

195 4388 390 4427 cerare
419 4372 762 4439 desiderant,
795 4372 888 4443 qui
921 4392 948 4421 «
980 4372 1142 4443 quasi
1171 4372 1416 4426 vestibus
1446 4372 1633 4425 ovium
1654 4387 1829 4441 appa-

195 4472 339 4531 rent,
375 4466 528 4520 intus
554 4470 744 4520 autem
775 4471 907 4520 sunt
925 4465 1044 4536 lupi
1067 4482 1318 4536 rapaces,
1358 4482 1502 4536 quos
1535 4481 1603 4519 ex
1630 4464 1826 4518 fructi-

1931 3340 2092 3394 Unde
2114 3339 2346 3411 quidem
2365 3345 2524 3394 tanto
2544 3340 2707 3393 nobis
2725 3355 2949 3393 necesse
2968 3343 3052 3393 est
3073 3339 3415 3410 importunis
3428 3357 3569 3410 prae-

1931 3433 2309 3488 dicationibus
2339 3432 2614 3500 insistere,
2664 3437 2878 3503 quanto
2904 3433 3068 3487 nobis
3100 3433 3366 3503 perfecta:
3391 3450 3564 3502 nego-

1929 3527 2178 3581 tiationis
2215 3526 2464 3580 creditur
2506 3526 2793 3598 duplicata
2835 3526 3183 3580 talentorum
3238 3526 3562 3597 assignatio,

1929 3625 2097 3691 atque
2124 3619 2416 3674 Dominica
2441 3619 2610 3674 nobis
2625 3620 2696 3673 ad
2715 3619 3132 3691 suscipiendam
3161 3621 3280 3690 ejus
3306 3620 3563 3691 requiem

1929 3714 2234 3786 persuadet
2277 3713 2529 3768 assertio.
2588 3714 2927 3784 Suggestum
2987 3729 3234 3784 namque
3280 3713 3444 3767 nobis
3481 3720 3566 3768 est

1929 3807 2084 3881 quod
2101 3824 2203 3878 pro
2221 3806 2524 3878 praeteritis
2542 3807 2829 3862 laboribus
2864 3812 2920 3862 et
2950 3806 3406 3862 infestationibus
3423 3823 3563 3861 non-

1928 3901 2069 3957 nulli
2098 3906 2348 3955 vestrum
2389 3901 2705 3972 assignatas
2737 3901 2963 3956 sibimet
3008 3918 3041 3955 a
3090 3902 3201 3955 Deo
3236 3901 3566 3955 commissas

1929 3997 2260 4067 relinquunt
2287 3994 2499 4066 plebes,
2532 4000 2589 4050 et
2612 3995 2672 4048 in
2700 3995 2895 4049 futuro
2919 3996 3109 4066 plures
3135 3995 3459 4066 relinquere
3480 4011 3566 4050 ve~

1931 4089 2150 4144 linteas
2175 4106 2318 4161 quas
2347 4089 2497 4143 tueri
2550 4089 2755 4143 debent
2790 4089 3075 4157 ecclesias,
3120 4092 3177 4142 et
3225 4105 3325 4159 pro
3367 4089 3565 4143 ovibus

1930 4183 2035 4236 sibi
2065 4183 2379 4237 commissis
2411 4183 2668 4237 laborare
2711 4183 3033 4253 negligant,
3086 4185 3142 4235 et
3185 4183 3563 4237 monasterio-

1929 4292 2058 4329 rum
2082 4293 2139 4329 se
2168 4277 2343 4346 quieti
2367 4275 2703 4330 contradere
2721 4275 3011 4342 festinent,
3037 4279 3093 4329 et
3120 4275 3468 4328 vacationem
3494 4277 3563 4328 ab

1930 4369 2285 4439 episcopatus
2335 4368 2623 4422 laboribus
2650 4368 2878 4438 eligere,
2913 4374 2967 4421 et
2993 4367 3214 4421 silentio
3245 4372 3412 4437 atque
3444 4369 3562 4421 otio

1930 4463 2101 4515 vitam
2123 4463 2327 4532 degere
2356 4462 2541 4531 magis
2569 4466 2860 4531 appetant,
2892 4477 3065 4532 quam
3093 4459 3152 4513 in
3181 4460 3268 4514 his
3299 4477 3426 4531 quae
3457 4460 3561 4514 sibi

193 4561 296 4614 bus
328 4560 722 4629 cognoscimus
761 4561 975 4630 (Matth.
1023 4576 1121 4627 vn,
1173 4563 1254 4626 15,
1294 4561 1397 4629 16).
1430 4580 1456 4607 ››
1510 4557 1603 4611 Isti
1643 4547 1903 4628 primoD
1927 4556 2222 4610 commissa
2252 4561 2381 4609 sunt
2406 4571 2770 4625 permanere,
2799 4554 3023 4607 dicente
3058 4553 3333 4608 Domino:
3369 4576 3396 4603 ‹‹
3429 4554 3562 4607 Bea-

191 4654 425 4725 quidem
455 4653 721 4707 videntur
745 4669 808 4708 ex
839 4652 1000 4706 nobis
1034 4669 1175 4718 esse,
1205 4653 1300 4706 sed
1330 4669 1446 4706 non
1475 4657 1608 4705 sunt
1638 4669 1701 4705 ex
1729 4668 1828 4705 no-

193 4747 296 4814 bis,
330 4747 376 4800 si
432 4746 588 4801 enim
632 4747 871 4802 fuissent
904 4763 969 4800 ex
1019 4746 1202 4812 nobis,
1238 4746 1580 4799 mansissent
1633 4745 1828 4815 utique

192 4841 508 4895 nobiscum.
540 4840 780 4904 Quando
811 4856 943 4893 vero
972 4856 1135 4894 suam
1171 4838 1530 4892 evomuerint
1562 4837 1824 4908 impieta-

194 4939 332 4998 tem,
368 4934 563 4988 dolum
591 4933 688 5005 qui
717 4933 776 4987 in
813 4933 892 4988 eis
923 4937 1007 4988 est
1035 4938 1399 5004 erumpentes
1422 4935 1480 4985 et
1506 4931 1824 5002 apprehen-

194 5029 390 5082 dentes
447 5027 814 5096 inﬁrmiores,
874 5032 929 5082 et
980 5044 1078 5082 eos
1131 5026 1228 5098 qui
1283 5027 1352 5081 ad
1379 5025 1608 5097 eloquia
1637 5024 1830 5079 divina

196 5139 390 5177 sensus
419 5121 818 5176 inexercitatos
846 5122 1074 5187 habent,
1118 5137 1313 5174 secum
1353 5137 1448 5174 eos
1491 5118 1831 5173 contrahunt.

193 5216 260 5270 ad
286 5213 693 5308 perditionem)
711 5215 1104 5269 subvertentes
1132 5231 1272 5285 quos
1290 5216 1517 5284 oportet
1534 5212 1829 5283 praescien-

191 5313 275 5363 tes
300 5325 527 5377 cavere,
555 5325 629 5362 ne
657 5307 874 5363 malitia
895 5325 1091 5363 eorum
1113 5307 1346 5380 quidem
1375 5307 1591 5362 seducti
1619 5307 1831 5361 abscin-

193 5403 400 5456 dantur
419 5420 452 5456 a
477 5402 706 5473 propria
733 5402 1020 5457 firmitate.
1057 5424 1083 5451 ‹‹
1107 5404 1405 5456 Exacuunt
1433 5401 1588 5455 enim
1608 5401 1829 5470 linguas

193 5512 318 5549 suas
342 5497 511 5566 juxta
541 5496 831 5566 propheta-'3
861 5511 1079 5562 vocem,
1114 5495 1258 5550 sicut
1296 5499 1610 5565 serpentes.
1643 5494 1828 5548 Vene-

198 5606 334 5644 num
369 5588 632 5660 aspidum
680 5589 784 5643 sub
830 5589 992 5644 labiis
1035 5605 1234 5642 eorum
1277 5589 1442 5658 (Psal.
1489 5604 1664 5655 cxxrx,
1697 5587 1767 5658 4).
1798 5608 1826 5636 ››

199 5684 306 5738 Nec
331 5700 431 5738 vos
457 5683 648 5753 pigeat
686 5699 789 5754 per
831 5683 1166 5753 temporales
1215 5682 1493 5736 cruciatus
1539 5698 1641 5752 pro
1678 5681 1832 5736 Chri-

197 5777 266 5830 sti
312 5777 551 5831 nomine
601 5777 883 5842 laborare,
935 5777 1035 5830 sed
1073 5776 1458 5830 emolumenta
1495 5775 1701 5829 futurae
1741 5791 1830 5828 re-

203 5871 616 5928 munerationis
661 5871 832 5946 hujus
859 5871 1049 5928 szeculi
1076 5871 1401 5927 vexationes
1433 5869 1674 5924 tolerare
1700 5883 1829 5945 per-

1926 4656 2016 4703 tus
2043 4649 2138 4720 qui
2178 4647 2618 4719 perseveraverit
2661 4664 2842 4718 usque
2871 4647 2930 4700 in
2962 4649 3134 4701 tinem
3164 4647 3380 4717 (Matth.
3416 4663 3558 4712 xx1v,

1931 4744 2037 4814 13).
2071 4763 2096 4792 »
2138 4743 2296 4797 Unde
2343 4758 2590 4813 namque
2630 4745 2714 4794 est
2765 4741 2934 4795 beata
2969 4741 3412 4812 perseverantia,
3457 4740 3564 4795 nisi

1928 4837 1997 4891 de
2025 4836 2227 4890 virtute
2256 4835 2543 4907 patientiae
2575 4835 2600 4889 ‘?
2641 4852 2815 4906 quam
2856 4835 3166 4888 secundum
3195 4834 3561 4904 apostolicam

1929 4930 2388 5001 prmdicationem
2421 4946 2623 4984 omnes
2649 4929 2744 5000 qui
2782 4928 3063 4983 voluerint
3107 4927 3164 4981 in
3206 4927 3425 4982 Christo
3472 4929 3562 4999 pie

1929 5025 2113 5079 vivere
2160 5023 2613 5095 persecutionem
2668 5023 2983 5093 patiuntur.
3030 5021 3288 5092 Ideoque,
3355 5021 3561 5077 fratres

1931 5118 2263 5184 charissimi,
2300 5135 2415 5172 non
2445 5133 2540 5170 vos
2586 5116 2964 5170 afﬂictionum
3005 5115 3332 5170 amaritudo
3379 5133 3411 5168 a
3465 5116 3560 5186 pio

1929 5212 2137 5266 mentis
2167 5214 2365 5265 vestrm
2385 5210 2675 5281 preposito
2707 5212 2952 5263 coarctat
2981 5191 3564 5305 recederejConside-

1930 5309 2052 5359 rate
2077 5321 2320 5376 namque
2347 5306 2556 5375 quanta
2573 5319 2676 5373 pro
2703 5301 3055 5357 absolutione
3079 5303 3260 5357 nostri
3278 5301 3339 5357 et
3363 5303 3563 5358 libera-

1931 5399 2082 5453 tione
2131 5401 2379 5463 Creator,
2444 5396 2828 5467 Dominusque
2889 5399 2946 5451 et
3002 5396 3328 5468 redemptor
3374 5403 3564 5451 noster

1931 5491 2244 5563 pertulerit,
2298 5490 2570 5560 quibusve
2598 5506 2655 5544 se
2681 5490 3040 5544 contumeliis
3066 5490 3425 5545 afficiendum
3453 5493 3563 5542 tra-

1932 5585 2158 5651 diderit,
2189 5589 2249 5639 ut
2276 5601 2376 5638 nos
2395 5600 2428 5637 a
2455 5583 2693 5637 vinculis
2719 5584 3008 5654 potestatis
3037 5583 3326 5638 diabolica:
3354 5581 3558 5635 libera-

1930 5683 2036 5734 ret.
2070 5677 2360 5734 Attendite
2385 5678 2578 5748 itaque
2609 5677 2765 5733 vobis
2795 5681 2853 5733 et
2872 5678 3028 5733 omni
3058 5677 3218 5748 gregi
3241 5675 3296 5729 in
3325 5690 3439 5745 quo
3464 5690 3562 5729 vos

1935 5795 1962 5822 ‹‹
1989 5773 2226 5844 Spiritus
2257 5776 2482 5828 sanctus
2503 5771 2793 5828 constituit
2822 5772 3113 5844 episcopos
3148 5784 3344 5838 regere
3371 5767 3558 5822 Eccle-

1933 5866 2074 5923 siam
2117 5866 2212 5922 Dei
2242 5866 2383 5934 (Act.
2430 5884 2518 5936 xx,
2567 5869 2676 5937 28),
2709 5865 2748 5922 ni
2785 5882 2955 5938 quam
2993 5860 3287 5934 acquisivit
3330 5861 3562 5935 proprie
