4032 6290
473 307 574 360 655

1370 304 1656 360 APPEND.
1697 304 1786 358 AD
1821 303 1984 358 SJEC.
2026 301 2203 356 IX.—-
2243 303 2485 358 ISlDORl
2523 303 2951 360 MERCATORIS

3739 309 3845 362 656

475 411 774 484 sanguine,
803 415 868 468 ut
893 429 1007 468 non
1035 413 1108 469 sit
1130 413 1230 485 qui
1273 429 1370 468 vos
1405 413 1638 484 dicipiat
1653 416 1752 467 aut
1777 411 2008 467 seducat
2043 411 2102 466 in
2123 420 2184 494 Α
2203 415 2463 467 creatura
2488 412 2616 479 alia,
2644 412 2921 483 magistro
2941 413 3201 483 gentium
3219 412 3472 481 docente,
3501 415 3715 486 poterit
3735 431 3846 470 nos

477 505 788 562 subtilitate
819 506 1116 576 sermonis,
1157 510 1222 562 ut
1246 506 1403 562 vobis
1429 506 1622 578 plebes
1651 505 1983 561 commissas
2007 521 2099 561 re-

476 601 765 672 linquatis,
790 604 847 655 et
867 600 1040 672 aliqui
1060 603 1291 672 propter
1307 601 1588 656 malorum
1607 599 1980 672 opprobrium
2005 600 2103 655 ho-

474 693 698 750 minum
725 694 900 766 quieti
928 711 1023 748 vos
1040 693 1295 761 tradetis,
1327 698 1390 748 ut
1419 710 1514 748 vos
1540 681 1892 749 solummodo
1919 694 2100 748 salve-

479 788 548 842 tis
593 793 649 842 et
691 786 835 842 ﬁlios
859 788 1148 858 orphanos
1173 787 1526 860 relinquatis.
1558 787 1923 860 Apertissime
1949 787 2105 842 enim

478 880 717 953 Spiritus
747 886 972 936 sanctus
997 898 1099 952 per
1125 881 1455 953 Apostolnm
1483 881 1637 948 dicit,
1685 901 1712 933 α
1744 881 1877 953 quia
1919 881 1978 936 in
2009 898 2108 936 no-

471 973 713 1028 vissimis
732 974 1086 1045 temporibus
1113 975 1385 1030 recedent
1406 974 1643 1047 quidam
1668 991 1700 1028 a
1714 974 1825 1029 ﬁde
1846 977 1904 1028 et
1929 974 2106 1030 chari-

473 1070 606 1134 tate,
635 1067 989 1123 attendentes
1029 1068 1320 1139 spiritibus
1336 1067 1744 1136 seductoribus,
1765 1068 2106 1123 etdoctrinis

475 1160 912 1230 daemoniorum,
937 1161 1221 1234 hypocrisi
1245 1161 1531 1216 mendacii
1551 1162 1801 1217 locorum
1833 1162 2107 1218 canteria-

474 1260 594 1310 tam
611 1255 945 1312 habentium
972 1272 1135 1311 suam
1161 1255 1566 1311 conscientiam
1581 1256 1627 1326 (Ι
1639 1259 1770 1312 Tim.
1804 1274 1876 1323 iv,
1906 1260 1952 1324 l,
1970 1258 2041 1328 2).
2074 1276 2102 1309 ››

475 1349 712 1420 Propter
737 1350 888 1422 quod
915 1350 1216 1405 hortamur
1232 1356 1472 1406 vestram
1490 1349 1824 1406 charitatem
1842 1351 2103 1422 exemplo

477 1443 602 1512 ejus
620 1443 717 1514 qui
738 1460 842 1515 pro
863 1443 1024 1498 nobis
1052 1444 1171 1514 pati
1197 1444 1391 1511 voluit,
1419 1449 1711 1515 promptos
1735 1460 1831 1499 vos
1855 1443 1914 1499 in
1939 1461 2106 1499 cunc-

475 1538 547 1590 tis
573 1537 695 1606 ejus
746 1553 1087 1608 permanere
1129 1537 1391 1605 servitiis,
1440 1554 1547 1592 nec
1594 1537 1827 1610 quidem
1875 1554 2105 1610 quoquo

478 1629 650 1685 modo
680 1647 714 1685 a
740 1631 1042 1685 commissa
1067 1647 1202 1686 cura
1224 1631 1506 1700 recedere,
1535 1631 1635 1686 sed
1665 1631 1795 1687 totis
1815 1631 2025 1686 viribus
2044 1631 2104 1687 in

479 1723 794 1778 commissis
821 1724 980 1779 vobis
995 1724 1241 1796 negotiis
1257 1725 1481 1780 fortiter
1497 1741 1678 1798 usque
1697 1725 1757 1780 in
1784 1726 1958 1782 ﬁnem
1978 1743 2105 1798 per-

474 1819 702 1884 durare,
733 1818 1004 1889 quoniam
1027 1818 1226 1874 beatus
1245 1823 1329 1874 est
1347 1819 1446 1890 qui
1465 1819 1910 1891 perseveraverit
1923 1836 2105 1892 usque
2123 1791 2181 1864 Β

477 1912 535 1965 in
552 1911 748 1978 ﬁnem,
767 1927 871 1967 nec
893 1911 1154 1966 laudatur
1180 1911 1431 1980 initium,
1461 1913 1555 1968 sed
1579 1913 1725 1969 ﬁnis.
1756 1935 1783 1963 «
1812 1914 1988 1968 Nemo
2006 1929 2104 1968 vos

477 2006 709 2060 seducet
722 2004 985 2060 inanibus
1001 2005 1205 2060 verbis.
1227 2008 1532 2078 Propterea
1549 2006 1704 2063 enim
1727 2006 1881 2062 venit
1899 2006 1982 2062 ira
2000 2007 2102 2062 Dei

475 2099 531 2153 iu
557 2098 700 2154 ﬁlios
727 2099 1060 2154 difﬁdentiae
1092 2099 1306 2172 (Ephes.
1336 2117 1389 2168 v,
1415 2103 1485 2169 6).
1527 2122 1552 2152 υ
1600 2100 1777 2157 Nolite
1802 2117 1938 2172 ergo
1958 2101 2104 2157 efﬁci

472 2192 906 2265 comparticipes
927 2210 1127 2248 eorum
1139 2195 1490 2265 dogmatum,
1518 2211 1705 2267 neque
1729 2195 2106 2251 communica

476 2287 546 2341 tis
572 2287 936 2343 infructuosis
964 2286 1147 2342 verbis
1183 2287 1430 2357 illorum,
1471 2289 1655 2360 magis
1701 2295 1892 2345 autem
1920 2293 1977 2344 et
2012 2305 2100 2346 re-

475 2381 765 2451 darguite;
819 2381 1093 2452 quoniam
1118 2384 1292 2436 cretus
1335 2381 1838 2453 praevaricatorum
1866 2387 2017 2453 sunt,
2048 2389 2106 2440 et

475 2475 858 2529 extenderunt
884 2474 1141 2546 linguam
1160 2491 1325 2530 suam
1351 2475 1508 2546 quasi
1525 2492 1719 2532 arcum
1745 2477 2025 2534 mendacii
2047 2481 2106 2532 et

473 2584 586 2622 non
618 2565 896 2637 veritatis,
926 2569 1276 2640 completum
1303 2572 1389 2624 est
1419 2572 1477 2625 in
1497 2570 1598 2637 eis,
1613 2570 1744 2642 quia
1767 2570 1837 2626 de
1859 2571 2010 2626 malo
2029 2572 2102 2627 ad

468 2662 684 2716 malum
724 2662 937 2742 egressi
965 2666 1117 2730 sunt,
1161 2665 1220 2717 et
1247 2679 1339 2718 me
1367 2679 1485 2718 non
1514 2669 1920 2735 cognoverunt,
1969 2663 2105 2719 dicit

473 2745 777 2846 Dominus.)
800 2755 1107 2811 Veritatem
1123 2755 1279 2811 enim
1293 2773 1412 2811 non
1432 2757 1755 2828 loquentur,
1789 2758 2105 2813 docuerunt

473 2849 629 2902 enim
646 2848 724 2903 lin
731 2853 901 2918 g‘uam
917 2865 1080 2904 suam
1092 2854 1481 2920 persecutores
1495 2850 1854 2906 ecclesiarum
1876 2867 2105 2906 eorum-

476 2958 586 3012 que
612 2942 978 2997 sacerdotum
1002 2941 1158 3014 loqui
1184 2943 1545 2998 mendacium
1575 2949 1638 2998 ut
1663 2943 1840 3015 impie
1863 2951 2104 3016 agerent

479 3057 505 3085 ‹‹
538 3034 958 3101 laboraverunt,
987 3038 1043 3090 et
1067 3039 1386 3090 renuerunt
1415 3036 1558 3091 scire
1588 3053 1682 3091 me
1706 3038 1831 3105 (Jer.
1863 3055 1938 3105 1x,
1962 3041 2034 3108 6),
2070 3061 2097 3088 n

475 3129 611 3184 dicit
635 3128 924 3184 Dominus.
961 3150 989 3179 «
1020 3130 1175 3185 State
1204 3145 1342 3200 ergo
1376 3145 1493 3197 vos,
1526 3129 1898 3200 dilectissimi,
1933 3149 2103 3203 super

476 3223 613 3289 vias,
647 3226 705 3277 et
733 3222 937 3290 videte,
971 3221 1321 3295 interrogate
1353 3224 1421 3280 de
1443 3223 1662 3280 semitis
1709 3225 1937 3281 Domini
1963 3227 2102 3281 anti-

476 3315 623 3386 quis,
658 3321 714 3372 et
739 3316 926 3372 videte
949 3333 1076 3389 qua
1104 3321 1188 3373 est
1215 3317 1304 3372 via
1322 3317 1474 3373 bona
1493 3324 1820 3375 sanctorum
1850 3323 2098 3391 patrum,

475 3415 532 3464 et
557 3410 848 3465 ambulate
878 3410 937 3464 in
965 3427 1053 3479 ea,
1085 3415 1144 3466 et
1168 3411 1471 3467 invenietis
1503 3413 1764 3485 requiem
1806 3414 2101 3470 animabus

473 3504 668 3559 vestris
707 3504 922 3575 (Matth.
953 3521 1030 3572 x1,
1064 3505 1174 3576 29).
1206 3526 1233 3554 »
1275 3505 1380 3561 Sed
1421 3511 1479 3562 et
1506 3506 1550 3561 si
1581 3507 1841 3578 patimini
1868 3512 2102 3580 propter

473 3598 778 3669 Christum,
799 3597 948 3654 beati
963 3599 1138 3667 eritis,
1155 3602 1372 3655 metum
1388 3605 1578 3656 autem
1594 3617 1794 3657 eorum
1813 3619 1882 3657 ne
1895 3603 2102 3658 timue-

472 3691 613 3760 ritis,
653 3709 838 3764 neque
884 3693 1326 3761 conturbemini,
1359 3695 1666 3750 Dominum
1697 3699 1891 3750 autem
1925 3697 2101 3753 Deum

473 3785 820 3842 sanctiﬁcate
842 3785 902 3840 in
930 3786 1195 3841 cordibus
1219 3787 1438 3855 vestris,
1471 3787 1591 3859 ipso
1615 3789 1836 3844 dicente
1871 3806 1884 3844 :
1929 3809 1956 3842 «
1989 3791 2096 3845 No-

471 3879 570 3933 lite
593 3878 795 3933 timere
822 3894 918 3932 eos
938 3879 1037 3948 qui
1065 3895 1272 3950 corpus
1300 3879 1582 3947 occidunt,
1627 3881 1874 3936 animam
1904 3886 2100 3939 autem

474 3987 588 4025 non
615 3974 849 4041 possunt
875 3970 1150 4039 occidere,
1176 3971 1272 4026 sed
1292 3972 1483 4044 potius
1501 3989 1634 4028 eum
1652 3974 1850 4030 timete
1875 3976 1974 4047 qui
1998 3994 2098 4048 po-

472 4069 584 4120 test
613 4064 870 4119 animam
887 4069 945 4119 et
959 4081 1164 4135 corpus
1183 4065 1424 4136 perdere
1443 4066 1502 4120 in
1520 4067 1869 4138 gehennam.
1899 4071 2098 4125 Nonne

473 4159 588 4212 duo
619 4173 875 4229 passeres
911 4174 1032 4212 asse
1058 4161 1325 4225 veneunt,
1356 4162 1414 4213 et
1436 4175 1586 4214 unus
1625 4177 1690 4215 ex
1721 4161 1832 4216 illis
1859 4179 1976 4218 non
2004 4180 2095 4218 ca-

474 4252 571 4307 det
595 4268 765 4324 super
791 4256 1004 4307 terram
1034 4252 1155 4307 sine
1183 4254 1345 4308 Patre
1374 4257 1558 4309 vestro
1585 4255 1611 4310 ?
1633 4255 1811 4310 Vestri
1829 4261 2019 4312 autem
2045 4263 2100 4314 et

472 4345 662 4417 capilli
693 4346 890 4417 capitis
919 4362 1118 4401 omnes
1149 4347 1433 4402 numerati
1458 4351 1608 4404 sunt.
1651 4350 1830 4406 Nolite
1863 4367 2000 4423 ergo
2025 4353 2096 4407 ti-

471 4457 652 4509 mere,
694 4440 887 4495 multis
927 4440 1248 4510 passeribus
1284 4442 1549 4498 meliores
1579 4459 1675 4498 vos
1719 4445 1851 4500 estis
1878 4448 2093 4515 (Matth.

2204 520 2464 576 separare
2519 523 2553 559 a
2609 505 2886 560 charitate
2934 505 3164 560 Domini
3219 507 3393 562 nostri
3445 509 3573 563 Jesu
3633 508 3847 567 Christi

2207 599 2371 666 (Rom.
2403 615 2520 668 vni,
2551 601 2638 666 38,
2675 600 2785 671 39),
2821 603 2898 668 et,
2946 616 3074 671 quae
3103 600 3164 654 in
3193 600 3315 671 ipso
3359 606 3462 668 est,
3510 607 3660 657 recta
3703 601 3840 658 ﬁde.

2202 692 2387 747 Nolite
2418 691 2611 764 itaque
2645 693 2910 748 amittere
2947 692 3352 749 conﬁdentiam
3399 699 3672 764 vestram,
3716 714 3844 768 qua:

2203 803 2475 858 magnam
2521 786 2694 842 habet
2746 787 3294 842 remunerationem.
3351 789 3630 845 Patientia
3685 790 3842 845 enim

2203 879 2363 936 nobis
2382 879 2696 935 necessaria
2717 883 2801 934 est
2820 880 2892 935 ad
2913 879 3337 936 colluctationes
3359 882 3840 953 adversariorum,

2204 978 2484 1045 quatenus
2517 973 2692 1028 ﬁdem
2736 973 3139 1029 intemeratam
3180 991 3363 1046 usque
3405 977 3463 1032 in
3496 977 3673 1032 ﬁnem
3701 994 3838 1033 con-

2205 1071 2493 1123 servantes
2509 1067 3013 1139 repromissionem
3033 1068 3432 1140 percipiamus,
3454 1086 3625 1141 quam
3645 1087 3844 1142 repro-

2203 1161 2357 1215 misit
2394 1161 2484 1216 his
2519 1161 2618 1234 qui
2671 1161 2927 1232 legitime
2965 1165 3182 1218 certare
3227 1163 3610 1235 deproperant
3658 1165 3841 1234 (Hebr.

2204 1271 2257 1320 x,
2288 1257 2375 1321 35,
2405 1257 2512 1324 36).
2550 1275 2578 1304 «
2602 1254 2802 1310 Adhuc
2830 1256 3067 1310 omnino
3088 1256 3375 1312 modicum
3395 1257 3839 1328 aliquantulum,

2205 1346 2254 1420 1
2273 1347 2391 1420 61
2423 1348 2523 1420 qui
2544 1353 2812 1404 venturus
2830 1354 2912 1403 est
2934 1349 3142 1418 veniet,
3168 1353 3225 1404 et
3240 1367 3357 1406 non
3378 1351 3632 1406 tardabit
3654 1353 3840 1421 (Hebr.

2205 1459 2268 1511 x,
2310 1442 2418 1514 37).
2452 1464 2479 1491 ν
2541 1463 2568 1492 ‹‹
2600 1443 2738 1498 Ecce
2773 1442 2926 1498 enim
2955 1443 3138 1513 judex
3176 1448 3306 1499 ante
3346 1445 3584 1515 januam
3635 1445 3847 1500 assistit

2205 1535 2340 1606 (Jac.
2387 1552 2440 1602 v,
2496 1537 2568 1606 9),
2602 1558 2630 1586 ››
2672 1552 2912 1591 coronas
2961 1537 3220 1593 hilariter
3247 1537 3588 1612 promittens
3625 1539 3713 1594 his
3745 1539 3846 1610 qui

2203 1645 2308 1701 pro
2337 1645 2404 1684 eo
2433 1629 2796 1701 passionibus
2821 1629 3263 1701 submittuntur)
3283 1631 3446 1696 Quod
3471 1632 3516 1687 si
3543 1633 3840 1688 subtraxe-

2204 1723 2279 1778 rit
2308 1739 2366 1778 se
2403 1722 2550 1795 quis,
2584 1740 2698 1779 non
2729 1722 2975 1794 placebit
3013 1725 3222 1780 animae
3259 1722 3408 1792 ‘suae,
3442 1726 3535 1781 sed
3579 1727 3743 1781 cadet
3771 1727 3843 1782 de

2205 1816 2582 1888 promissione
2621 1821 2858 1890 propter
2899 1819 3290 1890 negationem.
3340 1821 3448 1874 Nos
3489 1823 3682 1874 autem
3723 1837 3844 1875 non

2203 1927 2398 1966 sumus
2439 1910 2838 1966 subtractionis
2874 1911 2972 1966 ﬁlii
2999 1912 3057 1966 in
3078 1912 3475 1984 perditionem,
3504 1913 3604 1968 sed
3626 1913 3760 1969 ﬁdei
3782 1914 3844 1969 in

2203 2003 2634 2077 acquisitionem
2657 2004 2885 2060 animae.
2922 2007 3207 2078 «Propter
3227 2007 3378 2079 quod
3393 2007 3662 2064 assumite
3680 2024 3845 2063 arma

2204 2098 2324 2167 Dei,
2351 2103 2416 2154 ut
2440 2097 2663 2170 possitis
2698 2099 2956 2155 resistere
2987 2100 3046 2155 in
3091 2101 3183 2155 die
3227 2101 3381 2156 malo
3410 2102 3680 2156 adversus
3712 2118 3841 2156 om-

2202 2208 2306 2248 nes
2334 2192 2592 2248 inimicos
2630 2197 2836 2248 sanctae
2879 2193 2977 2248 Dei
3015 2194 3275 2249 Ecclesiae
3315 2199 3371 2250 et
3399 2199 3630 2261 vestros,
3659 2200 3718 2249 et
3748 2195 3840 2251 in-

2205 2285 2361 2340 duite
2399 2303 2499 2342 vos
2541 2286 2713 2341 lorica
2745 2287 3004 2357 justitiae,
3041 2287 3269 2342 calceati
3308 2289 3480 2360 pedes
3523 2289 3581 2343 in
3610 2306 3838 2362 praepa-

2204 2378 2421 2434 ratione
2474 2379 2762 2450 Evangelii
2804 2380 2983 2450 pacis,
3050 2380 3109 2435 in
3154 2381 3424 2436 omnibus
3480 2387 3844 2438 assumentes

2205 2477 2424 2528 scutum
2463 2472 2614 2541 ﬁdei,
2648 2473 2706 2528 in
2752 2490 2865 2544 quo
2904 2473 3124 2544 possitis
3167 2475 3359 2529 omnia
3390 2475 3578 2546 jacula
3603 2475 3838 2548 nequis-

2203 2565 2330 2620 simi
2359 2565 2542 2636 ignita
2570 2566 2956 2638 exstinguere.
3001 2569 3070 2622 Et
3099 2568 3323 2640 galeam
3355 2569 3550 2624 salutis
3574 2569 3839 2642 accipite,

2203 2662 2259 2713 et
2282 2660 2536 2730 gladium
2564 2659 2817 2732 spiritus,
2849 2661 3003 2732 quod
3029 2665 3116 2716 est
3153 2663 3391 2716 verbum
3423 2662 3538 2730 Dei,
3567 2679 3674 2734 per
3708 2680 3838 2718 om-

2203 2769 2339 2806 nem
2367 2753 2686 2808 orationem
2716 2758 2773 2808 ct
2795 2753 3246 2810 obsecrationem
3269 2755 3505 2810 radicati
3528 2759 3586 2812 et
3610 2755 3842 2813 fundati

2203 2847 2261 2902 in
2307 2846 2509 2901 solatio
2547 2846 2787 2902 fratrum
2833 2863 2936 2918 pro
2963 2847 3184 2904 Christo
3214 2850 3343 2904 Jesu
3375 2849 3611 2904 Domino
3640 2855 3841 2905 nostro

2206 2941 2415 3010 (Ephcs.
2461 2956 2536 3007 vi,
2579 2943 2662 3009 l3,
2714 2941 2817 3012 14).
2853 2963 2880 2990 ››
2936 2964 2963 2991 ‹‹
2993 2941 3106 2998 Sed
3134 2948 3191 2997 et
3217 2959 3388 3009 nunc,
3421 2942 3642 3014 fratres,
3676 2960 3839 2999 com-

2201 3033 2550 3088 mendamus
2576 3049 2674 3088 vos
2707 3050 2906 3090 omnes
2931 3035 3174 3090 Domino
3196 3039 3253 3091 et
3276 3037 3446 3092 verbo
3471 3037 3670 3107 gratiae
3691 3037 3837 3108 ejus,

2203 3127 2301 3199 qui
2326 3132 2509 3200 potest
2535 3128 2813 3199 perﬁcere
2843 3133 2900 3184 et
2926 3129 3060 3185 dare
3089 3129 3488 3185 haereditatem
3517 3129 3674 3186 vobis
3703 3148 3840 3188 cum

2202 3220 2468 3276 omnibus
2501 3221 2707 3276 sanctis
2735 3223 2872 3292 (Act.
2901 3238 2991 3290 xx,
3021 3223 3129 3293 32).
3161 3244 3189 3272 »
3249 3242 3277 3275 α
3307 3224 3428 3294 Ipse
3472 3227 3662 3279 autem
3690 3226 3840 3280 Deus

2201 3313 2355 3385 pacis
2375 3318 2433 3371 et
2456 3314 2778 3370 dilectionis
2803 3315 2903 3370 det
2927 3316 3082 3370 vobis
3111 3315 3357 3388 idipsum
3373 3333 3571 3388 sapere
3593 3317 3652 3373 in
3671 3319 3845 3375 alter-

2199 3414 2394 3462 utrum
2421 3410 2588 3473 (Rom.
2622 3426 2716 3476 xv,
2751 3411 2822 3477 5),
2862 3430 2889 3459 »
2931 3415 2996 3465 ut
3039 3410 3195 3465 vobis
3242 3409 3484 3466 invicem
3535 3427 3839 3467 succurra-

2200 3501 2272 3556 tis
2298 3505 2355 3555 et
2385 3518 2499 3556 non
2525 3502 2648 3556 sitis
2697 3502 2878 3571 divisi,
2912 3507 2975 3558 ut
3001 3503 3298 3558 unanimes
3327 3521 3441 3558 uno
3473 3521 3592 3574 ore,
3633 3510 3690 3561 et
3721 3523 3841 3562 uno

2199 3595 2367 3650 corde
2408 3595 2854 3651 honoriﬁcemus
2893 3613 3023 3652 eum
3068 3597 3128 3652 in
3159 3597 3458 3653 concordia
3485 3601 3544 3654 et
3571 3601 3839 3656 consola-

2200 3689 2352 3743 tione
2379 3690 2639 3756 fratrum,
2667 3690 2762 3761 qui
2789 3693 2993 3762 potest,
3023 3692 3366 3747 conﬁrmare
3395 3709 3497 3747 nos
3517 3693 3840 3750 secundum

2199 3782 2568 3853 Evangelium
2591 3783 2712 3854 ejus
2722 3783 2891 3854 juxta
2910 3785 3315 3841 revelationem
3332 3786 3587 3858 mysterii
3609 3789 3837 3857 aeterni,

2202 3876 2552 3947 temporibus
2583 3876 2797 3932 scilicet
2836 3879 3140 3949 perpetuis,
3187 3880 3395 3952 quibus
3424 3881 3583 3936 vobis
3613 3881 3839 3938 futuro-

2199 3985 2327 4024 rum
2354 3969 2695 4041 gaudiorum
2711 3971 3005 4042 largienda
3026 3976 3161 4028 sunt
3175 3989 3436 4030 munera.
3456 3975 3841 4048 Summopere

2201 4063 2373 4118 etiam
2405 4063 2767 4120 considerare
2797 4064 3031 4134 debetis,
3063 4066 3219 4137 quod
3241 4067 3301 4122 hi
3340 4068 3440 4140 qui
3469 4069 3736 4125 fratribus
3752 4070 3844 4126 in-

2199 4157 2412 4224 vident,
2441 4173 2651 4230 eosque
2681 4158 2956 4214 damnare
2983 4165 3082 4215 aut
3100 4160 3347 4232 perdere
3368 4162 3624 4235 cupiunt,
3652 4180 3756 4234 per
3776 4181 3840 4220 se

2199 4268 2301 4306 sua
2313 4251 2585 4323 dogmata
2601 4251 2904 4308 destruunt
2918 4240 2946 4323 ;!
2957 4253 3256 4309 dicitenim
3271 4255 3569 4311 Dominus:
3598 4276 3626 4308 ς(
3649 4257 3839 4314 Omne

2198 4361 2447 4416 regnum
2477 4345 2536 4400 in
2572 4361 2629 4400 se
2662 4345 2908 4402 divisum
2931 4345 3056 4402 "non
3085 4348 3257 4404 stabit
3283 4349 3496 4418 (Matth.
3529 4366 3623 4418 xu,
3655 4351 3767 4422 35),
3806 4374 3836 4400 »

2199 4443 2257 4492 et
2300 4437 2486 4494 omnis
2529 4438 2764 4494 scientia
2818 4445 2876 4495 et
2921 4441 3014 4496 lex
3062 4441 3362 4498 adversum
3407 4459 3466 4498 se
3504 4443 3679 4499 divisa
3715 4462 3839 4501 non

468 4550 521 4599 x,
551 4535 762 4602 28-3l).
795 4555 822 4583 »
865 4535 1344 4590 Rememoramini
1387 4552 1546 4608 ergo,
1577 4537 1801 4606 fratres,
1836 4555 1968 4594 eum
1997 4541 2094 4612 qui
2114 4531 2173 4604 D
2196 4531 2381 4588 stabit.
2429 4532 2668 4606 Ideoque
2714 4550 2968 4590 necessse
3001 4537 3084 4589 est
3111 4540 3174 4590 ut
3197 4536 3552 4592 concorditer
3581 4539 3839 4596 salubres

469 4629 641 4684 talem
669 4627 937 4684 sustinuit
965 4646 997 4683 a
1022 4629 1415 4700 peccatoribus
1436 4631 1704 4686 adversus
1733 4633 2099 4704 semetipsum

471 4721 997 4791 contradictionem,
1038 4729 1102 4779 ut
1146 4741 1216 4777 ne
1267 4724 1586 4795 fatigemini
1635 4725 1842 4780 animis
1898 4728 2098 4782 vestris

473 4815 817 4884 deﬁcientes,
849 4817 1110 4872 nondum
1137 4817 1291 4872 enim
1314 4834 1490 4888 usque
1515 4818 1586 4872 ad
1613 4819 1955 4890 sanguinem
1981 4837 2099 4875 cer-

472 4910 715 4964 tavimus
741 4910 1008 4966 adversus
1030 4916 1327 4982 peccatum
1356 4915 1762 4982 repugnantes.

542 5003 895 5058 Conﬁdimus
941 5009 1134 5059 autem
1181 5003 1253 5058 de
1295 5003 1476 5073 vobis,
1521 5004 1726 5059 fratres
1763 5004 2096 5074 charissimi,

472 5096 708 5150 meliora
738 5103 796 5152 et
819 5098 1092 5153 viciniora
1106 5097 1322 5164 salutis,
1345 5097 1480 5168 quia
1507 5114 1694 5170 neque
1725 5114 1896 5166 mors,
1915 5115 2098 5172 neque

471 5190 605 5257 vita,
637 5206 821 5260 neque
848 5191 1056 5261 angeli,
1095 5208 1284 5262 neque
1314 5191 1682 5262 principatus,
1721 5207 1910 5262 neque
1935 5197 2093 5264 pote-

471 5284 663 5349 states,
705 5299 893 5354 neque
929 5284 1217 5350 instantia,
1259 5300 1447 5355 neque
1473 5283 1681 5352 futura,
1726 5300 1909 5355 neque
1936 5287 2094 5342 forti-

471 5375 640 5440 tudo,
687 5391 872 5446 neque
934 5376 1201 5444 altitudo,
1254 5393 1440 5449 neque
1481 5377 1852 5449 profundum,
1908 5397 2094 5452 neque

2199 4625 2517 4698 suscipiatis
2541 4627 2824 4694 hortatus,
2847 4631 2903 4682 et
2920 4628 3065 4682 nihil
3087 4645 3192 4700 per
3209 4630 3634 4686 contentionem
3655 4649 3835 4704 agen-

2200 4724 2302 4788 tes,
2343 4720 2444 4775 sed
2473 4720 2545 4775 ad
2575 4736 2746 4775 omne
2783 4721 3036 4776 studium
3063 4723 3378 4778 devotionis
3405 4724 3702 4780 unanimes
3742 4727 3835 4782 di-

2199 4813 2342 4868 vinis
2379 4819 2436 4869 et
2469 4813 2794 4886 apostolicis
2837 4816 3338 4873 constitutionibus
3381 4819 3652 4890 parcatis,
3683 4823 3742 4875 et
3770 4821 3835 4877 in

2199 4913 2352 4966 nullo
2400 4913 2698 4984 patiamini
2733 4914 3230 4984 providentissime
3267 4932 3553 4973 canonum
3603 4918 3838 4976 decreta

2199 5005 2414 5074 violari,
2440 5011 2723 5077 quatenus
2745 5011 2803 5063 et
2819 5007 3178 5064 Nicaenorum
3199 5027 3482 5067 canonum
3507 5012 3833 5082 constituta,

2199 5103 2410 5171 etquae
2445 5117 2478 5153 a
2520 5100 2685 5154 nobis
2728 5103 2815 5156 vel
2857 5118 2888 5155 a
2931 5102 3439 5172 praedecessoribus
3464 5107 3669 5161 nostris
3701 5114 3840 5163 sunt.

2196 5192 2428 5263 provide
2473 5199 2530 5248 et
2573 5194 2876 5250 salubriter
2913 5195 3162 5267 decreta,
3208 5198 3565 5270 intemerata,
3598 5216 3835 5271 perma-

2197 5291 2369 5342 neant
2399 5287 2457 5342 in
2483 5288 2695 5344 futuro.

1073 5536 1644 5631 INCIPIUNT
1731 5540 2255 5636 DECRETA
2340 5543 2763 5635 DAMASI
2859 5545 3192 5640 PAPAE

590 5669 836 5741 Epistola
860 5669 1098 5738 ejusdem
1125 5669 1208 5753 act
1224 5670 1518 5725 Paulinum
1545 5671 1937 5728 Antiochenam

1119 5755 1443 5812 epzscopum.

535 5835 574 5886 Ι.
603 5834 763 5897 Quod
800 5835 1088 5908 integrum
1139 5835 1433 5892 hominem
1476 5837 1783 5909 susceperit
1810 5838 1930 5892 sine
1961 5853 2090 5910 pec-

466 5929 610 5981 cato.

2264 5676 2330 5730 Il.
2373 5674 2535 5739 Quod
2587 5690 2734 5729 unus
2769 5676 2842 5730 sit
2881 5676 3134 5733 Christus
3160 5685 3291 5736 ante
3324 5682 3531 5737 saecula
3564 5699 3627 5738 ex
3667 5687 3835 5742 Patre

2194 5773 2376 5827 natus.
2413 5770 2472 5822 et
2494 5767 2554 5823 in
2585 5773 2841 5840 tempore
2869 5785 2940 5824 ex
2968 5771 3198 5843 Virgine
3225 5774 3432 5830 editus.

2265 5861 2662 5920 Dilectisssimo
2696 5863 2857 5920 fratri
2881 5865 3128 5924 PAULINO
3159 5868 3431 5942 Damasus,
