4032 6308
246 322 350 376 657

1507 325 1981 383 DECRETALIUM
2017 327 2399 384 COLLECTIO.

3396 344 3403 347 ”
3511 346 3613 402 658

318 437 422 490 Per
447 435 629 491 ﬁlium
657 451 853 492 meum
875 437 1110 492 Vitalem
1140 437 1210 492 ad
1231 441 1288 492 te
1309 435 1516 508 scripta
1535 435 1873 504 direxeram,
1899 446 1958 520 Α
1977 436 2411 492 thematizamus
2456 452 2550 492 eos
2599 440 2700 510 qui
2747 440 2888 496 duos
2927 442 3073 499 filios
3109 453 3385 516 asserunt,
3427 467 3611 508 unum

250 533 364 583 tuae
387 528 659 585 voluntati
687 536 743 586 et
773 535 874 587 tuo
900 531 1119 604 judicio
1151 531 1345 587 omnia
1369 529 1790 604 derelinquens,
1821 534 1879 585 et

248 640 351 694 per
371 625 598 679 Petrum
619 625 1015 697 presbyterum
1038 625 1422 680 indicaveram
1443 641 1536 680 me
1557 625 1617 680 in
1637 624 1876 680 articulo

238 716 360 787 jam
407 718 768 789 perfectionis
805 719 927 792 ejus
960 720 1151 792 aliqua
1193 735 1258 773 ex
1306 723 1467 790 parte
1506 723 1875 774 commotum.

247 811 411 866 Unde
443 817 506 868 ut
527 813 717 868 nullus
748 814 850 869 tibi
877 815 1172 885 scrupulus
1204 812 1501 880 resideret,
1529 830 1602 869 ne
1626 814 1878 869 volentes

248 907 484 961 forsitan
514 907 776 962 Ecclesia:
805 907 1061 980 copulari
1081 911 1177 962 tua
1208 907 1396 962 cautio
1424 907 1753 978 prmblanda
1773 906 1879 962 dif-

247 1000 428 1055 ferret
467 1000 662 1069 ﬁdem,
704 1001 967 1056 misimus
1008 1006 1284 1069 nostram,
1313 1005 1429 1055 tam
1477 1001 1598 1069 tibi,
1631 1000 1728 1072 qui
1757 1001 1878 1072 ejus
1907 977 1927 1058 μί’

246 1093 379 1148 ﬁdei
420 1095 935 1167 communionique
975 1095 1228 1162 sociaris,
1261 1112 1436 1167 quam
1475 1095 1563 1149 his
1597 1094 1693 1166 qui
1720 1094 1781 1150 in
1811 1111 1879 1150 ea

248 1188 666 1245 subscribentes
696 1189 798 1244 tibi
825 1193 882 1244 et
905 1189 1067 1244 nobis
1097 1205 1201 1260 per
1238 1192 1293 1244 te
1322 1190 1628 1244 voluerunt
1655 1188 1874 1255 sociari,

247 1281 612 1337 dilectissime
641 1283 838 1338 frater.
870 1283 1233 1354 Quapropter
1257 1282 1304 1336 si
1336 1282 1697 1354 supradictus
1729 1281 1878 1337 ﬁlius

246 1391 413 1430 meus
458 1375 649 1432 V’italis
692 1379 749 1431 et
795 1376 856 1431 hi
899 1376 998 1448 qui
1032 1393 1164 1432 cum
1200 1393 1269 1432 eo
1307 1379 1438 1430 sunt
1463 1375 1566 1431 tibi
1596 1375 1879 1431 voluerint

245 1469 577 1540 aggregari,
622 1469 875 1542 primum
923 1470 1093 1527 debet
1131 1470 1190 1525 in
1235 1487 1304 1526 ea
1349 1469 1713 1543 expeditione
1745 1469 1876 1525 fidei

244 1561 600 1618 subscribere
638 1581 766 1636 quae
802 1564 956 1636 apud
996 1564 1242 1620 Nicaeam
1283 1563 1378 1636 pia
1409 1565 1638 1620 Patrum
1669 1562 1872 1619 volun-

242 1657 360 1712 tate
391 1657 619 1713 firmata
652 1661 756 1712 est.

315 1751 356 1806 Ι.
384 1750 618 1821 Deinde,
635 1749 913 1824 quoniam
932 1768 1102 1808 nemo
1125 1753 1313 1823 potest
1332 1750 1536 1806 futuris
1549 1751 1877 1808 vulneribus

243 1843 518 1899 adhibere
565 1845 934 1916 medicinam,
965 1846 1197 1901 hmresis
1235 1846 1574 1901 eradicanda
1604 1852 1708 1916 est,
1748 1814 1954 1919 quaaB

244 1940 443 2009 postea
461 1937 523 1994 in
555 1939 784 1994 Oriente
806 1940 1014 1995 dicitur
1033 1939 1368 2011 pullulasse;
1392 1939 1450 1994 id
1475 1943 1579 2009 est,
1608 1940 1879 2004 conﬁten-

244 2031 352 2085 dus
371 2035 458 2086 est
485 2032 606 2104 ipse
637 2032 929 2104 sapientiae
959 2033 1149 2102 Filius,
1175 2033 1275 2088 Dei
1304 2034 1522 2103 Sermo,
1557 2033 1878 2090 humanum

243 2125 557 2197 suscepisse
603 2143 833 2199 corpus,
881 2126 1157 2196 animam,
1199 2143 1450 2197 sensum,
1491 2127 1547 2182 id
1597 2132 1680 2183 est
1729 2128 1876 2184 inte-

244 2235 415 2290 grum
447 2220 627 2275 Adam
658 2223 734 2289 et,
765 2223 826 2274 ut
851 2221 1170 2293 expressius
1197 2220 1399 2290 dicam,
1422 2224 1609 2277 totum
1624 2226 1877 2278 veterem

243 2315 507 2368 nostrum
557 2313 675 2368 sine
718 2319 949 2385 peccato
992 2314 1308 2371 hominem.
1343 2314 1500 2370 Sicut
1542 2315 1693 2371 enim
1735 2332 1873 2371 con-

244 2406 471 2462 ﬁtentes
498 2423 632 2462 eum
661 2407 986 2464 humanum
1012 2425 1219 2480 corpus
1245 2409 1575 2481 suscepisse,
1608 2425 1728 2464 non
1759 2415 1875 2464 sta-

243 2500 350 2555 tim
381 2499 430 2555 ei
461 2504 518 2555 et
543 2501 830 2557 humanas
855 2503 1124 2558 vitiorum
1157 2503 1530 2574 adjungimus
1559 2503 1873 2574 passiones,

240 2593 317 2648 ita
343 2596 403 2649 et
421 2593 674 2653 dicentes
694 2613 827 2652 eum
851 2597 1162 2668 suscepisse
1183 2601 1241 2654 et
1259 2596 1511 2653 hominis
1535 2597 1794 2654 animam
1820 2602 1879 2653 et

242 2704 500 2757 sensum,
532 2705 648 2744 non
679 2689 870 2745 statim
897 2690 1136 2746 dicimus
1162 2695 1220 2747 et
1239 2690 1654 2763 cogitationum
1677 2692 1877 2748 huma-

241 2797 452 2837 narum
486 2783 828 2854 subjacuisse
859 2789 1110 2856 peccato.

314 2877 378 2931 ll.
411 2875 470 2931 Si
514 2877 641 2948 quis
683 2882 875 2934 autem
925 2879 1133 2935 dixerit
1171 2879 1421 2935 Verbum
1466 2896 1570 2952 pro
1617 2881 1874 2936 humano

243 2985 415 3025 sensu
445 2970 508 3025 in
534 2971 761 3027 Domini
792 2988 958 3028 carne
979 2975 1453 3043 versatum,hunc
1479 2974 1749 3029 catholica
1770 2977 1872 3029 Ec-

244 3063 412 3119 clesia
439 3065 900 3134 anathematizat,
924 3079 1150 3122 necnon
1174 3071 1232 3122 et
1251 3083 1347 3123 eos
1369 3068 1467 3140 qui
1493 3069 1635 3123 duos
1664 3068 1722 3123 in
1751 3068 1873 3124 Sal-

241 3162 439 3214 vatore
467 3157 610 3214 ﬁlios
635 3159 993 3228 conﬁtentur,
1023 3161 1081 3215 id
1113 3165 1199 3216 est
1232 3178 1410 3216 unum
1447 3165 1579 3216 ante
1611 3163 1870 3217 incarna-
1895 3188 1952 3262 Ο

239 3253 484 3320 tionem,
512 3256 570 3307 et
597 3253 764 3308 aliter
790 3259 918 3325 post
952 3255 1403 3326 assumptionem
1443 3256 1624 3310 carnis
1651 3273 1719 3311 ex
1750 3256 1872 3311 Vir-

241 3346 397 3415 gine,
417 3346 520 3401 sed
546 3347 813 3402 eumdem
835 3349 933 3402 Dei
963 3348 1191 3416 Filium,
1207 3352 1266 3404 et
1285 3353 1416 3404 ante
1433 3354 1489 3404 et
1510 3354 1706 3422 postea
1734 3367 1874 3405 con-

241 3439 520 3495 ﬁteantur
539 3439 865 3512 quicunque
882 3442 1013 3496 huic
1039 3441 1295 3514 epistolae
1318 3442 1668 3498 subscribere
1689 3443 1878 3499 volue-

241 3532 378 3600 rint,
408 3533 492 3588 ita
536 3536 733 3588 tamen
777 3540 842 3590 ut
882 3535 926 3590 si
960 3540 1016 3590 et
1047 3537 1107 3591 in
1147 3536 1533 3591 ecclesiasticis
1567 3537 1875 3592 canonibus

239 3643 384 3699 quos
409 3627 624 3700 optime
649 3627 819 3697 nosti,
853 3633 910 3685 et
949 3629 1007 3684 in
1050 3629 1334 3685 Nicamam
1366 3629 1539 3686 ﬁdem
1568 3635 1699 3686 ante
1738 3631 1872 3686 sub-

239 3720 591 3792 scripserint,
621 3723 773 3779 hunc
802 3723 1003 3780 debeas
1031 3724 1245 3795 absque
1273 3723 1464 3796 aliqua
1499 3724 1875 3795 ambiguitate

241 3815 550 3886 suscipere.
578 3816 701 3872 Non
727 3817 883 3890 quod
907 3818 1032 3873 haec
1071 3817 1196 3889 ipsa
1231 3834 1360 3890 quae
1385 3835 1492 3873 nos
1521 3818 1871 3890 scripsimus,

239 3926 358 3966 non
401 3910 724 3981 poterimus
760 3912 1220 3968 convertentium
1272 3912 1617 3984 susceptioni
1662 3930 1873 3986 propo-

242 4019 400 4070 nere,
454 4004 553 4059 sed
594 4005 749 4076 quod
794 4006 894 4061 tibi
943 4023 1249 4063 consensus
1295 4009 1486 4062 noster
1526 4006 1772 4063 liberum
1815 4008 1873 4064 in

241 4097 607 4170 suscipiendo
632 4099 842 4156 tribuat
867 4100 1210 4174 exemplum.
1755 4178 1783 4204 κ

512 4249 765 4316 Synodus
791 4253 1031 4308 Romana
1059 4251 1157 4306 sub
1186 4253 1416 4306 Damaso
1433 4268 1605 4323 papa.
1633 4209 1752 4327 ᾳ]

312 4385 450 4439 Post
485 4383 772 4438 Nicmnum
811 4384 1115 4440 concilium
1159 4385 1314 4440 aliud
1349 4386 1408 4440 in
1446 4386 1589 4441 urbe
1614 4388 1877 4442 Romana

239 4482 440 4548 postea
473 4480 884 4548 congregatum
909 4481 1014 4547 est,
1038 4496 1152 4551 quo
1175 4479 1430 4534 catholici
1454 4479 1700 4551 episcopi
1721 4479 1877 4535 addi-

1978 534 2109 585 ante
2142 531 2364 598 saecula,
2392 534 2450 586 et
2488 533 2732 588 alterum
2768 540 2900 606 post
2935 541 3393 612 assumptionem
3425 548 3612 602 carnis

1980 640 2052 678 ex
2088 623 2340 695 Virgine.
2370 627 2936 686 Anathematizamus
2972 647 3067 688 eos
3102 635 3202 706 qui
3229 652 3332 708 pro
3359 638 3609 698 hominis

1978 717 2176 772 anima
2195 717 2458 774 rationali
2479 724 2538 774 et
2555 721 2902 794 intelligibili
2927 724 3123 782 dicunt
3148 729 3249 785 Dei
3281 731 3527 788 Verbum
3549 735 3610 790 in

1978 810 2232 865 humana
2261 826 2430 867 carne
2459 818 2746 871 versatum
2770 833 2900 872 cum
2919 818 3041 890 ipse
3070 821 3242 877 Filius
3265 823 3337 881 sit
3360 827 3610 884 Verbum

1979 903 2100 972 Dei,
2135 907 2193 958 et
2234 921 2338 975 pro
2381 906 2573 962 anima
2625 909 2886 966 rationali
2935 917 2994 968 et
3030 913 3378 988 intelligibili
3406 920 3467 976 in
3507 939 3609 977 suo

1979 1013 2214 1069 corpore
2263 998 2454 1070 fuerit,
2487 1001 2584 1057 sed
2625 1007 2899 1076 nostram,
2927 1006 2987 1061 id
3034 1012 3139 1080 est,
3172 1012 3511 1069 rationalem
3552 1021 3611 1072 et

1978 1091 2403 1165 intelligibilem
2435 1094 2555 1151 sine
2575 1103 2809 1169 peccato
2832 1099 3082 1158 animam
3106 1107 3417 1178 susceperit
3436 1113 3608 1182 atque

1979 1185 2296 1243 salvaverit.
2361 1189 2912 1249 Anathematizamus
2968 1211 3062 1251 eos
3115 1199 3214 1270 qui
3263 1215 3460 1256 verum
3512 1204 3609 1259 Dei

1978 1278 2182 1334 Filium
2209 1282 2541 1338 extensione
2559 1285 2658 1338 aut
2683 1287 3014 1344 collectione
3040 1295 3096 1346 et
3120 1307 3153 1346 a
3178 1293 3340 1349 Patre
3371 1311 3606 1367 separa-

1977 1375 2102 1427 tum
2147 1373 2206 1429 in
2251 1373 2667 1434 substantivum
2709 1385 2767 1435 et
2802 1380 2863 1436 in
2900 1382 3077 1438 ﬁnem
3118 1384 3448 1444 habiturum
3487 1406 3606 1446 esse

1975 1467 2354 1524 contendunt.
2405 1470 2464 1526 Si
2509 1471 2637 1544 quis
2681 1490 2798 1529 non
2847 1475 3056 1532 dixerit
3092 1494 3317 1551 semper
3357 1483 3602 1552 Patrem,

1979 1577 2208 1632 semper
2227 1561 2450 1632 Filium,
2465 1579 2694 1637 semper
2707 1567 2979 1640 Spiritum
2999 1577 3279 1641 sanctum,
3301 1577 3609 1634 anathema

1975 1653 2065 1708 sit.
2102 1653 2159 1710 Si
2202 1655 2330 1727 quis
2362 1673 2482 1713 non
2527 1658 2731 1715 dixerit
2768 1661 2971 1718 Filium
3005 1666 3206 1720 natum
3237 1665 3307 1722 de
3336 1668 3520 1738 Patre,
3548 1671 3607 1726 id

1979 1751 2065 1802 est
2084 1748 2154 1802 de
2185 1749 2502 1806 substantia
2533 1751 2724 1808 divina
2747 1753 2942 1826 ipsius,
2969 1759 3271 1815 anathema
3289 1757 3462 1817 sitJSi
3481 1764 3608 1836 quis

1977 1857 2094 1896 non
2141 1841 2347 1899 dixerit
2383 1845 2633 1902 Verbum
2674 1848 2901 1904 Domini
2936 1849 3160 1920 Filium,
3195 1854 3294 1908 Dei
3319 1857 3518 1925 Deum,
3551 1863 3610 1914 et

1979 1935 2175 1992 omnia
2199 1953 2366 2009 posse
2398 1942 2458 1994 et
2479 1940 2632 1996 Patri
2655 1941 2958 2014 aequalem,
2973 1945 3283 2002 anathema
3299 1949 3387 2004 sit.
3409 1949 3466 2005 Si
3483 1951 3608 2023 quis

1979 2028 2180 2085 dixerit
2226 2032 2376 2103 quod
2418 2033 2479 2088 in
2521 2050 2691 2090 carne
2737 2036 3076 2093 constitutus
3114 2039 3283 2096 Filius
3328 2043 3430 2098 Dei
3473 2060 3605 2100 cum

1977 2127 2121 2178 esset
2156 2124 2213 2178 in
2253 2129 2428 2195 terra,
2459 2127 2519 2181 in
2562 2128 2715 2184 caelis
2761 2146 2891 2185 cum
2921 2132 3086 2187 Patre
3130 2149 3249 2190 non
3291 2141 3433 2206 erat,
3463 2154 3601 2193 ana-

1978 2216 2173 2270 thema
2217 2217 2306 2272 sit.
2340 2218 2396 2274 Si
2439 2221 2564 2292 quis
2609 2221 2810 2278 dixerit
2853 2225 3098 2296 quodin
3133 2227 3394 2298 passione
3424 2232 3604 2286 crucis

1977 2309 2232 2365 dolorem
2260 2312 2526 2368 sustinuit
2555 2313 2723 2370 Filius
2760 2316 2855 2372 Dei
2889 2319 3056 2388 Deus,
3083 2323 3142 2376 et
3165 2337 3280 2376 non
3306 2338 3440 2377 caro
3471 2341 3602 2379 cum

1977 2402 2173 2458 anima
2196 2419 2370 2475 quam
2398 2406 2665 2463 induerat
2688 2430 2716 2457 «
2737 2409 2796 2464 in
2814 2410 3000 2466 forma
3018 2413 3164 2468 servi
3185 2430 3361 2485 quam
3382 2416 3488 2472 sibi
3507 2435 3601 2472 ac-

1977 2499 2219 2567 ceperat,
2249 2498 2393 2554 sicut
2419 2500 2498 2554 ait
2536 2501 2830 2573 Scriptura
2859 2504 3019 2574 (Phil.
3050 2522 3111 2573 11,
3134 2509 3208 2577 7),
3241 2530 3268 2557 »
3296 2511 3604 2566 anathema

1977 2588 2067 2643 sit.
2095 2589 2150 2645 Si
2186 2590 2311 2662 quis
2349 2608 2464 2647 non
2499 2594 2724 2665 dixerit,
2759 2598 2912 2668 quod
2955 2598 3014 2652 in
3053 2615 3221 2656 carne
3251 2623 3278 2650 «
3309 2619 3482 2674 quam
3509 2621 3602 2660 as-

1977 2684 2217 2755 sumpsit
2243 2684 2515 2756 Christus,
2544 2687 2705 2744 sedet
2728 2689 2799 2744 ad
2838 2690 3128 2747 dexteram
3166 2694 3365 2763 Patris,
3393 2696 3453 2751 in
3493 2713 3604 2769 qua

1975 2780 2248 2832 venturus
2261 2782 2346 2835 est
2351 2778 2608 2860 judicare
2622 2782 2776 2838 vivos
2796 2789 2854 2839 et
2870 2789 3128 2841 mortuos
3144 2787 3218 2858 (II
3230 2790 3364 2844 Tim.
3380 2806 3455 2857 ιν,
3480 2794 3548 2860 1),
3575 2814 3603 2842 ››

1977 2871 2285 2927 anathema
2317 2872 2486 2957 sitﬁi
2515 2874 2640 2946 quis
2667 2892 2784 2932 non
2813 2877 3023 2934 dixerit
3048 2879 3320 2951 Spiritum
3347 2887 3606 2940 sanctum

1976 2963 2047 3019 de
2066 2965 2230 3020 Patre
2253 2983 2374 3022 esse
2401 2983 2534 3023 vere
2566 2984 2631 3024 ac
2656 2970 2887 3042 proprie
2908 2972 3054 3028 sicut
3079 2973 3283 3030 Filium
3309 2974 3381 3030 de
3412 2976 3604 3034 divina

1975 3057 2291 3114 substantia
2333 3065 2389 3116 et
2431 3061 2614 3118 Deum
2653 3080 2874 3135 verum,
2907 3066 3212 3122 anathema
3256 3068 3347 3124 sit.
3377 3069 3435 3127 Si
3478 3070 3603 3143 quis

1976 3167 2091 3206 non
2122 3152 2329 3209 dixerit
2368 3157 2558 3210 omnia
2594 3173 2757 3228 posse
2787 3158 3064 3230 Spiritum
3096 3165 3376 3232 sanctum,
3409 3165 3605 3220 omnia

1975 3260 2161 3312 nosse,
2194 3251 2251 3302 et
2277 3247 2489 3320 ubique
2518 3265 2640 3304 esse
2669 3251 2814 3306 sicut
2849 3253 3074 3308 Patrem
3109 3260 3166 3309 et
3198 3255 3424 3327 Filium,
3458 3274 3599 3313 ana-

1974 3338 2168 3393 thema
2193 3339 2286 3396 sit.
2316 3341 2375 3396 Si
2409 3343 2538 3414 quis
2563 3343 2774 3400 dixerit
2808 3345 3086 3417 Spiritum
3124 3353 3382 3406 sanctum
3420 3351 3604 3407 factu-

1975 3448 2117 3500 ram,
2146 3437 2244 3488 aut
2265 3450 2298 3488 a
2325 3433 2464 3490 Filio
2504 3436 2738 3506 factum,
2768 3439 3079 3496 anathema
3113 3442 3203 3496 sit.
3237 3443 3290 3498 Si
3331 3444 3457 3515 quis
3485 3461 3606 3500 non

1975 3525 2179 3581 dixerit
2204 3527 2396 3581 omnia
2426 3543 2529 3599 per
2565 3530 2771 3586 Filium
2807 3535 2865 3587 et
2901 3533 3175 3604 Spiritum
3211 3539 3467 3592 sanctum
3494 3539 3600 3593 Pa-

1973 3623 2120 3674 trem
2145 3619 2366 3689 fecisse,
2390 3620 2449 3677 id
2473 3625 2576 3691 est,
2605 3623 2844 3680 visibilia
2870 3631 2927 3682 et
2954 3627 3274 3700 invisibilia,
3298 3631 3604 3688 anathema

1975 3712 2065 3766 sit.
2096 3713 2156 3768 Si
2191 3714 2317 3786 quis
2350 3731 2470 3770 non
2508 3716 2731 3786 dixerit,
2760 3720 2960 3791 Patris,
2994 3725 3052 3776 et
3095 3721 3238 3793 Filii,
3269 3727 3327 3778 et
3362 3724 3602 3796 Spiritus

1975 3806 2156 3860 sancti
2184 3823 2360 3862 unam
2379 3808 2757 3880 divinitatem,
2780 3813 3112 3884 potentiam,
3139 3831 3319 3872 unam
3340 3817 3600 3889 gloriam,

1975 3899 2458 3972 dominationem,
2482 3920 2663 3960 unum
2689 3922 2933 3978 regnum
2960 3912 3132 3981 atque
3154 3927 3329 3966 unam
3355 3912 3608 3968 volunta-

1974 3997 2092 4049 tem
2119 4011 2185 4050 ac
2212 3995 2530 4067 veritatem,
2560 3999 2869 4057 anathema
2902 4002 2994 4058 sit.
3027 4003 3087 4059 Si
3114 4004 3242 4076 quis
3267 4008 3382 4061 tres
3410 4022 3603 4078 perso-

1975 4104 2079 4143 nas
2108 4105 2226 4145 non
2255 4089 2462 4147 dixerit
2483 4108 2644 4149 veras
2672 4095 2854 4150 Patris
2880 4098 2938 4151 et
2963 4097 3088 4153 Filii
3125 4102 3182 4154 et
3210 4098 3448 4172 Spiritus
3481 4117 3606 4156 san-

1975 4182 2048 4236 cti
2074 4183 2323 4256 aequales
2359 4201 2589 4258 semper
2609 4187 2879 4258 jubentes
2913 4191 3125 4260 omnia,
3158 4197 3217 4247 et
3245 4193 3605 4250 continentes

1973 4275 2214 4332 visibilia
2245 4280 2301 4332 et
2323 4278 2647 4350 invisibilia,
2672 4281 3118 4354 omnipotentes,
3141 4285 3337 4341 omnia
3349 4286 3605 4358 judican-

1975 4371 2075 4438 tes,
2103 4369 2294 4425 omnia
2328 4370 2700 4442 viviﬁcantes,
2731 4376 2926 4431 omnia
2953 4377 3244 4450 facientes,
3269 4379 3460 4435 omnia
3493 4382 3602 4436 sal-

1975 4467 2190 4531 vantes,
2227 4465 2535 4521 anathema
2569 4467 2659 4522 sit.
2699 4469 2755 4526 Si
2785 4470 2911 4542 quis
2935 4487 3053 4527 non
3084 4472 3293 4527 dixerit
3327 4472 3605 4544 Spiritum

243 4571 454 4626 derunt
479 4571 549 4626 de
579 4571 791 4642 Spiritu
819 4576 1034 4640 sancto,
1069 4573 1204 4644 quia
1233 4577 1432 4644 postea
1473 4573 1517 4627 ίς
1556 4591 1717 4629 error
1745 4575 1872 4630 ίηο-
1895 4561 1954 4635 Ι)
1977 4559 2238 4612 sanctum
2263 4558 2619 4616 adorandum
2645 4562 2715 4618 ab
2747 4564 2905 4619 omni
2934 4568 3221 4634 creatura,
3256 4565 3399 4620 sicut
3428 4569 3485 4621 et
3512 4566 3601 4622 Fi-

241 4665 375 4719 levit
395 4668 459 4719 ut
483 4664 712 4735 quidam
742 4681 839 4720 ore
871 4666 1146 4737 sacrilego
1175 4666 1455 4721 auderent
1484 4666 1669 4721 dicere
1705 4667 1878 4737 Spiri-

243 4762 367 4812 tum
415 4760 674 4812 sanctum
716 4759 934 4814 factum
977 4776 1098 4815 esse
1143 4776 1248 4830 per
1289 4759 1511 4814 Filium.
1545 4761 1702 4816 Unde
1734 4778 1874 4816 ana-

242 4851 676 4907 thematizamus
725 4869 925 4907 omnes
974 4853 1072 4924 qui
1111 4870 1229 4908 non
1278 4857 1400 4908 tota
1447 4853 1703 4910 libertate
1738 4871 1875 4926 pro-

245 4945 499 5001 clamant
545 4961 678 5001 eum
715 4963 848 5001 cum
888 4949 1054 5002 Patre
1100 4949 1158 5004 et
1201 4947 1342 5002 Filio
1369 4946 1541 5002 unius
1579 4948 1878 5019 potestatis

245 5055 366 5094 esse
389 5045 562 5110 atque
582 5039 1513 5096 substantia}.Anathematizamus
1532 5058 1760 5114 quoque
1783 5059 1878 5098 eos

246 5133 340 5202 qui
371 5131 606 5188 Sabellii
647 5137 966 5205 sequuntur
1005 5150 1283 5202 errorem,
1316 5135 1586 5190 eumdem
1626 5135 1880 5191 dicentes

241 5227 467 5281 Patrem
518 5241 638 5282 esse
691 5243 866 5298 quem
929 5233 985 5282 et
1036 5228 1258 5282 Filium.
1315 5229 1880 5284 Anathematizamus

241 5319 438 5375 Arium
477 5323 649 5391 atque
689 5321 1058 5390 Eunomium,
1094 5322 1190 5393 qui
1234 5321 1360 5393 pari
1397 5322 1714 5393 impietate,
1750 5323 1881 5379 licet

243 5429 511 5468 sermone
540 5413 820 5481 dissimili,
861 5414 1067 5470 Filium
1106 5420 1162 5470 et
1199 5415 1474 5486 Spiritum
1505 5420 1766 5470 sanctum
1797 5434 1880 5471 as-

245 5509 442 5562 serunt
467 5523 588 5562 esse
617 5511 925 5563 creaturas.
951 5507 1510 5564 Anathematizamus
1537 5495 1882 5564 Macedonia-

245 5616 366 5668 nos,
389 5599 490 5673 qui
517 5600 587 5656 de
612 5600 732 5655 Arii
760 5601 937 5674 stirpe
962 5601 1257 5657 venientes
1277 5618 1394 5657 non
1421 5602 1723 5673 perﬁdiam
1749 5619 1880 5658 mu-

242 5697 528 5763 taverunt,
574 5694 672 5750 sed
719 5712 950 5752 nomen.
982 5696 1543 5752 Anathematizamus
1585 5697 1891 5767 Fotinum,

245 5789 342 5859 qui
361 5787 595 5844 Ebionis
619 5788 883 5846 haeresim
913 5790 1210 5859 instaurat,
1232 5789 1331 5863 qui
1359 5791 1662 5847 Dominum
1687 5793 1878 5848 Iesum

243 5882 535 5940 Christum
563 5887 787 5940 tantum
822 5901 888 5943 ex
924 5883 1096 5944 Maria
1119 5884 1350 5958 Virgine
1378 5885 1705 5943 confitetur.
1733 5887 1879 5943 Ana-

1978 4651 2138 4721 lium,
2169 4654 2224 4706 et
2254 4653 2500 4722 Patrem,
2531 4656 2839 4713 anathema
2877 4657 2968 4714 sit.
2999 4659 3053 4714 Si
3081 4659 3208 4730 quis
3243 4660 3314 4714 de
3343 4661 3507 4716 Patre
3549 4664 3608 4716 et

1983 4745 2119 4800 Filio
2156 4747 2302 4806 bene
2347 4747 2608 4820 senserit,
2653 4750 2724 4805 de
2766 4751 2978 4823 Spiritu
3017 4756 3210 4810 autem
3255 4755 3444 4809 sancto
3484 4771 3604 4810 non

1979 4848 2132 4902 recte
2159 4843 2442 4916 habuerit,
2473 4845 2778 4901 hzereticus
2809 4850 2912 4901 est.

1978 4995 2226 5065 Epistola
2261 4996 2480 5050 Damasi
2510 5009 2675 5066 papae
2700 4995 2774 5050 ad
2800 4997 3190 5065 Hieronymum
3208 4996 3604 5068 presbyterum.

2050 5129 2302 5186 Damasus
2340 5128 2655 5200 episcopus,
2684 5127 2846 5184 fratri
2886 5131 2944 5184 et
2985 5130 3446 5204 comprcsbytero
3473 5133 3605 5190 Hm-

1980 5238 2218 5293 normao,
2249 5223 2308 5278 in
2336 5222 2577 5278 Domino
2603 5222 2864 5278 salutem.

2054 5319 2196 5372 Dum
2251 5317 2428 5372 multa
2478 5332 2717 5388 corpora
2756 5316 3039 5374 librorum
3083 5319 3145 5375 in
3195 5336 3327 5377 meo
3375 5320 3608 5378 arbitrio

1983 5412 2168 5467 oblata
2192 5411 2451 5479 fuissent,
2481 5410 2722 5482 contigit
2749 5415 2811 5467 ut
2835 5415 2893 5468 et
2928 5413 3139 5470 librum
3165 5414 3521 5473 Psalmorum
3548 5416 3609 5471 in

1980 5522 2108 5562 meo
2148 5505 2338 5560 animo
2379 5505 2615 5561 festinus
2655 5521 3060 5578 cognoscerem
3085 5509 3350 5578 detineri,
3383 5514 3440 5565 et
3481 5524 3605 5564 me-

1980 5599 2226 5655 moriam
2269 5599 2600 5671 capacitatis
2641 5616 2788 5656 mea:
2828 5599 3091 5659 imbuere
3136 5603 3396 5676 cogitavi,
3429 5601 3609 5658 frater

1979 5693 2366 5750 amantissime
2392 5697 2449 5750 et
2476 5693 2536 5750 in
2562 5693 2786 5751 Christo
2807 5712 3034 5770 semper
3060 5696 3342 5764 sacerdos,
3363 5711 3508 5767 rogo
3531 5699 3605 5764 te,

1983 5791 2046 5844 ut
2083 5788 2394 5844 secundum
2429 5789 2796 5861 septuaginta
2835 5791 3196 5861 interpretes,
3230 5792 3287 5845 et
3315 5789 3606 5861 presbyte-

1978 5900 2093 5954 ros,
2149 5883 2209 5940 id
2255 5887 2362 5956 est,
2400 5883 2711 5954 Matthiam,
2761 5889 2817 5940 et
2862 5884 3274 5950 Tholomasum,
3320 5883 3606 5941 Muchium
