4032 6322
469 330 570 383 655

1366 327 1652 383 ΑΡΡΕΝΙ).
1693 327 1782 382 AD
1817 326 1980 381 SEC.
2023 325 2200 379 IX.—
2239 326 2481 382 lSIDORl
2519 327 2947 383 MERCATORIS

3733 333 3838 386 656

471 435 769 507 sanguine,
799 438 864 492 ut
889 452 1003 492 non
1031 436 1104 492 sit
1126 436 1225 508 qui
1268 452 1366 491 vos
1400 435 1634 508 dicipiat
1649 439 1748 490 aut
1773 435 2004 490 seducat
2040 434 2097 490 in
2119 443 2180 518 Α
2198 439 2459 491 creatura
2484 436 2611 503 alia,
2639 436 2916 508 magistro
2937 436 3196 507 gentium
3213 436 3467 505 docente,
3496 438 3708 510 poterit
3729 456 3838 494 nos

474 528 784 584 subtilitate
816 530 1112 599 sermonis,
1153 533 1217 585 ut
1241 528 1398 585 vobis
1425 529 1617 600 plebes
1647 529 1979 584 commissas
2003 545 2094 585 re-

472 623 761 695 linquatis,
786 627 843 678 et
863 623 1037 694 aliqui
1055 627 1287 695 propter
1303 623 1583 679 malorum
1602 622 1976 696 Opprobrium
2001 623 2099 678 ho-

470 716 694 773 minum
721 717 896 788 quieti
923 734 1018 770 vos
1036 716 1290 784 tradatis,
1322 720 1385 772 ut
1414 733 1509 772 vos
1535 703 1888 773 solummodo
1915 717 2094 772 salve-

475 811 544 865 tis
589 817 645 864 et
687 809 831 865 ﬁlios
856 811 1144 882 orphanos
1169 811 1521 883 relinquatis.
1554 810 1919 882 Apertissime
1945 811 2100 866 enim

474 903 714 975 Spiritus
743 909 968 959 sanctus
992 921 1094 976 per
1120 905 1450 976 Apostolum
1479 904 1632 972 dicit,
1681 924 1707 956 ‹‹
1740 905 1873 977 quia
1914 905 1973 960 in
2005 921 2103 960 no-

468 996 710 1051 vissimis
728 997 1082 1068 temporibus
1108 997 1381 1053 recedent
1402 997 1638 1070 quidam
1663 997 1820 1053 afide
1842 1001 1900 1052 et
1925 998 2102 1053 chari-

469 1093 602 1156 tate,
631 1090 985 1146 attendentes
1025 1091 1316 1162 spiritibus
1332 1091 1740 1159 seductoribus,
1760 1091 2101 1147 etdoctrinis

471 1183 908 1252 daemoniorum,
933 1185 1217 1257 hypocrisi
1241 1184 1526 1240 mendacii
1546 1186 1797 1240 locorum
1828 1186 2102 1242 cauteria-

471 1282 590 1333 tam
606 1278 941 1334 habentium
967 1295 1130 1335 suam
1156 1279 1561 1334 conscientiam
1575 1280 1623 1350 (Ι
1635 1282 1766 1335 Tim.
1799 1297 1872 1347 ιν,
1902 1283 1947 1348 l,
1965 1281 2036 1351 2).
2069 1300 2097 1332 ››

470 1373 708 1444 Propter
733 1373 885 1444 quod
911 1373 1212 1429 hortamur
1229 1379 1468 1428 vestram
1485 1373 1820 1429 charitatem
1837 1374 2098 1445 exemplo

473 1467 598 1535 ejus
615 1466 712 1537 qui
733 1483 838 1537 pro
859 1466 1020 1522 nobis
1048 1468 1166 1538 pati
1192 1467 1386 1534 voluit,
1414 1473 1706 1539 promptos
1730 1484 1827 1522 vos
1850 1467 1910 1523 in
1935 1484 2101 1523 cunc-

470 1560 542 1614 tis
569 1561 690 1629 ejus
741 1577 1082 1631 permanere
1125 1561 1386 1628 servitiis,
1435 1577 1543 1616 nec
1589 1561 1823 1633 quidem
1871 1578 2100 1634 quoquo

473 1652 645 1708 modo
675 1670 709 1709 a
735 1653 1038 1709 commissa
1063 1671 1198 1709 cura
1219 1655 1501 1724 recedere,
1530 1656 1630 1710 sed
1661 1655 1790 1710 totis
1809 1655 2020 1710 viribus
2039 1655 2098 1711 in

474 1747 789 1802 commissis
816 1747 976 1802 vobis
990 1748 1236 1819 negotiis
1253 1749 1476 1805 fortiter
1492 1765 1673 1821 usque
1693 1749 1752 1804 in
1779 1750 1952 1806 ﬁnem
1973 1767 2100 1822 per-

2199 544 2460 600 separare
2515 547 2548 583 a
2605 529 2882 585 charitate
2929 529 3159 585 Domini
3214 531 3388 585 nostri
3441 533 3567 587 Jesu
3628 533 3838 592 Christi

2203 623 2367 689 (Rom.
2399 639 2516 692 vm,
2545 626 2633 690 38,
2670 625 2780 696 39),
2817 627 2894 692 et,
2941 639 3070 695 quae
3098 623 3158 678 in
3188 624 3310 695 ipso
3355 630 3458 692 est,
3505 631 3654 681 recta
3696 626 3832 682 ﬁde.

2198 716 2382 771 Nolite
2413 715 2606 788 itaque
2640 717 2906 772 amittere
2943 717 3348 774 conﬁdentiam
3394 723 3666 788 vestram,
3709 739 3837 792 quae

2199 826 2470 882 magnam
2516 809 2690 865 habet
2742 811 3290 867 remunerationem.
3346 813 3624 869 Patientia
3678 815 3836 870 enim

2199 903 2358 960 nobis
2377 903 2692 959 necessaria
2713 908 2796 958 est
2815 904 2887 958 ad
2909 904 3333 960 colluctationes
3354 907 3834 977 adversariorum,

2200 1002 2480 1070 quatenus
2512 997 2687 1052 ﬁdem
2731 997 3134 1053 intemeratam
3175 1015 3359 1070 usque
3400 1001 3459 1056 in
3491 1001 3666 1056 ﬁnem
3695 1018 3832 1057 con-

2201 1095 2488 1146 servantes
2505 1091 3008 1162 repromissionem
3028 1093 3427 1164 percipiamus,
3449 1111 3619 1165 quam
3638 1111 3838 1167 repro-

2199 1185 2353 1239 misit
2389 1185 2480 1240 his
2515 1185 2613 1257 qui
2666 1185 2922 1256 legitime
2960 1190 3177 1241 certare
3221 1187 3604 1259 deproperant
3652 1190 3836 1258 (Hebr.

2199 1295 2252 1345 x,
2283 1281 2370 1345 35,
2400 1281 2508 1347 36).
2545 1299 2572 1328 «
2597 1278 2798 1335 Adhuc
2825 1279 3062 1334 omnino
3083 1280 3370 1336 modicum
3391 1281 3835 1352 aliquantulum,

2201 1370 2249 1443 1
2269 1370 2386 1444 61
2419 1372 2518 1444 qui
2539 1377 2808 1428 venturus
2825 1377 2906 1428 est
2929 1373 3137 1443 veniet,
3163 1377 3220 1429 et
3235 1391 3352 1430 non
3373 1375 3626 1430 tardabit
3648 1377 3835 1444 (Hebr.

2199 1482 2264 1534 x,
2305 1466 2413 1538 37).
2447 1488 2474 1515 ›ι
2535 1487 2563 1516 ‹‹
2595 1467 2732 1522 Ecce
2769 1466 2922 1522 enim
2950 1467 3133 1538 judex
3171 1472 3301 1523 ante
3341 1469 3578 1539 januam
3629 1470 3842 1524 assistit

2200 1559 2334 1630 (Jac.
2382 1576 2435 1626 v,
2491 1561 2563 1630 9),
2597 1582 2625 1611 ››
2667 1576 2906 1615 coronas
2956 1561 3215 1617 hilariter
3243 1561 3583 1634 promittens
3620 1563 3709 1618 his
3739 1563 3841 1634 qui

2198 1669 2304 1725 pro
2332 1669 2399 1708 eo
2427 1653 2791 1725 passionibus
2816 1653 3258 1725 submittuntur)
3278 1656 3440 1720 Quod
3466 1657 3511 1711 si
3537 1657 3835 1712 subtraxe-

2200 1747 2274 1802 rit
2302 1763 2361 1802 se
2397 1746 2544 1818 quis,
2579 1763 2692 1803 non
2724 1746 2969 1818 placebit
3007 1749 3217 1804 anima:
3253 1746 3402 1816 ‘sual,
3436 1750 3529 1806 sed
3573 1751 3736 1805 cadet
3765 1751 3838 1806 de

469 1843 698 1908 durare,
729 1841 999 1913 quoniam
1023 1842 1221 1897 beatus
1241 1843 1440 1914 estqui
1461 1815 2176 1915 perscveraveritusqueB
2200 1840 2577 1913 promissione
2615 1844 2853 1914 propter
2895 1843 3284 1914 negationem.
3335 1845 3443 1898 Nos
3483 1847 3677 1898 autem
3717 1861 3838 1899 non

471 1935 530 1989 in
547 1934 743 2002 ﬁnem,
761 1951 866 1991 nec
889 1935 1148 1990 laudatur
1175 1935 1426 2004 initium,
1456 1937 1550 1992 sed
1573 1937 1720 1992 ﬁnis.
1751 1959 1779 1988 «
1808 1938 1983 1992 Nemo
2001 1953 2099 1992 vos

472 2029 704 2084 seducat
717 2028 980 2084 inanibus
996 2029 1200 2084 verbis.
1221 2031 1526 2101 Propterea
1545 2030 1698 2087 enim
1722 2030 1876 2087 venit
1893 2030 1977 2086 ira
1995 2031 2098 2086 Dei

470 2123 525 2177 iu
551 2122 695 2177 ﬁlios
721 2121 1055 2178 difﬁdentia
1087 2123 1301 2196 (Ephes.
1330 2141 1384 2191 v,
1410 2127 1480 2193 6).
1521 2146 1546 2176 ιο
1595 2125 1772 2181 Nolite
1797 2141 1932 2196 ergo
1953 2125 2099 2181 efﬁci

467 2216 901 2290 comparticipes
921 2233 1122 2272 eorum
1133 2218 1485 2289 dogmatum,
1512 2235 1699 2291 neque
1724 2219 2100 2275 communice-

471 2311 541 2364 tis
567 2310 930 2366 infructuosis
958 2310 1142 2366 verbis
1178 2311 1425 2381 illorum,
1466 2313 1650 2383 magis
1695 2318 1887 2369 autem
1914 2318 1971 2369 et
2007 2330 2094 2370 re-

470 2404 760 2475 darguite;
813 2404 1088 2476 quoniam
1112 2408 1287 2460 castus
1330 2405 1832 2476 praevaricatorum
1861 2411 2011 2477 sunt,
2043 2413 2100 2464 et

471 2499 854 2553 extenderunt
877 2497 1136 2569 linguam
1155 2515 1319 2553 suam
1346 2499 1502 2570 quasi
1519 2516 1714 2556 arcum
1740 2501 2018 2558 mendacii
2041 2505 2100 2556 et

467 2608 582 2646 non
612 2589 890 2660 veritatis,
921 2592 1270 2663 completum
1297 2596 1383 2647 est
1413 2596 1471 2648 in
1491 2594 1738 2666 eis,quia
1761 2595 1831 2650 de
1853 2595 2004 2650 malo
2023 2595 2096 2650 ad

464 2685 678 2740 malum
718 2684 931 2766 egressi
960 2689 1112 2754 sunt,
1156 2688 1215 2740 et
1241 2701 1333 2741 me
1362 2703 1479 2741 non
1508 2693 1914 2758 cognoverunt,
1963 2687 2099 2743 dicit

467 2769 771 2872 Dominus.)
794 2778 1101 2834 Veritatem
1117 2779 1273 2834 enim
1288 2795 1406 2834 non
1426 2780 1750 2852 loquentur,
1784 2781 2099 2837 docuerunt

469 2871 622 2926 enim
640 2871 895 2942 ling‘uam
911 2887 1074 2926 suam
1087 2877 1475 2944 persecutores
1490 2873 1848 2929 ecclesiarum
1870 2891 2098 2930 eorum-

469 2981 580 3034 que
607 2965 972 3020 sacerdotum
997 2964 1153 3037 loqui
1179 2965 1539 3021 mendacium
1569 2972 1632 3022 ut
1657 2967 1834 3038 impie
1857 2975 2098 3040 agerent

474 3081 499 3107 ‹‹
531 3057 952 3125 laboraverunt,
981 3061 1038 3112 et
1062 3063 1379 3114 renuerunt
1408 3059 1553 3114 scire
1582 3076 1676 3115 me
1700 3062 1825 3129 (Jer.
1859 3079 1932 3128 1x,
1956 3065 2029 3132 6),
2064 3084 2091 3112 »

469 3152 604 3208 dicit
629 3151 918 3208 Dominus.
955 3173 983 3202 ‹‹
1015 3152 1169 3208 State
1199 3169 1336 3224 ergo
1370 3169 1487 3220 vos,
1520 3153 1892 3224 dilectissimi,
1927 3173 2097 3227 super

470 3246 607 3312 vias,
641 3249 699 3299 et
727 3245 932 3313 videte,
965 3244 1316 3318 interrogate
1347 3247 1415 3302 de
1437 3248 1656 3303 semitis
1703 3249 1930 3305 Domini
1958 3250 2097 3305 anti-

470 3339 616 3409 quis,
651 3344 708 3395 et
734 3339 919 3395 videte
943 3356 1071 3412 quas
1098 3345 1182 3396 est
1209 3340 1298 3395 via
1316 3341 1468 3396 bona
1487 3347 1813 3398 sanctorum
1845 3347 2092 3414 patrum,

468 3437 526 3487 et
551 3433 842 3488 ambulate
871 3433 931 3488 in
958 3450 1047 3501 ea,
1079 3437 1138 3489 et
1163 3434 1464 3490 invenietis
1496 3436 1757 3508 requiem
1800 3437 2095 3494 animabus

467 3527 661 3582 vestris
700 3527 916 3598 (Matth.
947 3544 1024 3594 x1,
1057 3527 1168 3598 29).
1200 3549 1226 3576 »
1269 3528 1374 3584 Sed
1415 3535 1472 3585 et
1499 3529 1544 3584 si
1574 3531 1835 3601 patimini
1862 3535 2096 3604 propter

466 3621 772 3690 Christum,
792 3621 940 3677 beati
955 3621 1132 3690 eritis,
1148 3625 1365 3678 metum
1382 3629 1572 3679 autem
1587 3641 1787 3680 eorum
1806 3643 1876 3681 ne
1888 3627 2096 3682 timue-

465 3713 606 3782 ritis,
646 3731 831 3787 neque
877 3716 1319 3783 conturbemini,
1353 3718 1660 3773 Dominum
1690 3723 1885 3774 autem
1919 3720 2094 3776 Deum

465 3808 812 3864 sanctiﬁcata
834 3808 894 3862 in
923 3809 1188 3864 cordibus
1212 3811 1431 3880 vestris,
1464 3811 1584 3882 ipso
1608 3812 1829 3868 dicente
1864 3829 1878 3868 :
1922 3834 1948 3866 α
1982 3815 2090 3869 No-

464 3901 564 3955 lite
585 3901 788 3956 timere
815 3917 911 3955 eos
931 3901 1030 3972 qui
1059 3918 1266 3974 corpus
1293 3903 1576 3970 occidunt,
1621 3905 1868 3960 animam
1897 3910 2092 3963 autem

466 4010 582 4048 non
608 3997 842 4064 possunt
868 3994 1143 4063 occidere,
1169 3995 1264 4049 sed
1284 3996 1476 4066 potius
1494 4012 1627 4051 eum
1645 3997 1843 4054 timete
1869 4001 1967 4071 qui
1991 4018 2092 4072 po-

464 4091 577 4143 test
606 4087 862 4142 animam
880 4093 938 4142 et
952 4104 1157 4160 corpus
1176 4089 1418 4160 perdere
1437 4089 1495 4144 in
1513 4091 1862 4161 gehennam.
1893 4095 2093 4150 Nonne

466 4182 582 4235 duo
610 4197 868 4252 passeres
903 4198 1024 4236 asse
1051 4185 1318 4249 veneunt,
1349 4186 1407 4236 et
1429 4199 1580 4238 unus
1618 4201 1683 4238 ex
1714 4185 1825 4240 illis
1853 4203 1970 4242 non
1997 4204 2088 4243 ca-

467 4275 564 4330 det
588 4291 758 4347 super
784 4279 996 4330 terram
1027 4276 1148 4330 sine
1176 4278 1339 4331 Patre
1367 4280 1552 4332 vestro
1578 4278 1605 4333 ?
1626 4279 1804 4334 Vestri
1822 4285 2012 4336 autem
2038 4287 2094 4338 et

465 4368 655 4440 capilli
685 4369 883 4440 capitis
913 4386 1111 4425 omnes
1142 4371 1426 4425 numerati
1451 4375 1601 4427 sunt.
1645 4374 1824 4429 Nolite
1857 4391 1994 4448 ergo
2019 4376 2089 4431 ti-

465 4479 645 4532 mere,
686 4463 880 4518 multis
921 4463 1242 4534 passeribus
1279 4465 1543 4521 meliores
1572 4483 1669 4521 vos
1713 4468 1844 4524 estis
1871 4471 2086 4539 (Matth.

2198 1951 2392 1990 sumus
2434 1933 2833 1990 subtractionis
2869 1935 2966 1990 ﬁlii
2994 1936 3050 1991 in
3073 1937 3469 2008 perditionem,
3499 1938 3600 1993 sed
3621 1938 3753 1994 ﬁdei
3775 1939 3836 1994 in

2198 2027 2628 2101 acquisitionem
2651 2028 2879 2084 animae.
2916 2031 3201 2102 «Propter
3220 2031 3372 2103 quod
3387 2032 3657 2088 assumite
3674 2049 3838 2087 arma

2198 2122 2318 2191 Dei,
2346 2127 2411 2177 ut
2435 2121 2658 2194 possitis
2693 2123 2950 2179 resistere
2982 2124 3040 2179 in
3086 2125 3177 2180 die
3221 2125 3376 2180 malo
3405 2127 3675 2181 adversus
3707 2142 3833 2181 om-

2197 2232 2301 2272 nes
2328 2216 2586 2272 inimicos
2626 2221 2831 2272 sanctae
2873 2218 2972 2273 Dei
3010 2219 3270 2274 Ecclesiae
3309 2224 3364 2275 et
3394 2223 3625 2285 vestros,
3654 2225 3713 2274 et
3741 2220 3833 2275 in-

2199 2309 2356 2364 duite
2394 2327 2494 2365 vos
2536 2310 2708 2365 lorica
2740 2311 2999 2382 justitiae,
3036 2311 3263 2366 calceati
3302 2313 3474 2384 pedes
3517 2313 3576 2368 in
3604 2330 3832 2386 pracpa-

2198 2403 2416 2458 ratione
2469 2403 2756 2474 Evangelii
2799 2405 2977 2475 pacis,
3044 2405 3104 2460 in
3149 2406 3418 2460 omnibus
3475 2411 3837 2462 assumentes

2198 2501 2418 2552 scutum
2458 2496 2608 2565 ﬁdei,
2642 2497 2701 2552 in
2747 2514 2860 2569 quo
2898 2498 3119 2569 possitis
3161 2499 3353 2554 omnia
3385 2499 3572 2570 jacula
3597 2500 3832 2573 nequis-

2197 2589 2324 2644 simi
2353 2590 2537 2660 ignita
2565 2591 2950 2662 exstinguere.
2995 2593 3064 2646 Et
3094 2592 3317 2664 galeam
3349 2593 3543 2648 salutis
3568 2594 3832 2666 accipite,

2197 2686 2254 2737 et
2276 2683 2530 2755 gladium
2558 2683 2811 2756 spiritus,
2844 2685 2998 2756 quod
3024 2691 3111 2741 est
3147 2687 3384 2740 verbum
3417 2687 3531 2756 Dei,
3561 2703 3668 2758 per
3702 2705 3831 2743 om-

2198 2792 2334 2830 nem
2362 2777 2680 2832 orationem
2711 2783 2767 2832 ct
2789 2777 3240 2834 obsecrationem
3263 2779 3500 2834 radicati
3522 2783 3579 2836 et
3604 2780 3836 2837 fundati

2196 2870 2256 2926 in
2301 2869 2503 2925 solatio
2541 2870 2782 2926 fratrum
2827 2887 2931 2942 pro
2957 2872 3178 2928 Christo
3208 2874 3337 2928 Jesu
3368 2873 3605 2929 Domino
3634 2879 3834 2929 nostro

2199 2964 2410 3034 (Ephes.
2455 2981 2531 3031 v1,
2573 2967 2656 3033 t3,
2708 2965 2811 3036 14).
2847 2988 2874 3014 ››
2931 2988 2957 3016 ‹‹
2987 2966 3101 3022 Sed
3129 2972 3185 3021 et
3211 2983 3382 3033 nunc,
3415 2967 3636 3037 fratres,
3670 2984 3832 3023 com-

2196 3057 2544 3112 mendamus
2569 3074 2669 3112 vos
2701 3075 2899 3114 omnes
2924 3059 3169 3114 Domino
3191 3063 3247 3116 et
3269 3061 3440 3116 verbo
3464 3061 3663 3132 gratim
3685 3062 3830 3132 ejus,

2197 3151 2295 3222 qui
2320 3155 2503 3223 potest
2529 3152 2807 3224 perﬁcere
2837 3158 2894 3208 et
2920 3153 3054 3210 dare
3083 3153 3481 3210 haereditatem
3510 3154 3667 3210 vobis
3697 3172 3834 3213 cum

2196 3244 2462 3299 omnibus
2495 3245 2701 3300 sanctis
2729 3247 2866 3316 (Act.
2895 3263 2985 3314 xx,
3016 3248 3123 3317 32).
3155 3269 3183 3296 »
3243 3267 3272 3300 α
3301 3249 3422 3318 Ipse
3465 3251 3656 3303 autem
3683 3251 3832 3305 Deus

2196 3337 2349 3409 pacis
2369 3342 2427 3394 et
2450 3338 2773 3394 dilectionis
2798 3339 2897 3394 det
2921 3340 3077 3395 vobis
3106 3340 3350 3412 idipsum
3367 3358 3564 3412 sapere
3587 3341 3646 3397 in
3665 3344 3838 3399 alter—

2193 3437 2387 3486 utrum
2415 3434 2582 3496 (Rom.
2616 3449 2709 3500 xv,
2745 3435 2816 3501 5),
2856 3455 2884 3484 ››
2926 3439 2990 3489 ut
3033 3433 3189 3488 vobis
3236 3434 3478 3490 invicem
3529 3451 3832 3492 succurra-

2195 3525 2266 3580 tis
2292 3529 2348 3579 et
2379 3541 2492 3580 non
2519 3526 2642 3580 sitis
2691 3526 2872 3595 divisi,
2906 3532 2969 3582 ut
2995 3529 3292 3583 unanimes
3321 3545 3435 3582 uno
3466 3545 3584 3599 ore,
3627 3534 3684 3585 et
3714 3547 3834 3586 uno

2193 3619 2361 3674 corde
2402 3619 2848 3675 honoriﬁceinus
2887 3637 3018 3676 eum
3062 3622 3121 3676 in
3152 3621 3452 3678 concordia
3477 3626 3537 3678 et
3565 3626 3832 3680 consola-

2193 3713 2345 3767 tione
2373 3713 2633 3781 fratrum,
2661 3715 2756 3785 qui
2783 3717 2987 3786 potest,
3017 3716 3360 3771 conﬁrmare
3387 3733 3490 3772 nos
3510 3719 3834 3775 secundum

2193 3807 2564 3877 Evangelium
2585 3807 2633 3878 ej
2645 3824 2707 3861 us
2716 3808 2884 3879 juxta
2904 3809 3308 3865 revelationem
3325 3811 3581 3882 mysterii
3602 3813 3832 3881 aeterni,

2197 3900 2546 3970 temporibus
2578 3901 2790 3956 scilicet
2829 3903 3134 3973 perpetuis,
3181 3904 3388 3976 quibus
3417 3905 3576 3960 vobis
3605 3906 3834 3962 futuro-

2193 4009 2321 4048 rum
2347 3993 2688 4065 gaudiorum
2705 3995 2998 4066 largienda
3019 4001 3154 4053 sunt
3168 4013 3428 4054 munera.
3449 3999 3834 4072 Summopere

2194 4086 2366 4142 etiam
2399 4087 2761 4144 considerare
2791 4089 3024 4158 debetis,
3057 4090 3212 4162 quod
3235 4091 3295 4147 hi
3334 4093 3434 4164 qui
3462 4093 3731 4149 fratribus
3747 4094 3838 4150 in-

2192 4181 2405 4248 vident,
2434 4197 2644 4254 eosque
2674 4182 2948 4238 damnare
2976 4189 3074 4238 aut
3093 4185 3340 4256 perdere
3361 4187 3618 4260 cupiunt,
3646 4205 3750 4260 per
3770 4206 3834 4244 se

2192 4292 2294 4329 sua
2307 4275 2578 4347 dogmata
2594 4275 2897 4331 destruunt
2912 4264 2939 4346 ;,i
2949 4277 3248 4334 dicitenim
3264 4279 3562 4336 Dominus:
3591 4301 3619 4332 «
3642 4281 3832 4338 Omne

2191 4385 2440 4440 regnum
2471 4368 2529 4423 in
2565 4385 2622 4424 se
2655 4369 2902 4426 divisum
2923 4349 3049 4427 'non
3078 4372 3250 4428 stabit
3276 4374 3489 4444 (Matth.
3522 4391 3617 4442 xu,
3649 4377 3760 4447 35),
3800 4399 3830 4425 »

2192 4466 2250 4516 et
2293 4462 2479 4518 omnis
2522 4462 2758 4519 scientia
2811 4469 2869 4520 et
2915 4465 3008 4520 lex
3055 4465 3356 4522 adversum
3400 4484 3459 4522 se
3497 4468 3673 4524 divisa
3708 4487 3833 4526 non

461 4572 515 4621 x,
545 4559 755 4625 28-3t).
790 4578 816 4606 »
859 4557 1338 4612 Rememoramini
1381 4575 1540 4630 ergo,
1570 4561 1794 4628 fratres,
1829 4579 1962 4618 eum
1990 4565 2088 4635 qui
2107 4555 2166 4628 D
2189 4556 2374 4612 stabit.
2423 4556 2662 4629 Ideoque
2707 4574 2962 4614 necessse
2993 4561 3078 4614 est
3104 4565 3167 4615 ut
3190 4560 3546 4617 concorditer
3575 4563 3833 4620 salubres

463 4651 635 4706 talem
662 4650 931 4706 sustinuit
959 4669 990 4705 a
1016 4651 1408 4722 peccatoribus
1430 4653 1698 4710 adversus
1726 4656 2092 4728 semetipsum

465 4744 992 4811 contradictionem,
1032 4750 1097 4800 ut
1140 4762 1210 4798 ne
1262 4746 1581 4818 fatigemini
1628 4747 1835 4804 animis
1891 4752 2091 4806 vestris

467 4838 811 4906 deﬁcientes,
843 4838 1104 4893 nondum
1131 4838 1285 4894 enim
1308 4857 1484 4911 usque
1509 4841 1579 4895 ad
1607 4842 1948 4912 sanguinem
1974 4860 2092 4900 cer-

465 4932 708 4987 tavimus
734 4932 1003 4986 adversus
1025 4937 1320 5004 peccatum
1350 4938 1756 5004 repugnantes.

535 5026 888 5080 Conﬁdimus
935 5031 1126 5080 autem
1175 5025 1247 5080 de
1289 5025 1469 5096 vobis,
1514 5027 1719 5082 fratres
1756 5029 2088 5099 charissimi,

464 5118 701 5173 meliora
731 5125 788 5174 et
813 5120 1085 5175 viciniora
1099 5119 1315 5187 salutis,
1338 5121 1472 5192 quia
1500 5137 1688 5193 neque
1719 5137 1889 5190 mors,
1908 5140 2091 5196 neque

463 5213 597 5280 vita,
629 5228 813 5284 neque
841 5213 1049 5285 angeli,
1089 5230 1277 5285 neque
1307 5214 1674 5286 principatus,
1714 5233 1902 5287 neque
1927 5222 2086 5288 pote-

463 5307 655 5372 states,
696 5323 885 5379 neque
921 5307 1209 5375 instantia,
1250 5325 1439 5380 neque
1465 5307 1674 5377 futura,
1718 5325 1902 5381 neque
1929 5311 2087 5366 forti-

462 5399 632 5464 tudo,
678 5415 865 5471 neque
927 5401 1192 5469 altitudo,
1246 5418 1432 5474 neque
1473 5402 1844 5474 profundum,
1901 5421 2086 5477 neque

2192 4650 2510 4723 suscipiatis
2534 4651 2816 4719 hortatus,
2840 4656 2896 4707 et
2913 4652 3059 4707 nihil
3081 4669 3184 4725 per
3202 4655 3628 4710 contentionem
3648 4673 3830 4729 agen-

2192 4749 2294 4813 tes,
2335 4745 2437 4800 sed
2465 4745 2537 4800 ad
2567 4760 2739 4800 omne
2776 4746 3028 4800 studium
3056 4747 3371 4803 devotionis
3399 4749 3696 4805 unanimes
3735 4751 3829 4807 di-

2191 4837 2334 4893 vinis
2372 4842 2429 4894 et
2462 4838 2787 4910 apostolicis
2830 4840 3331 4897 constitutionibus
3374 4843 3646 4914 parcatis,
3675 4848 3736 4900 et
3763 4846 3830 4902 in

2191 4937 2345 4991 nullo
2392 4937 2691 5008 patiamini
2725 4939 3224 5009 providentissima
3259 4956 3545 4998 canonum
3596 4943 3831 5000 decreta

2192 5030 2407 5099 violari,
2433 5036 2716 5101 quatenus
2738 5035 2796 5087 et
2811 5032 3172 5089 Nicanorum
3191 5051 3474 5092 canonum
3499 5038 3828 5108 constituta,

2192 5128 2248 5178 et
2276 5140 2403 5196 quae
2439 5141 2472 5177 a
2513 5124 2677 5179 nobis
2720 5127 2808 5180 vel
2849 5143 2880 5180 a
2923 5127 3432 5197 praedecessoribus
3457 5132 3662 5186 nostris
3695 5140 3834 5188 sunt

2189 5217 2422 5288 provide
2467 5223 2523 5273 et
2565 5219 2869 5274 salubriter
2905 5220 3155 5292 decreta,
3201 5223 3558 5296 intemerata,
3591 5242 3828 5296 perma-

2190 5316 2362 5366 neant
2393 5311 2450 5366 in
2477 5312 2688 5368 futuro.

475 5497 3822 5524 Ἦ

1066 5561 1637 5655 INCIPIUNT
1724 5564 2249 5660 DECRETA
2334 5568 2756 5659 DAMASI
2851 5570 3184 5664 PAPZE

582 5693 828 5765 Epistola
853 5693 1092 5762 ejusdem
1119 5693 1201 5776 ad_
1218 5693 1511 5748 Paulinum
1538 5693 1930 5751 Antiochenam

1113 5779 1437 5834 epsscopum.

529 5859 567 5909 Ι.
595 5857 756 5920 Quod
793 5859 1082 5932 integrum
1132 5857 1428 5914 hominem
1471 5860 1776 5931 susceperit
1805 5861 1923 5916 sine
1955 5877 2084 5934 pec-

459 5952 602 6004 cato.

2258 5700 2324 5754 11.
2367 5698 2528 5762 Quod
2581 5714 2728 5753 unus
2762 5700 2835 5755 sit
2875 5701 3126 5758 Christus
3153 5709 3284 5760 ante
3317 5707 3525 5762 saecula
3557 5723 3621 5763 ex
3661 5712 3827 5767 Patre

2188 5797 2370 5852 natus.
2406 5794 2465 5846 et
2487 5791 2548 5846 in
2577 5797 2834 5864 tempore
2863 5810 2932 5849 ex
2961 5795 3191 5867 Virgine
3218 5798 3424 5854 editus.

2258 5885 2655 5943 Dilectisssimo
2689 5887 2850 5943 fratri
2875 5889 3121 5948 PAULINO
3151 5893 3424 5966 Duusus,
