4032 6306
245 329 351 384 657

1507 331 1981 390 DECRETALIUM
2017 333 2398 390 COLLECTIO.

3396 349 3404 353 ’
3511 351 3612 407 658

317 444 421 497 Per
446 442 629 498 ﬁlium
658 459 853 498 meum
876 444 1110 499 Vitalem
1140 444 1211 499 ad
1231 447 1288 499 te
1309 442 1516 515 scripta
1535 442 1872 511 direxeram,
1899 453 1958 527 Α
1979 442 2410 499 thematizamus
2455 459 2549 498 eos
2599 446 2700 517 qui
2747 446 2886 503 duos
2927 448 3073 505 ﬁlios
3109 458 3385 522 asserunt,
3427 473 3611 513 unum

250 540 364 590 tua:
387 535 659 592 voluntati
687 543 743 594 et
773 542 874 594 tuo
900 538 1118 610 judicio
1152 537 1345 594 omnia
1369 535 1790 610 derelinquens,
1821 540 1879 591 et

250 647 352 701 per
371 633 598 686 Petrum
620 633 1016 704 presbyterum
1038 632 1422 688 indicaveram
1444 648 1537 686 me
1557 632 1617 687 in
1637 631 1876 687 articulo

239 723 361 794 jam
406 726 768 796 perfectionis
805 726 927 798 ejus
960 727 1152 799 aliqua
1192 743 1258 780 ex
1306 730 1467 798 parte
1507 730 1875 781 commotum.

247 818 411 875 Unde
444 825 506 876 ut
528 820 717 875 nullus
748 821 850 876 tibi
877 821 1173 892 scrupulus
1206 819 1502 887 resideret,
1530 837 1602 875 ne
1625 821 1878 876 volentes

249 914 485 968 forsitan
515 914 776 970 Ecclesiae
805 914 1060 987 copulari
1083 919 1177 969 tua
1208 914 1396 969 cautio
1424 914 1753 984 praeblauda
1773 913 1879 968 dif-

249 1008 428 1063 ferret
467 1007 662 1077 fidem,
704 1008 968 1064 misimus
1009 1013 1284 1076 nostram,
1313 1012 1429 1062 tam
1477 1007 1598 1076 tibi,
1631 1007 1729 1079 qui
1758 1007 1878 1079 ejus
1909 983 1928 1062 μί’

247 1101 380 1156 fidei
421 1102 936 1174 communionique
975 1102 1230 1168 sociaris,
1261 1119 1436 1173 quam
1476 1101 1563 1155 his
1597 1101 1694 1173 qui
1720 1101 1781 1156 in
1811 1118 1879 1156 ea

250 1195 665 1252 subscribentes
696 1195 799 1251 tibi
826 1201 882 1251 et
905 1196 1067 1251 nobis
1097 1212 1202 1268 per
1239 1199 1294 1251 te
1323 1197 1628 1251 voluerunt
1655 1195 1874 1262 sociari,

249 1288 613 1345 dilectissime
641 1290 838 1345 frater.
871 1291 1234 1361 Quapropter
1257 1289 1304 1344 si
1336 1288 1698 1360 supradictus
1729 1287 1878 1343 ﬁlius

248 1398 414 1436 meus
460 1383 650 1439 Vitalis
693 1386 750 1438 et
795 1383 857 1438 hi
900 1383 998 1455 qui
1033 1400 1165 1438 cum
1201 1399 1270 1438 eo
1307 1385 1439 1437 sunt
1464 1381 1567 1438 tibi
1596 1381 1880 1438 voluerint

247 1476 577 1547 aggregari,
623 1476 876 1549 primum
924 1477 1093 1534 debet
1131 1477 1190 1532 in
1235 1494 1304 1532 ea
1349 1475 1714 1550 expeditione
1746 1475 1877 1532 fidei

246 1569 600 1626 subscribere
639 1587 767 1643 quas
803 1571 957 1643 apud
997 1571 1243 1627 Nicaeam
1283 1570 1379 1642 pia
1410 1572 1639 1627 Patrum
1670 1569 1874 1626 volun-

243 1665 362 1719 tate
391 1664 620 1720 ﬁrmata
653 1668 758 1719 est.

316 1759 357 1813 Ι.
385 1757 619 1828 Deinde,
636 1757 914 1831 quoniam
933 1775 1103 1815 nemo
1125 1759 1314 1830 potest
1333 1757 1538 1813 futuris
1549 1758 1877 1814 vulneribus

245 1851 520 1906 adhibere
566 1852 935 1923 medicinam,
967 1853 1197 1908 haeresis
1237 1853 1576 1908 eradicanda
1605 1858 1709 1923 est,
1749 1821 1954 1925 quaeB

245 1948 444 2016 postea
462 1945 524 2002 in
557 1946 786 2002 Oriente
807 1946 1015 2002 dicitur
1035 1946 1370 2018 pullulasse;
1393 1947 1451 2001 id
1476 1950 1580 2016 est,
1609 1946 1880 2010 confiten-

247 2038 354 2092 dus
373 2043 459 2093 est
486 2039 607 2112 ipse
638 2039 930 2111 sapientiae
961 2041 1150 2109 Filius,
1177 2040 1277 2094 Dei
1305 2041 1524 2110 Sermo,
1559 2040 1878 2096 humanum

245 2133 558 2205 suscepisse
604 2150 834 2206 corpus,
882 2133 1158 2202 animam,
1201 2150 1450 2203 sensum,
1492 2134 1548 2188 id
1597 2139 1682 2189 est
1730 2135 1877 2190 inte-

247 2242 416 2297 grum
448 2227 629 2282 Adam
659 2231 735 2296 et,
766 2230 828 2282 ut
853 2228 1171 2300 expressius
1199 2227 1400 2298 dicam,
1423 2231 1610 2283 totum
1625 2232 1877 2284 veterem

245 2322 508 2374 nostrum
558 2321 676 2376 sine
718 2325 950 2392 peccato
993 2321 1309 2377 hominem.
1345 2321 1501 2377 Sicut
1543 2321 1696 2377 enim
1737 2338 1874 2377 con-

247 2413 473 2468 fitentes
499 2430 633 2468 eum
663 2415 988 2471 humanum
1014 2432 1220 2487 corpus
1247 2414 1576 2488 suscepisse,
1609 2431 1729 2471 non
1761 2420 1876 2471 sta-

245 2507 353 2562 tim
383 2506 432 2562 ei
463 2511 520 2562 et
545 2508 832 2564 humanas
856 2510 1125 2565 vitiorum
1159 2509 1531 2581 adjungimus
1560 2509 1874 2581 passiones,

244 2601 320 2656 ita
345 2603 405 2656 et
423 2600 676 2660 dicentes
697 2619 829 2658 eum
853 2604 1163 2676 suscepisse
1184 2608 1243 2661 et
1261 2603 1512 2660 hominis
1536 2604 1795 2660 animam
1821 2608 1880 2660 et

245 2711 502 2764 sensum,
534 2713 649 2751 non
679 2697 872 2752 statim
899 2697 1138 2754 dicimus
1164 2702 1221 2754 et
1240 2697 1655 2770 cogitationum
1679 2698 1879 2754 huma-

245 2805 454 2844 narum
488 2790 829 2861 subjacuisse
860 2797 1112 2863 peccato.

317 2884 380 2938 Il.
413 2882 472 2938 Si
515 2883 642 2955 quis
684 2888 876 2940 autem
927 2885 1134 2941 dixerit
1173 2886 1422 2941 Verbum
1468 2902 1571 2958 pro
1617 2887 1875 2943 humano

247 2993 417 3032 sensu
447 2977 509 3032 in
537 2978 762 3034 Domini
794 2995 961 3035 carne
981 2981 1454 3051 versatum,hunc
1480 2980 1750 3036 catholica
1771 2983 1873 3036 Ec-

249 3070 414 3126 clesia
441 3072 902 3141 anathematizat,
926 3087 1151 3130 necnon
1175 3077 1234 3129 et
1253 3091 1348 3130 eos
1370 3074 1470 3146 qui
1495 3074 1636 3130 duos
1665 3075 1723 3129 in
1753 3075 1874 3130 Sal-

247 3170 441 3221 vatore
469 3165 611 3221 ﬁlios
636 3167 995 3235 confitentur,
1024 3168 1083 3222 id
1115 3171 1202 3222 est
1234 3185 1412 3223 unum
1448 3172 1581 3223 ante
1613 3169 1872 3224 incarna-
1897 3195 1953 3268 Ο

243 3261 486 3328 tionem,
513 3263 572 3315 et
599 3260 766 3315 aliter
791 3266 920 3332 post
954 3261 1406 3333 assumptionem
1444 3262 1626 3317 carnis
1652 3279 1721 3318 ex
1751 3263 1874 3317 Vir-

246 3354 399 3423 gine,
420 3353 523 3408 sed
548 3355 815 3409 eumdem
836 3355 935 3410 Dei
964 3355 1193 3424 Filium,
1209 3359 1268 3410 et
1287 3360 1417 3411 ante
1435 3360 1491 3411 et
1512 3361 1709 3428 postea
1736 3373 1875 3411 eon-

244 3446 521 3502 ﬁteantur
541 3447 867 3519 quicunque
884 3449 1016 3504 huic
1041 3447 1297 3521 epistolae
1320 3449 1670 3505 subscribere
1691 3450 1880 3506 volue-

244 3540 380 3608 rint,
409 3541 493 3596 ita
538 3543 736 3596 tamen
779 3547 845 3597 ut
884 3543 928 3596 si
962 3546 1019 3597 et
1049 3544 1110 3597 in
1149 3543 1535 3598 ecclesiasticis
1569 3544 1877 3599 canonibus

244 3651 386 3706 quos
412 3634 626 3707 optime
651 3634 821 3704 nosti,
855 3640 912 3692 et
951 3635 1010 3691 in
1052 3636 1336 3692 Nicaenam
1369 3637 1541 3693 ﬁdem
1570 3641 1701 3693 ante
1739 3638 1874 3693 sub-

243 3727 593 3800 scripserint,
623 3730 776 3786 hunc
804 3730 1005 3786 debeas
1033 3730 1247 3802 absque
1275 3730 1466 3803 aliqua
1501 3731 1877 3802 ambiguitate

245 3823 552 3894 suscipere.
580 3823 703 3879 Non
729 3825 884 3897 quod
909 3825 1035 3880 haec
1072 3824 1198 3896 ipsa
1233 3841 1362 3896 quae
1387 3841 1494 3880 nos
1523 3825 1873 3897 scripsimus,

242 3933 361 3973 non
403 3917 725 3988 poterimus
763 3919 1222 3975 convertentium
1274 3918 1619 3991 susceptioni
1664 3936 1876 3992 propo-

244 4026 402 4077 nere,
456 4011 554 4067 sed
596 4012 751 4084 quod
796 4013 897 4068 tibi
944 4029 1252 4069 consensus
1297 4016 1488 4069 noster
1528 4013 1774 4070 liberum
1817 4015 1874 4070 in

246 4105 608 4178 suscipiendo
634 4107 845 4163 tribuat
869 4107 1212 4181 exemplum.
1757 4183 1785 4210 κ

514 4256 767 4324 Synodus
793 4260 1033 4315 Romana
1061 4258 1159 4313 sub
1188 4259 1419 4313 Damaso
1436 4274 1608 4329 papa.

314 4393 452 4446 Post
488 4389 776 4446 Nicaenum
814 4391 1117 4447 concilium
1162 4392 1316 4447 aliud
1352 4393 1410 4447 in
1449 4393 1592 4447 urbe
1616 4394 1879 4448 Romana

243 4489 443 4556 postea
475 4487 886 4556 congregatum
912 4489 1017 4554 est,
1041 4503 1154 4558 quo
1177 4485 1433 4541 catholici
1456 4485 1702 4558 episcopi
1723 4486 1880 4542 addi-

1978 540 2109 591 ante
2142 538 2364 605 saecula,
2392 540 2450 592 et
2488 539 2733 594 alterum
2767 546 2900 612 post
2934 546 3394 618 assumptionem
3425 553 3611 607 carnis

1980 646 2052 684 ex
2088 629 2340 702 Virgine.
2369 633 2936 692 Anathematizamus
2972 653 3066 694 eos
3102 641 3202 711 qui
3229 657 3332 714 pro
3358 643 3609 703 hominis

1978 723 2176 778 anima
2194 723 2457 780 rationali
2479 730 2537 780 et
2555 726 2903 800 intelligibili
2927 731 3123 788 dicunt
3149 735 3248 790 Dei
3281 737 3528 794 Verbum
3548 740 3610 795 in

1978 816 2232 872 humana
2261 833 2430 873 carne
2459 824 2746 877 versatum
2770 839 2900 878 cum
2919 824 3041 896 ipse
3070 827 3242 882 Filius
3265 829 3337 886 sit
3360 832 3610 889 Verbum

1979 910 2100 978 Dei,
2136 913 2193 964 et
2234 927 2338 982 pro
2381 912 2572 969 anima
2625 915 2886 972 rationali
2935 923 2993 974 et
3030 920 3378 994 intelligibili
3407 925 3467 980 in
3508 945 3609 982 suo

1979 1019 2214 1076 corpore
2263 1004 2454 1076 fuerit,
2486 1007 2584 1063 sed
2625 1013 2899 1082 nostram,
2927 1012 2988 1068 id
3035 1017 3140 1086 est,
3172 1016 3511 1074 rationalem
3552 1025 3611 1076 et

1979 1097 2403 1170 intelligibilem
2435 1099 2555 1157 sine
2574 1108 2810 1174 peccato
2833 1105 3082 1164 animam
3107 1112 3417 1183 susceperit
3436 1118 3609 1187 atque

1979 1191 2296 1248 salvaverit.
2361 1195 2912 1255 Anathematizamus
2969 1217 3062 1257 eos
3116 1205 3214 1276 qui
3263 1221 3461 1262 verum
3512 1209 3610 1264 Dei

1979 1284 2184 1340 Filium
2209 1287 2541 1344 extensione
2560 1292 2658 1344 aut
2683 1293 3015 1349 collectione
3041 1300 3097 1352 et
3121 1313 3153 1351 a
3178 1298 3340 1354 Patre
3372 1317 3606 1372 separa-

1978 1381 2103 1434 tum
2147 1378 2207 1435 in
2252 1379 2667 1440 substantivum
2709 1389 2767 1441 et
2802 1385 2864 1441 in
2901 1387 3078 1443 ﬁnem
3119 1389 3448 1449 habiturum
3487 1411 3607 1452 esse

1977 1473 2355 1530 contendunt.
2406 1476 2464 1532 Si
2510 1477 2638 1549 quis
2682 1496 2798 1534 non
2848 1480 3057 1538 dixerit
3093 1499 3318 1557 semper
3357 1488 3602 1558 Patrem,

1979 1583 2208 1639 semper
2227 1567 2450 1638 Filium,
2465 1586 2694 1643 semper
2708 1573 2980 1645 Spiritum
2999 1581 3280 1646 sanctum,
3301 1582 3608 1639 anathema

1976 1659 2066 1714 sit.
2102 1659 2160 1716 Si
2202 1661 2330 1733 quis
2363 1679 2482 1719 non
2527 1664 2731 1721 dixerit
2768 1667 2972 1723 Filium
3007 1672 3206 1726 natum
3237 1671 3308 1728 de
3336 1674 3520 1744 Patre,
3549 1676 3607 1732 id

1979 1757 2066 1808 est
2085 1754 2155 1809 de
2185 1755 2502 1812 substantia
2534 1757 2724 1814 divina
2747 1759 2942 1832 ipsius,
2970 1764 3272 1820 anathema
3291 1763 3463 1823 sitJSi
3483 1769 3610 1841 quis

1978 1863 2094 1903 non
2141 1847 2348 1905 dixerit
2383 1850 2634 1908 Verbum
2674 1853 2902 1910 Domini
2937 1855 3160 1926 Filium,
3195 1859 3295 1914 Dei
3321 1862 3519 1931 Deum,
3552 1869 3610 1919 et

1980 1941 2176 1998 omnia
2200 1960 2366 2015 posse
2399 1947 2459 2000 et
2479 1946 2633 2001 Patri
2656 1947 2959 2020 aequalem,
2975 1951 3284 2008 anathema
3299 1954 3388 2010 sit.
3410 1955 3467 2011 Si
3483 1957 3608 2028 quis

1980 2035 2180 2091 dixerit
2227 2038 2377 2109 quod
2419 2039 2480 2094 in
2522 2056 2692 2096 carne
2739 2041 3078 2099 constitutus
3115 2045 3284 2102 Filius
3329 2048 3432 2103 Dei
3475 2066 3606 2105 cum

1978 2133 2122 2184 esset
2155 2130 2214 2184 in
2253 2135 2429 2202 terra,
2459 2133 2520 2187 in
2563 2134 2716 2189 caelis
2761 2153 2892 2191 eum
2921 2138 3087 2194 Patre
3131 2155 3250 2194 non
3292 2146 3435 2211 erat,
3463 2159 3603 2198 ana-

1978 2222 2173 2276 thema
2217 2223 2307 2278 sit.
2341 2225 2397 2280 Si
2440 2226 2565 2298 quis
2610 2227 2812 2284 dixerit
2853 2230 3099 2303 quodin
3133 2232 3395 2303 passione
3425 2237 3606 2292 crucis

1979 2314 2233 2371 dolorem
2261 2318 2528 2374 sustinuit
2555 2319 2724 2375 Filius
2761 2323 2855 2377 Dei
2890 2324 3057 2393 Deus,
3085 2329 3142 2381 et
3167 2342 3282 2381 non
3308 2343 3441 2382 caro
3472 2346 3603 2384 cum

1979 2408 2174 2464 anima
2197 2426 2371 2481 quam
2399 2412 2666 2469 induerat
2689 2436 2717 2464 ι(
2737 2415 2797 2470 in
2815 2416 3000 2472 forma
3019 2418 3166 2473 servi
3186 2435 3362 2491 quam
3383 2421 3489 2477 sibi
3509 2440 3603 2478 ac-

1979 2505 2220 2574 ceperat,
2251 2504 2394 2560 sicut
2421 2506 2500 2560 ait
2537 2507 2830 2579 Scriptura
2861 2510 3020 2580 (th‘l.
3051 2528 3112 2578 ιι,
3135 2515 3209 2583 7),
3241 2535 3270 2562 ››
3297 2516 3606 2572 anathema

1978 2595 2067 2649 sit.
2096 2595 2152 2651 Si
2187 2597 2312 2668 quis
2349 2614 2465 2653 non
2501 2600 2725 2671 dixerit,
2760 2603 2914 2674 quod
2956 2603 3016 2659 in
3053 2621 3223 2661 carne
3253 2629 3279 2656 «
3311 2624 3483 2680 quam
3511 2627 3604 2665 as-

1978 2689 2218 2761 sumpsit
2245 2690 2517 2761 Christus,
2546 2693 2706 2750 sedet
2730 2695 2801 2750 ad
2839 2696 3130 2753 dexteram
3167 2700 3366 2769 Patris,
3393 2701 3454 2756 in
3495 2719 3605 2774 qua

1977 2787 2249 2838 venturus
2263 2788 2348 2841 est
2353 2785 2610 2868 judicare
2624 2788 2777 2844 vivos
2798 2794 2855 2845 et
2872 2794 3130 2847 mortuos
3146 2792 3220 2864 (Π
3232 2795 3366 2849 Tim.
3381 2811 3457 2863 ιν,
3481 2799 3550 2867 l),
3576 2819 3604 2847 ››

1979 2878 2286 2933 anathema
2317 2878 2487 2964 sitQSi
2517 2880 2643 2952 quis
2668 2898 2784 2938 non
2814 2883 3024 2939 dixerit
3050 2885 3322 2957 Spiritum
3349 2893 3607 2945 sanctum

1978 2969 2048 3025 de
2067 2972 2232 3026 Patre
2254 2989 2376 3029 esse
2403 2990 2535 3030 vere
2568 2991 2633 3030 ac
2657 2976 2888 3049 proprie
2909 2978 3056 3034 sicut
3080 2979 3285 3036 Filium
3311 2980 3383 3036 de
3413 2982 3606 3040 divina

1977 3063 2292 3120 substantia
2334 3071 2390 3122 et
2433 3068 2615 3124 Deum
2654 3086 2875 3141 verum,
2909 3073 3214 3129 anathema
3258 3074 3348 3130 sit.
3379 3075 3437 3132 Si
3480 3076 3605 3148 quis

1977 3174 2093 3212 non
2123 3159 2330 3215 dixerit
2369 3163 2560 3217 omnia
2596 3179 2758 3234 posse
2788 3164 3066 3237 Spiritum
3098 3171 3377 3237 sanctum,
3411 3171 3607 3226 omnia

1976 3267 2163 3319 nosse,
2195 3257 2253 3308 et
2279 3253 2491 3326 ubique
2520 3271 2642 3310 esse
2670 3257 2815 3312 sicut
2851 3259 3076 3314 Patrem
3111 3266 3168 3315 et
3200 3261 3425 3332 Filium,
3460 3280 3601 3318 ana-

1976 3345 2170 3400 thema
2195 3345 2288 3402 sit.
2318 3347 2378 3403 Si
2411 3348 2540 3419 quis
2565 3349 2776 3406 dixerit
2810 3351 3088 3423 Spiritum
3126 3359 3384 3412 sanctum
3422 3357 3605 3413 factu-

1977 3454 2120 3507 ram,
2148 3443 2246 3494 aut
2266 3456 2300 3494 a
2327 3439 2465 3496 Filio
2507 3442 2740 3512 factum,
2770 3445 3080 3502 anathema
3115 3447 3205 3502 sit.
3239 3449 3292 3504 Si
3333 3450 3459 3521 quis
3487 3466 3607 3506 non

1977 3531 2181 3587 dixerit
2206 3533 2398 3588 omnia
2427 3550 2531 3605 per
2568 3536 2773 3592 Filium
2809 3541 2867 3592 et
2903 3539 3178 3610 Spiritum
3213 3545 3468 3597 sanctum
3496 3545 3602 3599 Pa-

1975 3630 2123 3680 trem
2148 3626 2368 3695 fecisse,
2390 3626 2451 3682 id
2475 3631 2579 3697 est,
2607 3629 2846 3686 visibilia
2873 3636 2929 3687 et
2955 3633 3275 3706 invisibilia,
3300 3637 3606 3694 anathema

1978 3718 2068 3773 sit.
2098 3719 2158 3774 Si
2193 3719 2320 3792 quis
2352 3737 2473 3777 non
2511 3722 2733 3792 dixerit,
2763 3725 2962 3796 Patris,
2996 3731 3055 3782 et
3097 3726 3240 3799 Filii,
3271 3732 3330 3784 et
3363 3729 3604 3802 Spiritus

1977 3812 2158 3867 sancti
2185 3830 2362 3869 unam
2382 3814 2759 3887 divinitatem,
2782 3819 3114 3891 potentiam,
3141 3837 3321 3878 unam
3342 3823 3602 3895 gloriam,

1978 3905 2460 3978 dominationem,
2485 3926 2666 3966 unum
2691 3927 2935 3984 regnum
2962 3918 3135 3987 atque
3156 3932 3331 3972 unam
3357 3918 3608 3974 volunta-

1975 4003 2095 4055 tem
2121 4017 2187 4056 ac
2215 4002 2533 4073 veritatem,
2562 4006 2871 4063 anathema
2904 4008 2996 4064 sit.
3029 4009 3090 4064 Si
3116 4011 3244 4081 quis
3269 4014 3384 4067 tres
3412 4028 3605 4084 perso-

1977 4110 2082 4149 nas
2111 4111 2228 4150 non
2257 4095 2464 4153 dixerit
2486 4114 2646 4155 veras
2673 4100 2856 4156 Patris
2882 4104 2940 4156 et
2965 4102 3092 4158 Filii
3127 4108 3184 4160 et
3212 4103 3451 4177 Spiritus
3483 4123 3608 4162 san-

1977 4189 2050 4243 cti
2076 4189 2325 4262 aequales
2361 4207 2592 4264 semper
2612 4193 2881 4264 jubentes
2915 4197 3127 4265 omnia,
3160 4203 3219 4252 et
3247 4199 3607 4256 continentes

1976 4281 2216 4338 visibilia
2247 4287 2303 4338 et
2326 4284 2649 4356 invisibilia,
2674 4288 3120 4360 omnipotentes,
3144 4291 3340 4348 omnia
3352 4292 3607 4364 judican-

1977 4377 2078 4444 tes,
2105 4375 2296 4431 omnia
2330 4376 2702 4449 viviﬁcantes,
2733 4383 2929 4437 omnia
2955 4383 3247 4456 facientes,
3271 4385 3463 4442 omnia
3495 4388 3604 4442 sal-

1977 4473 2192 4537 vantes,
2230 4471 2538 4528 anathema
2572 4473 2662 4528 sit.
2701 4475 2757 4532 Si
2787 4477 2913 4548 quis
2937 4492 3055 4533 non
3086 4478 3296 4534 dixerit
3330 4479 3607 4550 Spiritum

245 4578 456 4633 derunt
481 4579 551 4633 de
581 4579 794 4649 Spiritu
821 4583 1037 4647 sancto,
1071 4579 1207 4651 quia
1235 4584 1435 4651 postea
1474 4580 1520 4633 is,
1558 4597 1719 4635 error
1747 4581 1875 4636 ίηο,
1898 4568 1956 4641 D
1979 4565 2241 4618 sanctum
2266 4564 2623 4622 adorandum
2647 4568 2718 4624 ab
2750 4570 2908 4625 omni
2937 4574 3223 4640 creatura,
3259 4571 3402 4627 sicut
3431 4575 3488 4628 et
3515 4572 3604 4628 Fi-

243 4671 377 4726 levit
397 4676 462 4726 ut
486 4672 716 4743 quidam
744 4689 842 4727 ore
875 4673 1149 4745 sacrilego
1177 4672 1457 4728 auderent
1486 4673 1672 4728 dicere
1708 4674 1881 4744 Spiri-

247 4770 370 4820 tum
417 4767 676 4820 sanctum
720 4767 937 4821 factum
980 4783 1101 4822 esse
1146 4783 1250 4838 per
1291 4765 1514 4821 Filium.
1548 4767 1705 4823 Unde
1737 4784 1877 4822 ana-

245 4859 678 4914 thematizamus
728 4877 928 4915 omnes
976 4859 1074 4932 qui
1115 4877 1231 4915 non
1281 4864 1403 4915 tota
1450 4861 1706 4916 libertate
1741 4878 1878 4933 pro-

248 4953 502 5009 clamant
549 4969 682 5008 eum
718 4970 850 5008 cum
890 4956 1056 5009 Patre
1103 4956 1161 5011 et
1203 4954 1344 5009 Filio
1372 4954 1545 5009 unius
1581 4955 1880 5026 potestatis

248 5063 369 5101 esse
392 5053 566 5118 atque
585 5047 939 5103 substantiae.
953 5047 1516 5104 Anathematizamus
1535 5065 1763 5121 quoque
1785 5066 1881 5104 eos

248 5140 343 5210 qui
375 5139 608 5195 Sabellii
649 5144 969 5212 sequuntur
1008 5157 1286 5210 errorem,
1319 5142 1588 5198 eumdem
1629 5142 1882 5198 dicentes

244 5234 470 5289 Patrem
521 5249 641 5290 esse
694 5250 868 5306 quem
932 5240 988 5290 et
1039 5235 1261 5289 Filium.
1318 5237 1883 5292 Auathematizamus

243 5327 441 5383 Arium
480 5331 652 5399 atque
693 5328 1061 5397 Eunomium,
1097 5329 1194 5400 qui
1237 5329 1363 5400 pari
1400 5329 1718 5400 impietate,
1753 5330 1884 5386 licet

245 5437 514 5476 sermone
543 5420 824 5489 dissimili,
863 5422 1070 5477 Filium
1110 5427 1166 5477 et
1202 5422 1477 5494 Spiritum
1508 5426 1769 5478 sanctum
1800 5441 1883 5478 as-

247 5517 445 5569 serunt
471 5531 592 5570 esse
620 5519 928 5570 creaturas.
954 5515 1513 5571 Anathematizamus
1540 5503 1885 5572 Macedonia-

247 5624 370 5677 nos,
392 5607 494 5680 qui
520 5607 590 5663 de
615 5607 734 5663 Arii
763 5609 941 5681 stirpe
965 5609 1260 5664 venientes
1280 5625 1396 5664 non
1424 5609 1726 5681 perﬁdiam
1753 5627 1883 5665 mu-

245 5705 532 5771 taverunt,
577 5703 675 5758 sed
722 5719 954 5760 nomen.
986 5703 1547 5760 Anathematizamus
1588 5704 1894 5774 Fotinum,

249 5796 344 5867 qui
365 5795 598 5852 Ebionis
623 5796 887 5853 hmresim
916 5797 1213 5866 instaurat,
1236 5797 1334 5870 qui
1362 5797 1666 5854 Dominum
1691 5799 1882 5855 Iesum

246 5889 538 5948 Christum
567 5895 791 5948 tantum
825 5909 892 5950 ex
927 5891 1099 5950 Maria
1122 5891 1354 5964 Virgine
1381 5892 1708 5951 confitetur.
1737 5894 1882 5949 Ana-

1981 4657 2140 4727 lium,
2172 4660 2227 4713 ct
2256 4660 2502 4728 Patrem,
2533 4663 2843 4719 anathema
2879 4664 2971 4721 sit.
3001 4664 3056 4721 Si
3083 4666 3210 4737 quis
3246 4666 3317 4721 de
3346 4667 3510 4722 Patre
3551 4670 3611 4722 et

1986 4751 2122 4807 Filio
2159 4753 2306 4813 bene
2351 4754 2611 4826 senserit,
2656 4756 2727 4812 de
2769 4757 2981 4829 Spiritu
3021 4762 3213 4816 autem
3258 4761 3448 4815 sancto
3487 4777 3606 4816 non

1981 4853 2135 4908 recte
2160 4850 2446 4923 habuerit,
2475 4851 2782 4907 haereticus
2812 4857 2914 4907 est.

1981 5001 2228 5072 Epistola
2263 5003 2484 5057 Damasi
2513 5016 2678 5072 papae
2703 5001 2777 5056 ad
2804 5003 3193 5071 Hieronymum
3212 5003 3607 5074 presbyterum.

2053 5136 2304 5193 DAMASUS
2343 5135 2658 5206 episcopus,
2686 5135 2850 5190 fratri
2889 5138 2947 5190 et
2988 5137 3449 5210 comprcsbytero
3476 5139 3608 5196 HIE-

1983 5245 2221 5300 noxvvuo,
2251 5229 2311 5285 in
2339 5229 2580 5285 Domino
2606 5229 2868 5285 salutem.

2056 5325 2199 5379 Dum
2253 5324 2431 5379 multa
2481 5339 2721 5394 corpora
2759 5323 3042 5380 librorum
3086 5325 3148 5382 in
3199 5343 3330 5384 meo
3378 5327 3611 5384 arbitrio

1985 5419 2170 5474 oblata
2195 5418 2454 5486 fuissent,
2485 5417 2725 5489 contigit
2751 5422 2814 5474 ut
2839 5422 2896 5475 et
2931 5419 3143 5476 librum
3168 5421 3524 5480 Psalmorum
3552 5423 3612 5478 in

1983 5529 2111 5568 meo
2151 5512 2342 5567 animo
2383 5512 2618 5568 festinus
2657 5528 3064 5585 cognoscerem
3089 5515 3354 5584 detineri,
3386 5520 3443 5572 et
3485 5531 3609 5571 me-

1982 5605 2230 5662 moriam
2273 5606 2604 5678 capacitatis
2644 5623 2792 5663 mea:
2831 5607 3094 5665 imbuere
3139 5609 3400 5682 cogitavi,
3433 5607 3612 5664 frater

1983 5699 2369 5757 amantissime
2395 5703 2452 5756 et
2480 5700 2540 5757 in
2565 5700 2788 5758 Christo
2810 5719 3038 5776 semper
3064 5703 3346 5770 sacerdos,
3367 5717 3511 5772 rogo
3534 5705 3609 5770 te,

1985 5798 2049 5851 ut
2086 5795 2398 5851 secundum
2433 5795 2800 5868 septuaginta
2838 5797 3199 5867 interpretes,
3234 5799 3291 5851 et
3318 5795 3608 5868 presbyte-

1982 5907 2096 5962 ros,
2152 5889 2213 5946 id
2258 5893 2365 5963 est,
2404 5890 2715 5960 Matthiam,
2765 5896 2820 5946 et
2866 5890 3277 5956 Tholomaeum,
3323 5889 3608 5946 Muchium
