4032 6290
397 317 498 372 659

397 520 743 591 inquantlim
774 524 873 574 tua
904 522 1110 590 poterit
1139 520 1483 575 conscientia
1509 523 1577 576 de
1605 539 1728 591 1.xx,
1763 522 2021 576 invenire

396 617 636 688 vestigia
654 615 818 672 nobis
841 617 1205 671 transmittas.
1236 617 1368 670 Peto
1396 616 1568 670 etiam
1599 619 1755 670 tuam
1785 617 2024 670 Charita-

395 714 532 778 tem,
557 717 637 777 ut,
661 711 804 764 sicut
822 728 853 764 a
873 716 1090 765 rectore
1114 714 1209 764 tuo
1234 711 1554 765 Alexandro
1583 711 1919 780 coepiscopo
1946 709 2026 764 di-

398 802 600 868 dicisti,
629 804 967 873 Gregorium
1007 804 1364 874 psallentiam
1395 805 1467 858 ad
1507 821 1610 857 nos
1652 802 1898 874 dirigere
1925 806 2026 858 tua

393 897 719 951 fraternitas
746 897 1076 965 delectetur,
1095 898 1229 968 quia
1255 901 1430 952 tantae
1453 899 1602 969 apud
1629 913 1732 952 nos
1760 897 2027 968 simplici-

394 990 528 1043 tatis
547 991 756 1061 indago
775 995 876 1057 est,
911 995 972 1044 ut
997 995 1220 1046 tantum
1252 991 1310 1046 in
1339 992 1428 1046 die
1461 991 1756 1046 Dominico
1788 991 2023 1062 apostoli

397 1083 634 1152 epistola
659 1101 774 1138 una
800 1084 1088 1153 recitetur,
1113 1090 1168 1139 et
1197 1085 1482 1156 Evangelii
1510 1085 1819 1156 capitulum
1843 1101 2025 1138 unum

397 1177 637 1246 dicatur,
665 1195 768 1232 nec
795 1179 1072 1248 psallendi
1097 1195 1222 1232 mos
1237 1183 1485 1248 tenetur,
1505 1195 1609 1233 nec
1636 1180 1834 1249 hymni
1857 1179 2026 1234 decus

398 1270 457 1324 in
502 1277 695 1326 nostro
734 1288 831 1326 ore
876 1273 1260 1343 cognoscitur.
1290 1275 1423 1326 Peto
1466 1289 1604 1342 ergo
1649 1290 1755 1344 per
1788 1274 2026 1328 fratrem

399 1365 929 1436 compresbyterum
963 1368 1219 1420 nostrum
1255 1365 1704 1448 Bonifacium,ut
1725 1367 1892 1420 libeat
1922 1368 2028 1420 fra-

396 1457 652 1512 ternitati
700 1460 815 1512 tua:
862 1458 1028 1513 nobis
1069 1459 1291 1530 aperire
1333 1459 1584 1530 vestigia.
1627 1459 1789 1513 Missa
1826 1461 2026 1530 quinto

401 1551 634 1607 Kalend.
663 1552 933 1608 Novemb.
963 1569 1067 1624 per
1096 1553 1448 1608 Bonifacium
1474 1553 1873 1624 presbyterum
1906 1553 2029 1608 Hie-

401 1661 730 1715 ronymum.

404 1774 739 1844 Rescriptum
775 1776 1089 1842 Hieronymi
1126 1775 1429 1846 presbyteri
1466 1776 1539 1830 ad
1586 1779 1876 1831 Damasum
1922 1793 2025 1846 pa-

469 1861 620 1914 pam,
653 1846 747 1898 ubi
782 1850 1024 1914 suggerit
1064 1847 1131 1900 de
1171 1847 1358 1900 Gloria
1384 1846 1558 1911 Patri,
1588 1852 1638 1900 et
1675 1847 1935 1911 Alleluia,
1970 1850 2029 1900 in

473 1919 579 1984 ﬁne
616 1918 945 1985 psalmorum
993 1919 1144 1988 apud
1192 1920 1486 1973 Romanam
1513 1919 1806 1974 Ecclesiam
1850 1921 2027 1972 conci-

474 1988 667 2041 uendo.

476 2103 807 2158 Beatissimo
859 2120 1020 2175 papae
1063 2105 1280 2159 DAMASO
1323 2105 1471 2159 sedis
1511 2105 1836 2176 apostolicae
1877 2106 2033 2160 urbis

405 2199 600 2252 Romae
626 2198 997 2252 HIERONYML‘S.

475 2291 721 2361 Supplex
750 2291 864 2362 legi
891 2291 1111 2346 litteras
1139 2292 1483 2362 apostolatus
1506 2290 1678 2346 vestri
1711 2296 2030 2361 poscentes,

405 2385 718 2439 secundum
750 2384 1169 2456 simplicitatem
1196 2385 1321 2440 LXX
1342 2387 1744 2456 lnterpretum,
1765 2401 2030 2452 canones,

403 2478 905 2549 psalmographum
936 2478 1306 2549 interpretari
1333 2479 1593 2534 festinem
1625 2481 1859 2550 propter
1883 2479 2036 2534 fasti-

404 2571 558 2625 dium
590 2572 978 2626 Romanorum
1011 2575 1073 2626 ut
1105 2572 1201 2626 ubi
1233 2572 1548 2627 obscuritas
1576 2572 1836 2643 impedit,
1867 2589 2032 2643 aper-

403 2666 515 2718 tius
540 2668 598 2719 et
621 2666 811 2719 Graece
837 2667 893 2720 et
921 2665 1116 2722 Latine
1149 2666 1416 2721 trahatur
1441 2681 1657 2720 sensus.
1688 2666 1875 2720 Cliens
1899 2682 2033 2737 pre-

403 2763 567 2812 catur
595 2775 734 2828 ergo
769 2762 902 2813 tuus
926 2763 991 2813 ut
1020 2777 1130 2814 vox
1160 2759 1266 2814 ista
1299 2759 1668 2830 psallentium
1690 2759 1749 2814 in
1779 2760 1910 2814 sede
1936 2763 2038 2814 tua
2063 2769 2066 2771 λ

407 2853 662 2906 Romana
710 2837 799 2907 die
848 2855 1131 2924 noctuque
1171 2856 1422 2922 canatur,
1450 2858 1506 2908 et
1532 2853 1590 2906 in
1629 2853 1803 2907 ﬁnem
1833 2853 2036 2924 psalmi

407 2944 710 3015 cujuslibet
735 2946 848 3000 sive
875 2946 1174 3000 matutinis
1210 2947 1298 3000 vel
1340 2946 1679 3016 vespertinis
1721 2946 1878 3000 horis
1910 2963 2040 3000 con-

402 3037 570 3109 jungi
594 3038 887 3110 praecipiat
913 3039 1261 3110 apostolatus
1282 3039 1363 3092 tui
1392 3039 1568 3093 ordo:
1599 3040 1784 3096 Gloria
1811 3042 1971 3094 Patri
1988 3045 2038 3095 et

1279 317 1561 374 APPEND.
1601 317 1690 373 AD
1729 318 1890 372 S/EC.
1933 317 2020 371 IX.
2052 345 2119 354 —-
2161 317 2408 372 lSlDORl
2448 316 2873 372 MERCATORIS

395 361 1028 531 Casium.*)ithronium
1062 425 1319 490 fratrem,
1349 425 1661 495 Simonem,
1682 431 1738 481 et
1766 431 2017 494 caeteros,
2043 434 2099 506 Α
2123 425 2328 480 minari
2370 426 2578 480 vertice
2613 425 2940 496 apostolico,
2980 424 3141 497 cujus
3176 428 3398 480 vetusta
3441 425 3764 481 sollicitudo

3658 319 3763 374 660

2125 523 2227 588 est,
2276 525 2390 574 tam
2421 519 2571 574 mala
2608 519 2897 585 damnare,
2949 535 3122 590 quam
3166 519 3417 574 revplare
3453 520 3762 576 laudanda.

2122 616 2382 688 Antiquis
2410 618 2566 675 enim
2598 617 2810 688 regulis
2829 616 3109 672 censitum
3137 621 3241 682 est,
3275 621 3335 671 ut
3355 617 3637 688 quidquid
3665 619 3768 673 ho-

2124 727 2254 765 rum
2298 710 2554 782 quamvis
2598 711 2656 764 in
2696 711 2930 765 remotis
2973 710 3062 764 vel
3110 709 3167 764 in
3209 710 3526 783 longinquo
3563 712 3767 783 positis

2123 808 2386 874 ageretur
2421 804 2740 875 provinciis,
2774 821 2884 858 non
2924 804 3081 876 prius
3111 805 3476 858 tractandum
3507 806 3595 859 vel
3619 806 3764 860 acci-

2124 897 2392 968 piendum
2425 898 2514 965 sit,
2537 897 2730 952 nisiad
2757 897 3016 951 notitiam
3041 899 3208 952 almae
3237 897 3384 952 sedis
3404 903 3604 952 vestrae
3625 899 3764 952 fuis-

2127 995 2209 1044 set
2235 991 2558 1057 deductum,
2594 995 2653 1044 ut
2681 991 2802 1061 ejus
2832 991 3164 1045 auctoritate
3183 991 3352 1061 juxta
3380 991 3533 1061 quod
3567 992 3770 1046 fuisset

2124 1085 2559 1156 pronuntiatum
2593 1085 2930 1151 ﬁrmaretur,
2963 1088 3021 1138 et
3055 1084 3278 1155 reliqua
3304 1084 3594 1139 multoties
3630 1085 3769 1140 talia

2128 1183 2184 1231 et
2210 1179 2300 1232 his
2325 1179 2550 1246 similia,
2577 1195 2703 1248 quas
2731 1195 2904 1248 super
2921 1177 3009 1232 his
3033 1178 3340 1232 constituta
3364 1181 3494 1232 sunt
3515 1196 3531 1247 ;
3558 1179 3768 1249 quibus

2127 1273 2174 1326 si
2200 1272 2394 1326 illicite
2422 1273 2632 1326 factum
2662 1276 2766 1338 est,
2801 1276 2862 1325 ut
2887 1288 3114 1342 semper
3140 1277 3338 1326 vestrae
3378 1271 3495 1326 sedi
3523 1288 3769 1327 consue-

2127 1366 2264 1421 tudo
2308 1365 2434 1432 fuit,
2489 1366 2828 1419 festinanter
2872 1365 3149 1419 occurrite
3189 1369 3244 1419 et
3273 1365 3361 1419 his
3399 1365 3662 1433 viriliter,
3708 1370 3775 1420 ut

2127 1463 2287 1531 pater
2331 1475 2433 1529 pro
2477 1458 2606 1513 ﬁliis
2647 1462 2950 1527 certantes,
2996 1461 3137 1512 state
3178 1458 3324 1512 sicut
3364 1459 3506 1512 bene
3554 1476 3587 1512 a
3616 1461 3771 1526 Jesu,

2128 1553 2246 1606 ﬁlio
2275 1552 2490 1621 Sirach,
2521 1551 2736 1605 dictum
2777 1555 2881 1618 est,
2909 1574 2935 1600 «
2976 1553 3164 1622 Usque
3191 1551 3260 1606 ad
3290 1550 3480 1623 162
3523 1556 3775 1606 mortem

2130 1650 2281 1701 certa
2311 1663 2414 1717 pro
2440 1645 2673 1699 veritate
2705 1648 2762 1698 et
2787 1661 3010 1715 semper
3039 1645 3310 1698 Dominus
3342 1647 3490 1698 Deus
3515 1648 3648 1699 tuus
3670 1662 3778 1716 pu-

2132 1740 2326 1812 gnabit
2351 1756 2453 1810 pro
2482 1743 2538 1792 te
2569 1738 2752 1807 (Eccli.
2793 1755 2867 1804 1v,
2899 1738 3004 1809 33').
3039 1758 3066 1787 »
3111 1760 3138 1787 ‹‹
3167 1739 3432 1809 Accipere
3461 1738 3614 1792 enim
3643 1754 3773 1809 per-

2130 1851 2332 1889 sonam
2376 1832 2536 1904 impii
2567 1850 2684 1886 non
2715 1835 2800 1886 est
2825 1833 3062 1901 bonum,
3096 1835 3162 1886 ut
3192 1831 3439 1887 declines
3467 1849 3501 1886 a
3534 1832 3780 1887 veritate

2123 1928 2322 1998 judicii
2351 1928 2525 1996 (Prov.
2559 1943 2710 1992 xvm,
2741 1928 2810 1996 5).
2843 1949 2869 1975 »
2900 1925 2999 1981 Sin
3028 1925 3218 1980 minus
3241 1925 3436 1980 illicita
3469 1930 3602 1980 sunt
3624 1927 3777 1993 haec,

2133 2025 2320 2092 pateat
2343 2020 2504 2075 nobis
2525 2021 2653 2074 talis
2675 2019 2940 2074 omnibus
2965 2019 3210 2088 licentia,
3243 2019 3568 2074 beatissime
3588 2021 3776 2085 Pater,

2131 2121 2229 2170 aut
2257 2117 2303 2169 si
2345 2115 2511 2169 liceat
2554 2115 2654 2167 hos
2697 2115 2784 2167 vel
2827 2113 3046 2183 aliquos
3089 2113 3262 2168 etiam
3307 2113 3598 2168 minorum
3640 2129 3779 2183 gra-

2134 2211 2310 2264 duum
2337 2209 2566 2264 clericos
2591 2208 2699 2262 nisi
2726 2207 3002 2262 canonice
3036 2210 3296 2277 tempore
3326 2206 3583 2278 legitimo
3609 2223 3777 2261 voca-

2133 2309 2241 2370 tos,
2270 2307 2368 2358 aut
2393 2302 2512 2356 sine
2544 2300 2814 2371 legitimis
2848 2301 3266 2355 accusatoribus
3307 2304 3406 2355 aut
3437 2300 3651 2371 absque
3677 2316 3780 2355 ve-

2135 2397 2211 2452 ris
2238 2402 2291 2452 et
2318 2395 2714 2450 innocentibus
2742 2395 2996 2460 testibus,
3030 2395 3115 2448 vel
3147 2393 3255 2448 nisi
3283 2393 3585 2448 manifeste
3611 2410 3784 2448 eano-

2134 2492 2258 2546 nice
2303 2490 2586 2544 convictos
2638 2493 2734 2543 aut
2790 2504 3012 2558 semper
3079 2489 3382 2556 confessos,
3441 2487 3526 2541 vel
3579 2504 3609 2541 a
3664 2487 3783 2541 suis

2135 2584 2359 2639 sedibus
2389 2583 2597 2654 ejectos
2637 2585 2736 2636 aut
2763 2581 2874 2636 suis
2905 2581 3243 2652 exspoliatos
3278 2581 3445 2635 rebus
3482 2597 3678 2635 vocare
3707 2580 3783 2634 ad

2136 2673 2440 2744 synodum,
2464 2673 2550 2726 vel
2576 2672 2872 2737 damnare,
2902 2671 3036 2741 quia
3062 2671 3311 2742 legimus
3341 2686 3438 2724 eos
3465 2687 3580 2724 non
3608 2686 3782 2741 posse

2137 2766 2410 2821 canonice
2452 2766 2520 2820 ad
2553 2766 2834 2836 synodum
2868 2767 2997 2819 ante
3042 2781 3207 2819 suam
3237 2765 3334 2818 diu
3375 2764 3683 2818 tenendam
3722 2768 3783 2818 et

2139 2859 2595 2931 gubernandam,
2617 2857 2828 2911 viribus
2863 2856 3077 2911 scilicet
3096 2857 3342 2928 pleniter
3364 2856 3673 2927 resumptis
3696 2873 3784 2910 re-

2139 2952 2512 3019 stitutionem,
2539 2952 2767 3022 suisque
2785 2951 3050 3005 omnibus
3081 2950 3186 3004 sibi
3204 2951 3462 3022 legaliter
3481 2949 3780 3019 restitutis,

2136 3045 2506 3117 integerrime
2536 3045 2742 3111 vocari,
2778 3048 2876 3098 aut
2903 3049 2964 3098 ut
2989 3044 3221 3098 veniant
3240 3044 3312 3098 ad
3342 3043 3645 3114 synodum,
3669 3043 3784 3097 nisi

407 3133 544 3186 Filio
592 3135 643 3186 et
681 3133 918 3201 Spiritui
969 3137 1176 3198 sancto;
1218 3135 1274 3186 et
1320 3131 1563 3202 reliqua.
1612 3132 1765 3186 lstud
1809 3149 2038 3188 carmen
2060 3172 2114 3245 Ο
2139 3145 2338 3211 sponte
2377 3138 2660 3193 voluerint
2697 3137 2987 3209 imperari,
3024 3139 3171 3191 Deus
3213 3153 3350 3208 ergo
3393 3140 3616 3191 creator
3650 3153 3781 3190 om-

407 3223 590 3245 ‘_-__'I:_
629 3225 772 3245 -_-_:
807 3226 1015 3245 _.__I..--
1063 3226 1254 3245 --αξηά
1276 3226 1321 3245 _,3
1353 3225 1646 3245 _,_____'4!__
1691 3230 1748 3245 --ι
1774 3225 1806 3245 Ω
1833 3227 1900 3245 I_,
1937 3230 2038 3245 nan
2187 3234 2196 3244 ι
2611 3236 2618 3245 .
2655 3232 2668 3245 1
3153 3233 3162 3245 ι
3210 3231 3222 3245 1
3271 3234 3279 3245 ι
3523 3234 3532 3245 Ι
3761 3229 3778 3245 -ι

407 3223 594 3279 laudis
621 3225 776 3279 omni
807 3226 1023 3296 psalmo
1054 3226 1324 3297 conjungi
1353 3225 1669 3296 praecipias,
1691 3230 1754 3282 ut
1773 3225 1910 3280 ﬁdes
1937 3230 2040 3282 3l8

409 3317 803 3389 episcoporum
832 3319 1040 3374 Nicaeni
1066 3319 1293 3374 concilii
1326 3319 1384 3374 in
1411 3322 1598 3374 vestro
1625 3336 1723 3374 ore
1757 3321 1882 3391 pari
1910 3337 2041 3375 con-

409 3412 583 3466 sortio
613 3413 947 3468 declaretur.
978 3413 1079 3468 Ubi
1110 3419 1305 3468 autem
1338 3415 1486 3468 Deus
1515 3416 1572 3468 et
1601 3414 1772 3469 homo
1804 3415 2041 3468 honora-

407 3506 504 3560 bili
547 3522 686 3560 voce
726 3509 1009 3572 cantatur,
1045 3509 1284 3563 Alleluia
1324 3523 1550 3578 semper
1593 3524 1725 3562 cum
1771 3509 2040 3563 omnibus

409 3600 640 3670 psalmis
666 3600 955 3671 afﬁgatur,
991 3607 1051 3656 ut
1071 3601 1226 3656 omni
1255 3601 1377 3656 loco
1399 3602 1783 3657 communiter
1809 3618 2041 3673 respon-

409 3693 610 3748 deatur
639 3695 930 3749 nocturnis
956 3695 1326 3766 temporibus.
1347 3696 1408 3750 In
1431 3695 1677 3750 Ecclesia
1697 3698 1892 3750 autem
1913 3701 2042 3767 post

409 3788 886 3842 resurrectionem
917 3805 1094 3858 usque
1143 3791 1394 3842 sanctam
1439 3791 1828 3843 Pentecostem
1869 3790 2037 3846 ﬁnia-

409 3885 520 3948 tur,
553 3880 703 3934 inter
731 3880 950 3935 dierum
994 3897 1125 3934 vero
1168 3881 1368 3952 spatia,
1401 3882 1502 3936 tibi
1524 3884 1644 3945 soli,
1681 3883 2044 3955 Quinquage-

409 3973 566 4028 simae
594 3976 825 4043 propter
861 3972 1173 4028 novitatem
1218 3973 1395 4028 sancti
1436 3975 1685 4043 Paschae,
1712 3981 1777 4031 ut
1801 3994 1907 4032 vox
1936 3977 2043 4032 ista

409 4065 588 4122 laudis
615 4070 852 4120 canatur
890 4065 950 4120 in
983 4066 1187 4138 Aleph,
1219 4067 1370 4139 quod
1397 4069 1672 4140 prologus
1697 4069 1909 4138 Graece,
1939 4072 2039 4125 La-

412 4159 528 4214 tine
552 4163 746 4214 autem
771 4163 1032 4230 prwfatio
1063 4159 1288 4216 dicitur.

411 4287 657 4356 Epistola
687 4285 954 4356 Stephani
987 4287 1381 4356 archiepiscopi
1414 4293 1465 4341 et
1497 4289 1660 4342 trium
1695 4290 2042 4344 conciliorum

345 4353 441 4490 λ
452 4353 686 4483 Ἃζίνρεω
709 4353 795 4412 ad“
809 4361 1106 4413 Damasum
1125 4353 1353 4429 papam,
1383 4359 1448 4414 de
1472 4361 1762 4431 privilegio
1785 4365 2044 4418 Romana

480 4444 534 4484 se
578 4445 643 4484 is.

2143 3234 2303 3287 nium
2336 3236 2628 3287 conservet
2654 3232 2977 3302 longmvum
3008 3231 3390 3301 apostolatum
3418 3234 3673 3284 vestrum
3707 3229 3785 3283 ad

2140 3327 2504 3382 stabilitatem
2548 3325 2918 3379 Ecclesiarum
2960 3327 3306 3392 sanctarum,
3345 3329 3401 3378 et
3449 3323 3785 3378 orthodoxae

2139 3423 2294 3488 ﬁdei,
2327 3436 2539 3491 vosque
2563 3423 2852 3491 pastorem
2875 3418 3111 3488 bonum,
3133 3418 3231 3490 qui
3261 3417 3644 3488 spiritualibus
3670 3433 3780 3488 pro

2141 3516 2338 3570 ovibus
2364 3517 2609 3568 vestram
2640 3513 2849 3585 ponitis
2871 3513 3148 3579 animam,
3176 3515 3342 3582 atque
3368 3511 3565 3564 baculo
3589 3515 3785 3581 pasto-

2140 3609 2241 3663 rali
2283 3609 2446 3678 lupos
2470 3623 2694 3678 rapaces
2731 3605 3032 3676 expellitis,
3078 3604 3454 3675 omnibusque
3497 3601 3787 3675 oppressis

2139 3701 2408 3757 auxilium
2455 3700 2630 3767 fertis,
2670 3699 2819 3771 quod
2869 3702 2927 3753 et
2971 3698 3092 3752 istis
3145 3701 3317 3770 atque
3367 3697 3629 3751 omnibus
3681 3713 3786 3752 vos

2141 3812 2366 3867 semper
2391 3796 2575 3850 facere
2615 3797 2898 3863 optamus,
2927 3791 3279 3847 sanctissime
3325 3807 3491 3862 papa.
3523 3789 3784 3845 Subscri-

2142 3890 2258 3962 ptio
2283 3906 2352 3943 ex
2378 3888 2486 3943 alia
2513 3904 2709 3942 manu.
2740 3887 2854 3941 Ora
2892 3902 2994 3958 pro
3022 3885 3206 3954 nobis,
3237 3884 3565 3940 charissime
3591 3885 3782 3939 Pater.

2184 4031 2188 4033 ,
2225 4012 2335 4070 4v
2425 3984 2700 4051 Rescripta
2729 3983 2947 4036 Damasi
2967 3996 3133 4050 papa
3157 3980 3232 4034 ad
3255 3980 3486 4034 eosdem.

2211 4079 2486 4142 Damasus,
2511 4091 2701 4129 servus
2722 4091 3012 4129 servorum
3038 4074 3158 4140 Dei,
3201 4077 3370 4144 atque
3398 4088 3500 4143 per
3539 4071 3784 4142 gratiam

2141 4173 2261 4242 ejus
2324 4170 2617 4242 episcopus
2681 4172 2891 4222 sanctae
2960 4167 3250 4222 catholicae
3299 4165 3562 4220 Ecclesia:
3627 4165 3787 4220 urbis

2141 4268 2358 4330 Bome,
2391 4264 2666 4319 STEPHANO
2695 4261 3122 4333 archiepisc0po
3152 4257 3378 4315 concilii
3409 4258 3785 4326 Mauritaniae,

2145 4363 2201 4414 et
2249 4358 2520 4413 universis
2573 4356 2852 4428 episcopis
2897 4356 3177 4410 Africanae
3224 4353 3547 4425 provincias.
3604 4353 3790 4407 Lectis

2141 4452 2517 4508 fraternitatis
2543 4455 2741 4506 vestrae
2776 4449 3003 4516 litteris,
3031 4449 3217 4520 primo
3247 4447 3455 4518 gratias
3483 4462 3590 4518 ago
3628 4446 3790 4517 quod

482 4544 812 4600 Beatissimo
846 4543 1088 4600 Domino
1133 4547 1190 4599 et
1228 4545 1538 4616 apostolico
1574 4547 1824 4604 culmine
1867 4549 2037 4602 subli-
2060 4545 2119 4618 D
2142 4550 2431 4602 tantorum
2479 4546 2718 4600 fratrum
2762 4544 2947 4598 merui
2975 4542 3370 4598 benedictione
3413 4541 3546 4611 frui,
3581 4539 3789 4595 deinde

480 4430 643 4484 sedis.

412 4643 586 4707 mato,
618 4643 808 4693 sancto
839 4639 992 4694 Patri
1013 4640 1268 4707 Patrum,
1293 4641 1516 4695 DAMASO
1537 4659 1720 4713 papae,
1740 4645 1797 4697 et
1816 4659 2041 4698 summo

413 4732 674 4787 omnium
704 4733 1015 4803 prmsulum
1052 4734 1329 4803 pontiﬁci,
1364 4734 1683 4791 STEPHANUS
1729 4736 2038 4806 archiepis-

411 4842 585 4896 copus
629 4825 854 4880 concilii
894 4825 1258 4894 Mauritaniae,
1291 4832 1348 4882 et
1391 4828 1638 4882 universi
1684 4829 1933 4900 episcopi
1971 4831 2039 4884 de

409 4919 593 4972 tribus
617 4918 862 4990 conciliis
895 4919 1170 4974 Africana:
1202 4921 1528 4991 provinciae.

482 5013 691 5066 Notum
735 5017 935 5068 vestrae
971 5013 1212 5068 facimus
1241 5014 1578 5069 beatitudini
1621 5017 1773 5086 quod
1803 5015 2042 5087 quidam

409 5105 614 5160 fratres
638 5105 698 5159 in
733 5106 977 5162 conﬁnio
1018 5107 1182 5162 nobis
1211 5107 1377 5179 positi
1407 5109 1679 5180 quosdam
1706 5110 1906 5165 fratres
1939 5129 2040 5166 no-

410 5203 574 5268 stros,
607 5200 961 5256 venerabiles
1003 5201 1269 5257 videlicet
1305 5203 1616 5275 episcopos,
1650 5204 1805 5259 vobis
1842 5204 2040 5259 incon-

412 5293 575 5347 sultis
595 5309 627 5346 a
659 5293 886 5363 proprio
915 5294 1185 5367 dejiciunt
1199 5296 1404 5366 gradu,
1425 5298 1513 5351 vel
1535 5297 1774 5369 dejicere
1795 5299 2038 5354 moliun-

407 5390 520 5456 tur,
555 5403 686 5441 cum
714 5391 917 5444 vestrae
955 5389 1077 5445 sedi
1113 5389 1511 5462 episcoporum
1533 5391 1767 5463 judicia,
1799 5395 1855 5448 et
1884 5396 2039 5448 sum-

406 5497 631 5537 morum
646 5481 823 5536 ﬁnem
837 5471 1350 5541 ecclesiasticarum
1366 5487 1732 5557 negotiorum
1750 5487 1809 5542 in
1827 5488 2041 5543 honore

404 5575 716 5631 beatissimi
750 5577 900 5632 Patri
947 5579 1180 5633 Patrum
1225 5579 1452 5635 decreta
1480 5581 1738 5636 omnium
1779 5585 2042 5637 cunctam

407 5686 692 5726 reservare
729 5671 1096 5740 sententiam,
1129 5673 1454 5744 inquirendi
1490 5675 1809 5730 reverentia
1841 5676 1911 5731 de
1942 5677 2044 5732 Dei

408 5763 595 5830 rebus,
619 5780 758 5836 quas
779 5765 938 5820 omni
969 5782 1106 5821 cura
1137 5769 1194 5820 et
1225 5766 1600 5822 sollicitudine
1623 5768 1921 5824 observare
1950 5771 2048 5824 de-

412 5855 634 5912 bemus.
662 5858 904 5915 Maxime
931 5876 1066 5916 vcro
1097 5859 1305 5917 debent
1333 5860 1403 5915 ab
1434 5859 1554 5933 ipso
1582 5863 1888 5934 praesulum
1919 5879 2044 5919 exa-

2141 4642 2295 4712 quod
2332 4640 2474 4695 circa
2504 4640 2704 4694 fratres
2749 4637 3011 4692 sollicitos
3055 4653 3156 4692 vos
3186 4635 3396 4707 reperi,
3443 4639 3499 4690 et
3543 4650 3674 4688 cum
3703 4634 3789 4688 eis

2143 4752 2368 4790 crucem
2394 4732 2618 4788 Domini
2637 4732 2855 4787 deferre
2871 4732 2967 4803 qui
2986 4731 3066 4786 ait
3088 4747 3100 4785 :
3123 4751 3151 4780 ‹‹
3177 4729 3282 4795 Qui
3299 4729 3418 4783 vult
3443 4727 3635 4782 venire
3655 4731 3791 4798 post

2142 4846 2234 4884 me
2277 4830 2523 4898 abneget
2561 4827 2950 4898 semetipsum,
2991 4828 3047 4879 et
3074 4824 3237 4879 tollat
3270 4838 3495 4878 crucem
3529 4836 3693 4876 suam
3729 4824 3790 4875 et

2144 4926 2409 4994 sequatur
2445 4938 2537 4976 me
2571 4921 2787 4991 (Matth.
2823 4936 2930 4986 xvn,
2962 4917 3074 4989 24),
3099 4939 3126 4967 ››
3167 4922 3224 4972 et
3270 4915 3487 4988 reliqua
3520 4914 3592 4969 ad
3628 4915 3788 4969 hunc

2142 5017 2375 5071 modum
2432 5015 2796 5086 pertinentia.
2857 5012 3038 5084 Igitur
3108 5011 3333 5082 quando
3398 5010 3458 5063 in
3517 5007 3788 5080 priesenti

2143 5114 2459 5182 opportune
2492 5113 2780 5180 gestorum
2809 5104 3222 5163 consultatione
3250 5101 3572 5176 apostolicis
3601 5107 3791 5156 vestra

2141 5204 2429 5259 beatitudo
2477 5203 2785 5257 visceribus
2824 5204 3111 5256 commota
3149 5215 3254 5254 nos
3290 5199 3516 5253 hortata
3545 5198 3649 5263 est,
3683 5194 3792 5250 tui-

2143 5299 2356 5354 tionem
2386 5299 2627 5353 fratrum
2664 5296 2969 5368 apostolica
2999 5293 3337 5364 impendere
3353 5289 3712 5358 auctoritate,
3734 5291 3794 5344 et

2143 5410 2340 5448 eorum
2381 5391 2605 5464 injuriis
2642 5389 2962 5458 subvenire,
3007 5388 3145 5442 dum
3193 5388 3410 5442 constet
3441 5384 3642 5439 eadem
3688 5399 3792 5437 vos

2142 5504 2272 5543 cum
2288 5487 2538 5559 apostolo
2556 5483 3028 5555 compassibiliter
3045 5481 3233 5536 dicere
3251 5496 3264 5534 :
3285 5479 3422 5544 Quis
3437 5477 3788 5545 inﬁrmatur,

2143 5585 2200 5637 et
2247 5598 2354 5652 ego
2404 5597 2521 5635 non
2565 5579 2829 5633 inﬁrmor
2888 5577 3014 5649 quis
3070 5573 3486 5629 scandalizatur
3551 5576 3609 5625 et
3667 5585 3787 5624 non

2142 5675 2319 5730 uror?
2365 5675 2438 5746 (II
2463 5673 2583 5729 Cor.
2615 5690 2694 5742 x1,
2727 5671 2814 5743 29)
2861 5672 3184 5742 satagentes
3221 5683 3294 5723 ne
3341 5665 3546 5737 aliquis
3579 5664 3650 5720 de
3698 5663 3788 5718 his

2146 5768 2242 5840 qui
2270 5768 2426 5824 vobis
2464 5765 2664 5822 crediti
2689 5770 2820 5821 sunt
2860 5783 2892 5820 ει
2934 5764 3096 5820 saevis
3123 5762 3316 5819 bestiis
3344 5761 3643 5826 laceretur,
3687 5761 3786 5812 aut

2145 5863 2415 5936 capiatur,
2431 5879 2532 5936 pro
2550 5877 2661 5933 qua
2676 5877 2735 5916 re
2756 5863 2983 5933 oportet
2992 5859 3156 5929 juxta
3175 5861 3420 5912 vestram
3440 5852 3786 5930 prudentem
