  <div class='ocr_page' id='page_1' title='image "/cluster/home/n/w/nwhite01/storage/ocr_20150623/130/umn.319510024774230/406.png"; bbox 0 0 4032 6294; ppageno 0'>
   <div class='ocr_carea' id='block_1_1' title="bbox 254 337 352 389">
    <p class='ocr_par' dir='ltr' id='par_1_1' title="bbox 254 337 352 389">
     <span class='ocr_line' id='line_1_1' title="bbox 254 337 352 389; baseline -0.02 0"><span class='ocrx_word' id='word_1_1' title='bbox 254 337 352 389; x_wconf 77' lang='grc'>661</span> 
     </span>
    </p>
   </div>
   <div class='ocr_carea' id='block_1_2' title="bbox 1494 331 2388 400">
    <p class='ocr_par' dir='ltr' id='par_1_2' title="bbox 1494 331 2388 400">
     <span class='ocr_line' id='line_1_2' title="bbox 1494 331 2388 400; baseline 0 -14"><span class='ocrx_word' id='word_1_2' title='bbox 1494 331 1966 400; x_wconf 79' lang='lat' dir='ltr'>DECRETALIUM</span> <span class='ocrx_word' id='word_1_3' title='bbox 2004 332 2388 387; x_wconf 75' lang='lat' dir='ltr'>COLLECTIO.</span> 
     </span>
    </p>
   </div>
   <div class='ocr_carea' id='block_1_3' title="bbox 3513 335 3614 392">
    <p class='ocr_par' dir='ltr' id='par_1_3' title="bbox 3513 335 3614 392">
     <span class='ocr_line' id='line_1_3' title="bbox 3513 335 3614 392; baseline -0.02 0"><span class='ocrx_word' id='word_1_4' title='bbox 3513 335 3614 392; x_wconf 79' lang='lat'>662</span> 
     </span>
    </p>
   </div>
   <div class='ocr_carea' id='block_1_4' title="bbox 250 440 3614 526">
    <p class='ocr_par' dir='ltr' id='par_1_4' title="bbox 250 440 3614 526">
     <span class='ocr_line' id='line_1_4' title="bbox 250 440 3614 526; baseline 0.001 -29"><span class='ocrx_word' id='word_1_5' title='bbox 250 441 784 510; x_wconf 90' lang='lat' dir='ltr'>commonitionem,</span> <span class='ocrx_word' id='word_1_6' title='bbox 815 441 996 512; x_wconf 90' lang='lat' dir='ltr'>magis</span> <span class='ocrx_word' id='word_1_7' title='bbox 1028 445 1126 497; x_wconf 87' lang='lat' dir='ltr'>aut</span> <span class='ocrx_word' id='word_1_8' title='bbox 1151 441 1467 496; x_wconf 88' lang='lat' dir='ltr'>secundum</span> <span class='ocrx_word' id='word_1_9' title='bbox 1499 441 1727 496; x_wconf 88' lang='lat' dir='ltr'>Domini</span> <span class='ocrx_word' id='word_1_10' title='bbox 1750 440 1887 496; x_wconf 88' lang='lat' dir='ltr'>divi-</span> <span class='ocrx_word' id='word_1_11' title='bbox 1907 452 1966 526; x_wconf 78' lang='grc' dir='ltr'><strong>Α</strong></span> <span class='ocrx_word' id='word_1_12' title='bbox 1986 441 2274 512; x_wconf 86' lang='lat' dir='ltr'>episcopos</span> <span class='ocrx_word' id='word_1_13' title='bbox 2335 442 2546 513; x_wconf 89' lang='lat' dir='ltr'>ejectos</span> <span class='ocrx_word' id='word_1_14' title='bbox 2607 446 2780 514; x_wconf 88' lang='lat' dir='ltr'>atque</span> <span class='ocrx_word' id='word_1_15' title='bbox 2845 441 2959 496; x_wconf 88' lang='lat' dir='ltr'>suis</span> <span class='ocrx_word' id='word_1_16' title='bbox 3021 441 3192 497; x_wconf 86' lang='lat' dir='ltr'>rebus</span> <span class='ocrx_word' id='word_1_17' title='bbox 3277 444 3614 515; x_wconf 87' lang='lat' dir='ltr'>exspoliatos</span> 
     </span>
    </p>
   </div>
   <div class='ocr_carea' id='block_1_5' title="bbox 250 535 1887 607">
    <p class='ocr_par' dir='ltr' id='par_1_5' title="bbox 250 535 1887 607">
     <span class='ocr_line' id='line_1_5' title="bbox 250 535 1887 607; baseline -0.002 -15"><span class='ocrx_word' id='word_1_18' title='bbox 250 553 389 592; x_wconf 88' lang='lat' dir='ltr'>nam</span> <span class='ocrx_word' id='word_1_19' title='bbox 418 535 863 607; x_wconf 76' lang='lat' dir='ltr'>praeceptionem</span> <span class='ocrx_word' id='word_1_20' title='bbox 885 551 990 590; x_wconf 92' lang='lat' dir='ltr'>nos</span> <span class='ocrx_word' id='word_1_21' title='bbox 1016 535 1114 607; x_wconf 88' lang='lat' dir='ltr'>qui</span> <span class='ocrx_word' id='word_1_22' title='bbox 1142 551 1312 606; x_wconf 84' lang='lat' dir='ltr'>supra</span> <span class='ocrx_word' id='word_1_23' title='bbox 1339 535 1582 589; x_wconf 92' lang='lat' dir='ltr'>domum</span> <span class='ocrx_word' id='word_1_24' title='bbox 1615 535 1756 606; x_wconf 87' lang='lat' dir='ltr'>ejus,</span> <span class='ocrx_word' id='word_1_25' title='bbox 1777 535 1887 589; x_wconf 88' lang='lat' dir='ltr'>hoc</span> 
     </span>
    </p>
   </div>
   <div class='ocr_carea' id='block_1_6' title="bbox 252 628 1885 700">
    <p class='ocr_par' dir='ltr' id='par_1_6' title="bbox 252 628 1885 700">
     <span class='ocr_line' id='line_1_6' title="bbox 252 628 1885 700; baseline -0.002 -15"><span class='ocrx_word' id='word_1_26' title='bbox 252 635 336 686; x_wconf 90' lang='lat' dir='ltr'>est</span> <span class='ocrx_word' id='word_1_27' title='bbox 381 629 764 685; x_wconf 86' lang='lat' dir='ltr'>universalem</span> <span class='ocrx_word' id='word_1_28' title='bbox 810 630 1118 684; x_wconf 88' lang='lat' dir='ltr'>Ecclesiam</span> <span class='ocrx_word' id='word_1_29' title='bbox 1165 629 1522 695; x_wconf 86' lang='lat' dir='ltr'>catholicam,</span> <span class='ocrx_word' id='word_1_30' title='bbox 1568 628 1885 700; x_wconf 85' lang='lat' dir='ltr'>episcopale</span> 
     </span>
    </p>
   </div>
   <div class='ocr_carea' id='block_1_7' title="bbox 251 722 1887 795">
    <p class='ocr_par' dir='ltr' id='par_1_7' title="bbox 251 722 1887 795">
     <span class='ocr_line' id='line_1_7' title="bbox 251 722 1887 795; baseline -0.001 -18"><span class='ocrx_word' id='word_1_31' title='bbox 251 723 602 795; x_wconf 88' lang='lat' dir='ltr'>suscepimus</span> <span class='ocrx_word' id='word_1_32' title='bbox 623 723 1020 793; x_wconf 74' lang='lat' dir='ltr'>ministerium,</span> <span class='ocrx_word' id='word_1_33' title='bbox 1040 723 1276 778; x_wconf 82' lang='lat' dir='ltr'>sollicite</span> <span class='ocrx_word' id='word_1_34' title='bbox 1297 723 1552 793; x_wconf 88' lang='lat' dir='ltr'>vigilare,</span> <span class='ocrx_word' id='word_1_35' title='bbox 1574 727 1639 777; x_wconf 89' lang='lat' dir='ltr'>ut</span> <span class='ocrx_word' id='word_1_36' title='bbox 1658 738 1729 776; x_wconf 91' lang='lat' dir='ltr'>ne</span> <span class='ocrx_word' id='word_1_37' title='bbox 1750 722 1887 793; x_wconf 89' lang='lat' dir='ltr'>quid</span> 
     </span>
    </p>
   </div>
   <div class='ocr_carea' id='block_1_8' title="bbox 253 814 1884 888">
    <p class='ocr_par' dir='ltr' id='par_1_8' title="bbox 253 814 1884 888">
     <span class='ocr_line' id='line_1_8' title="bbox 253 814 1884 888; baseline -0.002 -16"><span class='ocrx_word' id='word_1_38' title='bbox 253 818 326 872; x_wconf 89' lang='lat' dir='ltr'>de</span> <span class='ocrx_word' id='word_1_39' title='bbox 371 817 548 872; x_wconf 90' lang='lat' dir='ltr'>sacris</span> <span class='ocrx_word' id='word_1_40' title='bbox 591 817 712 888; x_wconf 89' lang='lat' dir='ltr'>ejus</span> <span class='ocrx_word' id='word_1_41' title='bbox 757 817 1112 885; x_wconf 86' lang='lat' dir='ltr'>muneribus,</span> <span class='ocrx_word' id='word_1_42' title='bbox 1143 816 1201 871; x_wconf 90' lang='lat' dir='ltr'>id</span> <span class='ocrx_word' id='word_1_43' title='bbox 1241 821 1327 871; x_wconf 89' lang='lat' dir='ltr'>est</span> <span class='ocrx_word' id='word_1_44' title='bbox 1369 815 1688 888; x_wconf 85' lang='lat' dir='ltr'>apostolicis</span> <span class='ocrx_word' id='word_1_45' title='bbox 1730 814 1884 884; x_wconf 84' lang='lat' dir='ltr'>viris,</span> 
     </span>
    </p>
   </div>
   <div class='ocr_carea' id='block_1_9' title="bbox 252 908 1885 982">
    <p class='ocr_par' dir='ltr' id='par_1_9' title="bbox 252 908 1885 982">
     <span class='ocr_line' id='line_1_9' title="bbox 252 908 1885 982; baseline -0.002 -16"><span class='ocrx_word' id='word_1_46' title='bbox 252 912 757 982; x_wconf 88' lang='lat' dir='ltr'>apostolorumque</span> <span class='ocrx_word' id='word_1_47' title='bbox 789 911 1204 965; x_wconf 85' lang='lat' dir='ltr'>successoribus</span> <span class='ocrx_word' id='word_1_48' title='bbox 1230 913 1400 982; x_wconf 90' lang='lat' dir='ltr'>atque</span> <span class='ocrx_word' id='word_1_49' title='bbox 1431 909 1704 964; x_wconf 85' lang='lat' dir='ltr'>ministris</span> <span class='ocrx_word' id='word_1_50' title='bbox 1728 908 1885 981; x_wconf 89' lang='lat' dir='ltr'>quis-</span> 
     </span>
    </p>
   </div>
   <div class='ocr_carea' id='block_1_10' title="bbox 251 1002 1888 1076">
    <p class='ocr_par' dir='ltr' id='par_1_10' title="bbox 251 1002 1888 1076">
     <span class='ocr_line' id='line_1_10' title="bbox 251 1002 1888 1076; baseline -0.001 -17"><span class='ocrx_word' id='word_1_51' title='bbox 251 1022 427 1076; x_wconf 87' lang='lat' dir='ltr'>quam</span> <span class='ocrx_word' id='word_1_52' title='bbox 459 1004 622 1059; x_wconf 89' lang='lat' dir='ltr'>nobis</span> <span class='ocrx_word' id='word_1_53' title='bbox 662 1005 1104 1076; x_wconf 90' lang='lat' dir='ltr'>inconsultisque</span> <span class='ocrx_word' id='word_1_54' title='bbox 1137 1002 1426 1059; x_wconf 88' lang='lat' dir='ltr'>damnari.</span> <span class='ocrx_word' id='word_1_55' title='bbox 1470 1002 1650 1071; x_wconf 82' lang='lat' dir='ltr'>Scitis,</span> <span class='ocrx_word' id='word_1_56' title='bbox 1682 1004 1888 1058; x_wconf 83' lang='lat' dir='ltr'>fratres</span> 
     </span>
    </p>
   </div>
   <div class='ocr_carea' id='block_1_11' title="bbox 223 1096 1886 1171">
    <p class='ocr_par' dir='ltr' id='par_1_11' title="bbox 223 1096 1886 1171">
     <span class='ocr_line' id='line_1_11' title="bbox 223 1096 1886 1171; baseline -0.001 -18"><span class='ocrx_word' id='word_1_57' title='bbox 223 1098 590 1171; x_wconf 22' lang='lat' dir='ltr'>lcharissimi,</span> <span class='ocrx_word' id='word_1_58' title='bbox 626 1098 1054 1152; x_wconf 91' lang='lat' dir='ltr'>ﬁrmamentum</span> <span class='ocrx_word' id='word_1_59' title='bbox 1096 1097 1239 1153; x_wconf 89' lang='lat' dir='ltr'>adeo</span> <span class='ocrx_word' id='word_1_60' title='bbox 1268 1097 1447 1152; x_wconf 82' lang='lat' dir='ltr'>fixum</span> <span class='ocrx_word' id='word_1_61' title='bbox 1491 1103 1547 1154; x_wconf 91' lang='lat' dir='ltr'>et</span> <span class='ocrx_word' id='word_1_62' title='bbox 1592 1096 1886 1152; x_wconf 87' lang='lat' dir='ltr'>immobile</span> 
     </span>
    </p>
   </div>
   <div class='ocr_carea' id='block_1_12' title="bbox 251 1190 1886 1264">
    <p class='ocr_par' dir='ltr' id='par_1_12' title="bbox 251 1190 1886 1264">
     <span class='ocr_line' id='line_1_12' title="bbox 251 1190 1886 1264; baseline -0.002 -17"><span class='ocrx_word' id='word_1_63' title='bbox 251 1196 422 1264; x_wconf 89' lang='lat' dir='ltr'>atquc</span> <span class='ocrx_word' id='word_1_64' title='bbox 449 1192 682 1247; x_wconf 87' lang='lat' dir='ltr'>titulum</span> <span class='ocrx_word' id='word_1_65' title='bbox 707 1191 1126 1247; x_wconf 91' lang='lat' dir='ltr'>lucidissimum</span> <span class='ocrx_word' id='word_1_66' title='bbox 1151 1207 1382 1246; x_wconf 90' lang='lat' dir='ltr'>suorum</span> <span class='ocrx_word' id='word_1_67' title='bbox 1414 1190 1797 1259; x_wconf 87' lang='lat' dir='ltr'>sacerdotum,</span> <span class='ocrx_word' id='word_1_68' title='bbox 1825 1190 1886 1244; x_wconf 92' lang='lat' dir='ltr'>id</span> 
     </span>
    </p>
   </div>
   <div class='ocr_carea' id='block_1_13' title="bbox 252 1285 1886 1357">
    <p class='ocr_par' dir='ltr' id='par_1_13' title="bbox 252 1285 1886 1357">
     <span class='ocr_line' id='line_1_13' title="bbox 252 1285 1886 1357; baseline -0.002 -16"><span class='ocrx_word' id='word_1_69' title='bbox 252 1290 336 1341; x_wconf 91' lang='lat' dir='ltr'>est</span> <span class='ocrx_word' id='word_1_70' title='bbox 373 1285 635 1341; x_wconf 92' lang='lat' dir='ltr'>omnium</span> <span class='ocrx_word' id='word_1_71' title='bbox 673 1285 1072 1357; x_wconf 90' lang='lat' dir='ltr'>episcoporum</span> <span class='ocrx_word' id='word_1_72' title='bbox 1112 1285 1483 1357; x_wconf 89' lang='lat' dir='ltr'>apostolicam</span> <span class='ocrx_word' id='word_1_73' title='bbox 1530 1285 1727 1340; x_wconf 87' lang='lat' dir='ltr'>sedem</span> <span class='ocrx_word' id='word_1_74' title='bbox 1765 1300 1886 1338; x_wconf 88' lang='lat' dir='ltr'>esse</span> 
     </span>
    </p>
   </div>
   <div class='ocr_carea' id='block_1_14' title="bbox 251 1377 1886 1449">
    <p class='ocr_par' dir='ltr' id='par_1_14' title="bbox 251 1377 1886 1449">
     <span class='ocr_line' id='line_1_14' title="bbox 251 1377 1886 1449; baseline -0.002 -14"><span class='ocrx_word' id='word_1_75' title='bbox 251 1380 640 1449; x_wconf 85' lang='lat' dir='ltr'>constitutam,</span> <span class='ocrx_word' id='word_1_76' title='bbox 670 1385 726 1435; x_wconf 93' lang='lat' dir='ltr'>et</span> <span class='ocrx_word' id='word_1_77' title='bbox 755 1379 1018 1434; x_wconf 88' lang='lat' dir='ltr'>verticem</span> <span class='ocrx_word' id='word_1_78' title='bbox 1062 1378 1462 1434; x_wconf 88' lang='lat' dir='ltr'>Ecclesiarum.</span> <span class='ocrx_word' id='word_1_79' title='bbox 1503 1380 1585 1433; x_wconf 93' lang='lat' dir='ltr'>Tu</span> <span class='ocrx_word' id='word_1_80' title='bbox 1627 1394 1686 1432; x_wconf 91' lang='lat' dir='ltr'>es</span> <span class='ocrx_word' id='word_1_81' title='bbox 1729 1377 1886 1432; x_wconf 90' lang='lat' dir='ltr'>enim</span> 
     </span>
    </p>
   </div>
   <div class='ocr_carea' id='block_1_15' title="bbox 251 1472 1888 1546">
    <p class='ocr_par' dir='ltr' id='par_1_15' title="bbox 251 1472 1888 1546">
     <span class='ocr_line' id='line_1_15' title="bbox 251 1472 1888 1546; baseline -0.002 -17"><span class='ocrx_word' id='word_1_82' title='bbox 251 1474 417 1544; x_wconf 89' lang='lat' dir='ltr'>(sicut</span> <span class='ocrx_word' id='word_1_83' title='bbox 449 1473 708 1529; x_wconf 91' lang='lat' dir='ltr'>divinum</span> <span class='ocrx_word' id='word_1_84' title='bbox 744 1473 1080 1546; x_wconf 89' lang='lat' dir='ltr'>pronuntiat</span> <span class='ocrx_word' id='word_1_85' title='bbox 1103 1473 1348 1528; x_wconf 88' lang='lat' dir='ltr'>Verbum</span> <span class='ocrx_word' id='word_1_86' title='bbox 1375 1472 1664 1543; x_wconf 83' lang='lat' dir='ltr'>veraciter)</span> <span class='ocrx_word' id='word_1_87' title='bbox 1691 1473 1888 1526; x_wconf 88' lang='lat' dir='ltr'>Petrus</span> 
     </span>
    </p>
   </div>
   <div class='ocr_carea' id='block_1_16' title="bbox 251 1565 1886 1639">
    <p class='ocr_par' dir='ltr' id='par_1_16' title="bbox 251 1565 1886 1639">
     <span class='ocr_line' id='line_1_16' title="bbox 251 1565 1886 1639; baseline -0.002 -17"><span class='ocrx_word' id='word_1_88' title='bbox 251 1569 311 1622; x_wconf 89' lang='lat' dir='ltr'>et</span> <span class='ocrx_word' id='word_1_89' title='bbox 334 1584 508 1639; x_wconf 88' lang='lat' dir='ltr'>super</span> <span class='ocrx_word' id='word_1_90' title='bbox 534 1569 959 1622; x_wconf 89' lang='lat' dir='ltr'>ﬁrmamentum</span> <span class='ocrx_word' id='word_1_91' title='bbox 985 1571 1150 1621; x_wconf 90' lang='lat' dir='ltr'>tuum</span> <span class='ocrx_word' id='word_1_92' title='bbox 1176 1566 1435 1622; x_wconf 76' lang='lat' dir='ltr'>Ecclesiae</span> <span class='ocrx_word' id='word_1_93' title='bbox 1479 1567 1760 1622; x_wconf 81' lang='lat' dir='ltr'>columnae</span> <span class='ocrx_word' id='word_1_94' title='bbox 1787 1565 1886 1637; x_wconf 88' lang='lat' dir='ltr'>qui</span> 
     </span>
    </p>
   </div>
   <div class='ocr_carea' id='block_1_17' title="bbox 250 1659 1887 1732">
    <p class='ocr_par' dir='ltr' id='par_1_17' title="bbox 250 1659 1887 1732">
     <span class='ocr_line' id='line_1_17' title="bbox 250 1659 1887 1732; baseline -0.002 -17"><span class='ocrx_word' id='word_1_95' title='bbox 250 1660 501 1732; x_wconf 86' lang='lat' dir='ltr'>episcopi</span> <span class='ocrx_word' id='word_1_96' title='bbox 528 1661 922 1732; x_wconf 86' lang='lat' dir='ltr'>intelliguntur</span> <span class='ocrx_word' id='word_1_97' title='bbox 950 1660 1300 1715; x_wconf 67' lang='lat' dir='ltr'>conﬁrmatae</span> <span class='ocrx_word' id='word_1_98' title='bbox 1328 1662 1478 1728; x_wconf 91' lang='lat' dir='ltr'>sunt,</span> <span class='ocrx_word' id='word_1_99' title='bbox 1498 1664 1554 1714; x_wconf 93' lang='lat' dir='ltr'>et</span> <span class='ocrx_word' id='word_1_100' title='bbox 1573 1659 1675 1714; x_wconf 91' lang='lat' dir='ltr'>tibi</span> <span class='ocrx_word' id='word_1_101' title='bbox 1702 1659 1887 1714; x_wconf 87' lang='lat' dir='ltr'>claves</span> 
     </span>
    </p>
   </div>
   <div class='ocr_carea' id='block_1_18' title="bbox 250 1753 1886 1825">
    <p class='ocr_par' dir='ltr' id='par_1_18' title="bbox 250 1753 1886 1825">
     <span class='ocr_line' id='line_1_18' title="bbox 250 1753 1886 1825; baseline -0.001 -16"><span class='ocrx_word' id='word_1_102' title='bbox 250 1754 416 1825; x_wconf 81' lang='lat' dir='ltr'>regni</span> <span class='ocrx_word' id='word_1_103' title='bbox 467 1755 736 1810; x_wconf 69' lang='lat' dir='ltr'>caalorum</span> <span class='ocrx_word' id='word_1_104' title='bbox 785 1753 1062 1824; x_wconf 88' lang='lat' dir='ltr'>commisi,</span> <span class='ocrx_word' id='word_1_105' title='bbox 1103 1756 1276 1825; x_wconf 90' lang='lat' dir='ltr'>atque</span> <span class='ocrx_word' id='word_1_106' title='bbox 1330 1753 1510 1824; x_wconf 81' lang='lat' dir='ltr'>ligare</span> <span class='ocrx_word' id='word_1_107' title='bbox 1559 1755 1616 1808; x_wconf 90' lang='lat' dir='ltr'>et</span> <span class='ocrx_word' id='word_1_108' title='bbox 1671 1753 1886 1807; x_wconf 91' lang='lat' dir='ltr'>solvere</span> 
     </span>
    </p>
   </div>
   <div class='ocr_carea' id='block_1_19' title="bbox 249 1824 1962 1919">
    <p class='ocr_par' dir='ltr' id='par_1_19' title="bbox 249 1824 1962 1919">
     <span class='ocr_line' id='line_1_19' title="bbox 249 1824 1962 1919; baseline -0.003 -17"><span class='ocrx_word' id='word_1_109' title='bbox 249 1824 591 1919; x_wconf 87' lang='lat' dir='ltr'>potestatem</span> <span class='ocrx_word' id='word_1_110' title='bbox 607 1864 735 1919; x_wconf 62' lang='lat' dir='ltr'>quas</span> <span class='ocrx_word' id='word_1_111' title='bbox 754 1847 811 1902; x_wconf 91' lang='lat' dir='ltr'>in</span> <span class='ocrx_word' id='word_1_112' title='bbox 828 1847 979 1902; x_wconf 79' lang='lat' dir='ltr'>ccelis</span> <span class='ocrx_word' id='word_1_113' title='bbox 997 1851 1129 1902; x_wconf 91' lang='lat' dir='ltr'>sunt</span> <span class='ocrx_word' id='word_1_114' title='bbox 1145 1824 1202 1902; x_wconf 85' lang='lat' dir='ltr'>et</span> <span class='ocrx_word' id='word_1_115' title='bbox 1228 1863 1357 1918; x_wconf 82' lang='lat' dir='ltr'>quae</span> <span class='ocrx_word' id='word_1_116' title='bbox 1382 1847 1438 1900; x_wconf 91' lang='lat' dir='ltr'>in</span> <span class='ocrx_word' id='word_1_117' title='bbox 1453 1846 1614 1900; x_wconf 87' lang='lat' dir='ltr'>terris</span> <span class='ocrx_word' id='word_1_118' title='bbox 1633 1847 1886 1917; x_wconf 91' lang='lat' dir='ltr'>promul-</span> <span class='ocrx_word' id='word_1_119' title='bbox 1905 1824 1962 1896; x_wconf 85' lang='lat' dir='ltr'><strong>B</strong></span> 
     </span>
    </p>
   </div>
   <div class='ocr_carea' id='block_1_20' title="bbox 252 1939 1886 2014">
    <p class='ocr_par' dir='ltr' id='par_1_20' title="bbox 252 1939 1886 2014">
     <span class='ocr_line' id='line_1_20' title="bbox 252 1939 1886 2014; baseline -0.001 -18"><span class='ocrx_word' id='word_1_120' title='bbox 252 1941 401 2014; x_wconf 87' lang='lat' dir='ltr'>gavi.</span> <span class='ocrx_word' id='word_1_121' title='bbox 443 1943 522 1996; x_wconf 89' lang='lat' dir='ltr'>Tu</span> <span class='ocrx_word' id='word_1_122' title='bbox 553 1942 985 2012; x_wconf 89' lang='lat' dir='ltr'>profanatorum</span> <span class='ocrx_word' id='word_1_123' title='bbox 1029 1940 1336 1996; x_wconf 90' lang='lat' dir='ltr'>hominum</span> <span class='ocrx_word' id='word_1_124' title='bbox 1387 1944 1444 1994; x_wconf 91' lang='lat' dir='ltr'>et</span> <span class='ocrx_word' id='word_1_125' title='bbox 1491 1939 1886 1994; x_wconf 87' lang='lat' dir='ltr'>membrorum</span> 
     </span>
    </p>
   </div>
   <div class='ocr_carea' id='block_1_21' title="bbox 250 2031 1886 2106">
    <p class='ocr_par' dir='ltr' id='par_1_21' title="bbox 250 2031 1886 2106">
     <span class='ocr_line' id='line_1_21' title="bbox 250 2031 1886 2106; baseline -0.001 -18"><span class='ocrx_word' id='word_1_126' title='bbox 250 2051 536 2102; x_wconf 88' lang='lat' dir='ltr'>meorum,</span> <span class='ocrx_word' id='word_1_127' title='bbox 568 2034 929 2106; x_wconf 77' lang='lat' dir='ltr'>maximeque</span> <span class='ocrx_word' id='word_1_128' title='bbox 959 2033 1369 2104; x_wconf 89' lang='lat' dir='ltr'>discipulorum</span> <span class='ocrx_word' id='word_1_129' title='bbox 1400 2049 1664 2087; x_wconf 90' lang='lat' dir='ltr'>meorum</span> <span class='ocrx_word' id='word_1_130' title='bbox 1695 2031 1886 2086; x_wconf 79' lang='lat' dir='ltr'>existis</span> 
     </span>
    </p>
   </div>
   <div class='ocr_carea' id='block_1_22' title="bbox 251 2125 1882 2199">
    <p class='ocr_par' dir='ltr' id='par_1_22' title="bbox 251 2125 1882 2199">
     <span class='ocr_line' id='line_1_22' title="bbox 251 2125 1882 2199; baseline -0.002 -17"><span class='ocrx_word' id='word_1_131' title='bbox 251 2133 314 2182; x_wconf 91' lang='lat' dir='ltr'>ut</span> <span class='ocrx_word' id='word_1_132' title='bbox 329 2129 593 2199; x_wconf 88' lang='lat' dir='ltr'>princeps</span> <span class='ocrx_word' id='word_1_133' title='bbox 613 2133 670 2183; x_wconf 91' lang='lat' dir='ltr'>et</span> <span class='ocrx_word' id='word_1_134' title='bbox 685 2128 880 2183; x_wconf 92' lang='lat' dir='ltr'>doctor</span> <span class='ocrx_word' id='word_1_135' title='bbox 894 2128 1224 2183; x_wconf 79' lang='lat' dir='ltr'>orthodoxae</span> <span class='ocrx_word' id='word_1_136' title='bbox 1241 2130 1298 2182; x_wconf 91' lang='lat' dir='ltr'>et</span> <span class='ocrx_word' id='word_1_137' title='bbox 1320 2127 1705 2181; x_wconf 60' lang='lat' dir='ltr'>immaculata;</span> <span class='ocrx_word' id='word_1_138' title='bbox 1725 2125 1882 2193; x_wconf 83' lang='lat' dir='ltr'>ﬁdei,</span> 
     </span>
    </p>
   </div>
   <div class='ocr_carea' id='block_1_23' title="bbox 249 2218 1884 2293">
    <p class='ocr_par' dir='ltr' id='par_1_23' title="bbox 249 2218 1884 2293">
     <span class='ocr_line' id='line_1_23' title="bbox 249 2218 1884 2293; baseline -0.001 -17"><span class='ocrx_word' id='word_1_139' title='bbox 249 2221 410 2293; x_wconf 84' lang='lat' dir='ltr'>cujus</span> <span class='ocrx_word' id='word_1_140' title='bbox 435 2221 556 2276; x_wconf 88' lang='lat' dir='ltr'>vice</span> <span class='ocrx_word' id='word_1_141' title='bbox 601 2221 769 2276; x_wconf 89' lang='lat' dir='ltr'>hodie</span> <span class='ocrx_word' id='word_1_142' title='bbox 820 2221 1001 2292; x_wconf 88' lang='lat' dir='ltr'>gratia</span> <span class='ocrx_word' id='word_1_143' title='bbox 1045 2221 1143 2277; x_wconf 92' lang='lat' dir='ltr'>Dei</span> <span class='ocrx_word' id='word_1_144' title='bbox 1182 2221 1469 2292; x_wconf 84' lang='lat' dir='ltr'>legatione</span> <span class='ocrx_word' id='word_1_145' title='bbox 1521 2236 1624 2290; x_wconf 91' lang='lat' dir='ltr'>pro</span> <span class='ocrx_word' id='word_1_146' title='bbox 1663 2218 1884 2275; x_wconf 88' lang='lat' dir='ltr'>Christo</span> 
     </span>
    </p>
   </div>
   <div class='ocr_carea' id='block_1_24' title="bbox 249 2314 1886 2386">
    <p class='ocr_par' dir='ltr' id='par_1_24' title="bbox 249 2314 1886 2386">
     <span class='ocr_line' id='line_1_24' title="bbox 249 2314 1886 2386; baseline -0.002 -16"><span class='ocrx_word' id='word_1_147' title='bbox 249 2315 567 2386; x_wconf 81' lang='lat' dir='ltr'>fungimur,</span> <span class='ocrx_word' id='word_1_148' title='bbox 599 2319 655 2370; x_wconf 91' lang='lat' dir='ltr'>et</span> <span class='ocrx_word' id='word_1_149' title='bbox 691 2331 890 2369; x_wconf 89' lang='lat' dir='ltr'>omnes</span> <span class='ocrx_word' id='word_1_150' title='bbox 937 2315 1108 2385; x_wconf 89' lang='lat' dir='ltr'>hujus</span> <span class='ocrx_word' id='word_1_151' title='bbox 1159 2317 1365 2369; x_wconf 70' lang='lat' dir='ltr'>sanctas</span> <span class='ocrx_word' id='word_1_152' title='bbox 1419 2314 1568 2369; x_wconf 90' lang='lat' dir='ltr'>sedis</span> <span class='ocrx_word' id='word_1_153' title='bbox 1612 2314 1886 2385; x_wconf 86' lang='lat' dir='ltr'>praesules</span> 
     </span>
    </p>
   </div>
   <div class='ocr_carea' id='block_1_25' title="bbox 249 2407 1887 2481">
    <p class='ocr_par' dir='ltr' id='par_1_25' title="bbox 249 2407 1887 2481">
     <span class='ocr_line' id='line_1_25' title="bbox 249 2407 1887 2481; baseline -0.002 -17"><span class='ocrx_word' id='word_1_154' title='bbox 249 2410 371 2481; x_wconf 85' lang='lat' dir='ltr'>ejus</span> <span class='ocrx_word' id='word_1_155' title='bbox 399 2410 580 2463; x_wconf 86' lang='lat' dir='ltr'>vicem</span> <span class='ocrx_word' id='word_1_156' title='bbox 610 2411 928 2480; x_wconf 88' lang='lat' dir='ltr'>gesserunt,</span> <span class='ocrx_word' id='word_1_157' title='bbox 963 2411 1175 2478; x_wconf 86' lang='lat' dir='ltr'>gerunt</span> <span class='ocrx_word' id='word_1_158' title='bbox 1200 2413 1255 2463; x_wconf 92' lang='lat' dir='ltr'>et</span> <span class='ocrx_word' id='word_1_159' title='bbox 1283 2411 1504 2478; x_wconf 82' lang='lat' dir='ltr'>gerent.</span> <span class='ocrx_word' id='word_1_160' title='bbox 1537 2408 1667 2462; x_wconf 88' lang='lat' dir='ltr'>Ideo</span> <span class='ocrx_word' id='word_1_161' title='bbox 1694 2407 1887 2461; x_wconf 89' lang='lat' dir='ltr'>omnia</span> 
     </span>
    </p>
   </div>
   <div class='ocr_carea' id='block_1_26' title="bbox 248 2501 1886 2575">
    <p class='ocr_par' dir='ltr' id='par_1_26' title="bbox 248 2501 1886 2575">
     <span class='ocr_line' id='line_1_26' title="bbox 248 2501 1886 2575; baseline -0.001 -20"><span class='ocrx_word' id='word_1_162' title='bbox 248 2520 378 2575; x_wconf 68' lang='lat' dir='ltr'>qua:</span> <span class='ocrx_word' id='word_1_163' title='bbox 406 2502 733 2556; x_wconf 89' lang='lat' dir='ltr'>innotuistis</span> <span class='ocrx_word' id='word_1_164' title='bbox 763 2519 878 2556; x_wconf 91' lang='lat' dir='ltr'>non</span> <span class='ocrx_word' id='word_1_165' title='bbox 905 2501 1075 2557; x_wconf 90' lang='lat' dir='ltr'>licere</span> <span class='ocrx_word' id='word_1_166' title='bbox 1103 2502 1465 2571; x_wconf 87' lang='lat' dir='ltr'>mandarem,</span> <span class='ocrx_word' id='word_1_167' title='bbox 1498 2501 1605 2554; x_wconf 91' lang='lat' dir='ltr'>nisi</span> <span class='ocrx_word' id='word_1_168' title='bbox 1631 2517 1729 2555; x_wconf 92' lang='lat' dir='ltr'>vos</span> <span class='ocrx_word' id='word_1_169' title='bbox 1772 2504 1886 2555; x_wconf 88' lang='lat' dir='ltr'>tam</span> 
     </span>
    </p>
   </div>
   <div class='ocr_carea' id='block_1_27' title="bbox 246 2588 1885 2668">
    <p class='ocr_par' dir='ltr' id='par_1_27' title="bbox 246 2588 1885 2668">
     <span class='ocr_line' id='line_1_27' title="bbox 246 2588 1885 2668; baseline -0.002 -17"><span class='ocrx_word' id='word_1_170' title='bbox 246 2596 494 2668; x_wconf 89' lang='lat' dir='ltr'>pleniter</span> <span class='ocrx_word' id='word_1_171' title='bbox 519 2597 824 2651; x_wconf 90' lang='lat' dir='ltr'>instructos</span> <span class='ocrx_word' id='word_1_172' title='bbox 864 2612 985 2650; x_wconf 91' lang='lat' dir='ltr'>esse</span> <span class='ocrx_word' id='word_1_173' title='bbox 1028 2595 1232 2650; x_wconf 89' lang='lat' dir='ltr'>scirem</span> <span class='ocrx_word' id='word_1_174' title='bbox 1276 2588 1447 2666; x_wconf 85' lang='lat' dir='ltr'>quod</span> <span class='ocrx_word' id='word_1_175' title='bbox 1475 2597 1679 2649; x_wconf 89' lang='lat' dir='ltr'>cuncta</span> <span class='ocrx_word' id='word_1_176' title='bbox 1715 2609 1885 2664; x_wconf 89' lang='lat' dir='ltr'>super</span> 
     </span>
    </p>
   </div>
   <div class='ocr_carea' id='block_1_28' title="bbox 248 2687 1884 2762">
    <p class='ocr_par' dir='ltr' id='par_1_28' title="bbox 248 2687 1884 2762">
     <span class='ocr_line' id='line_1_28' title="bbox 248 2687 1884 2762; baseline -0.002 -17"><span class='ocrx_word' id='word_1_177' title='bbox 248 2691 457 2762; x_wconf 89' lang='lat' dir='ltr'>quibus</span> <span class='ocrx_word' id='word_1_178' title='bbox 477 2689 771 2744; x_wconf 91' lang='lat' dir='ltr'>consulitis</span> <span class='ocrx_word' id='word_1_179' title='bbox 798 2688 991 2743; x_wconf 90' lang='lat' dir='ltr'>illicita</span> <span class='ocrx_word' id='word_1_180' title='bbox 1011 2705 1130 2743; x_wconf 91' lang='lat' dir='ltr'>esse</span> <span class='ocrx_word' id='word_1_181' title='bbox 1154 2705 1272 2743; x_wconf 92' lang='lat' dir='ltr'>non</span> <span class='ocrx_word' id='word_1_182' title='bbox 1290 2687 1577 2743; x_wconf 90' lang='lat' dir='ltr'>dubitetis.</span> <span class='ocrx_word' id='word_1_183' title='bbox 1600 2687 1884 2742; x_wconf 90' lang='lat' dir='ltr'>Discutere</span> 
     </span>
    </p>
   </div>
   <div class='ocr_carea' id='block_1_29' title="bbox 248 2780 1884 2854">
    <p class='ocr_par' dir='ltr' id='par_1_29' title="bbox 248 2780 1884 2854">
     <span class='ocr_line' id='line_1_29' title="bbox 248 2780 1884 2854; baseline -0.002 -16"><span class='ocrx_word' id='word_1_184' title='bbox 248 2799 501 2854; x_wconf 90' lang='lat' dir='ltr'>namque</span> <span class='ocrx_word' id='word_1_185' title='bbox 537 2783 833 2854; x_wconf 90' lang='lat' dir='ltr'>episcopos</span> <span class='ocrx_word' id='word_1_186' title='bbox 877 2787 934 2837; x_wconf 91' lang='lat' dir='ltr'>et</span> <span class='ocrx_word' id='word_1_187' title='bbox 980 2798 1332 2837; x_wconf 89' lang='lat' dir='ltr'>summorum</span> <span class='ocrx_word' id='word_1_188' title='bbox 1376 2780 1884 2835; x_wconf 85' lang='lat' dir='ltr'>ecclesiasticorum</span> 
     </span>
    </p>
   </div>
   <div class='ocr_carea' id='block_1_30' title="bbox 246 2874 1884 2948">
    <p class='ocr_par' dir='ltr' id='par_1_30' title="bbox 246 2874 1884 2948">
     <span class='ocr_line' id='line_1_30' title="bbox 246 2874 1884 2948; baseline -0.003 -16"><span class='ocrx_word' id='word_1_189' title='bbox 246 2878 612 2948; x_wconf 86' lang='lat' dir='ltr'>negotiorum</span> <span class='ocrx_word' id='word_1_190' title='bbox 636 2893 829 2930; x_wconf 89' lang='lat' dir='ltr'>causas</span> <span class='ocrx_word' id='word_1_191' title='bbox 847 2875 1318 2947; x_wconf 79' lang='lat' dir='ltr'>metropolitanos</span> <span class='ocrx_word' id='word_1_192' title='bbox 1338 2891 1444 2928; x_wconf 90' lang='lat' dir='ltr'>una</span> <span class='ocrx_word' id='word_1_193' title='bbox 1466 2891 1594 2928; x_wconf 91' lang='lat' dir='ltr'>cum</span> <span class='ocrx_word' id='word_1_194' title='bbox 1618 2874 1884 2929; x_wconf 90' lang='lat' dir='ltr'>omnibus</span> 
     </span>
    </p>
   </div>
   <div class='ocr_carea' id='block_1_31' title="bbox 247 2967 1886 3040">
    <p class='ocr_par' dir='ltr' id='par_1_31' title="bbox 247 2967 1886 3040">
     <span class='ocr_line' id='line_1_31' title="bbox 247 2967 1886 3040; baseline -0.002 -15"><span class='ocrx_word' id='word_1_195' title='bbox 247 2971 360 3025; x_wconf 91' lang='lat' dir='ltr'>suis</span> <span class='ocrx_word' id='word_1_196' title='bbox 385 2969 975 3040; x_wconf 86' lang='lat' dir='ltr'>comprovincialibus,</span> <span class='ocrx_word' id='word_1_197' title='bbox 999 2969 1080 3023; x_wconf 91' lang='lat' dir='ltr'>ita</span> <span class='ocrx_word' id='word_1_198' title='bbox 1108 2973 1173 3023; x_wconf 91' lang='lat' dir='ltr'>ut</span> <span class='ocrx_word' id='word_1_199' title='bbox 1204 2984 1373 3023; x_wconf 91' lang='lat' dir='ltr'>nemo</span> <span class='ocrx_word' id='word_1_200' title='bbox 1414 2984 1482 3022; x_wconf 90' lang='lat' dir='ltr'>ex</span> <span class='ocrx_word' id='word_1_201' title='bbox 1513 2967 1595 3021; x_wconf 91' lang='lat' dir='ltr'>eis</span> <span class='ocrx_word' id='word_1_202' title='bbox 1638 2967 1800 3034; x_wconf 90' lang='lat' dir='ltr'>desit,</span> <span class='ocrx_word' id='word_1_203' title='bbox 1830 2971 1886 3021; x_wconf 90' lang='lat' dir='ltr'>et</span> 
     </span>
    </p>
   </div>
   <div class='ocr_carea' id='block_1_32' title="bbox 249 3060 1885 3134">
    <p class='ocr_par' dir='ltr' id='par_1_32' title="bbox 249 3060 1885 3134">
     <span class='ocr_line' id='line_1_32' title="bbox 249 3060 1885 3134; baseline -0.003 -15"><span class='ocrx_word' id='word_1_204' title='bbox 249 3081 454 3119; x_wconf 89' lang='lat' dir='ltr'>omnes</span> <span class='ocrx_word' id='word_1_205' title='bbox 475 3063 907 3134; x_wconf 88' lang='lat' dir='ltr'>insingulorum</span> <span class='ocrx_word' id='word_1_206' title='bbox 938 3062 1287 3118; x_wconf 90' lang='lat' dir='ltr'>concordent</span> <span class='ocrx_word' id='word_1_207' title='bbox 1315 3062 1574 3132; x_wconf 88' lang='lat' dir='ltr'>negotiis,</span> <span class='ocrx_word' id='word_1_208' title='bbox 1594 3061 1757 3127; x_wconf 88' lang='lat' dir='ltr'>licet;</span> <span class='ocrx_word' id='word_1_209' title='bbox 1785 3060 1885 3114; x_wconf 92' lang='lat' dir='ltr'>sed</span> 
     </span>
    </p>
   </div>
   <div class='ocr_carea' id='block_1_33' title="bbox 248 3155 1885 3228">
    <p class='ocr_par' dir='ltr' id='par_1_33' title="bbox 248 3155 1885 3228">
     <span class='ocr_line' id='line_1_33' title="bbox 248 3155 1885 3228; baseline -0.002 -17"><span class='ocrx_word' id='word_1_210' title='bbox 248 3157 488 3212; x_wconf 84' lang='lat' dir='ltr'>deﬁnire</span> <span class='ocrx_word' id='word_1_211' title='bbox 556 3173 755 3211; x_wconf 90' lang='lat' dir='ltr'>eorum</span> <span class='ocrx_word' id='word_1_212' title='bbox 825 3160 996 3228; x_wconf 92' lang='lat' dir='ltr'>atque</span> <span class='ocrx_word' id='word_1_213' title='bbox 1050 3155 1552 3210; x_wconf 87' lang='lat' dir='ltr'>ecclesiasticarum</span> <span class='ocrx_word' id='word_1_214' title='bbox 1635 3171 1885 3209; x_wconf 89' lang='lat' dir='ltr'>summas</span> 
     </span>
    </p>
   </div>
   <div class='ocr_carea' id='block_1_34' title="bbox 244 3248 1882 3322">
    <p class='ocr_par' dir='ltr' id='par_1_34' title="bbox 244 3248 1882 3322">
     <span class='ocr_line' id='line_1_34' title="bbox 244 3248 1882 3322; baseline -0.002 -16"><span class='ocrx_word' id='word_1_215' title='bbox 244 3251 508 3322; x_wconf 85' lang='lat' dir='ltr'>querelas</span> <span class='ocrx_word' id='word_1_216' title='bbox 533 3266 851 3314; x_wconf 87' lang='lat' dir='ltr'>causarum,</span> <span class='ocrx_word' id='word_1_217' title='bbox 874 3250 964 3304; x_wconf 90' lang='lat' dir='ltr'>vel</span> <span class='ocrx_word' id='word_1_218' title='bbox 1006 3249 1281 3304; x_wconf 90' lang='lat' dir='ltr'>damnare</span> <span class='ocrx_word' id='word_1_219' title='bbox 1327 3249 1636 3320; x_wconf 88' lang='lat' dir='ltr'>episcopos,</span> <span class='ocrx_word' id='word_1_220' title='bbox 1669 3248 1882 3319; x_wconf 85' lang='lat' dir='ltr'>absque</span> 
     </span>
    </p>
   </div>
   <div class='ocr_carea' id='block_1_35' title="bbox 247 3342 1883 3414">
    <p class='ocr_par' dir='ltr' id='par_1_35' title="bbox 247 3342 1883 3414">
     <span class='ocr_line' id='line_1_35' title="bbox 247 3342 1883 3414; baseline -0.002 -15"><span class='ocrx_word' id='word_1_221' title='bbox 247 3345 415 3414; x_wconf 83' lang='lat' dir='ltr'>hujus</span> <span class='ocrx_word' id='word_1_222' title='bbox 442 3348 650 3398; x_wconf 70' lang='lat' dir='ltr'>sanctae</span> <span class='ocrx_word' id='word_1_223' title='bbox 675 3343 824 3398; x_wconf 91' lang='lat' dir='ltr'>sedis</span> <span class='ocrx_word' id='word_1_224' title='bbox 865 3343 1204 3397; x_wconf 87' lang='lat' dir='ltr'>auctoritate</span> <span class='ocrx_word' id='word_1_225' title='bbox 1249 3342 1486 3397; x_wconf 88' lang='lat' dir='ltr'>minime</span> <span class='ocrx_word' id='word_1_226' title='bbox 1529 3342 1680 3410; x_wconf 89' lang='lat' dir='ltr'>licet,</span> <span class='ocrx_word' id='word_1_227' title='bbox 1711 3358 1883 3412; x_wconf 86' lang='lat' dir='ltr'>quam</span> 
     </span>
    </p>
   </div>
   <div class='ocr_carea' id='block_1_36' title="bbox 248 3435 1884 3508">
    <p class='ocr_par' dir='ltr' id='par_1_36' title="bbox 248 3435 1884 3508">
     <span class='ocr_line' id='line_1_36' title="bbox 248 3435 1884 3508; baseline -0.002 -16"><span class='ocrx_word' id='word_1_228' title='bbox 248 3455 450 3493; x_wconf 89' lang='lat' dir='ltr'>omnes</span> <span class='ocrx_word' id='word_1_229' title='bbox 488 3437 776 3508; x_wconf 89' lang='lat' dir='ltr'>appellare</span> <span class='ocrx_word' id='word_1_230' title='bbox 805 3436 870 3508; x_wconf 88' lang='lat' dir='ltr'>(si</span> <span class='ocrx_word' id='word_1_231' title='bbox 903 3453 1135 3490; x_wconf 91' lang='lat' dir='ltr'>necesse</span> <span class='ocrx_word' id='word_1_232' title='bbox 1184 3435 1375 3505; x_wconf 87' lang='lat' dir='ltr'>fuerit)</span> <span class='ocrx_word' id='word_1_233' title='bbox 1401 3441 1457 3490; x_wconf 91' lang='lat' dir='ltr'>et</span> <span class='ocrx_word' id='word_1_234' title='bbox 1485 3436 1655 3506; x_wconf 89' lang='lat' dir='ltr'>hujus</span> <span class='ocrx_word' id='word_1_235' title='bbox 1698 3435 1884 3489; x_wconf 89' lang='lat' dir='ltr'>fulciri</span> 
     </span>
    </p>
   </div>
   <div class='ocr_carea' id='block_1_37' title="bbox 246 3528 1882 3602">
    <p class='ocr_par' dir='ltr' id='par_1_37' title="bbox 246 3528 1882 3602">
     <span class='ocr_line' id='line_1_37' title="bbox 246 3528 1882 3602; baseline -0.002 -16"><span class='ocrx_word' id='word_1_236' title='bbox 246 3531 456 3586; x_wconf 87' lang='lat' dir='ltr'>auxilio</span> <span class='ocrx_word' id='word_1_237' title='bbox 482 3532 729 3602; x_wconf 91' lang='lat' dir='ltr'>oportet.</span> <span class='ocrx_word' id='word_1_238' title='bbox 762 3531 924 3598; x_wconf 89' lang='lat' dir='ltr'>Nam,</span> <span class='ocrx_word' id='word_1_239' title='bbox 955 3534 1018 3584; x_wconf 90' lang='lat' dir='ltr'>ut</span> <span class='ocrx_word' id='word_1_240' title='bbox 1058 3530 1253 3597; x_wconf 85' lang='lat' dir='ltr'>nostis,</span> <span class='ocrx_word' id='word_1_241' title='bbox 1285 3529 1563 3600; x_wconf 79' lang='lat' dir='ltr'>synodum</span> <span class='ocrx_word' id='word_1_242' title='bbox 1610 3528 1730 3584; x_wconf 90' lang='lat' dir='ltr'>sine</span> <span class='ocrx_word' id='word_1_243' title='bbox 1761 3528 1882 3598; x_wconf 89' lang='lat' dir='ltr'>ejus</span> 
     </span>
    </p>
   </div>
   <div class='ocr_carea' id='block_1_38' title="bbox 247 3621 1883 3692">
    <p class='ocr_par' dir='ltr' id='par_1_38' title="bbox 247 3621 1883 3692">
     <span class='ocr_line' id='line_1_38' title="bbox 247 3621 1883 3692; baseline -0.003 -13"><span class='ocrx_word' id='word_1_244' title='bbox 247 3624 584 3680; x_wconf 86' lang='lat' dir='ltr'>auctoritate</span> <span class='ocrx_word' id='word_1_245' title='bbox 618 3623 742 3678; x_wconf 90' lang='lat' dir='ltr'>ﬁeri</span> <span class='ocrx_word' id='word_1_246' title='bbox 772 3639 890 3678; x_wconf 90' lang='lat' dir='ltr'>non</span> <span class='ocrx_word' id='word_1_247' title='bbox 936 3626 1022 3677; x_wconf 90' lang='lat' dir='ltr'>est</span> <span class='ocrx_word' id='word_1_248' title='bbox 1051 3623 1415 3689; x_wconf 90' lang='lat' dir='ltr'>catholicum,</span> <span class='ocrx_word' id='word_1_249' title='bbox 1448 3638 1550 3676; x_wconf 91' lang='lat' dir='ltr'>nec</span> <span class='ocrx_word' id='word_1_250' title='bbox 1587 3621 1883 3692; x_wconf 90' lang='lat' dir='ltr'>episcopus</span> 
     </span>
    </p>
   </div>
   <div class='ocr_carea' id='block_1_39' title="bbox 245 3715 1880 3790">
    <p class='ocr_par' dir='ltr' id='par_1_39' title="bbox 245 3715 1880 3790">
     <span class='ocr_line' id='line_1_39' title="bbox 245 3715 1880 3790; baseline -0.003 -17"><span class='ocrx_word' id='word_1_251' title='bbox 245 3719 303 3773; x_wconf 90' lang='lat' dir='ltr'>in</span> <span class='ocrx_word' id='word_1_252' title='bbox 329 3717 588 3790; x_wconf 88' lang='lat' dir='ltr'>legitima</span> <span class='ocrx_word' id='word_1_253' title='bbox 619 3717 858 3788; x_wconf 84' lang='lat' dir='ltr'>synodo,</span> <span class='ocrx_word' id='word_1_254' title='bbox 889 3721 946 3772; x_wconf 92' lang='lat' dir='ltr'>et</span> <span class='ocrx_word' id='word_1_255' title='bbox 975 3734 1074 3771; x_wconf 91' lang='lat' dir='ltr'>suo</span> <span class='ocrx_word' id='word_1_256' title='bbox 1100 3719 1357 3787; x_wconf 91' lang='lat' dir='ltr'>tempore</span> <span class='ocrx_word' id='word_1_257' title='bbox 1390 3715 1695 3786; x_wconf 89' lang='lat' dir='ltr'>apostolica</span> <span class='ocrx_word' id='word_1_258' title='bbox 1717 3730 1880 3768; x_wconf 91' lang='lat' dir='ltr'>voca-</span> 
     </span>
    </p>
   </div>
   <div class='ocr_carea' id='block_1_40' title="bbox 247 3809 1883 3882">
    <p class='ocr_par' dir='ltr' id='par_1_40' title="bbox 247 3809 1883 3882">
     <span class='ocr_line' id='line_1_40' title="bbox 247 3809 1883 3882; baseline -0.003 -15"><span class='ocrx_word' id='word_1_259' title='bbox 247 3813 402 3867; x_wconf 88' lang='lat' dir='ltr'>tione</span> <span class='ocrx_word' id='word_1_260' title='bbox 420 3816 770 3882; x_wconf 86' lang='lat' dir='ltr'>congregata</span> <span class='ocrx_word' id='word_1_261' title='bbox 794 3810 1023 3866; x_wconf 86' lang='lat' dir='ltr'>deﬁnite</span> <span class='ocrx_word' id='word_1_262' title='bbox 1051 3809 1306 3864; x_wconf 90' lang='lat' dir='ltr'>damnari</span> <span class='ocrx_word' id='word_1_263' title='bbox 1339 3812 1541 3881; x_wconf 90' lang='lat' dir='ltr'>potest,</span> <span class='ocrx_word' id='word_1_264' title='bbox 1563 3824 1744 3879; x_wconf 90' lang='lat' dir='ltr'>neque</span> <span class='ocrx_word' id='word_1_265' title='bbox 1772 3809 1883 3862; x_wconf 86' lang='lat' dir='ltr'>ulla</span> 
     </span>
    </p>
   </div>
   <div class='ocr_carea' id='block_1_41' title="bbox 245 3902 1884 3978">
    <p class='ocr_par' dir='ltr' id='par_1_41' title="bbox 245 3902 1884 3978">
     <span class='ocr_line' id='line_1_41' title="bbox 245 3902 1884 3978; baseline -0.002 -18"><span class='ocrx_word' id='word_1_266' title='bbox 245 3923 508 3978; x_wconf 91' lang='lat' dir='ltr'>unquam</span> <span class='ocrx_word' id='word_1_267' title='bbox 537 3905 771 3960; x_wconf 90' lang='lat' dir='ltr'>concilia</span> <span class='ocrx_word' id='word_1_268' title='bbox 801 3908 925 3958; x_wconf 92' lang='lat' dir='ltr'>rata</span> <span class='ocrx_word' id='word_1_269' title='bbox 950 3905 1240 3974; x_wconf 89' lang='lat' dir='ltr'>leguntur,</span> <span class='ocrx_word' id='word_1_270' title='bbox 1274 3920 1403 3975; x_wconf 60' lang='lat' dir='ltr'>quae</span> <span class='ocrx_word' id='word_1_271' title='bbox 1432 3919 1549 3958; x_wconf 92' lang='lat' dir='ltr'>non</span> <span class='ocrx_word' id='word_1_272' title='bbox 1589 3907 1719 3957; x_wconf 89' lang='lat' dir='ltr'>sunt</span> <span class='ocrx_word' id='word_1_273' title='bbox 1742 3902 1884 3956; x_wconf 88' lang='lat' dir='ltr'>fulta</span> 
     </span>
    </p>
   </div>
   <div class='ocr_carea' id='block_1_42' title="bbox 245 3996 1884 4072">
    <p class='ocr_par' dir='ltr' id='par_1_42' title="bbox 245 3996 1884 4072">
     <span class='ocr_line' id='line_1_42' title="bbox 245 3996 1884 4072; baseline -0.003 -18"><span class='ocrx_word' id='word_1_274' title='bbox 245 3999 561 4072; x_wconf 88' lang='lat' dir='ltr'>apostolica</span> <span class='ocrx_word' id='word_1_275' title='bbox 591 3997 941 4054; x_wconf 86' lang='lat' dir='ltr'>auctoritate.</span> <span class='ocrx_word' id='word_1_276' title='bbox 973 4000 1337 4052; x_wconf 86' lang='lat' dir='ltr'>Accusatores</span> <span class='ocrx_word' id='word_1_277' title='bbox 1366 3999 1558 4051; x_wconf 90' lang='lat' dir='ltr'>autem</span> <span class='ocrx_word' id='word_1_278' title='bbox 1598 3996 1884 4067; x_wconf 85' lang='lat' dir='ltr'>episcopo-</span> 
     </span>
    </p>
   </div>
   <div class='ocr_carea' id='block_1_43' title="bbox 246 4089 1885 4163">
    <p class='ocr_par' dir='ltr' id='par_1_43' title="bbox 246 4089 1885 4163">
     <span class='ocr_line' id='line_1_43' title="bbox 246 4089 1885 4163; baseline -0.002 -16"><span class='ocrx_word' id='word_1_279' title='bbox 246 4110 395 4160; x_wconf 92' lang='lat' dir='ltr'>rum,</span> <span class='ocrx_word' id='word_1_280' title='bbox 415 4097 474 4148; x_wconf 93' lang='lat' dir='ltr'>et</span> <span class='ocrx_word' id='word_1_281' title='bbox 493 4095 663 4147; x_wconf 91' lang='lat' dir='ltr'>testes</span> <span class='ocrx_word' id='word_1_282' title='bbox 690 4107 859 4163; x_wconf 90' lang='lat' dir='ltr'>super</span> <span class='ocrx_word' id='word_1_283' title='bbox 879 4091 1086 4162; x_wconf 90' lang='lat' dir='ltr'>quibus</span> <span class='ocrx_word' id='word_1_284' title='bbox 1108 4090 1351 4161; x_wconf 87' lang='lat' dir='ltr'>rogastis</span> <span class='ocrx_word' id='word_1_285' title='bbox 1374 4091 1586 4161; x_wconf 84' lang='lat' dir='ltr'>absque</span> <span class='ocrx_word' id='word_1_286' title='bbox 1609 4091 1721 4144; x_wconf 92' lang='lat' dir='ltr'>ulla</span> <span class='ocrx_word' id='word_1_287' title='bbox 1742 4089 1885 4144; x_wconf 87' lang='lat' dir='ltr'>infa-</span> 
     </span>
    </p>
   </div>
   <div class='ocr_carea' id='block_1_44' title="bbox 243 4183 1882 4256">
    <p class='ocr_par' dir='ltr' id='par_1_44' title="bbox 243 4183 1882 4256">
     <span class='ocr_line' id='line_1_44' title="bbox 243 4183 1882 4256; baseline -0.002 -15"><span class='ocrx_word' id='word_1_288' title='bbox 243 4187 361 4242; x_wconf 89' lang='lat' dir='ltr'>mia</span> <span class='ocrx_word' id='word_1_289' title='bbox 377 4190 478 4241; x_wconf 91' lang='lat' dir='ltr'>aut</span> <span class='ocrx_word' id='word_1_290' title='bbox 490 4185 811 4256; x_wconf 87' lang='lat' dir='ltr'>suspicione</span> <span class='ocrx_word' id='word_1_291' title='bbox 828 4187 915 4240; x_wconf 89' lang='lat' dir='ltr'>vel</span> <span class='ocrx_word' id='word_1_292' title='bbox 936 4184 1241 4239; x_wconf 90' lang='lat' dir='ltr'>manifesta</span> <span class='ocrx_word' id='word_1_293' title='bbox 1263 4184 1508 4252; x_wconf 89' lang='lat' dir='ltr'>macula,</span> <span class='ocrx_word' id='word_1_294' title='bbox 1525 4187 1581 4238; x_wconf 91' lang='lat' dir='ltr'>et</span> <span class='ocrx_word' id='word_1_295' title='bbox 1599 4200 1730 4238; x_wconf 89' lang='lat' dir='ltr'>vere</span> <span class='ocrx_word' id='word_1_296' title='bbox 1753 4183 1882 4237; x_wconf 88' lang='lat' dir='ltr'>ﬁdei</span> 
     </span>
    </p>
   </div>
   <div class='ocr_carea' id='block_1_45' title="bbox 243 4277 1881 4351">
    <p class='ocr_par' dir='ltr' id='par_1_45' title="bbox 243 4277 1881 4351">
     <span class='ocr_line' id='line_1_45' title="bbox 243 4277 1881 4351; baseline -0.002 -17"><span class='ocrx_word' id='word_1_297' title='bbox 243 4279 495 4351; x_wconf 86' lang='lat' dir='ltr'>plenitcr</span> <span class='ocrx_word' id='word_1_298' title='bbox 543 4279 801 4334; x_wconf 87' lang='lat' dir='ltr'>instructi</span> <span class='ocrx_word' id='word_1_299' title='bbox 851 4295 972 4333; x_wconf 89' lang='lat' dir='ltr'>esse</span> <span class='ocrx_word' id='word_1_300' title='bbox 1022 4277 1250 4345; x_wconf 90' lang='lat' dir='ltr'>debent,</span> <span class='ocrx_word' id='word_1_301' title='bbox 1293 4280 1350 4332; x_wconf 93' lang='lat' dir='ltr'>et</span> <span class='ocrx_word' id='word_1_302' title='bbox 1392 4277 1528 4332; x_wconf 91' lang='lat' dir='ltr'>tales</span> <span class='ocrx_word' id='word_1_303' title='bbox 1576 4278 1766 4348; x_wconf 87' lang='lat' dir='ltr'>quales</span> <span class='ocrx_word' id='word_1_304' title='bbox 1808 4277 1881 4330; x_wconf 87' lang='lat' dir='ltr'>ad</span> 
     </span>
    </p>
   </div>
   <div class='ocr_carea' id='block_1_46' title="bbox 246 4369 1880 4444">
    <p class='ocr_par' dir='ltr' id='par_1_46' title="bbox 246 4369 1880 4444">
     <span class='ocr_line' id='line_1_46' title="bbox 246 4369 1880 4444; baseline -0.003 -16"><span class='ocrx_word' id='word_1_305' title='bbox 246 4372 628 4428; x_wconf 88' lang='lat' dir='ltr'>sacerdotium</span> <span class='ocrx_word' id='word_1_306' title='bbox 655 4372 864 4444; x_wconf 84' lang='lat' dir='ltr'>eligere</span> <span class='ocrx_word' id='word_1_307' title='bbox 875 4371 1042 4443; x_wconf 89' lang='lat' dir='ltr'>jubet</span> <span class='ocrx_word' id='word_1_308' title='bbox 1059 4371 1252 4425; x_wconf 89' lang='lat' dir='ltr'>divina</span> <span class='ocrx_word' id='word_1_309' title='bbox 1272 4371 1590 4438; x_wconf 85' lang='lat' dir='ltr'>auctoritas,</span> <span class='ocrx_word' id='word_1_310' title='bbox 1612 4369 1880 4440; x_wconf 91' lang='lat' dir='ltr'>quoniam</span> 
     </span>
    </p>
   </div>
   <div class='ocr_carea' id='block_1_47' title="bbox 247 4463 1883 4536">
    <p class='ocr_par' dir='ltr' id='par_1_47' title="bbox 247 4463 1883 4536">
     <span class='ocr_line' id='line_1_47' title="bbox 247 4463 1883 4536; baseline -0.003 -15"><span class='ocrx_word' id='word_1_311' title='bbox 247 4466 564 4521; x_wconf 88' lang='lat' dir='ltr'>sacerdotes</span> <span class='ocrx_word' id='word_1_312' title='bbox 604 4465 686 4535; x_wconf 91' lang='lat' dir='ltr'>(ut</span> <span class='ocrx_word' id='word_1_313' title='bbox 735 4466 972 4536; x_wconf 90' lang='lat' dir='ltr'>antiqua</span> <span class='ocrx_word' id='word_1_314' title='bbox 1016 4464 1188 4519; x_wconf 89' lang='lat' dir='ltr'>tradit</span> <span class='ocrx_word' id='word_1_315' title='bbox 1229 4465 1549 4530; x_wconf 85' lang='lat' dir='ltr'>auctoritas)</span> <span class='ocrx_word' id='word_1_316' title='bbox 1589 4463 1883 4518; x_wconf 90' lang='lat' dir='ltr'>criminari</span> 
     </span>
    </p>
   </div>
   <div class='ocr_carea' id='block_1_48' title="bbox 1988 535 3613 606">
    <p class='ocr_par' dir='ltr' id='par_1_48' title="bbox 1988 535 3613 606">
     <span class='ocr_line' id='line_1_48' title="bbox 1988 535 3613 606; baseline 0.001 -15"><span class='ocrx_word' id='word_1_317' title='bbox 1988 535 2252 591; x_wconf 88' lang='lat' dir='ltr'>Ecclesias</span> <span class='ocrx_word' id='word_1_318' title='bbox 2274 536 2532 606; x_wconf 88' lang='lat' dir='ltr'>proprias</span> <span class='ocrx_word' id='word_1_319' title='bbox 2561 536 2750 606; x_wconf 86' lang='lat' dir='ltr'>primo</span> <span class='ocrx_word' id='word_1_320' title='bbox 2780 536 3032 606; x_wconf 89' lang='lat' dir='ltr'>recipere</span> <span class='ocrx_word' id='word_1_321' title='bbox 3076 539 3134 591; x_wconf 91' lang='lat' dir='ltr'>et</span> <span class='ocrx_word' id='word_1_322' title='bbox 3170 553 3273 592; x_wconf 87' lang='lat' dir='ltr'>sua</span> <span class='ocrx_word' id='word_1_323' title='bbox 3299 537 3380 592; x_wconf 89' lang='lat' dir='ltr'>eis</span> <span class='ocrx_word' id='word_1_324' title='bbox 3420 539 3613 592; x_wconf 88' lang='lat' dir='ltr'>omnia</span> 
     </span>
    </p>
   </div>
   <div class='ocr_carea' id='block_1_49' title="bbox 1985 629 3614 703">
    <p class='ocr_par' dir='ltr' id='par_1_49' title="bbox 1985 629 3614 703">
     <span class='ocr_line' id='line_1_49' title="bbox 1985 629 3614 703; baseline 0.002 -20"><span class='ocrx_word' id='word_1_325' title='bbox 1985 629 2246 698; x_wconf 89' lang='lat' dir='ltr'>legaliter</span> <span class='ocrx_word' id='word_1_326' title='bbox 2273 629 2432 684; x_wconf 91' lang='lat' dir='ltr'>reddi</span> <span class='ocrx_word' id='word_1_327' title='bbox 2459 629 2638 684; x_wconf 87' lang='lat' dir='ltr'>sancti</span> <span class='ocrx_word' id='word_1_328' title='bbox 2667 646 2909 685; x_wconf 88' lang='lat' dir='ltr'>canones</span> <span class='ocrx_word' id='word_1_329' title='bbox 2927 630 3323 699; x_wconf 88' lang='lat' dir='ltr'>decreverunt,</span> <span class='ocrx_word' id='word_1_330' title='bbox 3345 634 3400 686; x_wconf 92' lang='lat' dir='ltr'>et</span> <span class='ocrx_word' id='word_1_331' title='bbox 3423 635 3614 703; x_wconf 87' lang='lat' dir='ltr'>postea</span> 
     </span>
    </p>
   </div>
   <div class='ocr_carea' id='block_1_50' title="bbox 1987 721 3615 796">
    <p class='ocr_par' dir='ltr' id='par_1_50' title="bbox 1987 721 3615 796">
     <span class='ocr_line' id='line_1_50' title="bbox 1987 721 3615 796; baseline 0.003 -21"><span class='ocrx_word' id='word_1_332' title='bbox 1987 721 2031 776; x_wconf 90' lang='lat' dir='ltr'>si</span> <span class='ocrx_word' id='word_1_333' title='bbox 2057 721 2184 793; x_wconf 91' lang='lat' dir='ltr'>quis</span> <span class='ocrx_word' id='word_1_334' title='bbox 2222 738 2320 776; x_wconf 92' lang='lat' dir='ltr'>eos</span> <span class='ocrx_word' id='word_1_335' title='bbox 2344 739 2608 777; x_wconf 91' lang='lat' dir='ltr'>accusare</span> <span class='ocrx_word' id='word_1_336' title='bbox 2634 725 2891 791; x_wconf 87' lang='lat' dir='ltr'>voluerit,</span> <span class='ocrx_word' id='word_1_337' title='bbox 2921 737 3086 795; x_wconf 78' lang='lat' dir='ltr'>aequo</span> <span class='ocrx_word' id='word_1_338' title='bbox 3129 724 3380 796; x_wconf 90' lang='lat' dir='ltr'>periculo</span> <span class='ocrx_word' id='word_1_339' title='bbox 3429 726 3615 780; x_wconf 89' lang='lat' dir='ltr'>facere</span> 
     </span>
    </p>
   </div>
   <div class='ocr_carea' id='block_1_51' title="bbox 1987 814 3615 889">
    <p class='ocr_par' dir='ltr' id='par_1_51' title="bbox 1987 814 3615 889">
     <span class='ocr_line' id='line_1_51' title="bbox 1987 814 3615 889; baseline 0.004 -21"><span class='ocrx_word' id='word_1_340' title='bbox 1987 814 2586 885; x_wconf 88' lang='lat' dir='ltr'>sanciveruntjudices</span> <span class='ocrx_word' id='word_1_341' title='bbox 2610 833 2728 870; x_wconf 91' lang='lat' dir='ltr'>esse</span> <span class='ocrx_word' id='word_1_342' title='bbox 2750 817 3120 872; x_wconf 90' lang='lat' dir='ltr'>decernentes</span> <span class='ocrx_word' id='word_1_343' title='bbox 3146 816 3442 889; x_wconf 90' lang='lat' dir='ltr'>episcopos</span> <span class='ocrx_word' id='word_1_344' title='bbox 3463 821 3615 874; x_wconf 89' lang='lat' dir='ltr'>recte</span> 
     </span>
    </p>
   </div>
   <div class='ocr_carea' id='block_1_52' title="bbox 1987 908 3614 983">
    <p class='ocr_par' dir='ltr' id='par_1_52' title="bbox 1987 908 3614 983">
     <span class='ocr_line' id='line_1_52' title="bbox 1987 908 3614 983; baseline 0.002 -21"><span class='ocrx_word' id='word_1_345' title='bbox 1987 908 2276 979; x_wconf 87' lang='lat' dir='ltr'>sapientes</span> <span class='ocrx_word' id='word_1_346' title='bbox 2310 912 2368 962; x_wconf 91' lang='lat' dir='ltr'>et</span> <span class='ocrx_word' id='word_1_347' title='bbox 2400 909 2552 980; x_wconf 90' lang='lat' dir='ltr'>juste</span> <span class='ocrx_word' id='word_1_348' title='bbox 2583 911 2837 965; x_wconf 89' lang='lat' dir='ltr'>volentes</span> <span class='ocrx_word' id='word_1_349' title='bbox 2877 910 2950 966; x_wconf 90' lang='lat' dir='ltr'>ad</span> <span class='ocrx_word' id='word_1_350' title='bbox 2977 915 3222 982; x_wconf 88' lang='lat' dir='ltr'>tempus,</span> <span class='ocrx_word' id='word_1_351' title='bbox 3249 912 3460 983; x_wconf 89' lang='lat' dir='ltr'>diuque</span> <span class='ocrx_word' id='word_1_352' title='bbox 3503 912 3614 966; x_wconf 88' lang='lat' dir='ltr'>illis</span> 
     </span>
    </p>
   </div>
   <div class='ocr_carea' id='block_1_53' title="bbox 1988 1002 3608 1076">
    <p class='ocr_par' dir='ltr' id='par_1_53' title="bbox 1988 1002 3608 1076">
     <span class='ocr_line' id='line_1_53' title="bbox 1988 1002 3608 1076; baseline 0.001 -19"><span class='ocrx_word' id='word_1_353' title='bbox 1988 1002 2290 1074; x_wconf 85' lang='lat' dir='ltr'>resumptis</span> <span class='ocrx_word' id='word_1_354' title='bbox 2314 1002 2448 1058; x_wconf 89' lang='lat' dir='ltr'>viris</span> <span class='ocrx_word' id='word_1_355' title='bbox 2474 1006 2532 1058; x_wconf 92' lang='lat' dir='ltr'>et</span> <span class='ocrx_word' id='word_1_356' title='bbox 2558 1003 2672 1058; x_wconf 88' lang='lat' dir='ltr'>suis</span> <span class='ocrx_word' id='word_1_357' title='bbox 2709 1004 3042 1076; x_wconf 87' lang='lat' dir='ltr'>potestative</span> <span class='ocrx_word' id='word_1_358' title='bbox 3071 1005 3393 1060; x_wconf 84' lang='lat' dir='ltr'>fruentibus</span> <span class='ocrx_word' id='word_1_359' title='bbox 3417 1005 3608 1074; x_wconf 90' lang='lat' dir='ltr'>rebus,</span> 
     </span>
    </p>
   </div>
   <div class='ocr_carea' id='block_1_54' title="bbox 1986 1097 3611 1170">
    <p class='ocr_par' dir='ltr' id='par_1_54' title="bbox 1986 1097 3611 1170">
     <span class='ocr_line' id='line_1_54' title="bbox 1986 1097 3611 1170; baseline 0.002 -20"><span class='ocrx_word' id='word_1_360' title='bbox 1986 1097 2296 1168; x_wconf 88' lang='lat' dir='ltr'>amicisque</span> <span class='ocrx_word' id='word_1_361' title='bbox 2336 1099 2394 1151; x_wconf 89' lang='lat' dir='ltr'>et</span> <span class='ocrx_word' id='word_1_362' title='bbox 2422 1097 2524 1153; x_wconf 91' lang='lat' dir='ltr'>Dei</span> <span class='ocrx_word' id='word_1_363' title='bbox 2570 1097 2745 1152; x_wconf 89' lang='lat' dir='ltr'>servis</span> <span class='ocrx_word' id='word_1_364' title='bbox 2792 1097 3140 1170; x_wconf 89' lang='lat' dir='ltr'>sapientibus</span> <span class='ocrx_word' id='word_1_365' title='bbox 3186 1099 3611 1155; x_wconf 90' lang='lat' dir='ltr'>consulentibus</span> 
     </span>
    </p>
   </div>
   <div class='ocr_carea' id='block_1_55' title="bbox 1987 1190 3608 1249">
    <p class='ocr_par' dir='ltr' id='par_1_55' title="bbox 1987 1190 3608 1249">
     <span class='ocr_line' id='line_1_55' title="bbox 1987 1190 3608 1249; baseline 0.002 -5"><span class='ocrx_word' id='word_1_366' title='bbox 1987 1191 2121 1245; x_wconf 87' lang='lat' dir='ltr'>viris</span> <span class='ocrx_word' id='word_1_367' title='bbox 2147 1191 2206 1245; x_wconf 92' lang='lat' dir='ltr'>in</span> <span class='ocrx_word' id='word_1_368' title='bbox 2232 1190 2466 1246; x_wconf 88' lang='lat' dir='ltr'>ecclesia</span> <span class='ocrx_word' id='word_1_369' title='bbox 2509 1191 2907 1248; x_wconf 87' lang='lat' dir='ltr'>convenientes</span> <span class='ocrx_word' id='word_1_370' title='bbox 2944 1192 3041 1248; x_wconf 92' lang='lat' dir='ltr'>ubi</span> <span class='ocrx_word' id='word_1_371' title='bbox 3069 1195 3243 1248; x_wconf 88' lang='lat' dir='ltr'>testes</span> <span class='ocrx_word' id='word_1_372' title='bbox 3283 1195 3471 1249; x_wconf 88' lang='lat' dir='ltr'>essent</span> <span class='ocrx_word' id='word_1_373' title='bbox 3495 1193 3608 1248; x_wconf 89' lang='lat' dir='ltr'>sin-</span> 
     </span>
    </p>
   </div>
   <div class='ocr_carea' id='block_1_56' title="bbox 1987 1271 3613 1356">
    <p class='ocr_par' dir='ltr' id='par_1_56' title="bbox 1987 1271 3613 1356">
     <span class='ocr_line' id='line_1_56' title="bbox 1987 1271 3613 1356; baseline 0.002 -17"><span class='ocrx_word' id='word_1_374' title='bbox 1987 1285 2259 1356; x_wconf 89' lang='lat' dir='ltr'>gulorum</span> <span class='ocrx_word' id='word_1_375' title='bbox 2301 1284 2398 1355; x_wconf 90' lang='lat' dir='ltr'>qui</span> <span class='ocrx_word' id='word_1_376' title='bbox 2439 1285 2687 1356; x_wconf 90' lang='lat' dir='ltr'>oppressi</span> <span class='ocrx_word' id='word_1_377' title='bbox 2715 1301 2836 1341; x_wconf 90' lang='lat' dir='ltr'>esse</span> <span class='ocrx_word' id='word_1_378' title='bbox 2862 1271 3411 1344; x_wconf 55' lang='lat' dir='ltr'>videntur.?Scimus</span> <span class='ocrx_word' id='word_1_379' title='bbox 3455 1287 3613 1343; x_wconf 91' lang='lat' dir='ltr'>enim</span> 
     </span>
    </p>
   </div>
   <div class='ocr_carea' id='block_1_57' title="bbox 1986 1377 3610 1452">
    <p class='ocr_par' dir='ltr' id='par_1_57' title="bbox 1986 1377 3610 1452">
     <span class='ocr_line' id='line_1_57' title="bbox 1986 1377 3610 1452; baseline 0.002 -19"><span class='ocrx_word' id='word_1_380' title='bbox 1986 1377 2245 1434; x_wconf 90' lang='lat' dir='ltr'>homines</span> <span class='ocrx_word' id='word_1_381' title='bbox 2280 1377 2529 1434; x_wconf 89' lang='lat' dir='ltr'>inermes</span> <span class='ocrx_word' id='word_1_382' title='bbox 2576 1396 2696 1435; x_wconf 90' lang='lat' dir='ltr'>non</span> <span class='ocrx_word' id='word_1_383' title='bbox 2746 1395 2909 1452; x_wconf 88' lang='lat' dir='ltr'>posse</span> <span class='ocrx_word' id='word_1_384' title='bbox 2937 1396 3069 1434; x_wconf 92' lang='lat' dir='ltr'>cum</span> <span class='ocrx_word' id='word_1_385' title='bbox 3095 1380 3327 1435; x_wconf 90' lang='lat' dir='ltr'>armatis</span> <span class='ocrx_word' id='word_1_386' title='bbox 3365 1381 3473 1436; x_wconf 91' lang='lat' dir='ltr'>rite</span> <span class='ocrx_word' id='word_1_387' title='bbox 3503 1397 3610 1452; x_wconf 91' lang='lat' dir='ltr'>pu-</span> 
     </span>
    </p>
   </div>
   <div class='ocr_carea' id='block_1_58' title="bbox 1988 1472 3614 1546">
    <p class='ocr_par' dir='ltr' id='par_1_58' title="bbox 1988 1472 3614 1546">
     <span class='ocr_line' id='line_1_58' title="bbox 1988 1472 3614 1546; baseline 0.001 -19"><span class='ocrx_word' id='word_1_388' title='bbox 1988 1488 2185 1543; x_wconf 86' lang='lat' dir='ltr'>gnare,</span> <span class='ocrx_word' id='word_1_389' title='bbox 2224 1472 2303 1527; x_wconf 92' lang='lat' dir='ltr'>sic</span> <span class='ocrx_word' id='word_1_390' title='bbox 2344 1488 2448 1528; x_wconf 91' lang='lat' dir='ltr'>nec</span> <span class='ocrx_word' id='word_1_391' title='bbox 2491 1472 2573 1527; x_wconf 90' lang='lat' dir='ltr'>illi</span> <span class='ocrx_word' id='word_1_392' title='bbox 2615 1472 2713 1544; x_wconf 89' lang='lat' dir='ltr'>qui</span> <span class='ocrx_word' id='word_1_393' title='bbox 2753 1473 2920 1546; x_wconf 90' lang='lat' dir='ltr'>ejecti</span> <span class='ocrx_word' id='word_1_394' title='bbox 2961 1474 3049 1528; x_wconf 89' lang='lat' dir='ltr'>vel</span> <span class='ocrx_word' id='word_1_395' title='bbox 3104 1473 3220 1528; x_wconf 91' lang='lat' dir='ltr'>suis</span> <span class='ocrx_word' id='word_1_396' title='bbox 3266 1473 3428 1529; x_wconf 92' lang='lat' dir='ltr'>bonis</span> <span class='ocrx_word' id='word_1_397' title='bbox 3481 1480 3614 1529; x_wconf 89' lang='lat' dir='ltr'>sunt</span> 
     </span>
    </p>
   </div>
   <div class='ocr_carea' id='block_1_59' title="bbox 1987 1565 3613 1638">
    <p class='ocr_par' dir='ltr' id='par_1_59' title="bbox 1987 1565 3613 1638">
     <span class='ocr_line' id='line_1_59' title="bbox 1987 1565 3613 1638; baseline 0.001 -17"><span class='ocrx_word' id='word_1_398' title='bbox 1987 1565 2279 1637; x_wconf 88' lang='lat' dir='ltr'>exspoliati</span> <span class='ocrx_word' id='word_1_399' title='bbox 2319 1583 2449 1620; x_wconf 91' lang='lat' dir='ltr'>cum</span> <span class='ocrx_word' id='word_1_400' title='bbox 2493 1566 2604 1620; x_wconf 92' lang='lat' dir='ltr'>illis</span> <span class='ocrx_word' id='word_1_401' title='bbox 2632 1566 2730 1638; x_wconf 89' lang='lat' dir='ltr'>qui</span> <span class='ocrx_word' id='word_1_402' title='bbox 2759 1566 2819 1621; x_wconf 90' lang='lat' dir='ltr'>in</span> <span class='ocrx_word' id='word_1_403' title='bbox 2857 1583 2960 1622; x_wconf 91' lang='lat' dir='ltr'>suo</span> <span class='ocrx_word' id='word_1_404' title='bbox 3000 1569 3153 1622; x_wconf 91' lang='lat' dir='ltr'>stant</span> <span class='ocrx_word' id='word_1_405' title='bbox 3182 1568 3379 1638; x_wconf 87' lang='lat' dir='ltr'>gradu,</span> <span class='ocrx_word' id='word_1_406' title='bbox 3411 1571 3469 1622; x_wconf 94' lang='lat' dir='ltr'>et</span> <span class='ocrx_word' id='word_1_407' title='bbox 3498 1569 3613 1624; x_wconf 90' lang='lat' dir='ltr'>suis</span> 
     </span>
    </p>
   </div>
   <div class='ocr_carea' id='block_1_60' title="bbox 1985 1659 3610 1732">
    <p class='ocr_par' dir='ltr' id='par_1_60' title="bbox 1985 1659 3610 1732">
     <span class='ocr_line' id='line_1_60' title="bbox 1985 1659 3610 1732; baseline 0.002 -18"><span class='ocrx_word' id='word_1_408' title='bbox 1985 1660 2254 1714; x_wconf 89' lang='lat' dir='ltr'>fruuntur</span> <span class='ocrx_word' id='word_1_409' title='bbox 2297 1659 2495 1714; x_wconf 88' lang='lat' dir='ltr'>amicis</span> <span class='ocrx_word' id='word_1_410' title='bbox 2536 1663 2711 1731; x_wconf 88' lang='lat' dir='ltr'>atque</span> <span class='ocrx_word' id='word_1_411' title='bbox 2753 1660 2940 1731; x_wconf 88' lang='lat' dir='ltr'>bonis,</span> <span class='ocrx_word' id='word_1_412' title='bbox 2968 1661 3198 1731; x_wconf 90' lang='lat' dir='ltr'>litigare</span> <span class='ocrx_word' id='word_1_413' title='bbox 3236 1661 3342 1715; x_wconf 91' lang='lat' dir='ltr'>rite</span> <span class='ocrx_word' id='word_1_414' title='bbox 3376 1661 3610 1732; x_wconf 88' lang='lat' dir='ltr'>possint.</span> 
     </span>
    </p>
   </div>
   <div class='ocr_carea' id='block_1_61' title="bbox 1988 1753 3612 1826">
    <p class='ocr_par' dir='ltr' id='par_1_61' title="bbox 1988 1753 3612 1826">
     <span class='ocr_line' id='line_1_61' title="bbox 1988 1753 3612 1826; baseline 0.002 -19"><span class='ocrx_word' id='word_1_415' title='bbox 1988 1754 2096 1808; x_wconf 88' lang='lat' dir='ltr'>Nec</span> <span class='ocrx_word' id='word_1_416' title='bbox 2125 1753 2314 1808; x_wconf 83' lang='lat' dir='ltr'>saeculi</span> <span class='ocrx_word' id='word_1_417' title='bbox 2345 1769 2572 1825; x_wconf 92' lang='lat' dir='ltr'>quoque</span> <span class='ocrx_word' id='word_1_418' title='bbox 2600 1754 2756 1825; x_wconf 85' lang='lat' dir='ltr'>leges</span> <span class='ocrx_word' id='word_1_419' title='bbox 2785 1754 2909 1808; x_wconf 84' lang='lat' dir='ltr'>haec</span> <span class='ocrx_word' id='word_1_420' title='bbox 2949 1755 3308 1809; x_wconf 64' lang='lat' dir='ltr'>saecularibus</span> <span class='ocrx_word' id='word_1_421' title='bbox 3335 1755 3458 1810; x_wconf 89' lang='lat' dir='ltr'>ﬁeri</span> <span class='ocrx_word' id='word_1_422' title='bbox 3484 1771 3612 1826; x_wconf 86' lang='lat' dir='ltr'>per-</span> 
     </span>
    </p>
   </div>
   <div class='ocr_carea' id='block_1_62' title="bbox 1985 1846 3612 1920">
    <p class='ocr_par' dir='ltr' id='par_1_62' title="bbox 1985 1846 3612 1920">
     <span class='ocr_line' id='line_1_62' title="bbox 1985 1846 3612 1920; baseline 0.002 -20"><span class='ocrx_word' id='word_1_423' title='bbox 1985 1847 2243 1914; x_wconf 88' lang='lat' dir='ltr'>mittunt,</span> <span class='ocrx_word' id='word_1_424' title='bbox 2274 1847 2374 1901; x_wconf 90' lang='lat' dir='ltr'>sed</span> <span class='ocrx_word' id='word_1_425' title='bbox 2401 1846 2557 1918; x_wconf 91' lang='lat' dir='ltr'>prius</span> <span class='ocrx_word' id='word_1_426' title='bbox 2601 1848 2809 1918; x_wconf 90' lang='lat' dir='ltr'>ejectos</span> <span class='ocrx_word' id='word_1_427' title='bbox 2832 1849 2918 1902; x_wconf 89' lang='lat' dir='ltr'>vel</span> <span class='ocrx_word' id='word_1_428' title='bbox 2949 1865 3252 1919; x_wconf 89' lang='lat' dir='ltr'>oppressos</span> <span class='ocrx_word' id='word_1_429' title='bbox 3287 1853 3387 1903; x_wconf 90' lang='lat' dir='ltr'>aut</span> <span class='ocrx_word' id='word_1_430' title='bbox 3415 1865 3612 1920; x_wconf 87' lang='lat' dir='ltr'>exspo-</span> 
     </span>
    </p>
   </div>
   <div class='ocr_carea' id='block_1_63' title="bbox 1983 1927 3657 2014">
    <p class='ocr_par' dir='ltr' id='par_1_63' title="bbox 1983 1927 3657 2014">
     <span class='ocr_line' id='line_1_63' title="bbox 1983 1927 3657 2014; baseline 0.003 -21"><span class='ocrx_word' id='word_1_431' title='bbox 1983 1940 2149 1994; x_wconf 89' lang='lat' dir='ltr'>liatos</span> <span class='ocrx_word' id='word_1_432' title='bbox 2179 1956 2310 1994; x_wconf 89' lang='lat' dir='ltr'>cum</span> <span class='ocrx_word' id='word_1_433' title='bbox 2341 1940 2455 1994; x_wconf 91' lang='lat' dir='ltr'>suis</span> <span class='ocrx_word' id='word_1_434' title='bbox 2495 1941 2762 1996; x_wconf 91' lang='lat' dir='ltr'>omnibus</span> <span class='ocrx_word' id='word_1_435' title='bbox 2809 1940 3031 1996; x_wconf 90' lang='lat' dir='ltr'>restitui</span> <span class='ocrx_word' id='word_1_436' title='bbox 3067 1941 3293 2012; x_wconf 90' lang='lat' dir='ltr'>jubent,</span> <span class='ocrx_word' id='word_1_437' title='bbox 3322 1945 3380 1997; x_wconf 91' lang='lat' dir='ltr'>et</span> <span class='ocrx_word' id='word_1_438' title='bbox 3420 1947 3614 2014; x_wconf 87' lang='lat' dir='ltr'>postea</span> <span class='ocrx_word' id='word_1_439' title='bbox 3656 1927 3657 1930; x_wconf 8' lang='grc' dir='ltr'><strong>η</strong></span> 
     </span>
    </p>
   </div>
   <div class='ocr_carea' id='block_1_64' title="bbox 1984 2033 3616 2106">
    <p class='ocr_par' dir='ltr' id='par_1_64' title="bbox 1984 2033 3616 2106">
     <span class='ocr_line' id='line_1_64' title="bbox 1984 2033 3616 2106; baseline 0.002 -19"><span class='ocrx_word' id='word_1_440' title='bbox 1984 2050 2086 2087; x_wconf 90' lang='lat' dir='ltr'>suo</span> <span class='ocrx_word' id='word_1_441' title='bbox 2125 2036 2404 2104; x_wconf 91' lang='lat' dir='ltr'>tempore,</span> <span class='ocrx_word' id='word_1_442' title='bbox 2435 2033 2577 2088; x_wconf 90' lang='lat' dir='ltr'>sicut</span> <span class='ocrx_word' id='word_1_443' title='bbox 2620 2035 2710 2088; x_wconf 88' lang='lat' dir='ltr'>lex</span> <span class='ocrx_word' id='word_1_444' title='bbox 2749 2050 2947 2090; x_wconf 90' lang='lat' dir='ltr'>eorum</span> <span class='ocrx_word' id='word_1_445' title='bbox 2991 2035 3258 2102; x_wconf 90' lang='lat' dir='ltr'>continet,</span> <span class='ocrx_word' id='word_1_446' title='bbox 3292 2035 3365 2089; x_wconf 91' lang='lat' dir='ltr'>ad</span> <span class='ocrx_word' id='word_1_447' title='bbox 3411 2035 3616 2106; x_wconf 90' lang='lat' dir='ltr'>placita</span> 
     </span>
    </p>
   </div>
   <div class='ocr_carea' id='block_1_65' title="bbox 1984 2126 3608 2200">
    <p class='ocr_par' dir='ltr' id='par_1_65' title="bbox 1984 2126 3608 2200">
     <span class='ocr_line' id='line_1_65' title="bbox 1984 2126 3608 2200; baseline 0.003 -21"><span class='ocrx_word' id='word_1_448' title='bbox 1984 2126 2174 2181; x_wconf 91' lang='lat' dir='ltr'>venire</span> <span class='ocrx_word' id='word_1_449' title='bbox 2199 2127 2562 2198; x_wconf 61' lang='lat' dir='ltr'>praecipiunt,</span> <span class='ocrx_word' id='word_1_450' title='bbox 2591 2143 2694 2183; x_wconf 90' lang='lat' dir='ltr'>nec</span> <span class='ocrx_word' id='word_1_451' title='bbox 2721 2128 2838 2182; x_wconf 89' lang='lat' dir='ltr'>ulla</span> <span class='ocrx_word' id='word_1_452' title='bbox 2863 2127 3102 2182; x_wconf 90' lang='lat' dir='ltr'>carceris</span> <span class='ocrx_word' id='word_1_453' title='bbox 3131 2128 3383 2183; x_wconf 89' lang='lat' dir='ltr'>custodia</span> <span class='ocrx_word' id='word_1_454' title='bbox 3413 2130 3608 2200; x_wconf 88' lang='lat' dir='ltr'>appel-</span> 
     </span>
    </p>
   </div>
   <div class='ocr_carea' id='block_1_66' title="bbox 1983 2220 3612 2293">
    <p class='ocr_par' dir='ltr' id='par_1_66' title="bbox 1983 2220 3612 2293">
     <span class='ocr_line' id='line_1_66' title="bbox 1983 2220 3612 2293; baseline 0.002 -19"><span class='ocrx_word' id='word_1_455' title='bbox 1983 2220 2201 2275; x_wconf 88' lang='lat' dir='ltr'>lantem</span> <span class='ocrx_word' id='word_1_456' title='bbox 2252 2221 2428 2277; x_wconf 91' lang='lat' dir='ltr'>arceri</span> <span class='ocrx_word' id='word_1_457' title='bbox 2473 2222 2830 2292; x_wconf 90' lang='lat' dir='ltr'>permittunt.</span> <span class='ocrx_word' id='word_1_458' title='bbox 2875 2222 3089 2277; x_wconf 90' lang='lat' dir='ltr'>Docent</span> <span class='ocrx_word' id='word_1_459' title='bbox 3129 2221 3287 2277; x_wconf 90' lang='lat' dir='ltr'>enim</span> <span class='ocrx_word' id='word_1_460' title='bbox 3338 2239 3407 2276; x_wconf 86' lang='lat' dir='ltr'>ex</span> <span class='ocrx_word' id='word_1_461' title='bbox 3454 2227 3612 2293; x_wconf 86' lang='lat' dir='ltr'>parte</span> 
     </span>
    </p>
   </div>
   <div class='ocr_carea' id='block_1_67' title="bbox 1986 2314 3612 2386">
    <p class='ocr_par' dir='ltr' id='par_1_67' title="bbox 1986 2314 3612 2386">
     <span class='ocr_line' id='line_1_67' title="bbox 1986 2314 3612 2386; baseline 0.002 -20"><span class='ocrx_word' id='word_1_462' title='bbox 1986 2315 2128 2369; x_wconf 87' lang='lat' dir='ltr'>sicut</span> <span class='ocrx_word' id='word_1_463' title='bbox 2157 2315 2337 2369; x_wconf 90' lang='lat' dir='ltr'>nostis</span> <span class='ocrx_word' id='word_1_464' title='bbox 2362 2318 2596 2370; x_wconf 90' lang='lat' dir='ltr'>terrena</span> <span class='ocrx_word' id='word_1_465' title='bbox 2623 2331 2754 2386; x_wconf 71' lang='lat' dir='ltr'>quae</span> <span class='ocrx_word' id='word_1_466' title='bbox 2783 2319 2915 2370; x_wconf 89' lang='lat' dir='ltr'>sunt</span> <span class='ocrx_word' id='word_1_467' title='bbox 2949 2314 3210 2371; x_wconf 74' lang='lat' dir='ltr'>coelestia.</span> <span class='ocrx_word' id='word_1_468' title='bbox 3253 2319 3612 2371; x_wconf 86' lang='lat' dir='ltr'>Accusatores</span> 
     </span>
    </p>
   </div>
   <div class='ocr_carea' id='block_1_68' title="bbox 1985 2408 3615 2481">
    <p class='ocr_par' dir='ltr' id='par_1_68' title="bbox 1985 2408 3615 2481">
     <span class='ocr_line' id='line_1_68' title="bbox 1985 2408 3615 2481; baseline 0.002 -21"><span class='ocrx_word' id='word_1_469' title='bbox 1985 2424 2135 2474; x_wconf 90' lang='lat' dir='ltr'>vero,</span> <span class='ocrx_word' id='word_1_470' title='bbox 2155 2411 2212 2463; x_wconf 92' lang='lat' dir='ltr'>et</span> <span class='ocrx_word' id='word_1_471' title='bbox 2234 2408 2620 2464; x_wconf 87' lang='lat' dir='ltr'>accusationes</span> <span class='ocrx_word' id='word_1_472' title='bbox 2645 2425 2783 2481; x_wconf 88' lang='lat' dir='ltr'>quas</span> <span class='ocrx_word' id='word_1_473' title='bbox 2811 2409 2998 2464; x_wconf 73' lang='lat' dir='ltr'>saeculi</span> <span class='ocrx_word' id='word_1_474' title='bbox 3019 2409 3172 2480; x_wconf 90' lang='lat' dir='ltr'>leges</span> <span class='ocrx_word' id='word_1_475' title='bbox 3195 2426 3313 2464; x_wconf 89' lang='lat' dir='ltr'>non</span> <span class='ocrx_word' id='word_1_476' title='bbox 3333 2409 3615 2465; x_wconf 87' lang='lat' dir='ltr'>asciscunt</span> 
     </span>
    </p>
   </div>
   <div class='ocr_carea' id='block_1_69' title="bbox 1984 2501 3612 2574">
    <p class='ocr_par' dir='ltr' id='par_1_69' title="bbox 1984 2501 3612 2574">
     <span class='ocr_line' id='line_1_69' title="bbox 1984 2501 3612 2574; baseline 0.002 -19"><span class='ocrx_word' id='word_1_477' title='bbox 1984 2501 2304 2556; x_wconf 76' lang='lat' dir='ltr'>nullatenus</span> <span class='ocrx_word' id='word_1_478' title='bbox 2331 2506 2462 2556; x_wconf 90' lang='lat' dir='ltr'>sunt</span> <span class='ocrx_word' id='word_1_479' title='bbox 2487 2502 2546 2556; x_wconf 90' lang='lat' dir='ltr'>in</span> <span class='ocrx_word' id='word_1_480' title='bbox 2574 2503 2784 2558; x_wconf 89' lang='lat' dir='ltr'>horum</span> <span class='ocrx_word' id='word_1_481' title='bbox 2834 2502 3208 2557; x_wconf 85' lang='lat' dir='ltr'>admittendae</span> <span class='ocrx_word' id='word_1_482' title='bbox 3246 2502 3447 2570; x_wconf 89' lang='lat' dir='ltr'>causis,</span> <span class='ocrx_word' id='word_1_483' title='bbox 3477 2504 3612 2574; x_wconf 89' lang='lat' dir='ltr'>quia</span> 
     </span>
    </p>
   </div>
   <div class='ocr_carea' id='block_1_70' title="bbox 1986 2594 3613 2666">
    <p class='ocr_par' dir='ltr' id='par_1_70' title="bbox 1986 2594 3613 2666">
     <span class='ocr_line' id='line_1_70' title="bbox 1986 2594 3613 2666; baseline 0.001 -18"><span class='ocrx_word' id='word_1_484' title='bbox 1986 2611 2156 2649; x_wconf 91' lang='lat' dir='ltr'>omne</span> <span class='ocrx_word' id='word_1_485' title='bbox 2187 2595 2339 2666; x_wconf 91' lang='lat' dir='ltr'>quod</span> <span class='ocrx_word' id='word_1_486' title='bbox 2363 2594 2864 2665; x_wconf 89' lang='lat' dir='ltr'>irreprehensibile</span> <span class='ocrx_word' id='word_1_487' title='bbox 2910 2600 2996 2650; x_wconf 92' lang='lat' dir='ltr'>est</span> <span class='ocrx_word' id='word_1_488' title='bbox 3039 2595 3321 2650; x_wconf 90' lang='lat' dir='ltr'>catholica</span> <span class='ocrx_word' id='word_1_489' title='bbox 3359 2595 3613 2650; x_wconf 91' lang='lat' dir='ltr'>defendit</span> 
     </span>
    </p>
   </div>
   <div class='ocr_carea' id='block_1_71' title="bbox 1985 2688 3610 2744">
    <p class='ocr_par' dir='ltr' id='par_1_71' title="bbox 1985 2688 3610 2744">
     <span class='ocr_line' id='line_1_71' title="bbox 1985 2688 3610 2744; baseline 0.001 -2"><span class='ocrx_word' id='word_1_490' title='bbox 1985 2688 2248 2743; x_wconf 86' lang='lat' dir='ltr'>Ecclesia.</span> <span class='ocrx_word' id='word_1_491' title='bbox 2299 2689 2470 2743; x_wconf 92' lang='lat' dir='ltr'>Decet</span> <span class='ocrx_word' id='word_1_492' title='bbox 2521 2688 2674 2742; x_wconf 91' lang='lat' dir='ltr'>enim</span> <span class='ocrx_word' id='word_1_493' title='bbox 2729 2688 2950 2744; x_wconf 90' lang='lat' dir='ltr'>Domini</span> <span class='ocrx_word' id='word_1_494' title='bbox 3005 2689 3315 2744; x_wconf 84' lang='lat' dir='ltr'>sacerdotes</span> <span class='ocrx_word' id='word_1_495' title='bbox 3366 2690 3610 2744; x_wconf 84' lang='lat' dir='ltr'>fratrum</span> 
     </span>
    </p>
   </div>
   <div class='ocr_carea' id='block_1_72' title="bbox 1986 2781 3608 2852">
    <p class='ocr_par' dir='ltr' id='par_1_72' title="bbox 1986 2781 3608 2852">
     <span class='ocr_line' id='line_1_72' title="bbox 1986 2781 3608 2852; baseline 0.001 -18"><span class='ocrx_word' id='word_1_496' title='bbox 1986 2797 2177 2835; x_wconf 89' lang='lat' dir='ltr'>causas</span> <span class='ocrx_word' id='word_1_497' title='bbox 2241 2781 2334 2852; x_wconf 89' lang='lat' dir='ltr'>pie</span> <span class='ocrx_word' id='word_1_498' title='bbox 2393 2785 2662 2849; x_wconf 88' lang='lat' dir='ltr'>tractare,</span> <span class='ocrx_word' id='word_1_499' title='bbox 2715 2785 2773 2836; x_wconf 90' lang='lat' dir='ltr'>et</span> <span class='ocrx_word' id='word_1_500' title='bbox 2823 2781 3223 2837; x_wconf 83' lang='lat' dir='ltr'>venerabiliter</span> <span class='ocrx_word' id='word_1_501' title='bbox 3289 2781 3608 2850; x_wconf 90' lang='lat' dir='ltr'>intendere,</span> 
     </span>
    </p>
   </div>
   <div class='ocr_carea' id='block_1_73' title="bbox 1984 2875 3613 2946">
    <p class='ocr_par' dir='ltr' id='par_1_73' title="bbox 1984 2875 3613 2946">
     <span class='ocr_line' id='line_1_73' title="bbox 1984 2875 3613 2946; baseline 0.001 -18"><span class='ocrx_word' id='word_1_502' title='bbox 1984 2880 2151 2946; x_wconf 88' lang='lat' dir='ltr'>atque</span> <span class='ocrx_word' id='word_1_503' title='bbox 2180 2891 2378 2929; x_wconf 91' lang='lat' dir='ltr'>eorum</span> <span class='ocrx_word' id='word_1_504' title='bbox 2416 2875 2632 2946; x_wconf 90' lang='lat' dir='ltr'>judicia</span> <span class='ocrx_word' id='word_1_505' title='bbox 2671 2891 2842 2946; x_wconf 90' lang='lat' dir='ltr'>super</span> <span class='ocrx_word' id='word_1_506' title='bbox 2881 2875 3149 2931; x_wconf 85' lang='lat' dir='ltr'>sacriﬁcia</span> <span class='ocrx_word' id='word_1_507' title='bbox 3194 2876 3477 2942; x_wconf 87' lang='lat' dir='ltr'>ordinare,</span> <span class='ocrx_word' id='word_1_508' title='bbox 3509 2891 3613 2930; x_wconf 88' lang='lat' dir='ltr'>nec</span> 
     </span>
    </p>
   </div>
   <div class='ocr_carea' id='block_1_74' title="bbox 1985 2968 3611 3040">
    <p class='ocr_par' dir='ltr' id='par_1_74' title="bbox 1985 2968 3611 3040">
     <span class='ocr_line' id='line_1_74' title="bbox 1985 2968 3611 3040; baseline 0.001 -19"><span class='ocrx_word' id='word_1_509' title='bbox 1985 2973 2246 3039; x_wconf 90' lang='lat' dir='ltr'>proterva</span> <span class='ocrx_word' id='word_1_510' title='bbox 2274 2971 2372 3023; x_wconf 89' lang='lat' dir='ltr'>aut</span> <span class='ocrx_word' id='word_1_511' title='bbox 2398 2969 2692 3039; x_wconf 78' lang='lat' dir='ltr'>tyrannica</span> <span class='ocrx_word' id='word_1_512' title='bbox 2720 2969 3104 3024; x_wconf 90' lang='lat' dir='ltr'>dominatione</span> <span class='ocrx_word' id='word_1_513' title='bbox 3137 2968 3221 3039; x_wconf 91' lang='lat' dir='ltr'>(ut</span> <span class='ocrx_word' id='word_1_514' title='bbox 3264 2969 3334 3024; x_wconf 92' lang='lat' dir='ltr'>de</span> <span class='ocrx_word' id='word_1_515' title='bbox 3381 2969 3611 3040; x_wconf 87' lang='lat' dir='ltr'>quibus-</span> 
     </span>
    </p>
   </div>
   <div class='ocr_carea' id='block_1_75' title="bbox 1987 3061 3640 3142">
    <p class='ocr_par' dir='ltr' id='par_1_75' title="bbox 1987 3061 3640 3142">
     <span class='ocr_line' id='line_1_75' title="bbox 1987 3061 3640 3142; baseline 0.001 -26"><span class='ocrx_word' id='word_1_516' title='bbox 1987 3062 2120 3116; x_wconf 91' lang='lat' dir='ltr'>dam</span> <span class='ocrx_word' id='word_1_517' title='bbox 2155 3061 2420 3134; x_wconf 87' lang='lat' dir='ltr'>refertur)</span> <span class='ocrx_word' id='word_1_518' title='bbox 2448 3062 2548 3117; x_wconf 90' lang='lat' dir='ltr'>sed</span> <span class='ocrx_word' id='word_1_519' title='bbox 2578 3062 2911 3118; x_wconf 88' lang='lat' dir='ltr'>charitative</span> <span class='ocrx_word' id='word_1_520' title='bbox 2953 3081 3056 3134; x_wconf 91' lang='lat' dir='ltr'>pro</span> <span class='ocrx_word' id='word_1_521' title='bbox 3099 3064 3215 3118; x_wconf 92' lang='lat' dir='ltr'>Deo</span> <span class='ocrx_word' id='word_1_522' title='bbox 3262 3066 3320 3117; x_wconf 92' lang='lat' dir='ltr'>et</span> <span class='ocrx_word' id='word_1_523' title='bbox 3363 3063 3640 3142; x_wconf 37' lang='lat' dir='ltr'>fraterno.</span> 
     </span>
    </p>
   </div>
   <div class='ocr_carea' id='block_1_76' title="bbox 1904 3143 3637 3268">
    <p class='ocr_par' dir='ltr' id='par_1_76' title="bbox 1904 3143 3637 3268">
     <span class='ocr_line' id='line_1_76' title="bbox 1904 3143 3637 3268; baseline 0.001 -59"><span class='ocrx_word' id='word_1_524' title='bbox 1904 3193 1960 3268; x_wconf 63' lang='grc' dir='ltr'><strong>Ο</strong></span> <span class='ocrx_word' id='word_1_525' title='bbox 1984 3172 2176 3210; x_wconf 89' lang='lat' dir='ltr'>amore</span> <span class='ocrx_word' id='word_1_526' title='bbox 2205 3161 2408 3210; x_wconf 88' lang='lat' dir='ltr'>cuncta</span> <span class='ocrx_word' id='word_1_527' title='bbox 2437 3172 2738 3226; x_wconf 79' lang='lat' dir='ltr'>peragere,</span> <span class='ocrx_word' id='word_1_528' title='bbox 2769 3161 2825 3211; x_wconf 91' lang='lat' dir='ltr'>et</span> <span class='ocrx_word' id='word_1_529' title='bbox 2867 3157 3021 3228; x_wconf 91' lang='lat' dir='ltr'>quod</span> <span class='ocrx_word' id='word_1_530' title='bbox 3051 3157 3157 3211; x_wconf 91' lang='lat' dir='ltr'>sibi</span> <span class='ocrx_word' id='word_1_531' title='bbox 3199 3157 3327 3228; x_wconf 91' lang='lat' dir='ltr'>quis</span> <span class='ocrx_word' id='word_1_532' title='bbox 3371 3156 3495 3211; x_wconf 89' lang='lat' dir='ltr'>ﬁeri</span> <span class='ocrx_word' id='word_1_533' title='bbox 3524 3143 3637 3238; x_wconf 62' lang='lat' dir='ltr'>se-I</span> 
     </span>
    </p>
   </div>
   <div class='ocr_carea' id='block_1_77' title="bbox 1985 3249 3611 3319">
    <p class='ocr_par' dir='ltr' id='par_1_77' title="bbox 1985 3249 3611 3319">
     <span class='ocr_line' id='line_1_77' title="bbox 1985 3249 3611 3319; baseline 0.001 -16"><span class='ocrx_word' id='word_1_534' title='bbox 1985 3249 2238 3304; x_wconf 91' lang='lat' dir='ltr'>cundum</span> <span class='ocrx_word' id='word_1_535' title='bbox 2291 3249 2645 3304; x_wconf 90' lang='lat' dir='ltr'>Dominicam</span> <span class='ocrx_word' id='word_1_536' title='bbox 2692 3267 2890 3304; x_wconf 88' lang='lat' dir='ltr'>vocem</span> <span class='ocrx_word' id='word_1_537' title='bbox 2932 3267 3047 3304; x_wconf 90' lang='lat' dir='ltr'>non</span> <span class='ocrx_word' id='word_1_538' title='bbox 3091 3250 3230 3319; x_wconf 87' lang='lat' dir='ltr'>vult,</span> <span class='ocrx_word' id='word_1_539' title='bbox 3259 3251 3354 3304; x_wconf 91' lang='lat' dir='ltr'>alii</span> <span class='ocrx_word' id='word_1_540' title='bbox 3405 3250 3611 3305; x_wconf 89' lang='lat' dir='ltr'>inferre</span> 
     </span>
    </p>
   </div>
   <div class='ocr_carea' id='block_1_78' title="bbox 1984 3343 3613 3414">
    <p class='ocr_par' dir='ltr' id='par_1_78' title="bbox 1984 3343 3613 3414">
     <span class='ocr_line' id='line_1_78' title="bbox 1984 3343 3613 3414; baseline 0.001 -18"><span class='ocrx_word' id='word_1_541' title='bbox 1984 3359 2101 3396; x_wconf 91' lang='lat' dir='ltr'>non</span> <span class='ocrx_word' id='word_1_542' title='bbox 2143 3345 2471 3414; x_wconf 70' lang='lat' dir='ltr'>przesumat,</span> <span class='ocrx_word' id='word_1_543' title='bbox 2501 3345 2558 3397; x_wconf 92' lang='lat' dir='ltr'>et</span> <span class='ocrx_word' id='word_1_544' title='bbox 2595 3343 2653 3397; x_wconf 92' lang='lat' dir='ltr'>in</span> <span class='ocrx_word' id='word_1_545' title='bbox 2701 3360 2812 3414; x_wconf 85' lang='lat' dir='ltr'>qua</span> <span class='ocrx_word' id='word_1_546' title='bbox 2859 3359 3124 3397; x_wconf 90' lang='lat' dir='ltr'>mensura</span> <span class='ocrx_word' id='word_1_547' title='bbox 3164 3343 3344 3398; x_wconf 91' lang='lat' dir='ltr'>mensi</span> <span class='ocrx_word' id='word_1_548' title='bbox 3392 3343 3613 3398; x_wconf 88' lang='lat' dir='ltr'>fueritis</span> 
     </span>
    </p>
   </div>
   <div class='ocr_carea' id='block_1_79' title="bbox 1982 3436 3611 3508">
    <p class='ocr_par' dir='ltr' id='par_1_79' title="bbox 1982 3436 3611 3508">
     <span class='ocr_line' id='line_1_79' title="bbox 1982 3436 3611 3508; baseline 0.001 -19"><span class='ocrx_word' id='word_1_549' title='bbox 1982 3436 2314 3491; x_wconf 87' lang='lat' dir='ltr'>remetietur</span> <span class='ocrx_word' id='word_1_550' title='bbox 2341 3436 2518 3491; x_wconf 88' lang='lat' dir='ltr'>vobis.</span> <span class='ocrx_word' id='word_1_551' title='bbox 2553 3439 2629 3492; x_wconf 88' lang='lat' dir='ltr'>Ea</span> <span class='ocrx_word' id='word_1_552' title='bbox 2657 3453 2791 3490; x_wconf 86' lang='lat' dir='ltr'>vero</span> <span class='ocrx_word' id='word_1_553' title='bbox 2821 3453 2951 3508; x_wconf 64' lang='lat' dir='ltr'>quas</span> <span class='ocrx_word' id='word_1_554' title='bbox 2980 3437 3369 3508; x_wconf 86' lang='lat' dir='ltr'>apostolorum</span> <span class='ocrx_word' id='word_1_555' title='bbox 3399 3436 3611 3507; x_wconf 79' lang='lat' dir='ltr'>praedi-</span> 
     </span>
    </p>
   </div>
   <div class='ocr_carea' id='block_1_80' title="bbox 1982 3529 3613 3602">
    <p class='ocr_par' dir='ltr' id='par_1_80' title="bbox 1982 3529 3613 3602">
     <span class='ocr_line' id='line_1_80' title="bbox 1982 3529 3613 3602; baseline 0 -19"><span class='ocrx_word' id='word_1_556' title='bbox 1982 3531 2202 3583; x_wconf 86' lang='lat' dir='ltr'>catione</span> <span class='ocrx_word' id='word_1_557' title='bbox 2228 3533 2286 3583; x_wconf 91' lang='lat' dir='ltr'>et</span> <span class='ocrx_word' id='word_1_558' title='bbox 2308 3530 2543 3583; x_wconf 88' lang='lat' dir='ltr'>Patrum</span> <span class='ocrx_word' id='word_1_559' title='bbox 2581 3529 2951 3584; x_wconf 90' lang='lat' dir='ltr'>instructione</span> <span class='ocrx_word' id='word_1_560' title='bbox 2981 3530 3356 3602; x_wconf 63' lang='lat' dir='ltr'>praecepimus</span> <span class='ocrx_word' id='word_1_561' title='bbox 3385 3546 3613 3600; x_wconf 88' lang='lat' dir='ltr'>semper</span> 
     </span>
    </p>
   </div>
   <div class='ocr_carea' id='block_1_81' title="bbox 1982 3622 3612 3694">
    <p class='ocr_par' dir='ltr' id='par_1_81' title="bbox 1982 3622 3612 3694">
     <span class='ocr_line' id='line_1_81' title="bbox 1982 3622 3612 3694; baseline 0 -18"><span class='ocrx_word' id='word_1_562' title='bbox 1982 3626 2174 3677; x_wconf 91' lang='lat' dir='ltr'>tenere</span> <span class='ocrx_word' id='word_1_563' title='bbox 2225 3623 2513 3689; x_wconf 90' lang='lat' dir='ltr'>debemus,</span> <span class='ocrx_word' id='word_1_564' title='bbox 2557 3639 2630 3676; x_wconf 93' lang='lat' dir='ltr'>ne</span> <span class='ocrx_word' id='word_1_565' title='bbox 2673 3623 2865 3694; x_wconf 91' lang='lat' dir='ltr'>aliqua</span> <span class='ocrx_word' id='word_1_566' title='bbox 2907 3640 3054 3678; x_wconf 90' lang='lat' dir='ltr'>nove</span> <span class='ocrx_word' id='word_1_567' title='bbox 3105 3623 3331 3690; x_wconf 90' lang='lat' dir='ltr'>cudere,</span> <span class='ocrx_word' id='word_1_568' title='bbox 3379 3626 3478 3677; x_wconf 91' lang='lat' dir='ltr'>aut</span> <span class='ocrx_word' id='word_1_569' title='bbox 3537 3622 3612 3678; x_wconf 90' lang='lat' dir='ltr'>ad</span> 
     </span>
    </p>
   </div>
   <div class='ocr_carea' id='block_1_82' title="bbox 1982 3716 3612 3787">
    <p class='ocr_par' dir='ltr' id='par_1_82' title="bbox 1982 3716 3612 3787">
     <span class='ocr_line' id='line_1_82' title="bbox 1982 3716 3612 3787; baseline 0 -17"><span class='ocrx_word' id='word_1_570' title='bbox 1982 3733 2188 3770; x_wconf 84' lang='lat' dir='ltr'>noxam</span> <span class='ocrx_word' id='word_1_571' title='bbox 2231 3717 2475 3771; x_wconf 88' lang='lat' dir='ltr'>fratrum</span> <span class='ocrx_word' id='word_1_572' title='bbox 2524 3716 2822 3772; x_wconf 88' lang='lat' dir='ltr'>intendere</span> <span class='ocrx_word' id='word_1_573' title='bbox 2871 3716 3179 3787; x_wconf 87' lang='lat' dir='ltr'>videamur,</span> <span class='ocrx_word' id='word_1_574' title='bbox 3227 3716 3327 3771; x_wconf 92' lang='lat' dir='ltr'>sed</span> <span class='ocrx_word' id='word_1_575' title='bbox 3376 3739 3402 3766; x_wconf 85' lang='lat'><strong>«</strong></span> <span class='ocrx_word' id='word_1_576' title='bbox 3441 3716 3612 3772; x_wconf 88' lang='lat' dir='ltr'>alter-</span> 
     </span>
    </p>
   </div>
   <div class='ocr_carea' id='block_1_83' title="bbox 1982 3811 3613 3882">
    <p class='ocr_par' dir='ltr' id='par_1_83' title="bbox 1982 3811 3613 3882">
     <span class='ocr_line' id='line_1_83' title="bbox 1982 3811 3613 3882; baseline 0.002 -20"><span class='ocrx_word' id='word_1_577' title='bbox 1982 3815 2175 3864; x_wconf 90' lang='lat' dir='ltr'>utrum</span> <span class='ocrx_word' id='word_1_578' title='bbox 2199 3826 2375 3864; x_wconf 90' lang='lat' dir='ltr'>onera</span> <span class='ocrx_word' id='word_1_579' title='bbox 2391 3813 2608 3880; x_wconf 91' lang='lat' dir='ltr'>portem</span> <span class='ocrx_word' id='word_1_580' title='bbox 2618 3828 2699 3877; x_wconf 90' lang='lat' dir='ltr'>us,</span> <span class='ocrx_word' id='word_1_581' title='bbox 2713 3815 2777 3864; x_wconf 92' lang='lat' dir='ltr'>ut</span> <span class='ocrx_word' id='word_1_582' title='bbox 2783 3811 3294 3881; x_wconf 56' lang='lat' dir='ltr'>juxta&#39;Apostolum</span> <span class='ocrx_word' id='word_1_583' title='bbox 3307 3811 3491 3882; x_wconf 85' lang='lat' dir='ltr'>legem</span> <span class='ocrx_word' id='word_1_584' title='bbox 3508 3812 3613 3866; x_wconf 79' lang='lat' dir='ltr'>Do-</span> 
     </span>
    </p>
   </div>
   <div class='ocr_carea' id='block_1_84' title="bbox 1982 3902 3613 3976">
    <p class='ocr_par' dir='ltr' id='par_1_84' title="bbox 1982 3902 3613 3976">
     <span class='ocr_line' id='line_1_84' title="bbox 1982 3902 3613 3976; baseline 0.002 -20"><span class='ocrx_word' id='word_1_585' title='bbox 1982 3902 2124 3957; x_wconf 89' lang='lat' dir='ltr'>mini</span> <span class='ocrx_word' id='word_1_586' title='bbox 2149 3903 2461 3974; x_wconf 87' lang='lat' dir='ltr'>adimplere</span> <span class='ocrx_word' id='word_1_587' title='bbox 2482 3905 2770 3959; x_wconf 92' lang='lat' dir='ltr'>valeamus</span> <span class='ocrx_word' id='word_1_588' title='bbox 2793 3904 2933 3974; x_wconf 85' lang='lat' dir='ltr'>(Gal.</span> <span class='ocrx_word' id='word_1_589' title='bbox 2955 3921 3028 3972; x_wconf 84' lang='lat' dir='ltr'>v1,</span> <span class='ocrx_word' id='word_1_590' title='bbox 3052 3905 3124 3975; x_wconf 86' lang='lat'>2).</span> <span class='ocrx_word' id='word_1_591' title='bbox 3140 3925 3167 3954; x_wconf 87' lang='grc'><strong>››</strong></span> <span class='ocrx_word' id='word_1_592' title='bbox 3187 3906 3437 3976; x_wconf 89' lang='lat' dir='ltr'>Tempus</span> <span class='ocrx_word' id='word_1_593' title='bbox 3457 3905 3613 3960; x_wconf 88' lang='lat' dir='ltr'>enim</span> 
     </span>
    </p>
   </div>
   <div class='ocr_carea' id='block_1_85' title="bbox 1981 3998 3612 4071">
    <p class='ocr_par' dir='ltr' id='par_1_85' title="bbox 1981 3998 3612 4071">
     <span class='ocr_line' id='line_1_85' title="bbox 1981 3998 3612 4071; baseline 0.002 -21"><span class='ocrx_word' id='word_1_594' title='bbox 1981 4014 2082 4051; x_wconf 91' lang='lat' dir='ltr'>con</span> <span class='ocrx_word' id='word_1_595' title='bbox 2093 4013 2300 4067; x_wconf 90' lang='lat' dir='ltr'>gruum</span> <span class='ocrx_word' id='word_1_596' title='bbox 2314 3998 2609 4069; x_wconf 73' lang='lat' dir='ltr'>przevideri</span> <span class='ocrx_word' id='word_1_597' title='bbox 2621 4001 2864 4070; x_wconf 89' lang='lat' dir='ltr'>oportet,</span> <span class='ocrx_word' id='word_1_598' title='bbox 2881 3999 3156 4070; x_wconf 91' lang='lat' dir='ltr'>quoniam</span> <span class='ocrx_word' id='word_1_599' title='bbox 3166 3998 3612 4071; x_wconf 89' lang='lat' dir='ltr'>uniuscujusque</span> 
     </span>
    </p>
   </div>
   <div class='ocr_carea' id='block_1_86' title="bbox 1983 4092 3613 4164">
    <p class='ocr_par' dir='ltr' id='par_1_86' title="bbox 1983 4092 3613 4164">
     <span class='ocr_line' id='line_1_86' title="bbox 1983 4092 3613 4164; baseline 0.002 -20"><span class='ocrx_word' id='word_1_600' title='bbox 1983 4097 2260 4145; x_wconf 69' lang='lat' dir='ltr'>accusatas</span> <span class='ocrx_word' id='word_1_601' title='bbox 2289 4108 2548 4162; x_wconf 61' lang='lat' dir='ltr'>persona;</span> <span class='ocrx_word' id='word_1_602' title='bbox 2579 4108 2742 4146; x_wconf 86' lang='lat' dir='ltr'>causa</span> <span class='ocrx_word' id='word_1_603' title='bbox 2772 4092 3082 4147; x_wconf 90' lang='lat' dir='ltr'>rectissime</span> <span class='ocrx_word' id='word_1_604' title='bbox 3105 4092 3163 4146; x_wconf 89' lang='lat' dir='ltr'>in</span> <span class='ocrx_word' id='word_1_605' title='bbox 3190 4093 3380 4147; x_wconf 90' lang='lat' dir='ltr'>medio</span> <span class='ocrx_word' id='word_1_606' title='bbox 3406 4093 3613 4164; x_wconf 90' lang='lat' dir='ltr'>produ-</span> 
     </span>
    </p>
   </div>
   <div class='ocr_carea' id='block_1_87' title="bbox 1981 4186 3614 4256">
    <p class='ocr_par' dir='ltr' id='par_1_87' title="bbox 1981 4186 3614 4256">
     <span class='ocr_line' id='line_1_87' title="bbox 1981 4186 3614 4256; baseline 0.001 -18"><span class='ocrx_word' id='word_1_607' title='bbox 1981 4189 2159 4252; x_wconf 89' lang='lat' dir='ltr'>catur,</span> <span class='ocrx_word' id='word_1_608' title='bbox 2196 4187 2473 4255; x_wconf 86' lang='lat' dir='ltr'>quatenus</span> <span class='ocrx_word' id='word_1_609' title='bbox 2520 4186 2859 4254; x_wconf 87' lang='lat' dir='ltr'>gravitatem</span> <span class='ocrx_word' id='word_1_610' title='bbox 2911 4186 3033 4256; x_wconf 88' lang='lat' dir='ltr'>ejus</span> <span class='ocrx_word' id='word_1_611' title='bbox 3077 4191 3131 4240; x_wconf 90' lang='lat' dir='ltr'>et</span> <span class='ocrx_word' id='word_1_612' title='bbox 3183 4187 3614 4241; x_wconf 89' lang='lat' dir='ltr'>consonantiam</span> 
     </span>
    </p>
   </div>
   <div class='ocr_carea' id='block_1_88' title="bbox 1982 4279 3613 4350">
    <p class='ocr_par' dir='ltr' id='par_1_88' title="bbox 1982 4279 3613 4350">
     <span class='ocr_line' id='line_1_88' title="bbox 1982 4279 3613 4350; baseline 0.001 -18"><span class='ocrx_word' id='word_1_613' title='bbox 1982 4293 2111 4348; x_wconf 63' lang='lat' dir='ltr'>quas</span> <span class='ocrx_word' id='word_1_614' title='bbox 2140 4283 2335 4332; x_wconf 91' lang='lat' dir='ltr'>contra</span> <span class='ocrx_word' id='word_1_615' title='bbox 2374 4280 2604 4333; x_wconf 88' lang='lat' dir='ltr'>Patrum</span> <span class='ocrx_word' id='word_1_616' title='bbox 2635 4279 2858 4334; x_wconf 89' lang='lat' dir='ltr'>decreta</span> <span class='ocrx_word' id='word_1_617' title='bbox 2879 4280 2967 4333; x_wconf 90' lang='lat' dir='ltr'>vel</span> <span class='ocrx_word' id='word_1_618' title='bbox 3006 4279 3350 4350; x_wconf 84' lang='lat' dir='ltr'>synodorum</span> <span class='ocrx_word' id='word_1_619' title='bbox 3395 4281 3613 4334; x_wconf 85' lang='lat' dir='ltr'>confes-</span> 
     </span>
    </p>
   </div>
   <div class='ocr_carea' id='block_1_89' title="bbox 1982 4369 3613 4443">
    <p class='ocr_par' dir='ltr' id='par_1_89' title="bbox 1982 4369 3613 4443">
     <span class='ocr_line' id='line_1_89' title="bbox 1982 4369 3613 4443; baseline 0.002 -21"><span class='ocrx_word' id='word_1_620' title='bbox 1982 4370 2198 4425; x_wconf 90' lang='lat' dir='ltr'>sionem</span> <span class='ocrx_word' id='word_1_621' title='bbox 2212 4369 2376 4441; x_wconf 91' lang='lat' dir='ltr'>prodi</span> <span class='ocrx_word' id='word_1_622' title='bbox 2397 4370 2632 4425; x_wconf 88' lang='lat' dir='ltr'>minime</span> <span class='ocrx_word' id='word_1_623' title='bbox 2649 4377 3012 4442; x_wconf 87' lang='lat' dir='ltr'>cognoscant,</span> <span class='ocrx_word' id='word_1_624' title='bbox 3033 4388 3203 4443; x_wconf 88' lang='lat' dir='ltr'>quam</span> <span class='ocrx_word' id='word_1_625' title='bbox 3223 4372 3613 4427; x_wconf 86' lang='lat' dir='ltr'>ordinabiliter</span> 
     </span>
    </p>
   </div>
   <div class='ocr_carea' id='block_1_90' title="bbox 1983 4463 3612 4532">
    <p class='ocr_par' dir='ltr' id='par_1_90' title="bbox 1983 4463 3612 4532">
     <span class='ocr_line' id='line_1_90' title="bbox 1983 4463 3612 4532; baseline 0.001 -15"><span class='ocrx_word' id='word_1_626' title='bbox 1983 4480 2182 4518; x_wconf 91' lang='lat' dir='ltr'>omnes</span> <span class='ocrx_word' id='word_1_627' title='bbox 2211 4463 2532 4532; x_wconf 89' lang='lat' dir='ltr'>intendant,</span> <span class='ocrx_word' id='word_1_628' title='bbox 2567 4469 2631 4517; x_wconf 91' lang='lat' dir='ltr'>ut</span> <span class='ocrx_word' id='word_1_629' title='bbox 2662 4464 2736 4518; x_wconf 89' lang='lat' dir='ltr'>ad</span> <span class='ocrx_word' id='word_1_630' title='bbox 2765 4481 2894 4518; x_wconf 86' lang='lat' dir='ltr'>eam</span> <span class='ocrx_word' id='word_1_631' title='bbox 2923 4465 2982 4519; x_wconf 91' lang='lat' dir='ltr'>in</span> <span class='ocrx_word' id='word_1_632' title='bbox 3009 4465 3272 4519; x_wconf 89' lang='lat' dir='ltr'>omnibus</span> <span class='ocrx_word' id='word_1_633' title='bbox 3300 4465 3612 4519; x_wconf 88' lang='lat' dir='ltr'>rationabi-</span> 
     </span>
    </p>
   </div>
   <div class='ocr_carea' id='block_1_91' title="bbox 247 4556 3610 4649">
    <p class='ocr_par' dir='ltr' id='par_1_91' title="bbox 247 4556 3610 4649">
     <span class='ocr_line' id='line_1_91' title="bbox 247 4556 3610 4649; baseline -0 -36"><span class='ocrx_word' id='word_1_634' title='bbox 247 4577 362 4616; x_wconf 90' lang='lat' dir='ltr'>non</span> <span class='ocrx_word' id='word_1_635' title='bbox 387 4562 650 4631; x_wconf 88' lang='lat' dir='ltr'>possunt,</span> <span class='ocrx_word' id='word_1_636' title='bbox 677 4575 782 4649; x_wconf 57' lang='grc' dir='ltr'>ηερ</span> <span class='ocrx_word' id='word_1_637' title='bbox 810 4559 870 4614; x_wconf 92' lang='lat' dir='ltr'>in</span> <span class='ocrx_word' id='word_1_638' title='bbox 897 4576 993 4614; x_wconf 89' lang='lat' dir='ltr'>eos</span> <span class='ocrx_word' id='word_1_639' title='bbox 1022 4558 1308 4614; x_wconf 89' lang='lat' dir='ltr'>testiﬁcari</span> <span class='ocrx_word' id='word_1_640' title='bbox 1355 4559 1453 4629; x_wconf 90' lang='lat' dir='ltr'>qui</span> <span class='ocrx_word' id='word_1_641' title='bbox 1500 4558 1569 4612; x_wconf 91' lang='lat' dir='ltr'>ad</span> <span class='ocrx_word' id='word_1_642' title='bbox 1613 4558 1880 4612; x_wconf 91' lang='lat' dir='ltr'>eumdem</span> <span class='ocrx_word' id='word_1_643' title='bbox 1899 4563 1958 4634; x_wconf 86' lang='lat' dir='ltr'>D</span> <span class='ocrx_word' id='word_1_644' title='bbox 1980 4557 2112 4612; x_wconf 87' lang='lat' dir='ltr'>liter</span> <span class='ocrx_word' id='word_1_645' title='bbox 2141 4556 2538 4626; x_wconf 89' lang='lat' dir='ltr'>respondeant,</span> <span class='ocrx_word' id='word_1_646' title='bbox 2569 4560 2625 4611; x_wconf 91' lang='lat' dir='ltr'>et</span> <span class='ocrx_word' id='word_1_647' title='bbox 2647 4556 2798 4627; x_wconf 91' lang='lat' dir='ltr'>juste</span> <span class='ocrx_word' id='word_1_648' title='bbox 2825 4576 2882 4613; x_wconf 92' lang='lat' dir='ltr'>se</span> <span class='ocrx_word' id='word_1_649' title='bbox 2911 4559 3053 4613; x_wconf 88' lang='lat' dir='ltr'>velle</span> <span class='ocrx_word' id='word_1_650' title='bbox 3092 4559 3389 4613; x_wconf 86' lang='lat' dir='ltr'>manifeste</span> <span class='ocrx_word' id='word_1_651' title='bbox 3419 4561 3610 4612; x_wconf 89' lang='lat' dir='ltr'>osten-</span> 
     </span>
    </p>
   </div>
   <div class='ocr_carea' id='block_1_92' title="bbox 247 4652 1882 4724">
    <p class='ocr_par' dir='ltr' id='par_1_92' title="bbox 247 4652 1882 4724">
     <span class='ocr_line' id='line_1_92' title="bbox 247 4652 1882 4724; baseline -0.002 -16"><span class='ocrx_word' id='word_1_652' title='bbox 247 4671 359 4708; x_wconf 88' lang='lat' dir='ltr'>non</span> <span class='ocrx_word' id='word_1_653' title='bbox 386 4654 618 4722; x_wconf 88' lang='lat' dir='ltr'>debent,</span> <span class='ocrx_word' id='word_1_654' title='bbox 652 4670 759 4707; x_wconf 93' lang='lat' dir='ltr'>nec</span> <span class='ocrx_word' id='word_1_655' title='bbox 801 4657 1041 4724; x_wconf 90' lang='lat' dir='ltr'>possunt</span> <span class='ocrx_word' id='word_1_656' title='bbox 1070 4652 1305 4723; x_wconf 90' lang='lat' dir='ltr'>provehi</span> <span class='ocrx_word' id='word_1_657' title='bbox 1337 4653 1406 4706; x_wconf 88' lang='lat' dir='ltr'>ad</span> <span class='ocrx_word' id='word_1_658' title='bbox 1457 4652 1766 4720; x_wconf 85' lang='lat' dir='ltr'>honorem;</span> <span class='ocrx_word' id='word_1_659' title='bbox 1796 4668 1882 4705; x_wconf 90' lang='lat' dir='ltr'>vo-</span> 
     </span>
    </p>
   </div>
   <div class='ocr_carea' id='block_1_93' title="bbox 243 4745 1878 4817">
    <p class='ocr_par' dir='ltr' id='par_1_93' title="bbox 243 4745 1878 4817">
     <span class='ocr_line' id='line_1_93' title="bbox 243 4745 1878 4817; baseline -0.002 -17"><span class='ocrx_word' id='word_1_660' title='bbox 243 4747 388 4801; x_wconf 88' lang='lat' dir='ltr'>catio</span> <span class='ocrx_word' id='word_1_661' title='bbox 420 4746 576 4800; x_wconf 89' lang='lat' dir='ltr'>enim</span> <span class='ocrx_word' id='word_1_662' title='bbox 603 4746 674 4800; x_wconf 88' lang='lat' dir='ltr'>ad</span> <span class='ocrx_word' id='word_1_663' title='bbox 700 4746 983 4817; x_wconf 85' lang='lat' dir='ltr'>synodum</span> <span class='ocrx_word' id='word_1_664' title='bbox 1004 4746 1168 4817; x_wconf 86' lang='lat' dir='ltr'>juxta</span> <span class='ocrx_word' id='word_1_665' title='bbox 1192 4745 1418 4800; x_wconf 90' lang='lat' dir='ltr'>decreta</span> <span class='ocrx_word' id='word_1_666' title='bbox 1445 4746 1680 4798; x_wconf 86' lang='lat' dir='ltr'>Patrum</span> <span class='ocrx_word' id='word_1_667' title='bbox 1707 4760 1878 4798; x_wconf 90' lang='lat' dir='ltr'>cano-</span> 
     </span>
    </p>
   </div>
   <div class='ocr_carea' id='block_1_94' title="bbox 243 4837 1882 4911">
    <p class='ocr_par' dir='ltr' id='par_1_94' title="bbox 243 4837 1882 4911">
     <span class='ocr_line' id='line_1_94' title="bbox 243 4837 1882 4911; baseline -0.001 -18"><span class='ocrx_word' id='word_1_668' title='bbox 243 4840 368 4894; x_wconf 88' lang='lat' dir='ltr'>nica</span> <span class='ocrx_word' id='word_1_669' title='bbox 394 4839 519 4910; x_wconf 92' lang='lat' dir='ltr'>ejus</span> <span class='ocrx_word' id='word_1_670' title='bbox 547 4838 645 4911; x_wconf 90' lang='lat' dir='ltr'>qui</span> <span class='ocrx_word' id='word_1_671' title='bbox 673 4839 970 4911; x_wconf 90' lang='lat' dir='ltr'>impetitur</span> <span class='ocrx_word' id='word_1_672' title='bbox 998 4844 1117 4894; x_wconf 90' lang='lat' dir='ltr'>tam</span> <span class='ocrx_word' id='word_1_673' title='bbox 1147 4855 1244 4893; x_wconf 87' lang='lat' dir='ltr'>sua</span> <span class='ocrx_word' id='word_1_674' title='bbox 1272 4837 1595 4909; x_wconf 79' lang='lat' dir='ltr'>praesentia,</span> <span class='ocrx_word' id='word_1_675' title='bbox 1625 4854 1798 4908; x_wconf 91' lang='lat' dir='ltr'>quam</span> <span class='ocrx_word' id='word_1_676' title='bbox 1826 4842 1882 4891; x_wconf 93' lang='lat' dir='ltr'>et</span> 
     </span>
    </p>
   </div>
   <div class='ocr_carea' id='block_1_95' title="bbox 241 4930 1884 5004">
    <p class='ocr_par' dir='ltr' id='par_1_95' title="bbox 241 4930 1884 5004">
     <span class='ocr_line' id='line_1_95' title="bbox 241 4930 1884 5004; baseline -0.001 -18"><span class='ocrx_word' id='word_1_677' title='bbox 241 4933 466 5004; x_wconf 89' lang='lat' dir='ltr'>scriptis</span> <span class='ocrx_word' id='word_1_678' title='bbox 496 4935 667 5004; x_wconf 89' lang='lat' dir='ltr'>atque</span> <span class='ocrx_word' id='word_1_679' title='bbox 713 4932 1090 5004; x_wconf 89' lang='lat' dir='ltr'>apocrisiariis</span> <span class='ocrx_word' id='word_1_680' title='bbox 1133 4949 1243 5002; x_wconf 91' lang='lat' dir='ltr'>per</span> <span class='ocrx_word' id='word_1_681' title='bbox 1275 4931 1521 5002; x_wconf 90' lang='lat' dir='ltr'>spatium</span> <span class='ocrx_word' id='word_1_682' title='bbox 1549 4930 1672 4984; x_wconf 87' lang='lat' dir='ltr'>ﬁeri</span> <span class='ocrx_word' id='word_1_683' title='bbox 1711 4930 1884 4993; x_wconf 85' lang='lat' dir='ltr'>debet</span> 
     </span>
    </p>
   </div>
   <div class='ocr_carea' id='block_1_96' title="bbox 240 5024 1882 5097">
    <p class='ocr_par' dir='ltr' id='par_1_96' title="bbox 240 5024 1882 5097">
     <span class='ocr_line' id='line_1_96' title="bbox 240 5024 1882 5097; baseline 0 -17"><span class='ocrx_word' id='word_1_684' title='bbox 240 5043 563 5097; x_wconf 91' lang='lat' dir='ltr'>congruum</span> <span class='ocrx_word' id='word_1_685' title='bbox 615 5029 785 5097; x_wconf 88' lang='lat' dir='ltr'>atque</span> <span class='ocrx_word' id='word_1_686' title='bbox 842 5025 1201 5094; x_wconf 88' lang='lat' dir='ltr'>canonicum,</span> <span class='ocrx_word' id='word_1_687' title='bbox 1251 5024 1386 5096; x_wconf 92' lang='lat' dir='ltr'>quia</span> <span class='ocrx_word' id='word_1_688' title='bbox 1432 5024 1539 5078; x_wconf 90' lang='lat' dir='ltr'>nisi</span> <span class='ocrx_word' id='word_1_689' title='bbox 1608 5024 1882 5080; x_wconf 90' lang='lat' dir='ltr'>canonice</span> 
     </span>
    </p>
   </div>
   <div class='ocr_carea' id='block_1_97' title="bbox 243 5117 1879 5192">
    <p class='ocr_par' dir='ltr' id='par_1_97' title="bbox 243 5117 1879 5192">
     <span class='ocr_line' id='line_1_97' title="bbox 243 5117 1879 5192; baseline 0.001 -22"><span class='ocrx_word' id='word_1_690' title='bbox 243 5125 470 5176; x_wconf 84' lang='lat' dir='ltr'>vocatus</span> <span class='ocrx_word' id='word_1_691' title='bbox 500 5119 674 5174; x_wconf 90' lang='lat' dir='ltr'>fuerit</span> <span class='ocrx_word' id='word_1_692' title='bbox 699 5136 800 5174; x_wconf 92' lang='lat' dir='ltr'>suo</span> <span class='ocrx_word' id='word_1_693' title='bbox 832 5124 1088 5192; x_wconf 91' lang='lat' dir='ltr'>tempore</span> <span class='ocrx_word' id='word_1_694' title='bbox 1118 5123 1173 5174; x_wconf 91' lang='lat' dir='ltr'>et</span> <span class='ocrx_word' id='word_1_695' title='bbox 1197 5117 1468 5174; x_wconf 89' lang='lat' dir='ltr'>canonica</span> <span class='ocrx_word' id='word_1_696' title='bbox 1503 5117 1879 5186; x_wconf 89' lang='lat' dir='ltr'>ordinatione,</span> 
     </span>
    </p>
   </div>
   <div class='ocr_carea' id='block_1_98' title="bbox 242 5211 1882 5284">
    <p class='ocr_par' dir='ltr' id='par_1_98' title="bbox 242 5211 1882 5284">
     <span class='ocr_line' id='line_1_98' title="bbox 242 5211 1882 5284; baseline 0 -18"><span class='ocrx_word' id='word_1_697' title='bbox 242 5213 374 5270; x_wconf 87' lang='lat' dir='ltr'>licet</span> <span class='ocrx_word' id='word_1_698' title='bbox 398 5212 622 5268; x_wconf 89' lang='lat' dir='ltr'>venerit</span> <span class='ocrx_word' id='word_1_699' title='bbox 649 5213 720 5268; x_wconf 89' lang='lat' dir='ltr'>ad</span> <span class='ocrx_word' id='word_1_700' title='bbox 751 5218 1094 5268; x_wconf 87' lang='lat' dir='ltr'>conventum</span> <span class='ocrx_word' id='word_1_701' title='bbox 1136 5228 1478 5284; x_wconf 88' lang='lat' dir='ltr'>quacunque</span> <span class='ocrx_word' id='word_1_702' title='bbox 1523 5211 1882 5266; x_wconf 88' lang='lat' dir='ltr'>ordinatione</span> 
     </span>
    </p>
   </div>
   <div class='ocr_carea' id='block_1_99' title="bbox 249 5305 1884 5377">
    <p class='ocr_par' dir='ltr' id='par_1_99' title="bbox 249 5305 1884 5377">
     <span class='ocr_line' id='line_1_99' title="bbox 249 5305 1884 5377; baseline 0 -18"><span class='ocrx_word' id='word_1_703' title='bbox 249 5306 353 5360; x_wconf 88' lang='lat' dir='ltr'>nisi</span> <span class='ocrx_word' id='word_1_704' title='bbox 406 5311 608 5377; x_wconf 82' lang='lat' dir='ltr'>sponte</span> <span class='ocrx_word' id='word_1_705' title='bbox 653 5307 917 5375; x_wconf 87' lang='lat' dir='ltr'>voluerit,</span> <span class='ocrx_word' id='word_1_706' title='bbox 971 5307 1298 5361; x_wconf 89' lang='lat' dir='ltr'>nullatenus</span> <span class='ocrx_word' id='word_1_707' title='bbox 1350 5305 1465 5360; x_wconf 90' lang='lat' dir='ltr'>suis</span> <span class='ocrx_word' id='word_1_708' title='bbox 1520 5305 1884 5376; x_wconf 90' lang='lat' dir='ltr'>respondebit</span> 
     </span>
    </p>
   </div>
   <div class='ocr_carea' id='block_1_100' title="bbox 244 5397 1883 5471">
    <p class='ocr_par' dir='ltr' id='par_1_100' title="bbox 244 5397 1883 5471">
     <span class='ocr_line' id='line_1_100' title="bbox 244 5397 1883 5471; baseline 0 -19"><span class='ocrx_word' id='word_1_709' title='bbox 244 5399 687 5469; x_wconf 88' lang='lat' dir='ltr'>insidiatoribus,</span> <span class='ocrx_word' id='word_1_710' title='bbox 707 5399 978 5471; x_wconf 90' lang='lat' dir='ltr'>quoniam</span> <span class='ocrx_word' id='word_1_711' title='bbox 1007 5416 1108 5453; x_wconf 88' lang='lat' dir='ltr'>nec</span> <span class='ocrx_word' id='word_1_712' title='bbox 1127 5397 1316 5453; x_wconf 73' lang='lat' dir='ltr'>saeculi</span> <span class='ocrx_word' id='word_1_713' title='bbox 1346 5398 1498 5469; x_wconf 85' lang='lat' dir='ltr'>leges</span> <span class='ocrx_word' id='word_1_714' title='bbox 1524 5399 1629 5452; x_wconf 91' lang='lat' dir='ltr'>hoc</span> <span class='ocrx_word' id='word_1_715' title='bbox 1654 5398 1883 5470; x_wconf 87' lang='lat' dir='ltr'>permit-</span> 
     </span>
    </p>
   </div>
   <div class='ocr_carea' id='block_1_101' title="bbox 243 5491 1316 5564">
    <p class='ocr_par' dir='ltr' id='par_1_101' title="bbox 243 5491 1316 5564">
     <span class='ocr_line' id='line_1_101' title="bbox 243 5491 1316 5564; baseline 0.001 -18"><span class='ocrx_word' id='word_1_716' title='bbox 243 5498 374 5547; x_wconf 85' lang='lat' dir='ltr'>tunt</span> <span class='ocrx_word' id='word_1_717' title='bbox 403 5493 530 5548; x_wconf 83' lang='lat' dir='ltr'>fieri</span> <span class='ocrx_word' id='word_1_718' title='bbox 558 5510 571 5547; x_wconf 90' lang='lat'><strong>:</strong></span> <span class='ocrx_word' id='word_1_719' title='bbox 595 5499 813 5564; x_wconf 90' lang='lat' dir='ltr'>quanto</span> <span class='ocrx_word' id='word_1_720' title='bbox 847 5493 1034 5564; x_wconf 83' lang='lat' dir='ltr'>magis</span> <span class='ocrx_word' id='word_1_721' title='bbox 1067 5491 1316 5547; x_wconf 68' lang='lat' dir='ltr'>divinas?</span> 
     </span>
    </p>
   </div>
   <div class='ocr_carea' id='block_1_102' title="bbox 317 5584 1882 5658">
    <p class='ocr_par' dir='ltr' id='par_1_102' title="bbox 317 5584 1882 5658">
     <span class='ocr_line' id='line_1_102' title="bbox 317 5584 1882 5658; baseline -0.001 -18"><span class='ocrx_word' id='word_1_722' title='bbox 317 5585 560 5657; x_wconf 91' lang='lat' dir='ltr'>Dejectis</span> <span class='ocrx_word' id='word_1_723' title='bbox 591 5602 722 5641; x_wconf 89' lang='lat' dir='ltr'>vero</span> <span class='ocrx_word' id='word_1_724' title='bbox 765 5590 934 5658; x_wconf 89' lang='lat' dir='ltr'>atque</span> <span class='ocrx_word' id='word_1_725' title='bbox 981 5584 1094 5638; x_wconf 91' lang='lat' dir='ltr'>suis</span> <span class='ocrx_word' id='word_1_726' title='bbox 1141 5585 1313 5640; x_wconf 92' lang='lat' dir='ltr'>rebus</span> <span class='ocrx_word' id='word_1_727' title='bbox 1367 5584 1689 5656; x_wconf 90' lang='lat' dir='ltr'>exspoliatis</span> <span class='ocrx_word' id='word_1_728' title='bbox 1738 5584 1882 5640; x_wconf 89' lang='lat' dir='ltr'>nihil</span> 
     </span>
    </p>
   </div>
   <div class='ocr_carea' id='block_1_103' title="bbox 247 5679 1878 5752">
    <p class='ocr_par' dir='ltr' id='par_1_103' title="bbox 247 5679 1878 5752">
     <span class='ocr_line' id='line_1_103' title="bbox 247 5679 1878 5752; baseline 0.003 -22"><span class='ocrx_word' id='word_1_729' title='bbox 247 5679 405 5735; x_wconf 87' lang='lat' dir='ltr'>vobis</span> <span class='ocrx_word' id='word_1_730' title='bbox 436 5679 624 5735; x_wconf 90' lang='lat' dir='ltr'>verius</span> <span class='ocrx_word' id='word_1_731' title='bbox 651 5679 975 5752; x_wconf 87' lang='lat' dir='ltr'>signiﬁcare</span> <span class='ocrx_word' id='word_1_732' title='bbox 1007 5696 1154 5751; x_wconf 91' lang='lat' dir='ltr'>queo</span> <span class='ocrx_word' id='word_1_733' title='bbox 1185 5694 1357 5750; x_wconf 89' lang='lat' dir='ltr'>quam</span> <span class='ocrx_word' id='word_1_734' title='bbox 1404 5679 1746 5733; x_wconf 90' lang='lat' dir='ltr'>sanctissimi</span> <span class='ocrx_word' id='word_1_735' title='bbox 1777 5681 1878 5735; x_wconf 84' lang='lat' dir='ltr'>Pa-</span> 
     </span>
    </p>
   </div>
   <div class='ocr_carea' id='block_1_104' title="bbox 249 5773 1884 5845">
    <p class='ocr_par' dir='ltr' id='par_1_104' title="bbox 249 5773 1884 5845">
     <span class='ocr_line' id='line_1_104' title="bbox 249 5773 1884 5845; baseline 0.001 -19"><span class='ocrx_word' id='word_1_736' title='bbox 249 5778 358 5828; x_wconf 81' lang='lat' dir='ltr'>tres</span> <span class='ocrx_word' id='word_1_737' title='bbox 402 5773 769 5843; x_wconf 86' lang='lat' dir='ltr'>deﬁnierunt,</span> <span class='ocrx_word' id='word_1_738' title='bbox 800 5777 858 5829; x_wconf 91' lang='lat' dir='ltr'>et</span> <span class='ocrx_word' id='word_1_739' title='bbox 882 5773 1061 5829; x_wconf 89' lang='lat' dir='ltr'>nostri</span> <span class='ocrx_word' id='word_1_740' title='bbox 1099 5773 1543 5845; x_wconf 81' lang='lat' dir='ltr'>praedecessores</span> <span class='ocrx_word' id='word_1_741' title='bbox 1581 5773 1884 5844; x_wconf 87' lang='lat' dir='ltr'>apostolica</span> 
     </span>
    </p>
   </div>
   <div class='ocr_carea' id='block_1_105' title="bbox 249 5866 1879 5938">
    <p class='ocr_par' dir='ltr' id='par_1_105' title="bbox 249 5866 1879 5938">
     <span class='ocr_line' id='line_1_105' title="bbox 249 5866 1879 5938; baseline 0.004 -21"><span class='ocrx_word' id='word_1_742' title='bbox 249 5868 577 5924; x_wconf 71' lang='lat' dir='ltr'>auctoritate</span> <span class='ocrx_word' id='word_1_743' title='bbox 610 5867 1038 5924; x_wconf 89' lang='lat' dir='ltr'>roboraverunt.</span> <span class='ocrx_word' id='word_1_744' title='bbox 1076 5869 1154 5922; x_wconf 84' lang='lat' dir='ltr'>Ita</span> <span class='ocrx_word' id='word_1_745' title='bbox 1185 5866 1338 5923; x_wconf 87' lang='lat' dir='ltr'>enim</span> <span class='ocrx_word' id='word_1_746' title='bbox 1377 5866 1498 5922; x_wconf 72' lang='lat' dir='ltr'>haec</span> <span class='ocrx_word' id='word_1_747' title='bbox 1541 5883 1600 5920; x_wconf 89' lang='lat' dir='ltr'>se</span> <span class='ocrx_word' id='word_1_748' title='bbox 1644 5866 1879 5938; x_wconf 87' lang='lat' dir='ltr'>habent,</span> 
     </span>
    </p>
   </div>
   <div class='ocr_carea' id='block_1_106' title="bbox 1982 4650 3612 4723">
    <p class='ocr_par' dir='ltr' id='par_1_106' title="bbox 1982 4650 3612 4723">
     <span class='ocr_line' id='line_1_106' title="bbox 1982 4650 3612 4723; baseline 0.001 -18"><span class='ocrx_word' id='word_1_749' title='bbox 1982 4652 2136 4705; x_wconf 89' lang='lat' dir='ltr'>dant.</span> <span class='ocrx_word' id='word_1_750' title='bbox 2177 4650 2371 4704; x_wconf 88' lang='lat' dir='ltr'>Nullus</span> <span class='ocrx_word' id='word_1_751' title='bbox 2416 4655 2606 4705; x_wconf 91' lang='lat' dir='ltr'>autem</span> <span class='ocrx_word' id='word_1_752' title='bbox 2650 4651 3040 4707; x_wconf 89' lang='lat' dir='ltr'>introducatur</span> <span class='ocrx_word' id='word_1_753' title='bbox 3083 4651 3477 4723; x_wconf 88' lang='lat' dir='ltr'>personaliter,</span> <span class='ocrx_word' id='word_1_754' title='bbox 3511 4652 3612 4706; x_wconf 91' lang='lat' dir='ltr'>sed</span> 
     </span>
    </p>
   </div>
   <div class='ocr_carea' id='block_1_107' title="bbox 1981 4745 3611 4817">
    <p class='ocr_par' dir='ltr' id='par_1_107' title="bbox 1981 4745 3611 4817">
     <span class='ocr_line' id='line_1_107' title="bbox 1981 4745 3611 4817; baseline 0.001 -18"><span class='ocrx_word' id='word_1_755' title='bbox 1981 4747 2338 4800; x_wconf 83' lang='lat' dir='ltr'>accusatores</span> <span class='ocrx_word' id='word_1_756' title='bbox 2391 4748 2449 4798; x_wconf 89' lang='lat' dir='ltr'>et</span> <span class='ocrx_word' id='word_1_757' title='bbox 2502 4745 2747 4799; x_wconf 89' lang='lat' dir='ltr'>accusati</span> <span class='ocrx_word' id='word_1_758' title='bbox 2806 4763 2974 4817; x_wconf 84' lang='lat' dir='ltr'>aequa</span> <span class='ocrx_word' id='word_1_759' title='bbox 3022 4746 3326 4801; x_wconf 89' lang='lat' dir='ltr'>audiantur</span> <span class='ocrx_word' id='word_1_760' title='bbox 3389 4746 3611 4800; x_wconf 86' lang='lat' dir='ltr'>ratione</span> 
     </span>
    </p>
   </div>
   <div class='ocr_carea' id='block_1_108' title="bbox 1973 4839 3612 4912">
    <p class='ocr_par' dir='ltr' id='par_1_108' title="bbox 1973 4839 3612 4912">
     <span class='ocr_line' id='line_1_108' title="bbox 1973 4839 3612 4912; baseline 0 -18"><span class='ocrx_word' id='word_1_761' title='bbox 1973 4839 2138 4910; x_wconf 83' lang='lat' dir='ltr'>juxta</span> <span class='ocrx_word' id='word_1_762' title='bbox 2162 4839 2313 4910; x_wconf 93' lang='lat' dir='ltr'>quod</span> <span class='ocrx_word' id='word_1_763' title='bbox 2350 4843 2640 4911; x_wconf 88' lang='lat' dir='ltr'>gestorum</span> <span class='ocrx_word' id='word_1_764' title='bbox 2667 4839 2804 4895; x_wconf 92' lang='lat' dir='ltr'>ordo</span> <span class='ocrx_word' id='word_1_765' title='bbox 2836 4840 3032 4912; x_wconf 84' lang='lat' dir='ltr'>exigit.</span> <span class='ocrx_word' id='word_1_766' title='bbox 3083 4844 3453 4894; x_wconf 81' lang='lat' dir='ltr'>Accusatores</span> <span class='ocrx_word' id='word_1_767' title='bbox 3477 4856 3612 4894; x_wconf 91' lang='lat' dir='ltr'>vero</span> 
     </span>
    </p>
   </div>
   <div class='ocr_carea' id='block_1_109' title="bbox 1983 4933 3611 5005">
    <p class='ocr_par' dir='ltr' id='par_1_109' title="bbox 1983 4933 3611 5005">
     <span class='ocr_line' id='line_1_109' title="bbox 1983 4933 3611 5005; baseline -0.001 -17"><span class='ocrx_word' id='word_1_768' title='bbox 1983 4933 2283 5005; x_wconf 84' lang='lat' dir='ltr'>etjudices</span> <span class='ocrx_word' id='word_1_769' title='bbox 2330 4949 2445 4988; x_wconf 91' lang='lat' dir='ltr'>non</span> <span class='ocrx_word' id='word_1_770' title='bbox 2496 4933 2653 4988; x_wconf 90' lang='lat' dir='ltr'>idem</span> <span class='ocrx_word' id='word_1_771' title='bbox 2703 4934 2833 5000; x_wconf 91' lang='lat' dir='ltr'>sint,</span> <span class='ocrx_word' id='word_1_772' title='bbox 2865 4935 2960 4988; x_wconf 91' lang='lat' dir='ltr'>sed</span> <span class='ocrx_word' id='word_1_773' title='bbox 2998 4951 3099 5004; x_wconf 91' lang='lat' dir='ltr'>per</span> <span class='ocrx_word' id='word_1_774' title='bbox 3137 4936 3611 5002; x_wconf 84' lang='lat' dir='ltr'>seaccusatores,</span> 
     </span>
    </p>
   </div>
   <div class='ocr_carea' id='block_1_110' title="bbox 1983 5026 3609 5098">
    <p class='ocr_par' dir='ltr' id='par_1_110' title="bbox 1983 5026 3609 5098">
     <span class='ocr_line' id='line_1_110' title="bbox 1983 5026 3609 5098; baseline 0 -17"><span class='ocrx_word' id='word_1_775' title='bbox 1983 5044 2086 5098; x_wconf 89' lang='lat' dir='ltr'>per</span> <span class='ocrx_word' id='word_1_776' title='bbox 2150 5044 2210 5082; x_wconf 92' lang='lat' dir='ltr'>se</span> <span class='ocrx_word' id='word_1_777' title='bbox 2267 5026 2505 5098; x_wconf 90' lang='lat' dir='ltr'>judices,</span> <span class='ocrx_word' id='word_1_778' title='bbox 2555 5043 2659 5098; x_wconf 92' lang='lat' dir='ltr'>per</span> <span class='ocrx_word' id='word_1_779' title='bbox 2714 5044 2768 5083; x_wconf 91' lang='lat' dir='ltr'>se</span> <span class='ocrx_word' id='word_1_780' title='bbox 2823 5030 3024 5095; x_wconf 88' lang='lat' dir='ltr'>testes,</span> <span class='ocrx_word' id='word_1_781' title='bbox 3077 5043 3179 5098; x_wconf 92' lang='lat' dir='ltr'>per</span> <span class='ocrx_word' id='word_1_782' title='bbox 3229 5044 3288 5083; x_wconf 89' lang='lat' dir='ltr'>se</span> <span class='ocrx_word' id='word_1_783' title='bbox 3341 5027 3609 5096; x_wconf 87' lang='lat' dir='ltr'>accusati,</span> 
     </span>
    </p>
   </div>
   <div class='ocr_carea' id='block_1_111' title="bbox 1981 5120 3615 5193">
    <p class='ocr_par' dir='ltr' id='par_1_111' title="bbox 1981 5120 3615 5193">
     <span class='ocr_line' id='line_1_111' title="bbox 1981 5120 3615 5193; baseline 0 -17"><span class='ocrx_word' id='word_1_784' title='bbox 1981 5121 2375 5193; x_wconf 88' lang='lat' dir='ltr'>unusquisque</span> <span class='ocrx_word' id='word_1_785' title='bbox 2438 5120 2497 5176; x_wconf 89' lang='lat' dir='ltr'>in</span> <span class='ocrx_word' id='word_1_786' title='bbox 2563 5137 2663 5175; x_wconf 90' lang='lat' dir='ltr'>suo</span> <span class='ocrx_word' id='word_1_787' title='bbox 2739 5121 3130 5176; x_wconf 85' lang='lat' dir='ltr'>ordinabiliter</span> <span class='ocrx_word' id='word_1_788' title='bbox 3191 5120 3411 5176; x_wconf 89' lang='lat' dir='ltr'>ordine.</span> <span class='ocrx_word' id='word_1_789' title='bbox 3469 5122 3615 5176; x_wconf 86' lang='lat' dir='ltr'>Nam</span> 
     </span>
    </p>
   </div>
   <div class='ocr_carea' id='block_1_112' title="bbox 1981 5215 3611 5287">
    <p class='ocr_par' dir='ltr' id='par_1_112' title="bbox 1981 5215 3611 5287">
     <span class='ocr_line' id='line_1_112' title="bbox 1981 5215 3611 5287; baseline 0.001 -18"><span class='ocrx_word' id='word_1_790' title='bbox 1981 5215 2273 5287; x_wconf 89' lang='lat' dir='ltr'>inscriptio</span> <span class='ocrx_word' id='word_1_791' title='bbox 2320 5215 2505 5287; x_wconf 91' lang='lat' dir='ltr'>primo</span> <span class='ocrx_word' id='word_1_792' title='bbox 2553 5230 2780 5286; x_wconf 89' lang='lat' dir='ltr'>semper</span> <span class='ocrx_word' id='word_1_793' title='bbox 2822 5215 2942 5284; x_wconf 87' lang='lat' dir='ltr'>ﬁat,</span> <span class='ocrx_word' id='word_1_794' title='bbox 2973 5218 3035 5269; x_wconf 91' lang='lat' dir='ltr'>ut</span> <span class='ocrx_word' id='word_1_795' title='bbox 3083 5215 3351 5270; x_wconf 87' lang='lat' dir='ltr'>talionem</span> <span class='ocrx_word' id='word_1_796' title='bbox 3397 5216 3611 5270; x_wconf 91' lang='lat' dir='ltr'>calum-</span> 
     </span>
    </p>
   </div>
   <div class='ocr_carea' id='block_1_113' title="bbox 1981 5306 3617 5380">
    <p class='ocr_par' dir='ltr' id='par_1_113' title="bbox 1981 5306 3617 5380">
     <span class='ocr_line' id='line_1_113' title="bbox 1981 5306 3617 5380; baseline 0 -18"><span class='ocrx_word' id='word_1_797' title='bbox 1981 5308 2166 5364; x_wconf 91' lang='lat' dir='ltr'>niator</span> <span class='ocrx_word' id='word_1_798' title='bbox 2194 5308 2448 5379; x_wconf 87' lang='lat' dir='ltr'>recipiat,</span> <span class='ocrx_word' id='word_1_799' title='bbox 2478 5306 2613 5378; x_wconf 90' lang='lat' dir='ltr'>quia</span> <span class='ocrx_word' id='word_1_800' title='bbox 2636 5311 2768 5362; x_wconf 90' lang='lat' dir='ltr'>ante</span> <span class='ocrx_word' id='word_1_801' title='bbox 2793 5307 3219 5380; x_wconf 88' lang='lat' dir='ltr'>inscriptionem</span> <span class='ocrx_word' id='word_1_802' title='bbox 3245 5325 3417 5363; x_wconf 91' lang='lat' dir='ltr'>nemo</span> <span class='ocrx_word' id='word_1_803' title='bbox 3447 5308 3617 5364; x_wconf 86' lang='lat' dir='ltr'>debet</span> 
     </span>
    </p>
   </div>
   <div class='ocr_carea' id='block_1_114' title="bbox 1975 5399 3615 5473">
    <p class='ocr_par' dir='ltr' id='par_1_114' title="bbox 1975 5399 3615 5473">
     <span class='ocr_line' id='line_1_114' title="bbox 1975 5399 3615 5473; baseline 0 -19"><span class='ocrx_word' id='word_1_804' title='bbox 1975 5399 2237 5470; x_wconf 89' lang='lat' dir='ltr'>judicari,</span> <span class='ocrx_word' id='word_1_805' title='bbox 2290 5401 2376 5454; x_wconf 86' lang='lat' dir='ltr'>vel</span> <span class='ocrx_word' id='word_1_806' title='bbox 2421 5399 2702 5470; x_wconf 88' lang='lat' dir='ltr'>damnari,</span> <span class='ocrx_word' id='word_1_807' title='bbox 2759 5417 2891 5455; x_wconf 93' lang='lat' dir='ltr'>cum</span> <span class='ocrx_word' id='word_1_808' title='bbox 2945 5405 3003 5456; x_wconf 90' lang='lat' dir='ltr'>et</span> <span class='ocrx_word' id='word_1_809' title='bbox 3047 5402 3235 5457; x_wconf 58' lang='lat' dir='ltr'>saeculi</span> <span class='ocrx_word' id='word_1_810' title='bbox 3289 5403 3446 5473; x_wconf 88' lang='lat' dir='ltr'>leges</span> <span class='ocrx_word' id='word_1_811' title='bbox 3493 5401 3615 5455; x_wconf 84' lang='lat' dir='ltr'>haec</span> 
     </span>
    </p>
   </div>
   <div class='ocr_carea' id='block_1_115' title="bbox 1982 5493 3614 5565">
    <p class='ocr_par' dir='ltr' id='par_1_115' title="bbox 1982 5493 3614 5565">
     <span class='ocr_line' id='line_1_115' title="bbox 1982 5493 3614 5565; baseline -0.001 -18"><span class='ocrx_word' id='word_1_812' title='bbox 1982 5493 2184 5547; x_wconf 90' lang='lat' dir='ltr'>eadem</span> <span class='ocrx_word' id='word_1_813' title='bbox 2208 5493 2511 5560; x_wconf 91' lang='lat' dir='ltr'>retineant,</span> <span class='ocrx_word' id='word_1_814' title='bbox 2528 5493 2596 5548; x_wconf 92' lang='lat' dir='ltr'>de</span> <span class='ocrx_word' id='word_1_815' title='bbox 2613 5493 2816 5565; x_wconf 90' lang='lat' dir='ltr'>quibus</span> <span class='ocrx_word' id='word_1_816' title='bbox 2839 5495 3104 5550; x_wconf 90' lang='lat' dir='ltr'>omnibus</span> <span class='ocrx_word' id='word_1_817' title='bbox 3124 5513 3256 5551; x_wconf 91' lang='lat' dir='ltr'>vera</span> <span class='ocrx_word' id='word_1_818' title='bbox 3273 5509 3496 5565; x_wconf 91' lang='lat' dir='ltr'>semper</span> <span class='ocrx_word' id='word_1_819' title='bbox 3515 5493 3614 5547; x_wconf 86' lang='lat' dir='ltr'>ﬁat</span> 
     </span>
    </p>
   </div>
   <div class='ocr_carea' id='block_1_116' title="bbox 1982 5585 3610 5660">
    <p class='ocr_par' dir='ltr' id='par_1_116' title="bbox 1982 5585 3610 5660">
     <span class='ocr_line' id='line_1_116' title="bbox 1982 5585 3610 5660; baseline 0 -20"><span class='ocrx_word' id='word_1_820' title='bbox 1982 5587 2239 5658; x_wconf 75' lang='lat' dir='ltr'>aequitas,</span> <span class='ocrx_word' id='word_1_821' title='bbox 2278 5591 2558 5659; x_wconf 88' lang='lat' dir='ltr'>quatenus</span> <span class='ocrx_word' id='word_1_822' title='bbox 2604 5589 2974 5644; x_wconf 85' lang='lat' dir='ltr'>accusationis</span> <span class='ocrx_word' id='word_1_823' title='bbox 3013 5592 3071 5646; x_wconf 91' lang='lat' dir='ltr'>et</span> <span class='ocrx_word' id='word_1_824' title='bbox 3111 5589 3313 5660; x_wconf 88' lang='lat' dir='ltr'>judicii</span> <span class='ocrx_word' id='word_1_825' title='bbox 3353 5603 3416 5641; x_wconf 89' lang='lat' dir='ltr'>ac</span> <span class='ocrx_word' id='word_1_826' title='bbox 3451 5585 3610 5641; x_wconf 84' lang='lat' dir='ltr'>testi-</span> 
     </span>
    </p>
   </div>
   <div class='ocr_carea' id='block_1_117' title="bbox 1981 5680 3613 5753">
    <p class='ocr_par' dir='ltr' id='par_1_117' title="bbox 1981 5680 3613 5753">
     <span class='ocr_line' id='line_1_117' title="bbox 1981 5680 3613 5753; baseline 0.001 -19"><span class='ocrx_word' id='word_1_827' title='bbox 1981 5680 2161 5735; x_wconf 90' lang='lat' dir='ltr'>monii</span> <span class='ocrx_word' id='word_1_828' title='bbox 2190 5680 2514 5736; x_wconf 90' lang='lat' dir='ltr'>mercedem</span> <span class='ocrx_word' id='word_1_829' title='bbox 2561 5698 2664 5753; x_wconf 91' lang='lat' dir='ltr'>per</span> <span class='ocrx_word' id='word_1_830' title='bbox 2690 5682 2986 5738; x_wconf 89' lang='lat' dir='ltr'>veritatem</span> <span class='ocrx_word' id='word_1_831' title='bbox 3017 5686 3307 5753; x_wconf 89' lang='lat' dir='ltr'>gestorum</span> <span class='ocrx_word' id='word_1_832' title='bbox 3344 5680 3613 5752; x_wconf 90' lang='lat' dir='ltr'>consequi</span> 
     </span>
    </p>
   </div>
   <div class='ocr_carea' id='block_1_118' title="bbox 1981 5773 3609 5847">
    <p class='ocr_par' dir='ltr' id='par_1_118' title="bbox 1981 5773 3609 5847">
     <span class='ocr_line' id='line_1_118' title="bbox 1981 5773 3609 5847; baseline 0 -19"><span class='ocrx_word' id='word_1_833' title='bbox 1981 5775 2230 5829; x_wconf 88' lang='lat' dir='ltr'>valeant.</span> <span class='ocrx_word' id='word_1_834' title='bbox 2273 5775 2556 5847; x_wconf 88' lang='lat' dir='ltr'>Scriptum</span> <span class='ocrx_word' id='word_1_835' title='bbox 2599 5779 2684 5830; x_wconf 90' lang='lat' dir='ltr'>est</span> <span class='ocrx_word' id='word_1_836' title='bbox 2727 5778 2922 5831; x_wconf 87' lang='lat' dir='ltr'>enim:</span> <span class='ocrx_word' id='word_1_837' title='bbox 2962 5773 3319 5829; x_wconf 88' lang='lat' dir='ltr'>Abominatio</span> <span class='ocrx_word' id='word_1_838' title='bbox 3362 5773 3609 5828; x_wconf 90' lang='lat' dir='ltr'>Domino</span> 
     </span>
    </p>
   </div>
   <div class='ocr_carea' id='block_1_119' title="bbox 1982 5867 3609 5943">
    <p class='ocr_par' dir='ltr' id='par_1_119' title="bbox 1982 5867 3609 5943">
     <span class='ocr_line' id='line_1_119' title="bbox 1982 5867 3609 5943; baseline 0.001 -19"><span class='ocrx_word' id='word_1_839' title='bbox 1982 5868 2131 5927; x_wconf 87' lang='lat' dir='ltr'>labia</span> <span class='ocrx_word' id='word_1_840' title='bbox 2175 5869 2467 5926; x_wconf 87' lang='lat' dir='ltr'>mendacia</span> <span class='ocrx_word' id='word_1_841' title='bbox 2495 5871 2675 5943; x_wconf 83' lang='lat' dir='ltr'>(Prov.</span> <span class='ocrx_word' id='word_1_842' title='bbox 2703 5887 2802 5937; x_wconf 83' lang='lat' dir='ltr'>xu,</span> <span class='ocrx_word' id='word_1_843' title='bbox 2830 5871 2938 5939; x_wconf 84' lang='lat'>22),</span> <span class='ocrx_word' id='word_1_844' title='bbox 2969 5890 2996 5917; x_wconf 87' lang='grc'>‹‹</span> <span class='ocrx_word' id='word_1_845' title='bbox 3025 5873 3082 5923; x_wconf 89' lang='lat' dir='ltr'>et</span> <span class='ocrx_word' id='word_1_846' title='bbox 3106 5871 3308 5923; x_wconf 85' lang='lat' dir='ltr'>testem</span> <span class='ocrx_word' id='word_1_847' title='bbox 3353 5867 3609 5925; x_wconf 86' lang='lat' dir='ltr'>fallacem</span> 
     </span>
    </p>
   </div>
  </div>
