4032 6298
418 326 523 386 603

1316 330 1601 387 APPEND.
1642 330 1732 387 AD
1770 329 1933 387 SEC.
1966 331 2054 387 IX.
2085 359 2154 371 ——
2185 330 2431 387 lSlDORl
2466 328 2892 387 MERCATORIS

3683 326 3790 385 664

416 436 810 510 proferentem
842 438 1156 508 mendacia,
1184 442 1243 493 et
1268 438 1646 495 seminantem
1673 439 1824 495 inter
1848 441 2052 496 fratres
2073 449 2133 524 Α
2154 439 2505 512 provinciam
2533 439 2721 511 primo
2745 434 3108 494 discussionis
3152 434 3438 492 accusatio
3486 434 3609 491 sine
3648 422 3788 509 apo-

417 531 703 599 scandala,
729 534 903 604 atque
932 531 1110 603 litigia
1139 532 1315 603 (Prov.
1348 548 1421 601 vi,
1452 534 1536 603 t9)
1565 554 1594 584 ››
1622 533 1747 605 ipso
1778 539 2051 590 monente

420 628 591 696 atque
642 624 865 679 dicente
893 628 973 728 :\«
1017 626 1136 679 No'n
1178 624 1352 679 facies
1399 625 1744 681 calumniam
1788 627 2052 699 proximo

418 721 540 783 tuo,
573 733 676 771 nec
700 716 756 771 vi
782 716 1069 789 opprimes
1096 734 1254 787 eum,
1279 735 1395 773 non
1422 719 1591 774 facies
1613 720 1765 791 quod
1793 721 2052 793 iniquum

422 814 529 877 est,
557 826 663 864 nec
690 809 900 881 injuste
940 810 1245 883 judicabis,
1274 828 1389 866 non
1434 813 1816 869 considerabis
1859 830 2052 885 perso-

417 919 552 957 nam
586 902 872 974 pauperis,
894 920 996 959 nec
1012 904 1267 960 honores
1281 906 1499 960 vultum
1520 906 1790 978 potentis,
1800 907 2053 979 justeju-

419 995 541 1050 (lica
572 996 833 1067 proximo
868 999 965 1052 tuo
998 996 1187 1068 (Leuit.
1216 1014 1327 1065 xxx,
1360 1002 1426 1054 l8
1450 1003 1501 1054 et
1524 999 1677 1071 seq.),
1707 1020 1734 1050 »
1757 1003 1815 1055 et
1843 1023 1869 1049 «
1899 1001 2053 1072 quod

417 1088 521 1143 tibi
562 1106 678 1145 non
719 1090 803 1144 vis
853 1090 981 1146 ﬁeri
1022 1091 1185 1147 alteri
1231 1109 1303 1147 ne
1350 1093 1523 1148 facias
1567 1093 1719 1165 (Tob.
1772 1111 1846 1161 ix,
1881 1094 1988 1165 l6),
2021 1115 2050 1143 »

419 1188 476 1236 et
503 1182 745 1256 reliqua.
777 1185 844 1239 Et
865 1185 1116 1240 maxime
1142 1190 1503 1258 praeceptum
1528 1186 1810 1242 habentes
1835 1192 2054 1259 aposto-

416 1275 593 1330 licum
644 1277 939 1333 attendere
990 1294 1091 1332 nos
1131 1278 1286 1349 ipsos
1321 1284 1378 1334 et
1415 1279 1578 1351 gregi
1606 1302 1634 1329 ‹‹
1681 1279 1739 1334 in
1788 1296 1902 1351 quo
1951 1297 2054 1336 nos

419 1368 662 1438 Spiritus
690 1372 919 1425 sanctus
947 1371 1139 1443 posuit
1167 1371 1456 1444 episcopos
1497 1389 1699 1444 regere
1728 1373 1825 1428 Dei
1867 1374 2051 1431 Eccle-

420 1461 584 1531 siam,
602 1479 775 1534 quam
792 1463 1088 1536 acquisivit
1103 1480 1205 1535 per
1216 1465 1559 1536 sanguinem
1577 1482 1743 1521 suum
1756 1466 2055 1540 preprium

422 1556 562 1620 (Act.
595 1572 682 1626 xx,
715 1557 824 1628 28).
856 1579 883 1607 »
915 1557 1192 1613 Convenit
1217 1562 1274 1613 et
1298 1558 1510 1614 iterum
1545 1559 1838 1615 attendere
1864 1561 2049 1632 lupos,

419 1648 711 1705 attendere
739 1650 918 1706 malos
950 1650 1258 1723 operarios,
1286 1652 1386 1724 qui
1428 1669 1695 1724 perversa
1736 1652 1967 1720 faciunt,
1997 1656 2056 1709 et

418 1742 655 1798 adversa
681 1743 1018 1816 loquuntur,
1047 1748 1112 1799 ut
1140 1746 1442 1801 detrahere
1492 1762 1717 1818 semper
1762 1746 2053 1819 discipulis

2154 535 2345 588 stolica
2370 533 2773 605 praeceptione,
2803 533 2896 587 cui
2925 531 2985 585 in
3029 530 3299 586 omnibus
3335 530 3517 585 causis
3546 530 3793 586 debetur

2151 628 2468 683 reverentia
2512 626 2802 693 custodiri,
2835 624 3112 698 quoniam
3139 627 3197 679 et
3219 624 3457 695 antiqua
3489 624 3656 679 docet
3684 624 3792 679 hoc

2152 722 2383 776 Patrum
2408 720 2627 792 regula,
2658 720 2721 774 in
2749 736 2858 792 qua
2891 722 2949 774 et
2974 716 3294 790 imperialia
3337 717 3555 789 pariter
3577 720 3793 773 statuta

2154 814 2484 870 concinunt.
2506 812 2841 881 Criminum,
2857 811 3144 884 inquiunt,
3173 810 3444 865 discussio
3468 811 3543 866 ibi
3564 810 3790 882 agenda

2154 912 2237 963 est
2258 906 2356 962 ubi
2388 906 2603 961 crimen
2648 905 2958 961 admissum
3004 909 3107 961 est.
3139 904 3279 959 Nam
3309 903 3443 959 alibi
3479 904 3791 959 criminum

2152 1017 2283 1055 reus
2305 1000 2642 1072 prohibetur
2667 999 2870 1067 audiri,
2902 1003 2959 1055 et
2987 997 3119 1053 alibi
3146 997 3204 1053 in
3235 996 3545 1053 canonibus
3582 997 3789 1069 praeci-

2153 1095 2329 1166 pitur.
2355 1094 2719 1165 Quaecunque
2750 1092 2980 1164 negotia
3004 1092 3063 1147 in
3090 1091 3204 1146 suis
3227 1091 3366 1146 locis
3391 1090 3487 1145 ubi
3509 1094 3638 1146 orta
3655 1096 3791 1147 sunt

2151 1187 2403 1242 finienda
2432 1189 2582 1253 sunt,
2605 1192 2660 1241 et
2686 1185 2901 1257 reliqua
2925 1184 3065 1240 talia
3091 1190 3151 1240 et
3174 1184 3263 1240 his
3287 1183 3509 1251 similia,
3544 1184 3705 1239 salva
3730 1184 3790 1239 in

2153 1280 2421 1336 omnibus
2449 1279 2760 1352 apostolica
2792 1279 3143 1346 auctoritate,
3172 1283 3237 1334 ut
3260 1278 3406 1334 nihil
3429 1278 3489 1332 in
3530 1278 3620 1333 his
3645 1278 3789 1333 deli-

2154 1375 2388 1430 niantur
2438 1373 2766 1445 priusquam
2820 1373 2873 1427 ei
2935 1373 3153 1444 placere
3221 1377 3596 1443 cognoscatur
3656 1372 3791 1443 quia

2155 1484 2352 1523 omnes
2378 1468 2547 1522 fultos
2575 1483 2696 1522 esse
2725 1468 2970 1538 oportet,
3004 1471 3062 1521 et
3090 1466 3137 1521 si
3162 1466 3302 1537 quid
3334 1465 3416 1520 eis
3440 1482 3609 1536 grave
3637 1465 3789 1520 into-

2153 1561 2567 1632 lerandumque
2592 1559 2895 1624 accideret,
2914 1559 3033 1631 ejus
3053 1563 3137 1614 est
3163 1574 3395 1630 semper
3413 1558 3792 1630 eXSpectanda

2153 1671 2411 1710 censura.
2425 1655 2619 1726 Neque
2637 1652 2792 1709 enim
2810 1657 3069 1725 proterve
3084 1655 3185 1707 aut
3200 1651 3429 1707 stimulo
3442 1667 3561 1706 suae
3579 1652 3793 1724 cogita-

2152 1748 2320 1803 tionis
2336 1748 2612 1820 impulsus
2628 1746 2713 1821 (ut
2727 1763 2879 1819 saepe
2899 1749 3088 1801 actum
3115 1745 3465 1818 agnovimus)
3487 1745 3790 1800 detrahere

417 1836 662 1907 Domini,
698 1841 755 1891 et
779 1836 1055 1893 infamare
1081 1842 1365 1910 quaerant,
1392 1855 1536 1910 quos
1566 1840 1849 1910 corrigere
1874 1857 1971 1893 vos
1997 1845 2055 1895 et
2072 1821 2129 1894 Β
2151 1845 2252 1897 aut
2267 1857 2530 1896 accusare
2547 1842 2863 1913 praesumat
2880 1855 3227 1912 quemquam
3253 1839 3634 1907 sacerdotum,
3655 1838 3791 1910 quia

417 1946 616 1985 omnes
654 1930 879 1986 Domini
921 1932 1247 1987 sacerdotes
1296 1948 1525 1987 summo
1567 1932 1753 1988 studio
1804 1937 2049 2004 oportet,

415 2022 548 2093 quia
576 2024 737 2095 pejus
780 2026 996 2079 malum
1041 2042 1156 2080 non
1202 2029 1308 2093 est,
1340 2042 1511 2097 quam
1555 2028 1623 2079 ut
1663 2024 1811 2081 cives
1841 2026 2054 2081 civibus

415 2115 712 2172 invideant
745 2121 803 2171 et
844 2118 1162 2174 sacerdotes
1187 2120 1278 2174 vel
1322 2118 1510 2174 clerici
1558 2118 1940 2174 sacerdotibus
1964 2120 2051 2174 vel

415 2209 779 2279 pontificibus
839 2210 1199 2280 insidientur,
1256 2216 1497 2267 testante
1555 2212 1726 2267 etiam
1791 2212 2053 2267 Veritatis

415 2319 550 2357 voce
582 2320 596 2357 :
628 2322 655 2355 «
688 2304 794 2367 Qui
816 2320 915 2358 vos
953 2305 1159 2375 tangit,
1191 2305 1374 2376 tangit
1415 2304 1696 2378 pupillam
1746 2305 1891 2360 oculi
1936 2306 2052 2361 mei

417 2395 560 2466 (Zac.
589 2412 651 2465 ιι,
685 2396 760 2468 8).
789 2418 817 2448 ››
859 2398 927 2452 Et
972 2414 985 2453 :
1021 2418 1049 2448 «
1092 2398 1199 2463 Qui
1247 2398 1705 2454 scandalizaverit
1750 2416 1931 2454 unum
1979 2400 2049 2455 de

414 2489 634 2561 pusillis
657 2489 798 2557 istis,
826 2490 1034 2546 melius
1048 2496 1134 2546 est
1150 2494 1213 2546 ut
1229 2492 1608 2564 suspendatur
1632 2493 1784 2548 mola
1804 2493 2052 2548 asinaria

414 2582 475 2638 in
500 2583 711 2638 collum
737 2584 880 2656 ejus,
910 2587 967 2639 et
1009 2584 1382 2657 demergatur
1406 2586 1465 2640 in
1496 2586 1845 2657 profundum
1876 2586 2051 2641 maris

413 2675 627 2745 (Matth.
684 2694 840 2744 xvm,
887 2678 959 2747 6).
1003 2700 1032 2728 »
1084 2681 1153 2736 Et
1198 2679 1337 2735 item
1383 2695 1397 2734 :
1438 2701 1466 2729 «
1521 2681 1722 2734 Beatus
1772 2680 1871 2751 qui
1933 2697 2050 2734 non

412 2768 587 2825 fuerit
615 2771 1023 2827 scandalizatus
1048 2772 1110 2827 in
1140 2788 1232 2827 me
1265 2773 1409 2841 (Luc.
1439 2789 1537 2843 v11,
1570 2774 1681 2845 23).
1777 2773 1873 2827 Ille
1914 2790 2046 2845 pro-

414 2863 683 2918 culdubio
710 2865 1115 2920 scandalizatus
1146 2869 1233 2920 est
1261 2867 1319 2921 in
1347 2868 1545 2934 Deum,
1580 2866 1677 2938 qui
1722 2866 1845 2938 ejus
1883 2883 2046 2921 scan-

2152 1936 2361 2007 injuria
2393 1950 2590 1990 eorum
2615 1934 2687 1988 ad
2707 1932 2998 1989 Christum
3017 1933 3290 2005 pertinet,
3315 1933 3474 2004 cujus
3494 1932 3614 1987 vice
3635 1932 3795 2003 lega-

2151 2030 2302 2084 tione
2318 2046 2421 2101 pro
2435 2026 2875 2100 populo,Christi
2888 2027 3167 2099 sanguine
3184 2025 3602 2097 redempto,fun
3611 2026 3790 2097 gitur.

2118 2105 2360 2215 [Causas
2387 2122 2539 2177 enim
2568 2138 2788 2189 eorum,
2824 2121 2958 2193 quia
2981 2120 3077 2175 Dei
3105 2137 3290 2175 causae
3321 2124 3472 2187 sunt,
3497 2118 3619 2189 ejus
3641 2136 3788 2187 esse,
3852 2148 3857 2151 -

2116 2213 2123 2231 ⁵
2154 2214 2203 2288 1
2220 2214 2345 2290 63
2355 2215 2569 2287 judicio
2586 2214 2974 2282 reservandas,
2995 2214 3094 2286 qui
3114 2214 3259 2268 valet
3278 2229 3484 2284 corpus
3503 2213 3789 2280 occidere,

2153 2314 2211 2364 et
2229 2310 2483 2365 animam
2516 2309 2743 2365 mittere
2780 2309 2839 2363 in
2868 2308 3191 2379 gehennam
3223 2306 3438 2379 (Matth.
3463 2323 3516 2375 x,
3545 2308 3665 2378 28);
3686 2307 3793 2379 qui

2152 2403 2286 2458 dicit
2310 2421 2321 2458 :
2347 2402 2478 2458 Mihi
2503 2403 2836 2469 vindictam,
2856 2406 2914 2456 et
2936 2417 3041 2472 ego
3070 2400 3382 2455 retribuam
3412 2400 3570 2471 (Eph.
3592 2416 3648 2467 x,
3673 2402 3788 2471 30).

2149 2497 2313 2568 Apud
2342 2513 2515 2569 quem
2545 2495 2892 2552 conscientia
2922 2494 3076 2549 nuda
3114 2498 3219 2562 est,
3250 2494 3341 2549 cui
3389 2511 3504 2549 non
3547 2493 3790 2549 abscon-

2150 2591 2363 2645 duntur
2387 2590 2624 2645 occulta.
2671 2588 2987 2645 lnstruendi
3034 2588 3206 2644 etiam
3235 2604 3434 2643 omnes
3461 2590 3612 2656 sunt,
3640 2603 3791 2659 quo-

2149 2684 2303 2739 niam
2370 2700 2470 2756 per
2519 2701 2624 2739 nos
2680 2683 2790 2737 illis
2855 2682 3111 2737 Christus
3179 2682 3430 2737 intonuit
3488 2698 3607 2736 non
3663 2697 3789 2737 esse

2151 2776 2340 2832 ovium
2368 2777 2485 2849 lupi
2501 2777 2734 2832 insidias
2757 2776 3091 2849 praevidere,
3108 2775 3206 2830 sed
3228 2774 3465 2846 pastoris
3487 2774 3703 2845 (Joann.
3728 2791 3786 2843 x,

2154 2874 2238 2941 l2,
2270 2872 2373 2943 l3).
2411 2871 2595 2925 Monet
2638 2886 2776 2941 ergo
2818 2870 3026 2925 beatus
3073 2868 3363 2940 apostolus
3406 2867 3613 2923 Paulus
3645 2889 3675 2917 ‹‹
3713 2884 3789 2923 ne

414 2955 621 3011 dalizat
664 2956 992 3028 episc0pum
1037 2959 1125 3013 vel
1167 2960 1540 3026 sacerdotem,
1583 2962 1640 3014 et
1683 2960 1867 3014 multa
1916 2960 2050 3015 talia
2149 2965 2218 3019 de
2249 2965 2336 3019 his
2364 2968 2581 3019 temere
2612 2964 2919 3036 leviterque
2964 2967 3343 3035 praesumatur
3378 2960 3681 3033 judicium,
3715 2962 3788 3017 de

414 3065 542 3121 quae
567 3049 660 3104 hic
684 3066 802 3105 non
829 3050 1179 3122 inseruntur,
1212 3069 1284 3108 ne
1314 3052 1482 3107 nimis
1525 3052 1746 3124 prolixa
1770 3052 2050 3109 efficiatur
2150 3058 2352 3129 quibus
2382 3074 2556 3113 nemo
2582 3061 2768 3130 potest
2785 3058 2973 3112 verius
2993 3056 3080 3111 vel
3109 3056 3312 3111 melius
3331 3055 3588 3127 judicare
3607 3071 3787 3127 quam

415 3142 674 3213 epistola.
724 3144 1012 3200 Monentes
1057 3161 1286 3218 quoque
1328 3146 1612 3201 instruere
1658 3146 1879 3202 debetis
1922 3163 2044 3201 me-
2070 3190 2121 3224 Γ,
2150 3154 2295 3207 Deus
2324 3154 2367 3217 (ι
2401 3155 2517 3211 Cor.
2551 3168 2625 3221 iv,
2660 3151 2733 3223 5).
2778 3153 2880 3221 Tu,
2921 3151 3126 3224 inquit,
3175 3154 3365 3205 autem
3410 3165 3586 3221 quare
3623 3149 3787 3220 judi-

418 3190 674 3213 ηψπ--.
724 3190 1011 3200 --νην-..νυ
1059 3190 1286 3218 νων-ι
1329 3190 1612 3201 ..νη
1659 3190 1879 3202 ww."
1922 3190 2015 3201 ,μυ
2150 3190 2295 3207 ωηο
2325 3190 2362 3217 μ
2401 3190 2517 3211 υυι.
2552 3190 2625 3221 η,
2660 3190 2733 3223 υ).
2788 3190 2880 3221 ω,
2921 3190 3126 3224 ..μιιυη
3175 3190 3365 3205 ww...
3410 3190 3586 3221 κίμων
3623 3190 3753 3220 ,ιι-ι..

414 3239 665 3292 moratos
690 3236 898 3293 vicinos
923 3244 1160 3309 vestros,
1191 3244 1320 3294 uta
1345 3240 1555 3295 talibus
1585 3255 1643 3295 se
1689 3240 2045 3309 subtrahant,
2069 3190 2124 3266 Ο
2149 3264 2242 3299 cas
2283 3246 2522 3300 fratrem
2565 3249 2751 3314 tuum,
2801 3248 2899 3300 aut
2938 3261 3039 3299 cur
3083 3243 3304 3316 spernis
3349 3241 3525 3297 eum?
3572 3242 3789 3297 omnes

414 3332 472 3383 et
498 3345 625 3401 quin
654 3330 847 3387 illicite
872 3337 1073 3388 contra
1101 3333 1368 3405 prtefixos
1415 3333 1620 3389 fratres
1659 3338 1901 3404 egerunt
1938 3334 2047 3389 cito
2148 3339 2302 3394 enim
2333 3338 2607 3393 stabimus
2635 3342 2766 3393 ante
2810 3338 3081 3393 tribunal.
3124 3337 3405 3408 Scriptum
3454 3339 3539 3390 est
3581 3335 3738 3390 enim
3771 3353 3784 3390 :

411 3423 726 3494 corrigant,
756 3428 814 3479 et
837 3442 978 3498 quos
1004 3426 1171 3482 nobis
1210 3426 1541 3482 inconsultis
1572 3428 1842 3482 laeserunt
1882 3428 2047 3483 nobis
2149 3433 2281 3487 Vivo
2330 3448 2457 3503 ego,
2489 3432 2627 3487 dicit
2663 3432 2956 3487 Dominus.
3003 3430 3288 3495 Quoniam
3340 3428 3478 3483 mihi
3525 3428 3791 3483 flectetur

410 3516 740 3573 inconsultis
772 3520 943 3591 plena
971 3520 1354 3577 satisfactione
1386 3524 1589 3576 sanent
1614 3525 1671 3577 et
1694 3522 1805 3577 cito
1843 3538 2044 3577 recon-

410 3609 618 3683 cilient,
645 3612 693 3667 si
721 3613 1009 3670 noluerint
1034 3614 1361 3686 apostolicae
1409 3615 1560 3670 sedis
1603 3614 1888 3688 suscipere
1913 3631 2044 3671 cen-

409 3722 620 3761 suram.
652 3708 795 3761 Nam
821 3708 871 3762 si
904 3708 1044 3779 quid
1071 3709 1311 3764 fortasse
1358 3709 1417 3763 in
1454 3709 1535 3764 eis
1574 3711 1675 3764 aut
1718 3712 1915 3764 contra
1950 3727 2046 3764 eos

409 3803 741 3867 emerserat,
773 3805 1033 3856 nostrum
1076 3802 1262 3857 fuerat
1298 3802 1740 3873 exspectandum
1778 3819 2040 3871 examen,

406 3897 471 3946 ut
493 3897 684 3946 nostra
698 3893 782 3962 (ut
800 3909 1026 3964 semper
1039 3894 1170 3948 huic
1197 3894 1303 3949 fuit
1323 3894 1447 3949 sedi
1471 3911 1805 3950 concessum
1825 3896 2045 3967 privile-

409 3984 592 4057 gium)
608 3989 707 4039 aut
734 3986 1254 4041 condemnarentur
1280 3988 1639 4055 auctoritate,
1658 3992 1759 4043 aut
1784 3989 2044 4044 fulciren-

407 4084 503 4132 tur
527 4077 755 4133 auxilio.
790 4081 983 4151 Neque
1017 4081 1174 4135 enim
1221 4098 1323 4135 suo
1368 4098 1470 4152 pro
1512 4080 1677 4136 libitu
1722 4087 1914 4136 nostra
1940 4082 2041 4138 de-

2146 3543 2315 3581 omne
2347 3542 2517 3597 genu,
2548 3530 2607 3580 et
2646 3525 2832 3580 omnis
2867 3525 3064 3595 lingua
3110 3522 3473 3578 conﬁtebitur
3517 3522 3784 3589 Domino,

2146 3621 2334 3691 itaque
2355 3619 2746 3691 unusquisque
2772 3623 3033 3673 nostrum
3061 3634 3166 3690 per
3191 3635 3249 3672 se
3270 3615 3553 3671 rationem
3580 3615 3790 3670 reddet

2147 3714 2259 3768 Deo
2293 3714 2459 3781 (Rom.
2492 3729 2607 3782 xiv,
2642 3713 2745 3783 lO).
2796 3714 2856 3766 In
2897 3712 3005 3766 hoc
3046 3727 3185 3782 ergo
3214 3726 3336 3765 non
3366 3709 3472 3764 sibi
3498 3708 3786 3781 quispiam

2143 3807 2469 3861 temerarios
2486 3823 2656 3861 ausus
2677 3810 2927 3877 usurpet,
2945 3808 3008 3859 ut
3022 3810 3234 3877 praeter
3251 3803 3403 3875 quod
3422 3802 3786 3858 concordiam

2146 3901 2393 3971 pertinet
2418 3900 2570 3955 aliud
2599 3906 2734 3971 agat
2760 3899 2913 3955 unde
2944 3899 3134 3953 unitas
3164 3897 3422 3953 Ecclesiae
3444 3896 3523 3951 sic
3550 3895 3789 3968 dissipe-

2142 4000 2254 4049 tur.
2270 3995 2393 4048 Non
2420 4010 2557 4064 ergo
2580 3994 2777 4049 leviter
2791 3993 3091 4065 quisquam
3118 3991 3386 4047 assentiat
3403 3990 3464 4045 in
3484 3990 3788 4046 detractio-

2143 4099 2234 4149 ne,
2257 4082 2345 4136 vel
2363 4081 2731 4153 judicatione,
2753 4083 2839 4137 vel
2862 4082 3231 4137 damnatione
3250 4080 3493 4136 fratrum
3510 4080 3787 4134 maxime-

407 4170 653 4227 buerant
688 4171 822 4243 jura
874 4173 1188 4245 pervadere
1239 4174 1457 4246 absque
1511 4175 1834 4246 apostolicae
1893 4176 2042 4231 sedis
2140 4176 2629 4247 quesacerdotum
2648 4175 3141 4247 quiproximiores
3161 4175 3521 4241 suntDeo,et
3542 4173 3788 4244 quipro-

409 4264 773 4337 dispositione
801 4267 1129 4324 mandante.
1163 4272 1204 4324 A
1230 4268 1435 4322 talibus
1465 4268 1732 4337 deinceps
1761 4285 1961 4325 omnes
1982 4287 2040 4326 se
2138 4270 2263 4340 prio
2291 4286 2391 4324 ore
2417 4285 2620 4341 corpus
2648 4269 2854 4323 Christi
2880 4268 3205 4335 conﬁciunt,
3228 4268 3363 4340 quia
3388 4268 3460 4323 ob
3486 4267 3595 4321 hoc
3624 4265 3787 4322 venit

407 4357 731 4415 abstineant
773 4361 1096 4417 sacerdotes
1124 4362 1223 4433 qui
1270 4362 1559 4417 noluerint
1601 4363 1671 4417 ab
1714 4363 2039 4435 apostolica:
2138 4362 2221 4417 ira
2242 4364 2342 4419 Dei
2361 4363 2419 4418 in
2448 4363 2595 4417 filios
2622 4362 2958 4417 difﬁdentia:
2980 4362 3142 4433 (Eph.
3164 4378 3219 4431 v,
3238 4365 3290 4433 6)
3319 4382 3346 4411 »
3372 4360 3470 4433 qui
3490 4359 3783 4415 Christum

407 4456 599 4523 petras,
652 4470 824 4526 super
875 4472 1050 4527 quam
1103 4454 1357 4511 Christus
1400 4455 1480 4526 (ut
1533 4456 1873 4527 praedictum
1932 4460 2034 4529 est)

2146 4460 2572 4528 persequuntur
2624 4456 2680 4511 in
2737 4455 2852 4510 suis
2896 4456 3188 4511 membris.
3234 4477 3262 4506 (ί
3316 4454 3514 4521 Nolite,
3557 4453 3781 4519 fratres,

406 4546 781 4603 universalem
812 4548 1129 4603 construxit
1154 4548 1481 4618 Ecclesiam,
1513 4549 1603 4604 cui
1642 4549 2037 4622 episcoporum
2058 4562 2117 4634 D
2139 4550 2316 4605 nolite
2340 4550 2489 4605 efﬁci
2514 4550 2814 4622 participes
2842 4566 3039 4604 eorum
3069 4549 3225 4619 (Ibid.
3251 4551 3324 4619 7),
3393 4564 3496 4602 nec
3516 4562 3782 4602 commu-

406 4657 631 4696 summa
667 4641 880 4713 judicia
927 4646 1096 4714 atque
1136 4641 1419 4714 majorum
1467 4658 1673 4711 causae,
1702 4643 1845 4698 sicut
1874 4644 2039 4715 paulo

408 4735 667 4806 superius
697 4739 1089 4791 memoratum
1117 4739 1222 4804 est,
1256 4740 1559 4791 reservatus
1586 4741 1717 4791 sunt
1742 4742 1914 4809 atque
1935 4737 2039 4792 soli

407 4829 572 4896 datae,
600 4845 839 4884 censura
860 4846 895 4884 a
919 4828 1253 4884 sacerdotali
1280 4829 1496 4884 honore
1524 4829 1756 4885 secludi.
1789 4830 2039 4885 Induciae

405 4921 562 4977 enim
587 4922 862 4976 accusatis
906 4922 966 4976 in
1010 4921 1403 4977 criminalibus
1441 4922 1718 4994 episcopis
1744 4940 1839 4977 sex
1871 4940 2035 4979 men-

403 5015 572 5084 sium,
599 5015 684 5070 vel
716 5031 783 5068 eo
809 5014 1052 5086 amplius
1079 5015 1127 5069 si
1179 5032 1407 5071 necesse
1450 5016 1624 5071 fuerit
1661 5017 2039 5073 concedenda:

404 5111 557 5177 sunt,
589 5106 858 5180 quoniam
890 5110 948 5163 et
974 5108 1127 5165 laicis
1150 5110 1261 5165 hoc
1288 5111 1630 5181 permissum
1655 5110 1844 5165 nullus
1869 5128 2039 5167 saecu-

405 5201 618 5256 laribus
664 5200 918 5257 imbutus
963 5202 1271 5276 disciplinis
1312 5204 1561 5275 ignorat,
1594 5207 1810 5276 quanto
1856 5205 2038 5276 magis

403 5294 788 5350 sacerdotibus
807 5295 902 5367 qui
929 5298 1249 5369 superiores
1275 5314 1393 5354 esse
1418 5298 1498 5354 eis
1524 5314 1638 5353 non
1667 5296 2037 5354 dubitantur?

474 5388 723 5444 Habctur
760 5405 988 5461 quoque
1031 5389 1091 5445 in
1141 5392 1383 5447 decretis
1429 5396 1759 5447 sanctorum
1804 5394 2035 5448 Patrum

400 5483 682 5539 sancitum
708 5498 823 5537 non
854 5482 976 5537 fore
1021 5485 1357 5540 canonicum
1391 5503 1740 5559 quemquam
1769 5487 2032 5541 sacerdo-

399 5582 522 5632 tum
553 5576 817 5651 judicare
862 5576 950 5632 vel
998 5577 1277 5633 damnare
1329 5584 1639 5651 antequam
1689 5585 2035 5635 accusatores

402 5671 676 5747 capndnice
724 5671 1071 5727 examinatos
1117 5676 1425 5743 praesentes
1469 5673 1698 5742 habeat,
1728 5673 2032 5745 locumque

401 5749 744 5821 defendendi
782 5765 1043 5838 accipiat,
1086 5765 1141 5821 id
1190 5771 1276 5821 est
1330 5765 1586 5821 inducias
1633 5767 2035 5822 ecclesiasticas

404 5855 472 5913 ad
499 5856 781 5915 abluenda
820 5859 1083 5932 crimina,
1111 5859 1361 5959 etesfiec
1405 5862 1563 5917 extra
1609 5860 1897 5936 propriam
1937 5860 2036 5917 ﬁat

2141 4643 2340 4698 nicetis
2369 4643 2611 4715 peccatis
2640 4643 2862 4709 talium,
2893 4646 2993 4697 aut
3017 4641 3387 4698 infructuosis
3429 4642 3617 4696 verbis
3654 4642 3783 4697 illo-

2140 4754 2288 4793 rum.
2335 4737 2506 4809 Magis
2559 4739 2755 4792 autem
2809 4737 3136 4808 redarguite
3184 4735 3387 4791 talium
3445 4738 3640 4802 coetus,
3683 4737 3782 4808 qui

2139 4830 2451 4886 extendere
2473 4831 2808 4899 moliuntur,
2834 4830 2996 4902 quasi
3018 4846 3212 4884 arcum
3229 4829 3289 4885 in
3308 4830 3507 4884 fratres
3526 4829 3780 4901 linguas;

2140 4924 2425 4979 defendite
2457 4941 2617 4996 ergo,
2652 4925 2872 4991 fratres,
2902 4928 2958 4979 et
2988 4940 3191 4979 omnes
3218 4927 3441 4978 monete
3464 4927 3525 4977 ut
3549 4938 3782 4977 armen-

2137 5024 2232 5072 tur
2246 5023 2439 5073 contra
2463 5019 2699 5072 fratrum
2725 5022 3133 5088 persecutores.
3156 5039 3184 5067 «
3211 5016 3563 5074 Conﬁdimus
3577 5019 3779 5071 autem

2138 5112 2206 5167 de
2234 5111 2391 5165 vobis
2442 5112 2683 5166 meliora
2730 5117 2786 5166 et
2828 5111 3105 5165 viciniora
3154 5111 3326 5166 saluti
3354 5110 3500 5181 (Heb.
3528 5126 3603 5177 v1,
3634 5108 3712 5182 9),
3745 5133 3775 5161 ››

2137 5205 2271 5276 quia
2301 5228 2327 5254 ‹‹
2360 5220 2543 5277 neque
2572 5221 2742 5274 mors,
2770 5221 2951 5277 neque
2974 5205 3113 5275 vita,
3146 5221 3331 5276 neque
3356 5203 3563 5275 angeli,
3588 5219 3779 5276 neque

2138 5299 2509 5371 principatus,
2543 5315 2732 5371 neque
2777 5298 3066 5365 instantia,
3117 5315 3302 5370 neque
3341 5298 3551 5367 futura,
3589 5313 3781 5370 neque

2136 5393 2430 5460 fortitudo,
2462 5409 2647 5464 neque
2674 5392 2933 5460 altitudo,
2968 5408 3154 5464 neque
3193 5391 3561 5464 profundum,
3588 5407 3781 5464 neque

2135 5489 2394 5540 creatura
2424 5486 2556 5541 alia.
2575 5485 2838 5557 Magistro
2866 5486 3122 5557 gentium
3153 5486 3407 5553 docente,
3432 5485 3645 5555 poterit
3673 5502 3797 5540 nos-

2136 5596 2397 5650 separare
2450 5596 2483 5633 a
2535 5579 2807 5634 charitate
2872 5580 3100 5636 Domini
3146 5578 3326 5635 nostri
3377 5580 3505 5633 Jesu
3556 5578 3773 5634 Christi

2137 5673 2303 5741 (Rom.
2336 5688 2451 5741 Vlll,
2482 5675 2569 5740 38,
2598 5674 2706 5743 39),
2742 5693 2771 5722 »
2815 5690 2946 5744 qum
2993 5673 3243 5728 maxime
3286 5674 3345 5727 in
3379 5671 3781 5727 sacerdotibus

2137 5772 2193 5821 et
2227 5766 2462 5837 reliquis
2510 5765 2799 5837 perficitur
2836 5766 3113 5822 membris
3159 5767 3305 5839 ejus.
3352 5765 3535 5822 Nolite
3584 5764 3779 5837 itaque

2135 5860 2396 5916 amittere
2430 5860 2838 5918 conﬁdentiam
2860 5863 3131 5931 vestram,
3150 5878 3281 5935 quas
3308 5875 3575 5937 magnam
3603 5858 3781 5920 habet
