4032 6312
241 346 344 409 663

1483 339 1955 410 DECRETALIUM
1995 343 2380 411 COLLECTIO.

3513 359 3614 415 666

239 462 791 517 remunerationem.
819 458 960 514 Ecce
985 460 1142 513 enim
1165 462 1346 531 judex
1372 467 1504 517 ante
1521 463 1768 533 januam
1789 480 1875 516 as-
1900 476 1960 548 Α
1978 479 2039 531 ιι,
2071 468 2101 519 5
2130 468 2181 518 et
2210 467 2280 533 6).
2300 485 2327 512 η
2359 465 2426 519 Et
2450 464 2587 518 alibi
2615 464 2892 534 scriptum
2925 468 3011 518 est
3034 481 3048 518 :
3076 486 3103 514 α
3119 464 3237 535 Ego
3275 481 3401 519 sum
3430 467 3617 522 Domi-

241 554 408 624 sistit,
449 571 688 610 coronas
736 553 994 608 hilariter
1039 553 1377 624 promittens
1422 556 1512 610 his
1547 557 1643 627 qui
1675 574 1777 628 pro
1813 575 1880 612 eo
1983 574 2089 611 nus
2115 559 2262 612 Deus
2282 563 2482 613 vester.
2509 559 2633 612 Non
2664 557 2878 613 facietis
2905 557 3290 630 iniquitatem,
3317 581 3346 609 »
3371 580 3396 610 ‹‹
3424 561 3626 631 lnjudi—

238 649 511 703 fratribus
558 648 836 703 auxilium
875 649 1070 703 ferunt
1093 653 1149 702 et
1191 650 1473 720 oppressis
1522 656 1878 718 succurrunt,

239 747 412 814 atque
446 742 504 796 in
550 741 826 797 charitate
873 703 1429 890 collaborantfiQuod
1467 745 1513 798 si
1540 703 1883 799 subtraxerit

242 851 302 889 se
326 835 473 890 auis.
505 852 620 889 non
640 835 885 890 placebit
913 836 1052 890 Deo.
1086 837 1187 890 sed
1213 853 1241 890 c
1282 837 1381 890 dit.
1406 837 1540 890 auia
1561 855 1677 890 non
1703 838 1883 890 suble-

242 851 302 889 se
326 835 473 906 quis,
505 852 620 889 non
640 835 885 906 placebit
913 836 1052 904 Deo,
1086 837 1187 890 sed
1213 835 1381 906 cedit,
1406 837 1540 909 quia
1561 855 1677 892 non
1703 838 1883 892 suble-

240 928 390 982 vavit
436 929 755 996 cadentem,
809 930 908 984 sed
966 930 1265 986 emarcuit.
1316 933 1438 987 Non
1480 937 1670 987 autem
1707 931 1882 986 simus

241 1021 646 1077 subtractionis
671 1023 730 1076 in
762 1023 1213 1094 oppressionem,
1241 1024 1337 1079 sed
1358 1024 1691 1079 adminiculi
1711 1024 1768 1079 in
1793 1041 1882 1078 ac-

241 1115 614 1188 quisitionem
636 1119 694 1171 et
720 1117 1178 1188 supplementum
1195 1118 1712 1190 fratrum.Propter
1726 1119 1880 1190 quod

249 1230 278 1258 ‹‹
305 1210 576 1265 assumite
587 1215 938 1265 armaturam
957 1211 1073 1282 Dei,
1088 1217 1150 1266 ut
1169 1212 1390 1282 possitis
1409 1211 1672 1268 resistere
1703 1211 1880 1266 omni-

243 1303 351 1357 bus
395 1304 586 1358 taliter
631 1305 1130 1375 praasumentibus,
1176 1309 1233 1361 et
1260 1305 1478 1361 induite
1522 1323 1618 1360 vos
1651 1306 1882 1360 loricam

232 1396 561 1467 justitim,et
575 1397 804 1453 calceati
824 1398 997 1468 pedes
1011 1399 1069 1453 in
1090 1401 1574 1470 praeparationem
1589 1399 1882 1470 Evangelii

240 1489 417 1560 pacis,
463 1491 523 1545 in
558 1491 822 1546 omnibus
860 1497 1149 1548 sumentes
1194 1495 1418 1548 scutum
1464 1493 1613 1564 ﬁdei,
1659 1493 1720 1547 in
1748 1509 1881 1564 quo

242 1583 472 1654 possitis
517 1585 711 1640 omnia
753 1587 864 1641 tela
908 1585 1239 1658 nequissimi
1284 1588 1456 1659 ignea
1500 1587 1879 1658 exstinguere,

243 1681 302 1733 et
330 1679 556 1748 galeam
573 1678 764 1734 salutis
791 1680 1081 1748 assumite,
1105 1685 1163 1736 et
1178 1681 1428 1752 gladium
1458 1681 1709 1752 spiritus,
1732 1682 1882 1753 quod

244 1775 330 1826 est
367 1772 606 1828 verbum
647 1773 764 1842 Dei,
808 1791 910 1845 per
937 1791 1174 1829 omnem
1198 1775 1512 1830 orationem
1542 1780 1599 1830 et
1624 1776 1880 1830 obsecra-

1983 651 2067 705 cio
2085 667 2199 705 non
2220 651 2458 722 accipies
2469 668 2778 724 personam
2797 652 3048 707 hominis
3065 653 3278 724 (Matth.
3303 669 3433 722 xxn,
3465 656 3569 725 16),
3593 676 3620 705 ››

1985 746 2235 815 «Neque
2265 745 2488 799 mireris
2518 746 2738 801 vultum
2776 746 3244 820 potentisteez't.
3286 764 3400 817 xxx,
3448 748 3556 820 l3),
3595 770 3621 798 ››

1981 839 2065 892 ΑΙ)
2105 839 2262 893 omni
2303 839 2497 911 iniquo
2543 840 2716 894 verbo
2763 810 3096 988 recedesﬂct
3143 844 3518 896 lnnocentem
3569 848 3624 897 et

1981 932 2197 988 iustum
2226 949 2343 987 non
2365 934 2738 988 onnuanabis.
2773 935 2992 988 neouei
3068 935 3285 988 erticies
3317 935 3479 988 (Dan.
3502 953 3619 988 xm.

1975 932 2197 1002 justum
2226 949 2343 987 non
2365 934 2738 1004 Oppugnabis,
2773 951 2958 1006 neque
2979 932 3285 990 ihterticies
3317 935 3479 1007 (Dan.
3502 953 3619 1005 xm,

1982 1026 2142 1096 53).»
2176 1027 2272 1080 llle
2312 1028 2510 1097 procul
2546 1026 2719 1082 dubio
2744 1027 2881 1082 facit
2916 1028 3277 1100 iniquitatem
3308 1029 3368 1083 in
3401 1029 3620 1100 judicio

1982 1135 2108 1190 qua:
2135 1136 2202 1174 ea
2221 1120 2328 1173 sibi
2359 1119 2606 1176 vindicat
2629 1137 2754 1192 quae
2783 1121 2835 1175 ei
2860 1121 3144 1178 vindicare
3172 1139 3289 1176 non
3315 1122 3468 1178 licet.
3491 1124 3618 1178 Ideo

1983 1229 2112 1283 quas
2139 1213 2271 1268 huic
2292 1219 2497 1268 sancta:
2524 1213 2645 1268 sedi
2672 1231 2939 1269 concessa
2967 1221 3116 1284 sunt,
3137 1216 3325 1271 nullus
3344 1233 3619 1288 usurpare

1982 1307 2102 1361 sine
2154 1308 2276 1378 ejus
2322 1308 2583 1363 consultu
2629 1312 2954 1380 praesumat,
2984 1309 3082 1381 qui
3107 1326 3224 1364 non
3259 1311 3377 1364 vult
3399 1311 3618 1366 honore

1983 1400 2358 1456 ecclesiastico
2388 1401 2657 1472 indignus
2686 1405 2752 1456 ut
2771 1406 3127 1474 contemptor
3138 1403 3402 1475 judicari.
3425 1407 3618 1475 Itaque

1984 1494 2210 1560 oportet
2238 1490 2595 1561 negligentes
2639 1492 2993 1562 propulsare,
3025 1492 3124 1548 sed
3151 1492 3231 1548 ita
3269 1497 3331 1547 ut
3354 1498 3620 1550 nocentes

1981 1600 2096 1638 non
2122 1584 2477 1651 roborentur,
2502 1589 2559 1639 et
2583 1583 2764 1639 bonos
2782 1584 3055 1656 improbis
3075 1589 3174 1640 aut
3195 1585 3620 1642 insidiatoribus

1982 1677 2226 1731 fratrum
2253 1677 2534 1746 resistere,
2581 1693 2654 1732 ne
2679 1681 2910 1749 torpore
2942 1678 3172 1734 desidia:
3201 1679 3453 1751 oppressi
3483 1682 3618 1736 taci-

1982 1769 2268 1825 turnitatis
2293 1773 2602 1825 teneantur
2634 1770 2882 1826 obnoxii.
2917 1773 3112 1843 Itaque
3156 1772 3254 1843 qui
3295 1775 3485 1844 potest
3520 1774 3618 1828 ob-

242 1864 461 1920 tionem
514 1867 668 1937 (Eph.
719 1883 792 1935 v1,
834 1871 896 1922 l3
927 1872 978 1923 et
1013 1869 1146 1940 seq.)
1179 1889 1206 1918 »
1245 1891 1273 1918 «
1300 1869 1535 1924 radicati
1572 1873 1629 1924 et
1663 1849 1959 1924 fundatiB
1982 1863 2135 1917 viare
2167 1867 2226 1918 et
2265 1864 2603 1935 perturbare
2653 1880 2970 1935 perversos,
3022 1870 3079 1920 et
3123 1882 3240 1921 non
3278 1865 3434 1936 facit,
3481 1866 3623 1922 nihil

244 1959 406 2029 (Eph.
446 1977 528 2028 ιιι,
566 1964 669 2029 17),
702 1981 730 2009 ››
781 1965 843 2015 ut
884 1961 1130 2033 idipsum
1174 1962 1370 2017 dicatis
1418 1979 1637 2032 onmes,
1669 1968 1726 2018 et
1766 1980 1882 2018 non

241 2051 359 2107 sint
387 2052 447 2106 in
488 2053 644 2108 vobis
689 2053 983 2123 chismata,
1024 2055 1341 2110 dividentes
1368 2073 1570 2128 corpus
1599 2057 1878 2124 Ecclesiae,

241 2145 460 2201 bonum
503 2152 560 2202 et
600 2147 888 2219 integrum
926 2150 987 2203 in
1031 2152 1312 2204 tortuosas
1355 2149 1656 2205 novitates.
1697 2151 1883 2205 Monet

243 2256 381 2312 ergo
399 2240 697 2312 Apostolus
727 2258 844 2296 non
873 2243 1118 2314 amplius
1146 2259 1250 2298 nos
1277 2243 1522 2298 invicem
1542 2247 1762 2298 temere
1783 2244 1877 2315 ju-

245 2333 430 2388 dicare
453 2333 619 2405 (Rom.
653 2351 761 2403 xnv,
794 2335 900 2406 l3).
936 2357 964 2384 »
991 2337 1231 2392 Temere
1251 2337 1402 2392 enim
1427 2337 1668 2408 judicat,
1689 2337 1738 2391 si
1755 2337 1882 2409 quis

243 2426 579 2498 episcopum
603 2427 815 2500 absque
847 2429 990 2484 sedis
1016 2431 1342 2502 apostolicae
1375 2431 1712 2487 auctoritate
1742 2448 1877 2486 con-

243 2521 499 2588 demnat,
529 2539 659 2576 cum
699 2523 772 2590 ei,
803 2525 864 2576 ut
889 2525 1058 2595 paulo
1084 2525 1342 2596 superius
1383 2525 1742 2596 prmlibatum
1773 2529 1878 2596 est,

243 2614 348 2669 hoc
369 2615 694 2686 specialiter
713 2616 1072 2688 privilegium
1088 2624 1437 2675 reservatum
1458 2619 1547 2675 sit.
1590 2641 1617 2669 «
1640 2620 1751 2674 Sed
1775 2619 1881 2674 hoc

235 2709 491 2780 judicate
538 2710 744 2781 magis,
805 2711 1012 2783 inquit,
1072 2729 1144 2767 ne
1191 2712 1416 2784 ponatis
1474 2713 1883 2768 offendiculum

241 2803 407 2858 fratri
435 2804 523 2858 vel
552 2806 879 2860 scandalum
909 2805 1096 2878 (Ibid.,
1133 2807 1240 2875 14).
1272 2829 1300 2856 ››
1334 2809 1598 2862 Patenter
1620 2808 1776 2862 enim
1794 2807 1882 2862 his

244 2900 302 2952 et
327 2897 455 2952 aliis
472 2898 984 2955 innumerabilibus
1006 2900 1368 2956 decretorum
1397 2902 1734 2957 testimoniis
1755 2919 1879 2957 om-

247 2991 411 3047 nibus
451 2992 818 3048 manifestum
857 2997 940 3050 est
969 3011 1084 3049 non
1115 2995 1320 3050 debere
1351 2995 1680 3067 episcopum
1729 2996 1884 3051 dam-

241 3086 388 3156 nari,
420 3086 557 3142 licet
585 3088 706 3158 ejus
734 3091 1122 3159 perscrutetur
1155 3089 1369 3160 opinio,
1403 3090 1580 3145 donec
1603 3089 1884 3161 judicium

245 3180 312 3236 dc
338 3197 439 3235 ore
478 3185 687 3236 nostrae
721 3182 1039 3253 apostolicae
1066 3184 1434 3254 auctoritatis,
1479 3185 1585 3238 hoc
1613 3189 1698 3239 est
1721 3183 1881 3239 Prin-

245 3274 383 3346 cipis
413 3275 806 3346 apostolorum
833 3281 1224 3348 cognoscatur,
1258 3281 1454 3348 utpote
1495 3279 1769 3350 quoniam
1795 3295 1882 3332 so-

242 3369 329 3423 lus
371 3372 431 3423 et
463 3385 581 3440 pra).
625 3369 889 3425 omnibus
931 3371 1179 3426 creditus
1225 3375 1330 3440 est,
1377 3378 1546 3442 atque
1591 3372 1886 3444 percipere

244 3462 461 3518 meruit
487 3480 522 3518 a
551 3479 686 3535 rege
711 3480 916 3535 regum
945 3465 1167 3520 Christo
1202 3467 1313 3519 Deo
1353 3466 1538 3520 claves
1579 3467 1746 3536 regni
1765 3469 1882 3535 poe-

243 3559 435 3613 lorum
465 3557 536 3612 ad
565 3557 938 3628 aperiendum
965 3558 1226 3613 fidelibus
1249 3563 1304 3613 et
1331 3559 1617 3614 benevolis
1648 3559 1888 3613 homini-

243 3650 348 3706 bus
373 3651 434 3705 in
475 3651 748 3705 eumdem
777 3651 1080 3706 Dominum
1111 3655 1393 3719 nostrum,
1423 3657 1480 3708 et
1508 3651 1889 3708 claudendum

245 3744 573 3799 inﬁdelibus
605 3749 662 3799 et
687 3746 977 3800 malevolis
1024 3749 1193 3818 atque
1236 3747 1350 3800 suis
1383 3746 1788 3814 sacerdotibus,
1833 3752 1890 3801 et

246 3842 455 3893 sanctae
471 3839 732 3894 Ecclesiae
753 3856 853 3893 suo
873 3840 1123 3911 pretioso
1144 3841 1422 3911 sanguine
1447 3840 1761 3911 redemptae
1777 3840 1885 3894 im-

247 3932 669 4004 pugnatoribus
700 3933 813 3987 sive
851 3934 1204 3988 nocentibus.
1257 3935 1420 3998 Quod
1455 3934 1650 4006 utique
1691 3940 1747 3990 et
1787 3951 1890 3988 nos

246 4026 434 4081 facere
459 4026 764 4098 postulavit
800 4045 916 4082 non
944 4028 1096 4100 quod
1127 4028 1257 4082 novi
1282 4028 1500 4099 aliquid
1528 4045 1683 4084 nunc
1710 4029 1912 4101 impe—‘

247 4121 688 4189 ratur,sedillud
700 4121 854 4193 quod
866 4138 970 4192 per
982 4121 1259 4177 desidiam
1274 4122 1595 4193 aliquorum
1607 4127 1704 4178 aut
1715 4122 1891 4177 scien-

250 4219 337 4271 ter
348 4217 825 4288 autnegligenter
837 4217 1257 4288 transgreditur
1269 4218 1538 4289 deinceps
1560 4219 1891 4274 observetur

249 4311 318 4365 ab
344 4311 633 4377 omnibus,
661 4315 724 4365 ut
752 4312 849 4366 illa
866 4329 1094 4383 semper
1117 4329 1245 4384 quae
1259 4312 1568 4384 apostolica
1581 4317 1637 4368 et
1655 4315 1888 4368 Patrum

252 4405 559 4460 traditione
610 4406 915 4460 constituta
957 4411 1089 4461 sunt
1134 4406 1238 4460 sub
1295 4413 1451 4463 metu
1509 4406 1886 4477 irrefragabili

253 4499 594 4553 auctoritate
625 4503 949 4555 teneantur.
982 4499 1266 4571 Scriptum
1309 4518 1557 4572 namque
1595 4505 1678 4556 est
1707 4501 1767 4555 in
1800 4519 1884 4557 se-

1906 3225 1961 3300 C

1981 1957 2136 2011 aliud
2150 1962 2417 2028 estquam
2429 1959 2618 2013 favere
2633 1975 2832 2013 eorum
2843 1959 3142 2030 impietati.
3172 1961 3282 2014 Nec
3302 1960 3456 2016 enim
3468 1967 3626 2017 caret

1981 2051 2246 2122 scrupulo
2291 2051 2569 2107 societatis
2611 2053 2844 2108 occulta:
2871 2053 2969 2124 qui
3025 2053 3332 2109 manifesto
3380 2055 3623 2111 facinori

1981 2145 2189 2200 desinit
2216 2145 2467 2201 obviare.
2490 2145 2621 2201 Sitis
2641 2151 2834 2202 autem
2864 2148 3106 2218 perfecti
3129 2153 3184 2203 et
3212 2149 3423 2221 integri
3448 2150 3509 2204 in
3527 2167 3618 2204 eo-

1982 2238 2114 2292 dem
2148 2255 2334 2306 sensu,
2366 2244 2422 2293 et
2446 2239 2504 2293 in
2533 2241 2732 2294 eadem
2759 2240 2989 2296 scientia
3015 2241 3248 2310 firmati,
3275 2246 3342 2297 ut
3366 2260 3469 2315 per
3494 2259 3621 2298 eam

1979 2332 2095 2386 vias
2133 2337 2348 2387 vestras
2376 2333 2688 2405 dirigentes
2712 2333 2773 2389 in
2798 2335 3068 2390 eumdem
3094 2335 3482 2392 inﬂexibiliter
3499 2354 3618 2393 om-

1983 2426 2147 2480 nibus
2173 2426 2480 2480 occurratis
2509 2427 2812 2499 oppressis,
2837 2429 2971 2500 quia
2991 2429 3150 2484 vobis
3174 2431 3424 2486 creditur
3441 2430 3622 2486 Domi-

1981 2536 2107 2588 nus,
2139 2520 2210 2574 ad
2237 2537 2410 2592 quem
2438 2520 2768 2577 accedentes
2793 2521 3043 2590 lapidem
3064 2523 3252 2578 vivum
3279 2524 3349 2578 ab
3373 2525 3618 2578 hominis

1980 2613 2084 2668 bus
2111 2613 2343 2685 quidem
2369 2614 2757 2685 reprobatum,
2788 2617 2846 2669 et
2875 2621 3110 2687 prepter
3127 2617 3327 2672 talium
3357 2618 3618 2689 impieta-

1981 2710 2119 2775 tem,
2148 2725 2180 2760 a
2211 2709 2321 2762 Deo
2350 2711 2544 2762 autem
2570 2709 2836 2779 electum,
2870 2715 2926 2764 et
2952 2709 3410 2779 honoriticatum,
3451 2728 3623 2784 super

1982 2818 2155 2872 quem
2198 2820 2226 2854 «
2257 2818 2355 2856 vos
2400 2807 2677 2873 tanquam
2722 2803 2935 2873 lapides
2983 2803 3094 2858 vivi
3145 2805 3508 2860 aadiﬁcamini
3562 2807 3622 2861 in

1985 2894 2221 2950 domum
2248 2895 2622 2966 spiritualem,
2668 2896 2726 2951 in
2751 2897 3131 2952 sacerdotium
3166 2904 3441 2968 sanctum,
3472 2901 3618 2968 effc-

1982 2992 2174 3043 rentes
2216 2989 2534 3060 spirituales
2570 2990 2788 3045 hostias
2828 2990 2937 3062 ipsi
2964 2991 3022 3045 in
3074 2993 3308 3048 odorem
3341 2994 3627 3050 suavitatis

1984 3083 2058 3152 (II
2082 3085 2227 3138 Pet-r.
2257 3099 2316 3150 ιι,
2357 3083 2431 3153 5).
2477 3103 2504 3132 ››
2537 3083 2769 3138 Gratum
2795 3085 2948 3139 enim
2973 3085 3282 3141 admodum
3314 3091 3401 3142 est
3419 3088 3627 3142 sacriﬁ-

1985 3175 2138 3230 cium
2171 3176 2407 3231 Domino
2432 3177 2712 3248 oppressis
2742 3178 3058 3247 subvenire,
3087 3184 3298 3252 quanto
3345 3181 3529 3252 magis
3555 3183 3625 3236 de

1988 3270 2193 3341 quibus
2237 3269 2348 3325 ait:
2393 3270 2497 3335 Qui
2535 3287 2630 3324 vos
2678 3271 2855 3339 audit,
2900 3289 2991 3326 me
3033 3274 3227 3329 audit:
3276 3277 3334 3328 et
3379 3275 3479 3346 qui
3530 3293 3625 3329 vos

1986 3364 2202 3434 spernit
2225 3380 2318 3418 me
2361 3364 2594 3435 spernit,
2625 3367 2732 3420 etc.
2776 3367 2920 3435 (Luc.
2963 3383 3018 3435 x,
3057 3368 3162 3438 l6).
3193 3367 3353 3422 Libat
3384 3369 3618 3439 quidem

1987 3457 2232 3512 Domino
2262 3473 2554 3529 prospera,
2585 3458 2684 3529 qui
2716 3459 2786 3513 ab
2821 3458 3044 3514 afﬂictis
3073 3465 3129 3515 et
3162 3463 3440 3532 oppressis
3467 3464 3628 3533 pellit

1988 3550 2239 3619 adversa.
2277 3551 2388 3606 Sed
2413 3554 2471 3605 et
2505 3567 2679 3619 nunc,
2711 3553 2937 3623 fratres,
2977 3575 3004 3604 «
3033 3556 3506 3610 commendamus
3531 3575 3626 3611 vos

1988 3646 2100 3699 Deo
2142 3649 2198 3699 et
2243 3645 2413 3699 verbo
2446 3644 2641 3716 gratiae
2685 3645 2826 3716 ejus,
2869 3647 2969 3717 qui
3008 3652 3190 3718 potest
3233 3649 3526 3720 perficere,
3573 3656 3629 3706 et

1989 3738 2126 3793 dare
2171 3738 2560 3793 haareditatem
2585 3738 2644 3792 in
2684 3739 2948 3794 omnibus
2975 3742 3335 3797 sanctiticatis
3370 3745 3506 3814 (Act.
3536 3761 3624 3813 xx,

1988 3832 2099 3903 32).
2136 3853 2162 3881 »
2194 3851 2221 3884 α
2261 3833 2382 3903 Ipse
2412 3835 2605 3887 autem
2651 3835 2799 3888 Deus
2824 3835 2977 3905 pacis
3007 3840 3063 3890 et
3103 3837 3501 3893 consolationis
3537 3838 3632 3894 det

1989 3925 2146 3980 vobis
2174 3925 2426 3997 idipsum
2446 3943 2644 3998 sapere
2665 3926 2723 3981 in
2740 3927 3163 3999 alterutrum,et
3177 3929 3237 3985 in
3253 3931 3377 4002 ipso
3399 3948 3631 4004 semper

1991 4025 2048 4074 et
2073 4019 2132 4073 in
2175 4020 2462 4090 omnibus,
2487 4025 2554 4077 ut
2601 4021 2900 4078 unanimes
2938 4040 3056 4079 uno
3082 4041 3200 4094 ore,
3229 4029 3288 4080 et
3331 4043 3446 4082 uno
3467 4028 3631 4083 corde

1990 4114 2379 4169 honoriﬁcetis
2421 4131 2553 4169 eum
2595 4115 2765 4187 (Rom.
2820 4133 2931 4187 xiv,
2977 4122 3007 4172 5
3050 4125 3100 4173 et
3137 4121 3185 4188 6)
3221 4141 3249 4169 »
3302 4119 3362 4174 in
3393 4137 3628 4177 concor-

1993 4208 2167 4277 diam,
2200 4213 2258 4263 et
2285 4208 2563 4264 auxilium
2586 4209 2852 4279 fratrum,
2889 4231 2915 4262 «
2945 4213 3044 4282 qui
3073 4217 3278 4283 potens
3304 4219 3388 4270 est
3418 4217 3628 4271 conﬁra

1991 4317 2149 4356 ma‘re
2189 4317 2406 4370 omnes,
2461 4304 2518 4357 et
2562 4303 2835 4357 consolari
2891 4305 3207 4360 secundum
3263 4308 3632 4379 Evangelium

1992 4395 2114 4465 ejus
2175 4398 2230 4449 et
2272 4395 2436 4465 juxta
2500 4395 2905 4451 revelationem
2967 4399 3226 4470 mysterii
3280 4402 3632 4472 temporibus

1991 4487 2219 4543 aeternis
2245 4487 2400 4542 taciti
2443 4489 2611 4558 (Rom.
2652 4505 2761 4559 xvx,
2799 4493 2907 4561 25),
2948 4511 2976 4540 »
3010 4493 3273 4563 patefacti
3302 4499 3496 4550 autem
3529 4513 3633 4567 per

253 4593 436 4646 cunda
449 4592 522 4646 ab
538 4592 1061 4648 Thessalonicenses
1075 4594 1404 4664 Epistola,et
1418 4594 1490 4648 ad
1506 4595 1885 4663 Timotheum,
1910 4601 1970 4673 D
1993 4581 2308 4653 scripturas
2339 4586 2565 4637 “metas
2593 4588 2649 4638 et
2690 4589 2919 4655 Patrum
2949 4587 3392 4642 οΓῑῘλοάοΧοιἮῐη
3423 4589 3628 4644 άοοῐνί·

251 4686 526 4757 Apostolo
574 4691 877 4742 monente:
918 4710 946 4739 «
992 4689 1167 4756 State,
1219 4692 1275 4742 et
1323 4691 1514 4742 tenete
1561 4689 1891 4744 traditiones

253 4783 466 4834 vestras
507 4796 649 4850 quas
694 4780 982 4851 didicistis,
1025 4799 1126 4836 seu
1188 4798 1292 4852 per
1335 4782 1588 4849 verbum,
1631 4799 1732 4836 seu
1789 4800 1894 4854 per

255 4874 555 4945 epistolam
582 4875 651 4940 (II
683 4877 861 4930 Thess.
899 4892 958 4945 ιι,
1004 4877 1106 4946 lli).
1142 4895 1168 4926 »
1201 4878 1336 4930 ltem
1365 4875 1500 4930 alibi
1529 4892 1631 4946 per
1651 4877 1893 4948 prophe-

259 4971 407 5023 tam:
460 4989 488 5017 «
542 4969 869 5040 Exspectavi
940 4987 1189 5042 quoque,
1261 4970 1401 5025 sicut
1463 4970 1665 5025 beatus
1734 4971 1894 5025 Isaias

256 5062 529 5130 intonuit,
592 5067 652 5116 ut
717 5064 967 5118 facerent
1004 5064 1306 5135 judicium,
1388 5064 1646 5119 fecerunt
1705 5069 1894 5119 autem

257 5155 621 5228 iniquitatem
666 5162 723 5211 et
745 5173 864 5212 non
883 5157 1186 5229 justitiam,
1220 5158 1319 5214 sed
1350 5159 1660 5212 clamorem
1697 5175 1894 5212 omnes

258 5249 382 5321 pios
419 5248 822 5305 conturbantes
855 5251 979 5313 (Isa.
1013 5268 1064 5320 v,
1112 5252 1184 5319 7),
1215 5273 1242 5301 »
1272 5256 1328 5307 et
1353 5252 1459 5306 hoc
1489 5252 1630 5306 scire
1654 5252 1897 5306 debeant.

259 5343 532 5414 quoniam
556 5343 872 5414 «judicium
903 5344 1000 5400 Dei
1043 5349 1128 5399 est
1149 5346 1461 5401 secundum
1498 5346 1794 5401 veritatem
1836 5346 1894 5400 in

260 5452 354 5492 eos
387 5436 485 5508 qui
535 5436 670 5491 talia
698 5443 896 5507 agunt,
939 5439 1071 5493 licet
1119 5439 1340 5494 divitias
1376 5439 1642 5496 bonitatis
1686 5440 1807 5505 Dei,
1843 5442 1899 5493 et

261 5531 707 5598 sustentationis,
752 5537 809 5586 et
855 5532 1148 5603 patientiae
1216 5533 1564 5605 ignorantes,
1622 5533 1895 5605 quoniam

260 5623 582 5696 benignitas
600 5625 700 5679 Dei
720 5625 791 5680 ad
802 5626 1197 5697 paenitentiam
1212 5643 1308 5682 eos
1330 5627 1898 5696 adducit,secundum

260 5718 533 5773 duritiam
564 5722 762 5774 autem
783 5735 1004 5788 eorum,
1027 5723 1084 5776 et
1110 5737 1206 5776 cor
1235 5721 1600 5793 impaenitens
1621 5720 1896 5776 thesauri-

264 5816 389 5867 zant
415 5812 524 5867 sibi
547 5813 692 5868 iram
716 5815 776 5870 in
806 5815 896 5870 die
919 5815 1035 5885 irze,
1065 5819 1122 5870 et
1147 5816 1513 5871 revelationis
1538 5815 1678 5887 justi
1697 5813 1900 5886 judicii

265 5907 381 5977 Dei,
402 5908 503 5983 qui
517 5908 714 5964 reddet
737 5908 1041 5982 unicuique
1060 5911 1373 5967 secundum
1387 5927 1562 5984 opera
1582 5911 1705 5982 ejus
1722 5910 1891 5980 (Rom.

1991 4693 2094 4731 nas
2143 4676 2452 4732 secundum
2521 4683 2870 4748 praeceptum
2923 4681 3120 4734 aeterni
3197 4682 3314 4751 Dei,
3367 4684 3438 4737 ad
3494 4685 3629 4738 obes

1993 4770 2268 4825 diendum
2291 4770 2424 4826 ﬁdei
2444 4770 2503 4824 in
2533 4771 2803 4826 omnibus
2828 4773 3073 4844 cognitis
3093 4774 3253 4830 nobis
3271 4775 3439 4845 (Rom.
3466 4794 3502 4845 ι,
3525 4777 3575 4851 5)
3599 4802 3626 4828 ››

1994 4863 2095 4919 soli
2125 4863 2368 4935 sapienti
2410 4867 2522 4920 Deo
2549 4865 2792 4920 Domino
2822 4871 3016 4922 nostro
3053 4869 3182 4923 Jesu
3207 4869 3448 4941 Christo,
3499 4888 3632 4927 cum

1993 4975 2107 5030 quo
2130 4959 2280 5013 Patri
2321 4962 2378 5013 et
2409 4958 2640 5030 Spiritui
2674 4966 2890 5032 sancto,
2921 4961 3116 5033 gloria,
3146 4964 3330 5019 honor
3363 4968 3422 5020 et
3445 4965 3630 5039 impe-

1995 5053 2148 5108 rium
2167 5057 2224 5108 et
2249 5057 2499 5124 potestas
2527 5055 2588 5109 in
2617 5056 2820 5110 saecula
2852 5056 3208 5112 saeculorum.
3246 5062 3428 5115 Amen
3460 5060 3632 5133 (Rom.

1996 5163 2105 5216 xvi,
2131 5148 2240 5217 27).
2272 5148 2545 5202 Dominus
2574 5166 2669 5203 vos
2713 5150 3010 5220 custodiat,
3038 5151 3382 5209 dilectissimi
3410 5155 3632 5224 fratres,

1996 5241 2306 5297 incolumes
2345 5259 2590 5313 semper.
2634 5236 2771 5298 Data
2795 5247 2827 5298 8
2881 5245 3230 5319 Novembris,
3278 5249 3543 5308 Flaviano
3583 5259 3638 5309 et

1997 5335 2287 5390 Stilocone
2318 5337 2380 5390 ιν
2407 5337 2752 5405 consulibus,

1997 5461 2149 5527 Quod
2173 5475 2348 5515 omnes
2381 5461 2446 5515 de
2477 5463 2611 5534 Filio
2630 5463 2725 5518 Dei
2749 5467 2799 5517 et
2816 5461 3030 5534 Spiritu
3057 5472 3318 5532 sancto,et
3347 5471 3413 5526 de
3428 5474 3635 5529 unitate
3677 5431 3779 5506 κ]

2072 5534 2354 5606 Trinitatis
2381 5533 2534 5606 male
2560 5533 3070 5593 senticntcsiisimiles
3099 5542 3211 5594 sint
3233 5542 3454 5606 Iudaeis,
3492 5549 3542 5598 et
3567 5546 3632 5599 de

2063 5605 2274 5658 unitate
2296 5605 2597 5660 Trinitatis.

2065 5714 2223 5778 Quod
2272 5713 2317 5767 si
2370 5715 2496 5786 quis
2541 5715 2790 5786 patiatur
2829 5718 3012 5773 Deum
3059 5721 3300 5789 Patrem,
3349 5724 3405 5774 et
3457 5722 3635 5780 Deum

2001 5808 2228 5879 Filium,
2258 5812 2316 5864 et
2335 5809 2610 5881 Spiritum
2637 5816 2894 5867 sanctum
2923 5812 3058 5867 deos
3078 5811 3206 5878 dici,
3239 5816 3294 5868 et
3317 5830 3432 5869 non
3459 5818 3638 5875 Deum

2000 5907 2236 5977 propter
2279 5920 2452 5959 unam
2477 5903 2854 5987 divinitatem,
2888 5910 2943 5960 et
2984 5905 3298 5977 potentiam
3322 5922 3497 5980 quam
3523 5929 3643 5970 ere.
