  <div class='ocr_page' id='page_1' title='image "/cluster/home/n/w/nwhite01/storage/ocr_20150623/130/umn.319510024774230/409.png"; bbox 0 0 4032 6290; ppageno 0'>
   <div class='ocr_carea' id='block_1_1' title="bbox 423 325 522 385">
    <p class='ocr_par' dir='ltr' id='par_1_1' title="bbox 423 325 522 385">
     <span class='ocr_line' id='line_1_1' title="bbox 423 325 522 385; baseline -0.01 0"><span class='ocrx_word' id='word_1_1' title='bbox 423 325 522 385; x_wconf 77' lang='lat'>667</span> 
     </span>
    </p>
   </div>
   <div class='ocr_carea' id='block_1_2' title="bbox 1322 293 2896 386">
    <p class='ocr_par' dir='ltr' id='par_1_2' title="bbox 1322 293 2896 386">
     <span class='ocr_line' id='line_1_2' title="bbox 1322 293 2896 386; baseline 0 -4"><span class='ocrx_word' id='word_1_2' title='bbox 1322 319 1603 382; x_wconf 82' lang='lat' dir='ltr'>APPEND.</span> <span class='ocrx_word' id='word_1_3' title='bbox 1646 324 1730 382; x_wconf 86' lang='lat' dir='ltr'>AD</span> <span class='ocrx_word' id='word_1_4' title='bbox 1770 293 1932 383; x_wconf 57' lang='grc' dir='ltr'>δέκα.</span> <span class='ocrx_word' id='word_1_5' title='bbox 1975 325 2062 382; x_wconf 82' lang='lat' dir='ltr'>IX.</span> <span class='ocrx_word' id='word_1_6' title='bbox 2090 357 2159 367; x_wconf 89' lang='grc'><strong><em>-</em></strong></span> <span class='ocrx_word' id='word_1_7' title='bbox 2195 317 2438 384; x_wconf 82' lang='lat' dir='ltr'>ISIDORI</span> <span class='ocrx_word' id='word_1_8' title='bbox 2477 326 2896 386; x_wconf 79' lang='lat' dir='ltr'>MERCATORIS</span> 
     </span>
    </p>
   </div>
   <div class='ocr_carea' id='block_1_3' title="bbox 3697 325 3802 380">
    <p class='ocr_par' dir='ltr' id='par_1_3' title="bbox 3697 325 3802 380">
     <span class='ocr_line' id='line_1_3' title="bbox 3697 325 3802 380; baseline 0 0"><span class='ocrx_word' id='word_1_9' title='bbox 3697 325 3802 380; x_wconf 84' lang='lat'><strong>668</strong></span> 
     </span>
    </p>
   </div>
   <div class='ocr_carea' id='block_1_4' title="bbox 425 430 3798 520">
    <p class='ocr_par' dir='ltr' id='par_1_4' title="bbox 425 430 3798 520">
     <span class='ocr_line' id='line_1_4' title="bbox 425 430 3798 520; baseline -0.002 -30"><span class='ocrx_word' id='word_1_10' title='bbox 425 437 614 490; x_wconf 91' lang='lat' dir='ltr'>dimus</span> <span class='ocrx_word' id='word_1_11' title='bbox 661 450 804 502; x_wconf 90' lang='lat' dir='ltr'>esse,</span> <span class='ocrx_word' id='word_1_12' title='bbox 849 439 909 488; x_wconf 91' lang='lat' dir='ltr'>et</span> <span class='ocrx_word' id='word_1_13' title='bbox 948 435 1152 489; x_wconf 85' lang='lat' dir='ltr'>scimus</span> <span class='ocrx_word' id='word_1_14' title='bbox 1200 435 1398 502; x_wconf 82' lang='lat' dir='ltr'>Patris,</span> <span class='ocrx_word' id='word_1_15' title='bbox 1435 439 1492 488; x_wconf 91' lang='lat' dir='ltr'>et</span> <span class='ocrx_word' id='word_1_16' title='bbox 1531 434 1676 503; x_wconf 84' lang='lat' dir='ltr'>Filii,</span> <span class='ocrx_word' id='word_1_17' title='bbox 1715 437 1773 488; x_wconf 93' lang='lat' dir='ltr'>et</span> <span class='ocrx_word' id='word_1_18' title='bbox 1813 435 2056 507; x_wconf 79' lang='lat' dir='ltr'>Spiritus</span> <span class='ocrx_word' id='word_1_19' title='bbox 2076 435 2261 520; x_wconf 73' lang='lat' dir='ltr'>ASed</span> <span class='ocrx_word' id='word_1_20' title='bbox 2288 452 2400 490; x_wconf 95' lang='lat' dir='ltr'>non</span> <span class='ocrx_word' id='word_1_21' title='bbox 2424 436 2654 501; x_wconf 88' lang='lat' dir='ltr'>mirum,</span> <span class='ocrx_word' id='word_1_22' title='bbox 2686 435 2807 505; x_wconf 87' lang='lat' dir='ltr'>ipse</span> <span class='ocrx_word' id='word_1_23' title='bbox 2852 433 3007 488; x_wconf 91' lang='lat' dir='ltr'>enim</span> <span class='ocrx_word' id='word_1_24' title='bbox 3049 432 3283 486; x_wconf 81' lang='lat' dir='ltr'>Satanas</span> <span class='ocrx_word' id='word_1_25' title='bbox 3324 430 3697 502; x_wconf 79' lang='lat' dir='ltr'>transfigurat</span> <span class='ocrx_word' id='word_1_26' title='bbox 3738 448 3798 484; x_wconf 92' lang='lat' dir='ltr'>se</span> 
     </span>
    </p>
   </div>
   <div class='ocr_carea' id='block_1_5' title="bbox 427 525 3801 600">
    <p class='ocr_par' dir='ltr' id='par_1_5' title="bbox 427 525 3801 600">
     <span class='ocr_line' id='line_1_5' title="bbox 427 525 3801 600; baseline -0.002 -16"><span class='ocrx_word' id='word_1_27' title='bbox 427 529 606 584; x_wconf 85' lang='lat' dir='ltr'>sancti</span> <span class='ocrx_word' id='word_1_28' title='bbox 652 530 852 597; x_wconf 87' lang='lat' dir='ltr'>Deum,</span> <span class='ocrx_word' id='word_1_29' title='bbox 881 528 1215 582; x_wconf 82' lang='lat' dir='ltr'>subtrahens</span> <span class='ocrx_word' id='word_1_30' title='bbox 1258 531 1356 582; x_wconf 92' lang='lat' dir='ltr'>aut</span> <span class='ocrx_word' id='word_1_31' title='bbox 1400 528 1626 597; x_wconf 87' lang='lat' dir='ltr'>Filium,</span> <span class='ocrx_word' id='word_1_32' title='bbox 1661 534 1758 583; x_wconf 90' lang='lat' dir='ltr'>aut</span> <span class='ocrx_word' id='word_1_33' title='bbox 1784 528 2058 599; x_wconf 86' lang='lat' dir='ltr'>Spiritum</span> <span class='ocrx_word' id='word_1_34' title='bbox 2158 531 2311 584; x_wconf 88' lang='lat' dir='ltr'>velut</span> <span class='ocrx_word' id='word_1_35' title='bbox 2333 530 2603 600; x_wconf 80' lang='lat' dir='ltr'>angelum</span> <span class='ocrx_word' id='word_1_36' title='bbox 2635 529 2866 583; x_wconf 89' lang='lat' dir='ltr'>lucis.Et</span> <span class='ocrx_word' id='word_1_37' title='bbox 2894 543 3010 581; x_wconf 93' lang='lat' dir='ltr'>non</span> <span class='ocrx_word' id='word_1_38' title='bbox 3044 526 3280 595; x_wconf 90' lang='lat' dir='ltr'>mirum,</span> <span class='ocrx_word' id='word_1_39' title='bbox 3313 525 3357 579; x_wconf 88' lang='lat' dir='ltr'>si</span> <span class='ocrx_word' id='word_1_40' title='bbox 3396 525 3645 578; x_wconf 77' lang='lat' dir='ltr'>ministri</span> <span class='ocrx_word' id='word_1_41' title='bbox 3675 541 3801 595; x_wconf 77' lang='lat' dir='ltr'>ejus</span> 
     </span>
    </p>
   </div>
   <div class='ocr_carea' id='block_1_6' title="bbox 425 620 2055 690">
    <p class='ocr_par' dir='ltr' id='par_1_6' title="bbox 425 620 2055 690">
     <span class='ocr_line' id='line_1_6' title="bbox 425 620 2055 690; baseline -0.002 -12"><span class='ocrx_word' id='word_1_42' title='bbox 425 627 704 690; x_wconf 90' lang='lat' dir='ltr'>sanctum,</span> <span class='ocrx_word' id='word_1_43' title='bbox 729 622 808 676; x_wconf 90' lang='lat' dir='ltr'>ita</span> <span class='ocrx_word' id='word_1_44' title='bbox 833 621 1016 676; x_wconf 90' lang='lat' dir='ltr'>solum</span> <span class='ocrx_word' id='word_1_45' title='bbox 1044 620 1284 675; x_wconf 66' lang='lat' dir='ltr'>aestimet</span> <span class='ocrx_word' id='word_1_46' title='bbox 1303 637 1442 689; x_wconf 90' lang='lat' dir='ltr'>esse,</span> <span class='ocrx_word' id='word_1_47' title='bbox 1471 624 1650 676; x_wconf 92' lang='lat' dir='ltr'>Deum</span> <span class='ocrx_word' id='word_1_48' title='bbox 1670 624 1899 676; x_wconf 80' lang='lat' dir='ltr'>Patrem</span> <span class='ocrx_word' id='word_1_49' title='bbox 1925 621 2055 689; x_wconf 91' lang='lat' dir='ltr'>dici,</span> 
     </span>
    </p>
   </div>
   <div class='ocr_carea' id='block_1_7' title="bbox 425 714 2060 784">
    <p class='ocr_par' dir='ltr' id='par_1_7' title="bbox 425 714 2060 784">
     <span class='ocr_line' id='line_1_7' title="bbox 425 714 2060 784; baseline -0.001 -14"><span class='ocrx_word' id='word_1_50' title='bbox 425 720 527 770; x_wconf 89' lang='lat' dir='ltr'>aut</span> <span class='ocrx_word' id='word_1_51' title='bbox 568 714 722 769; x_wconf 89' lang='lat' dir='ltr'>credi</span> <span class='ocrx_word' id='word_1_52' title='bbox 755 729 936 768; x_wconf 91' lang='lat' dir='ltr'>unum</span> <span class='ocrx_word' id='word_1_53' title='bbox 975 715 1150 767; x_wconf 91' lang='lat' dir='ltr'>Deum</span> <span class='ocrx_word' id='word_1_54' title='bbox 1182 715 1749 784; x_wconf 78' lang='lat' dir='ltr'>anathematizamus,</span> <span class='ocrx_word' id='word_1_55' title='bbox 1794 714 2060 770; x_wconf 91' lang='lat' dir='ltr'>omnibus</span> 
     </span>
    </p>
   </div>
   <div class='ocr_carea' id='block_1_8' title="bbox 427 807 2062 880">
    <p class='ocr_par' dir='ltr' id='par_1_8' title="bbox 427 807 2062 880">
     <span class='ocr_line' id='line_1_8' title="bbox 427 807 2062 880; baseline 0 -18"><span class='ocrx_word' id='word_1_56' title='bbox 427 810 542 862; x_wconf 90' lang='lat' dir='ltr'>imo</span> <span class='ocrx_word' id='word_1_57' title='bbox 595 807 822 874; x_wconf 65' lang='lat' dir='ltr'>Judaais,</span> <span class='ocrx_word' id='word_1_58' title='bbox 855 807 1008 878; x_wconf 92' lang='lat' dir='ltr'>quod</span> <span class='ocrx_word' id='word_1_59' title='bbox 1032 823 1247 862; x_wconf 90' lang='lat' dir='ltr'>nomen</span> <span class='ocrx_word' id='word_1_60' title='bbox 1292 808 1527 863; x_wconf 92' lang='lat' dir='ltr'>deorum</span> <span class='ocrx_word' id='word_1_61' title='bbox 1557 809 1614 863; x_wconf 92' lang='lat' dir='ltr'>in</span> <span class='ocrx_word' id='word_1_62' title='bbox 1659 809 1879 880; x_wconf 82' lang='lat' dir='ltr'>angelis</span> <span class='ocrx_word' id='word_1_63' title='bbox 1916 812 1973 862; x_wconf 88' lang='lat' dir='ltr'>et</span> <span class='ocrx_word' id='word_1_64' title='bbox 2001 808 2062 863; x_wconf 92' lang='lat' dir='ltr'>in</span> 
     </span>
    </p>
   </div>
   <div class='ocr_carea' id='block_1_9' title="bbox 423 900 2060 972">
    <p class='ocr_par' dir='ltr' id='par_1_9' title="bbox 423 900 2060 972">
     <span class='ocr_line' id='line_1_9' title="bbox 423 900 2060 972; baseline 0 -16"><span class='ocrx_word' id='word_1_65' title='bbox 423 901 629 956; x_wconf 80' lang='lat' dir='ltr'>sanctis</span> <span class='ocrx_word' id='word_1_66' title='bbox 659 900 921 954; x_wconf 90' lang='lat' dir='ltr'>omnibus</span> <span class='ocrx_word' id='word_1_67' title='bbox 949 917 982 954; x_wconf 90' lang='lat' dir='ltr'>a</span> <span class='ocrx_word' id='word_1_68' title='bbox 1013 902 1125 956; x_wconf 80' lang='lat' dir='ltr'>Deo</span> <span class='ocrx_word' id='word_1_69' title='bbox 1155 903 1241 956; x_wconf 91' lang='lat' dir='ltr'>est</span> <span class='ocrx_word' id='word_1_70' title='bbox 1271 901 1518 972; x_wconf 92' lang='lat' dir='ltr'>positum</span> <span class='ocrx_word' id='word_1_71' title='bbox 1562 907 1619 957; x_wconf 90' lang='lat' dir='ltr'>et</span> <span class='ocrx_word' id='word_1_72' title='bbox 1649 902 1943 956; x_wconf 87' lang='lat' dir='ltr'>donatum.</span> <span class='ocrx_word' id='word_1_73' title='bbox 1981 903 2060 956; x_wconf 92' lang='lat' dir='ltr'>De</span> 
     </span>
    </p>
   </div>
   <div class='ocr_carea' id='block_1_10' title="bbox 423 993 2060 1068">
    <p class='ocr_par' dir='ltr' id='par_1_10' title="bbox 423 993 2060 1068">
     <span class='ocr_line' id='line_1_10' title="bbox 423 993 2060 1068; baseline 0 -20"><span class='ocrx_word' id='word_1_74' title='bbox 423 996 588 1049; x_wconf 88' lang='lat' dir='ltr'>Patre</span> <span class='ocrx_word' id='word_1_75' title='bbox 608 997 803 1049; x_wconf 91' lang='lat' dir='ltr'>autem</span> <span class='ocrx_word' id='word_1_76' title='bbox 828 998 885 1048; x_wconf 89' lang='lat' dir='ltr'>et</span> <span class='ocrx_word' id='word_1_77' title='bbox 911 993 1072 1062; x_wconf 86' lang='lat' dir='ltr'>Filio,</span> <span class='ocrx_word' id='word_1_78' title='bbox 1105 998 1162 1048; x_wconf 90' lang='lat' dir='ltr'>et</span> <span class='ocrx_word' id='word_1_79' title='bbox 1181 994 1394 1064; x_wconf 88' lang='lat' dir='ltr'>Spiritu</span> <span class='ocrx_word' id='word_1_80' title='bbox 1411 999 1607 1050; x_wconf 90' lang='lat' dir='ltr'>sancto</span> <span class='ocrx_word' id='word_1_81' title='bbox 1629 998 1866 1068; x_wconf 85' lang='lat' dir='ltr'>prOpter</span> <span class='ocrx_word' id='word_1_82' title='bbox 1884 1011 2060 1050; x_wconf 90' lang='lat' dir='ltr'>unam</span> 
     </span>
    </p>
   </div>
   <div class='ocr_carea' id='block_1_11' title="bbox 423 1087 2059 1159">
    <p class='ocr_par' dir='ltr' id='par_1_11' title="bbox 423 1087 2059 1159">
     <span class='ocr_line' id='line_1_11' title="bbox 423 1087 2059 1159; baseline 0 -17"><span class='ocrx_word' id='word_1_83' title='bbox 423 1091 480 1143; x_wconf 94' lang='lat' dir='ltr'>et</span> <span class='ocrx_word' id='word_1_84' title='bbox 501 1089 782 1159; x_wconf 66' lang='lat' dir='ltr'>aequalem</span> <span class='ocrx_word' id='word_1_85' title='bbox 801 1087 1156 1143; x_wconf 81' lang='lat' dir='ltr'>divinitatem</span> <span class='ocrx_word' id='word_1_86' title='bbox 1183 1105 1300 1143; x_wconf 92' lang='lat' dir='ltr'>non</span> <span class='ocrx_word' id='word_1_87' title='bbox 1327 1105 1538 1143; x_wconf 86' lang='lat' dir='ltr'>nomen</span> <span class='ocrx_word' id='word_1_88' title='bbox 1555 1089 1816 1158; x_wconf 89' lang='lat' dir='ltr'>deorum,</span> <span class='ocrx_word' id='word_1_89' title='bbox 1841 1089 1938 1144; x_wconf 89' lang='lat' dir='ltr'>sed</span> <span class='ocrx_word' id='word_1_90' title='bbox 1958 1088 2059 1143; x_wconf 88' lang='lat' dir='ltr'>Dei</span> 
     </span>
    </p>
   </div>
   <div class='ocr_carea' id='block_1_12' title="bbox 421 1181 2060 1253">
    <p class='ocr_par' dir='ltr' id='par_1_12' title="bbox 421 1181 2060 1253">
     <span class='ocr_line' id='line_1_12' title="bbox 421 1181 2060 1253; baseline 0 -18"><span class='ocrx_word' id='word_1_91' title='bbox 421 1182 583 1236; x_wconf 92' lang='lat' dir='ltr'>nobis</span> <span class='ocrx_word' id='word_1_92' title='bbox 607 1181 942 1249; x_wconf 88' lang='lat' dir='ltr'>ostenditur,</span> <span class='ocrx_word' id='word_1_93' title='bbox 976 1184 1148 1253; x_wconf 90' lang='lat' dir='ltr'>atque</span> <span class='ocrx_word' id='word_1_94' title='bbox 1179 1182 1479 1249; x_wconf 89' lang='lat' dir='ltr'>indicatur,</span> <span class='ocrx_word' id='word_1_95' title='bbox 1502 1187 1568 1238; x_wconf 89' lang='lat' dir='ltr'>ut</span> <span class='ocrx_word' id='word_1_96' title='bbox 1591 1183 1895 1251; x_wconf 90' lang='lat' dir='ltr'>credimus,</span> <span class='ocrx_word' id='word_1_97' title='bbox 1927 1181 2060 1253; x_wconf 87' lang='lat' dir='ltr'>quia</span> 
     </span>
    </p>
   </div>
   <div class='ocr_carea' id='block_1_13' title="bbox 419 1265 2062 1348">
    <p class='ocr_par' dir='ltr' id='par_1_13' title="bbox 419 1265 2062 1348">
     <span class='ocr_line' id='line_1_13' title="bbox 419 1265 2062 1348; baseline 0.001 -19"><span class='ocrx_word' id='word_1_98' title='bbox 419 1275 480 1329; x_wconf 92' lang='lat' dir='ltr'>in</span> <span class='ocrx_word' id='word_1_99' title='bbox 510 1275 645 1329; x_wconf 88' lang='lat' dir='ltr'>Filio</span> <span class='ocrx_word' id='word_1_100' title='bbox 671 1279 728 1329; x_wconf 90' lang='lat' dir='ltr'>et</span> <span class='ocrx_word' id='word_1_101' title='bbox 749 1265 960 1345; x_wconf 83' lang='lat' dir='ltr'>Spiritu</span> <span class='ocrx_word' id='word_1_102' title='bbox 988 1278 1183 1330; x_wconf 87' lang='lat' dir='ltr'>sancto</span> <span class='ocrx_word' id='word_1_103' title='bbox 1212 1275 1578 1330; x_wconf 89' lang='lat' dir='ltr'>solummodo</span> <span class='ocrx_word' id='word_1_104' title='bbox 1609 1275 1983 1348; x_wconf 88' lang='lat' dir='ltr'>baptizamus,</span> <span class='ocrx_word' id='word_1_105' title='bbox 2006 1281 2062 1330; x_wconf 92' lang='lat' dir='ltr'>et</span> 
     </span>
    </p>
   </div>
   <div class='ocr_carea' id='block_1_14' title="bbox 423 1368 2059 1441">
    <p class='ocr_par' dir='ltr' id='par_1_14' title="bbox 423 1368 2059 1441">
     <span class='ocr_line' id='line_1_14' title="bbox 423 1368 2059 1441; baseline 0 -18"><span class='ocrx_word' id='word_1_106' title='bbox 423 1385 540 1423; x_wconf 89' lang='lat' dir='ltr'>non</span> <span class='ocrx_word' id='word_1_107' title='bbox 570 1368 629 1422; x_wconf 92' lang='lat' dir='ltr'>in</span> <span class='ocrx_word' id='word_1_108' title='bbox 678 1368 1159 1438; x_wconf 84' lang='lat' dir='ltr'>archangelorum</span> <span class='ocrx_word' id='word_1_109' title='bbox 1199 1369 1524 1423; x_wconf 87' lang='lat' dir='ltr'>nominibus</span> <span class='ocrx_word' id='word_1_110' title='bbox 1567 1375 1665 1424; x_wconf 89' lang='lat' dir='ltr'>aut</span> <span class='ocrx_word' id='word_1_111' title='bbox 1699 1370 2059 1441; x_wconf 84' lang='lat' dir='ltr'>angelorum,</span> 
     </span>
    </p>
   </div>
   <div class='ocr_carea' id='block_1_15' title="bbox 422 1461 2057 1534">
    <p class='ocr_par' dir='ltr' id='par_1_15' title="bbox 422 1461 2057 1534">
     <span class='ocr_line' id='line_1_15' title="bbox 422 1461 2057 1534; baseline 0 -18"><span class='ocrx_word' id='word_1_112' title='bbox 422 1462 573 1534; x_wconf 90' lang='lat' dir='ltr'>quod</span> <span class='ocrx_word' id='word_1_113' title='bbox 600 1461 874 1528; x_wconf 69' lang='lat' dir='ltr'>haeretici,</span> <span class='ocrx_word' id='word_1_114' title='bbox 901 1462 1215 1528; x_wconf 64' lang='lat' dir='ltr'>autJudaai,</span> <span class='ocrx_word' id='word_1_115' title='bbox 1248 1467 1346 1516; x_wconf 91' lang='lat' dir='ltr'>aut</span> <span class='ocrx_word' id='word_1_116' title='bbox 1376 1462 1612 1533; x_wconf 78' lang='lat' dir='ltr'>gentiles</span> <span class='ocrx_word' id='word_1_117' title='bbox 1639 1463 1937 1518; x_wconf 89' lang='lat' dir='ltr'>dementes</span> <span class='ocrx_word' id='word_1_118' title='bbox 1976 1463 2057 1516; x_wconf 84' lang='lat' dir='ltr'>fa-</span> 
     </span>
    </p>
   </div>
   <div class='ocr_carea' id='block_1_16' title="bbox 423 1555 2062 1626">
    <p class='ocr_par' dir='ltr' id='par_1_16' title="bbox 423 1555 2062 1626">
     <span class='ocr_line' id='line_1_16' title="bbox 423 1555 2062 1626; baseline -0.001 -16"><span class='ocrx_word' id='word_1_119' title='bbox 423 1557 598 1610; x_wconf 91' lang='lat' dir='ltr'>ciunt.</span> <span class='ocrx_word' id='word_1_120' title='bbox 621 1557 748 1610; x_wconf 59' lang='lat' dir='ltr'>Haec</span> <span class='ocrx_word' id='word_1_121' title='bbox 771 1571 910 1626; x_wconf 91' lang='lat' dir='ltr'>ergo</span> <span class='ocrx_word' id='word_1_122' title='bbox 931 1560 1016 1610; x_wconf 89' lang='lat' dir='ltr'>est</span> <span class='ocrx_word' id='word_1_123' title='bbox 1035 1555 1184 1609; x_wconf 86' lang='lat' dir='ltr'>salus</span> <span class='ocrx_word' id='word_1_124' title='bbox 1204 1556 1653 1610; x_wconf 85' lang='lat' dir='ltr'>Christianorum</span> <span class='ocrx_word' id='word_1_125' title='bbox 1679 1561 1741 1610; x_wconf 92' lang='lat' dir='ltr'>ut</span> <span class='ocrx_word' id='word_1_126' title='bbox 1763 1557 2062 1611; x_wconf 88' lang='lat' dir='ltr'>credentes</span> 
     </span>
    </p>
   </div>
   <div class='ocr_carea' id='block_1_17' title="bbox 421 1649 2060 1722">
    <p class='ocr_par' dir='ltr' id='par_1_17' title="bbox 421 1649 2060 1722">
     <span class='ocr_line' id='line_1_17' title="bbox 421 1649 2060 1722; baseline 0 -19"><span class='ocrx_word' id='word_1_127' title='bbox 421 1649 699 1716; x_wconf 83' lang='lat' dir='ltr'>Trinitati,</span> <span class='ocrx_word' id='word_1_128' title='bbox 731 1649 789 1703; x_wconf 91' lang='lat' dir='ltr'>id</span> <span class='ocrx_word' id='word_1_129' title='bbox 831 1652 916 1702; x_wconf 89' lang='lat' dir='ltr'>est</span> <span class='ocrx_word' id='word_1_130' title='bbox 945 1649 1116 1716; x_wconf 88' lang='lat' dir='ltr'>Patri,</span> <span class='ocrx_word' id='word_1_131' title='bbox 1148 1653 1204 1704; x_wconf 92' lang='lat' dir='ltr'>et</span> <span class='ocrx_word' id='word_1_132' title='bbox 1235 1649 1390 1717; x_wconf 83' lang='lat' dir='ltr'>Filio,</span> <span class='ocrx_word' id='word_1_133' title='bbox 1417 1655 1473 1704; x_wconf 90' lang='lat' dir='ltr'>et</span> <span class='ocrx_word' id='word_1_134' title='bbox 1510 1649 1745 1722; x_wconf 88' lang='lat' dir='ltr'>Spiritui</span> <span class='ocrx_word' id='word_1_135' title='bbox 1779 1655 1972 1705; x_wconf 91' lang='lat' dir='ltr'>sancto</span> <span class='ocrx_word' id='word_1_136' title='bbox 2001 1650 2060 1703; x_wconf 89' lang='lat' dir='ltr'>in</span> 
     </span>
    </p>
   </div>
   <div class='ocr_carea' id='block_1_18' title="bbox 422 1742 2058 1814">
    <p class='ocr_par' dir='ltr' id='par_1_18' title="bbox 422 1742 2058 1814">
     <span class='ocr_line' id='line_1_18' title="bbox 422 1742 2058 1814; baseline 0 -17"><span class='ocrx_word' id='word_1_137' title='bbox 422 1759 619 1797; x_wconf 80' lang='lat' dir='ltr'>veram</span> <span class='ocrx_word' id='word_1_138' title='bbox 660 1742 951 1814; x_wconf 87' lang='lat' dir='ltr'>solamque</span> <span class='ocrx_word' id='word_1_139' title='bbox 995 1742 1368 1810; x_wconf 84' lang='lat' dir='ltr'>divinitatem,</span> <span class='ocrx_word' id='word_1_140' title='bbox 1413 1760 1587 1798; x_wconf 84' lang='lat' dir='ltr'>uuam</span> <span class='ocrx_word' id='word_1_141' title='bbox 1633 1747 1690 1798; x_wconf 93' lang='lat' dir='ltr'>et</span> <span class='ocrx_word' id='word_1_142' title='bbox 1727 1743 2058 1814; x_wconf 89' lang='lat' dir='ltr'>potentiam,</span> 
     </span>
    </p>
   </div>
   <div class='ocr_carea' id='block_1_19' title="bbox 421 1835 2059 1907">
    <p class='ocr_par' dir='ltr' id='par_1_19' title="bbox 421 1835 2059 1907">
     <span class='ocr_line' id='line_1_19' title="bbox 421 1835 2059 1907; baseline 0 -16"><span class='ocrx_word' id='word_1_143' title='bbox 421 1837 802 1907; x_wconf 89' lang='lat' dir='ltr'>majestatem,</span> <span class='ocrx_word' id='word_1_144' title='bbox 854 1841 910 1890; x_wconf 90' lang='lat' dir='ltr'>et</span> <span class='ocrx_word' id='word_1_145' title='bbox 953 1835 1333 1890; x_wconf 83' lang='lat' dir='ltr'>substantiam</span> <span class='ocrx_word' id='word_1_146' title='bbox 1382 1837 1635 1907; x_wconf 89' lang='lat' dir='ltr'>ejusdem</span> <span class='ocrx_word' id='word_1_147' title='bbox 1673 1837 1897 1891; x_wconf 80' lang='lat' dir='ltr'>deitatis</span> <span class='ocrx_word' id='word_1_148' title='bbox 1938 1837 2059 1891; x_wconf 90' lang='lat' dir='ltr'>sine</span> 
     </span>
    </p>
   </div>
   <div class='ocr_carea' id='block_1_20' title="bbox 421 1929 2062 2002">
    <p class='ocr_par' dir='ltr' id='par_1_20' title="bbox 421 1929 2062 2002">
     <span class='ocr_line' id='line_1_20' title="bbox 421 1929 2062 2002; baseline 0.001 -18"><span class='ocrx_word' id='word_1_149' title='bbox 421 1930 593 1985; x_wconf 90' lang='lat' dir='ltr'>dubio</span> <span class='ocrx_word' id='word_1_150' title='bbox 617 1930 930 1984; x_wconf 90' lang='lat' dir='ltr'>credamus.</span> <span class='ocrx_word' id='word_1_151' title='bbox 948 1929 1089 1983; x_wconf 88' lang='lat' dir='ltr'>Dicit</span> <span class='ocrx_word' id='word_1_152' title='bbox 1115 1947 1341 2001; x_wconf 85' lang='lat' dir='ltr'>quoque</span> <span class='ocrx_word' id='word_1_153' title='bbox 1365 1930 1564 1985; x_wconf 90' lang='lat' dir='ltr'>beatus</span> <span class='ocrx_word' id='word_1_154' title='bbox 1595 1930 1793 1985; x_wconf 82' lang='lat' dir='ltr'>Isaias:</span> <span class='ocrx_word' id='word_1_155' title='bbox 1823 1932 2062 2002; x_wconf 87' lang='lat' dir='ltr'>Propter</span> 
     </span>
    </p>
   </div>
   <div class='ocr_carea' id='block_1_21' title="bbox 421 2022 2057 2094">
    <p class='ocr_par' dir='ltr' id='par_1_21' title="bbox 421 2022 2057 2094">
     <span class='ocr_line' id='line_1_21' title="bbox 421 2022 2057 2094; baseline 0 -16"><span class='ocrx_word' id='word_1_156' title='bbox 421 2023 558 2078; x_wconf 89' lang='lat' dir='ltr'>Sion</span> <span class='ocrx_word' id='word_1_157' title='bbox 607 2039 721 2076; x_wconf 90' lang='lat' dir='ltr'>non</span> <span class='ocrx_word' id='word_1_158' title='bbox 775 2022 991 2089; x_wconf 89' lang='lat' dir='ltr'>tacebo,</span> <span class='ocrx_word' id='word_1_159' title='bbox 1053 2025 1108 2077; x_wconf 92' lang='lat' dir='ltr'>et</span> <span class='ocrx_word' id='word_1_160' title='bbox 1171 2026 1402 2094; x_wconf 84' lang='lat' dir='ltr'>propter</span> <span class='ocrx_word' id='word_1_161' title='bbox 1450 2022 1876 2094; x_wconf 87' lang='lat' dir='ltr'>Hierosolyman</span> <span class='ocrx_word' id='word_1_162' title='bbox 1942 2040 2057 2078; x_wconf 90' lang='lat' dir='ltr'>non</span> 
     </span>
    </p>
   </div>
   <div class='ocr_carea' id='block_1_22' title="bbox 419 2117 2057 2188">
    <p class='ocr_par' dir='ltr' id='par_1_22' title="bbox 419 2117 2057 2188">
     <span class='ocr_line' id='line_1_22' title="bbox 419 2117 2057 2188; baseline 0 -18"><span class='ocrx_word' id='word_1_163' title='bbox 419 2117 724 2188; x_wconf 89' lang='lat' dir='ltr'>quiescam,</span> <span class='ocrx_word' id='word_1_164' title='bbox 747 2117 926 2171; x_wconf 90' lang='lat' dir='ltr'>donec</span> <span class='ocrx_word' id='word_1_165' title='bbox 954 2117 1286 2187; x_wconf 85' lang='lat' dir='ltr'>egrediatur</span> <span class='ocrx_word' id='word_1_166' title='bbox 1319 2121 1380 2172; x_wconf 91' lang='lat' dir='ltr'>ut</span> <span class='ocrx_word' id='word_1_167' title='bbox 1405 2117 1680 2188; x_wconf 88' lang='lat' dir='ltr'>splendor</span> <span class='ocrx_word' id='word_1_168' title='bbox 1697 2117 1886 2188; x_wconf 91' lang='lat' dir='ltr'>justus</span> <span class='ocrx_word' id='word_1_169' title='bbox 1912 2118 2057 2188; x_wconf 91' lang='lat' dir='ltr'>ejus,</span> 
     </span>
    </p>
   </div>
   <div class='ocr_carea' id='block_1_23' title="bbox 419 2193 2083 2287">
    <p class='ocr_par' dir='ltr' id='par_1_23' title="bbox 419 2193 2083 2287">
     <span class='ocr_line' id='line_1_23' title="bbox 419 2193 2083 2287; baseline 0 -23"><span class='ocrx_word' id='word_1_170' title='bbox 419 2211 660 2264; x_wconf 89' lang='lat' dir='ltr'>salvator</span> <span class='ocrx_word' id='word_1_171' title='bbox 703 2210 823 2278; x_wconf 84' lang='lat' dir='ltr'>ejus</span> <span class='ocrx_word' id='word_1_172' title='bbox 881 2213 944 2263; x_wconf 87' lang='lat' dir='ltr'>ut</span> <span class='ocrx_word' id='word_1_173' title='bbox 981 2211 1200 2280; x_wconf 86' lang='lat' dir='ltr'>lampas</span> <span class='ocrx_word' id='word_1_174' title='bbox 1249 2211 1596 2266; x_wconf 91' lang='lat' dir='ltr'>accendatur</span> <span class='ocrx_word' id='word_1_175' title='bbox 1643 2210 1768 2279; x_wconf 86' lang='lat' dir='ltr'>(Isa.</span> <span class='ocrx_word' id='word_1_176' title='bbox 1832 2227 1946 2287; x_wconf 70' lang='lat' dir='ltr'>inr</span> <span class='ocrx_word' id='word_1_177' title='bbox 1986 2193 2083 2282; x_wconf 64' lang='lat'>1).!</span> 
     </span>
    </p>
   </div>
   <div class='ocr_carea' id='block_1_24' title="bbox 418 2303 2056 2376">
    <p class='ocr_par' dir='ltr' id='par_1_24' title="bbox 418 2303 2056 2376">
     <span class='ocr_line' id='line_1_24' title="bbox 418 2303 2056 2376; baseline 0 -18"><span class='ocrx_word' id='word_1_178' title='bbox 418 2304 676 2358; x_wconf 91' lang='lat' dir='ltr'>Profecto</span> <span class='ocrx_word' id='word_1_179' title='bbox 696 2303 991 2358; x_wconf 63' lang='lat' dir='ltr'>catholicae</span> <span class='ocrx_word' id='word_1_180' title='bbox 1014 2303 1292 2371; x_wconf 67' lang='lat' dir='ltr'>Ecclesiae,</span> <span class='ocrx_word' id='word_1_181' title='bbox 1315 2321 1443 2376; x_wconf 66' lang='lat' dir='ltr'>qua:</span> <span class='ocrx_word' id='word_1_182' title='bbox 1467 2320 1602 2358; x_wconf 87' lang='lat' dir='ltr'>vera</span> <span class='ocrx_word' id='word_1_183' title='bbox 1626 2305 1880 2359; x_wconf 91' lang='lat' dir='ltr'>consistit</span> <span class='ocrx_word' id='word_1_184' title='bbox 1903 2305 2056 2370; x_wconf 84' lang='lat' dir='ltr'>Sion,</span> 
     </span>
    </p>
   </div>
   <div class='ocr_carea' id='block_1_25' title="bbox 420 2397 2060 2469">
    <p class='ocr_par' dir='ltr' id='par_1_25' title="bbox 420 2397 2060 2469">
     <span class='ocr_line' id='line_1_25' title="bbox 420 2397 2060 2469; baseline 0 -17"><span class='ocrx_word' id='word_1_185' title='bbox 420 2398 614 2452; x_wconf 83' lang='lat' dir='ltr'>civitas</span> <span class='ocrx_word' id='word_1_186' title='bbox 639 2397 845 2452; x_wconf 87' lang='lat' dir='ltr'>Christi</span> <span class='ocrx_word' id='word_1_187' title='bbox 874 2398 1143 2451; x_wconf 86' lang='lat' dir='ltr'>caelorum</span> <span class='ocrx_word' id='word_1_188' title='bbox 1171 2399 1320 2468; x_wconf 90' lang='lat' dir='ltr'>regis</span> <span class='ocrx_word' id='word_1_189' title='bbox 1339 2413 1441 2469; x_wconf 92' lang='lat' dir='ltr'>per</span> <span class='ocrx_word' id='word_1_190' title='bbox 1460 2401 1545 2451; x_wconf 90' lang='lat' dir='ltr'>tot</span> <span class='ocrx_word' id='word_1_191' title='bbox 1567 2414 1854 2452; x_wconf 87' lang='lat' dir='ltr'>annorum</span> <span class='ocrx_word' id='word_1_192' title='bbox 1877 2398 2060 2469; x_wconf 88' lang='lat' dir='ltr'>spatia</span> 
     </span>
    </p>
   </div>
   <div class='ocr_carea' id='block_1_26' title="bbox 422 2490 2058 2562">
    <p class='ocr_par' dir='ltr' id='par_1_26' title="bbox 422 2490 2058 2562">
     <span class='ocr_line' id='line_1_26' title="bbox 422 2490 2058 2562; baseline 0 -17"><span class='ocrx_word' id='word_1_193' title='bbox 422 2494 749 2561; x_wconf 82' lang='lat' dir='ltr'>expugnata</span> <span class='ocrx_word' id='word_1_194' title='bbox 775 2491 844 2544; x_wconf 89' lang='lat' dir='ltr'>ab</span> <span class='ocrx_word' id='word_1_195' title='bbox 862 2490 1292 2545; x_wconf 88' lang='lat' dir='ltr'>adversantibus</span> <span class='ocrx_word' id='word_1_196' title='bbox 1309 2491 1482 2545; x_wconf 92' lang='lat' dir='ltr'>verbo</span> <span class='ocrx_word' id='word_1_197' title='bbox 1508 2491 1659 2560; x_wconf 83' lang='lat' dir='ltr'>ﬁdei,</span> <span class='ocrx_word' id='word_1_198' title='bbox 1694 2511 1722 2542; x_wconf 89' lang='lat'><strong>»</strong></span> <span class='ocrx_word' id='word_1_199' title='bbox 1745 2491 1844 2562; x_wconf 89' lang='lat' dir='ltr'>qui</span> <span class='ocrx_word' id='word_1_200' title='bbox 1868 2507 2058 2562; x_wconf 88' lang='lat' dir='ltr'>neque</span> 
     </span>
    </p>
   </div>
   <div class='ocr_carea' id='block_1_27' title="bbox 420 2584 2056 2657">
    <p class='ocr_par' dir='ltr' id='par_1_27' title="bbox 420 2584 2056 2657">
     <span class='ocr_line' id='line_1_27' title="bbox 420 2584 2056 2657; baseline 0.002 -19"><span class='ocrx_word' id='word_1_201' title='bbox 420 2585 599 2638; x_wconf 92' lang='lat' dir='ltr'>Deum</span> <span class='ocrx_word' id='word_1_202' title='bbox 619 2584 1040 2655; x_wconf 88' lang='lat' dir='ltr'>timent,neque</span> <span class='ocrx_word' id='word_1_203' title='bbox 1067 2584 1358 2639; x_wconf 89' lang='lat' dir='ltr'>hominem</span> <span class='ocrx_word' id='word_1_204' title='bbox 1380 2590 1715 2640; x_wconf 86' lang='lat' dir='ltr'>reverentur</span> <span class='ocrx_word' id='word_1_205' title='bbox 1735 2585 1881 2657; x_wconf 86' lang='lat' dir='ltr'>(Luc.</span> <span class='ocrx_word' id='word_1_206' title='bbox 1905 2602 2056 2654; x_wconf 85' lang='lat' dir='ltr'>xvm,</span> 
     </span>
    </p>
   </div>
   <div class='ocr_carea' id='block_1_28' title="bbox 419 2677 2060 2750">
    <p class='ocr_par' dir='ltr' id='par_1_28' title="bbox 419 2677 2060 2750">
     <span class='ocr_line' id='line_1_28' title="bbox 419 2677 2060 2750; baseline 0.001 -18"><span class='ocrx_word' id='word_1_207' title='bbox 419 2678 493 2748; x_wconf 98' lang='lat'>2),</span> <span class='ocrx_word' id='word_1_208' title='bbox 528 2700 556 2727; x_wconf 89' lang='grc'><strong>››</strong></span> <span class='ocrx_word' id='word_1_209' title='bbox 592 2677 689 2732; x_wconf 83' lang='lat' dir='ltr'>sed</span> <span class='ocrx_word' id='word_1_210' title='bbox 718 2677 1002 2732; x_wconf 89' lang='lat' dir='ltr'>incassum</span> <span class='ocrx_word' id='word_1_211' title='bbox 1031 2678 1474 2748; x_wconf 89' lang='lat' dir='ltr'>producentibus</span> <span class='ocrx_word' id='word_1_212' title='bbox 1511 2679 1634 2750; x_wconf 89' lang='lat' dir='ltr'>pias</span> <span class='ocrx_word' id='word_1_213' title='bbox 1673 2683 1731 2734; x_wconf 89' lang='lat' dir='ltr'>et</span> <span class='ocrx_word' id='word_1_214' title='bbox 1757 2679 2060 2734; x_wconf 87' lang='lat' dir='ltr'>canonicas</span> 
     </span>
    </p>
   </div>
   <div class='ocr_carea' id='block_1_29' title="bbox 423 2767 2222 2862">
    <p class='ocr_par' dir='ltr' id='par_1_29' title="bbox 423 2767 2222 2862">
     <span class='ocr_line' id='line_1_29' title="bbox 423 2767 2222 2862; baseline 0.002 -36"><span class='ocrx_word' id='word_1_215' title='bbox 423 2773 491 2826; x_wconf 89' lang='lat' dir='ltr'>de</span> <span class='ocrx_word' id='word_1_216' title='bbox 522 2772 628 2825; x_wconf 92' lang='lat' dir='ltr'>hoc</span> <span class='ocrx_word' id='word_1_217' title='bbox 673 2771 844 2825; x_wconf 89' lang='lat' dir='ltr'>verbo</span> <span class='ocrx_word' id='word_1_218' title='bbox 883 2770 1187 2852; x_wconf 86' lang='lat' dir='ltr'>doctrinas,</span> <span class='ocrx_word' id='word_1_219' title='bbox 1222 2771 1360 2826; x_wconf 92' lang='lat' dir='ltr'>dum</span> <span class='ocrx_word' id='word_1_220' title='bbox 1403 2777 1459 2828; x_wconf 90' lang='lat' dir='ltr'>et</span> <span class='ocrx_word' id='word_1_221' title='bbox 1503 2773 1752 2827; x_wconf 89' lang='lat' dir='ltr'>adversis</span> <span class='ocrx_word' id='word_1_222' title='bbox 1778 2775 2061 2845; x_wconf 82' lang='lat' dir='ltr'>tantisque</span> 
     </span>
    </p>
   </div>
   <div class='ocr_carea' id='block_1_30' title="bbox 425 2864 2062 2936">
    <p class='ocr_par' dir='ltr' id='par_1_30' title="bbox 425 2864 2062 2936">
     <span class='ocr_line' id='line_1_30' title="bbox 425 2864 2062 2936; baseline 0.002 -18"><span class='ocrx_word' id='word_1_223' title='bbox 425 2881 553 2936; x_wconf 74' lang='lat' dir='ltr'>qum</span> <span class='ocrx_word' id='word_1_224' title='bbox 587 2865 644 2918; x_wconf 91' lang='lat' dir='ltr'>in</span> <span class='ocrx_word' id='word_1_225' title='bbox 678 2864 887 2935; x_wconf 90' lang='lat' dir='ltr'>scripto</span> <span class='ocrx_word' id='word_1_226' title='bbox 921 2867 978 2918; x_wconf 88' lang='lat' dir='ltr'>et</span> <span class='ocrx_word' id='word_1_227' title='bbox 1002 2864 1124 2918; x_wconf 88' lang='lat' dir='ltr'>sine</span> <span class='ocrx_word' id='word_1_228' title='bbox 1157 2865 1365 2936; x_wconf 90' lang='lat' dir='ltr'>scripto</span> <span class='ocrx_word' id='word_1_229' title='bbox 1394 2865 1900 2921; x_wconf 87' lang='lat' dir='ltr'>contestationibus</span> <span class='ocrx_word' id='word_1_230' title='bbox 1923 2867 2062 2921; x_wconf 86' lang='lat' dir='ltr'>invi-</span> 
     </span>
    </p>
   </div>
   <div class='ocr_carea' id='block_1_31' title="bbox 424 2958 2057 3030">
    <p class='ocr_par' dir='ltr' id='par_1_31' title="bbox 424 2958 2057 3030">
     <span class='ocr_line' id='line_1_31' title="bbox 424 2958 2057 3030; baseline 0.001 -17"><span class='ocrx_word' id='word_1_231' title='bbox 424 2958 523 3014; x_wconf 87' lang='lat' dir='ltr'>tati</span> <span class='ocrx_word' id='word_1_232' title='bbox 554 2958 791 3012; x_wconf 85' lang='lat' dir='ltr'>fuissent</span> <span class='ocrx_word' id='word_1_233' title='bbox 815 2958 1099 3027; x_wconf 76' lang='lat' dir='ltr'>corrigere</span> <span class='ocrx_word' id='word_1_234' title='bbox 1131 2959 1419 3029; x_wconf 88' lang='lat' dir='ltr'>propriam</span> <span class='ocrx_word' id='word_1_235' title='bbox 1446 2961 1502 3014; x_wconf 91' lang='lat' dir='ltr'>et</span> <span class='ocrx_word' id='word_1_236' title='bbox 1517 2959 1753 3030; x_wconf 88' lang='lat' dir='ltr'>sepelire</span> <span class='ocrx_word' id='word_1_237' title='bbox 1775 2960 2057 3027; x_wconf 65' lang='lat' dir='ltr'>hmresim,</span> 
     </span>
    </p>
   </div>
   <div class='ocr_carea' id='block_1_32' title="bbox 425 3051 2059 3123">
    <p class='ocr_par' dir='ltr' id='par_1_32' title="bbox 425 3051 2059 3123">
     <span class='ocr_line' id='line_1_32' title="bbox 425 3051 2059 3123; baseline 0.001 -17"><span class='ocrx_word' id='word_1_238' title='bbox 425 3051 592 3106; x_wconf 88' lang='lat' dir='ltr'>sicuti</span> <span class='ocrx_word' id='word_1_239' title='bbox 638 3054 695 3106; x_wconf 88' lang='lat' dir='ltr'>et</span> <span class='ocrx_word' id='word_1_240' title='bbox 735 3067 838 3122; x_wconf 90' lang='lat' dir='ltr'>per</span> <span class='ocrx_word' id='word_1_241' title='bbox 885 3051 1228 3106; x_wconf 87' lang='lat' dir='ltr'>anteriorem</span> <span class='ocrx_word' id='word_1_242' title='bbox 1277 3053 1666 3123; x_wconf 90' lang='lat' dir='ltr'>cognitionem</span> <span class='ocrx_word' id='word_1_243' title='bbox 1720 3054 2059 3108; x_wconf 87' lang='lat' dir='ltr'>luculentius</span> 
     </span>
    </p>
   </div>
   <div class='ocr_carea' id='block_1_33' title="bbox 424 3146 2055 3218">
    <p class='ocr_par' dir='ltr' id='par_1_33' title="bbox 424 3146 2055 3218">
     <span class='ocr_line' id='line_1_33' title="bbox 424 3146 2055 3218; baseline 0.001 -17"><span class='ocrx_word' id='word_1_244' title='bbox 424 3147 874 3201; x_wconf 89' lang='lat' dir='ltr'>demonstratum</span> <span class='ocrx_word' id='word_1_245' title='bbox 900 3151 986 3200; x_wconf 88' lang='lat' dir='ltr'>est</span> <span class='ocrx_word' id='word_1_246' title='bbox 1013 3150 1128 3200; x_wconf 86' lang='lat' dir='ltr'>tam</span> <span class='ocrx_word' id='word_1_247' title='bbox 1149 3163 1251 3217; x_wconf 88' lang='lat' dir='ltr'>per</span> <span class='ocrx_word' id='word_1_248' title='bbox 1270 3146 1488 3201; x_wconf 89' lang='lat' dir='ltr'>libellos</span> <span class='ocrx_word' id='word_1_249' title='bbox 1509 3162 1678 3217; x_wconf 92' lang='lat' dir='ltr'>quam</span> <span class='ocrx_word' id='word_1_250' title='bbox 1715 3163 1819 3218; x_wconf 89' lang='lat' dir='ltr'>per</span> <span class='ocrx_word' id='word_1_251' title='bbox 1846 3163 2055 3218; x_wconf 89' lang='lat' dir='ltr'>sugge-</span> 
     </span>
    </p>
   </div>
   <div class='ocr_carea' id='block_1_34' title="bbox 424 3238 2058 3296">
    <p class='ocr_par' dir='ltr' id='par_1_34' title="bbox 424 3238 2058 3296">
     <span class='ocr_line' id='line_1_34' title="bbox 424 3238 2058 3296; baseline 0.001 -2"><span class='ocrx_word' id='word_1_252' title='bbox 424 3239 634 3294; x_wconf 89' lang='lat' dir='ltr'>stiones</span> <span class='ocrx_word' id='word_1_253' title='bbox 675 3238 1278 3293; x_wconf 88' lang='lat' dir='ltr'>reverendissimorum</span> <span class='ocrx_word' id='word_1_254' title='bbox 1323 3239 1675 3294; x_wconf 88' lang='lat' dir='ltr'>sacerdotum</span> <span class='ocrx_word' id='word_1_255' title='bbox 1725 3243 1784 3294; x_wconf 91' lang='lat' dir='ltr'>et</span> <span class='ocrx_word' id='word_1_256' title='bbox 1826 3257 2058 3296; x_wconf 86' lang='lat' dir='ltr'>venera-</span> 
     </span>
    </p>
   </div>
   <div class='ocr_carea' id='block_1_35' title="bbox 422 3332 2063 3404">
    <p class='ocr_par' dir='ltr' id='par_1_35' title="bbox 422 3332 2063 3404">
     <span class='ocr_line' id='line_1_35' title="bbox 422 3332 2063 3404; baseline 0.001 -17"><span class='ocrx_word' id='word_1_257' title='bbox 422 3332 627 3387; x_wconf 90' lang='lat' dir='ltr'>bilium</span> <span class='ocrx_word' id='word_1_258' title='bbox 659 3332 931 3387; x_wconf 89' lang='lat' dir='ltr'>abbatum</span> <span class='ocrx_word' id='word_1_259' title='bbox 957 3333 1224 3404; x_wconf 87' lang='lat' dir='ltr'>Apostolo</span> <span class='ocrx_word' id='word_1_260' title='bbox 1251 3337 1605 3404; x_wconf 90' lang='lat' dir='ltr'>protestante</span> <span class='ocrx_word' id='word_1_261' title='bbox 1635 3335 1795 3389; x_wconf 90' lang='lat' dir='ltr'>nobis</span> <span class='ocrx_word' id='word_1_262' title='bbox 1828 3357 1856 3384; x_wconf 85' lang='lat'><strong>«</strong></span> <span class='ocrx_word' id='word_1_263' title='bbox 1878 3336 2063 3389; x_wconf 86' lang='lat' dir='ltr'>Homi-</span> 
     </span>
    </p>
   </div>
   <div class='ocr_carea' id='block_1_36' title="bbox 425 3426 2064 3498">
    <p class='ocr_par' dir='ltr' id='par_1_36' title="bbox 425 3426 2064 3498">
     <span class='ocr_line' id='line_1_36' title="bbox 425 3426 2064 3498; baseline 0.002 -17"><span class='ocrx_word' id='word_1_264' title='bbox 425 3443 562 3481; x_wconf 90' lang='lat' dir='ltr'>nem</span> <span class='ocrx_word' id='word_1_265' title='bbox 604 3427 936 3481; x_wconf 71' lang='lat' dir='ltr'>hzcreticum</span> <span class='ocrx_word' id='word_1_266' title='bbox 988 3430 1118 3497; x_wconf 92' lang='lat' dir='ltr'>post</span> <span class='ocrx_word' id='word_1_267' title='bbox 1161 3426 1406 3498; x_wconf 88' lang='lat' dir='ltr'>primam</span> <span class='ocrx_word' id='word_1_268' title='bbox 1453 3431 1512 3482; x_wconf 90' lang='lat' dir='ltr'>et</span> <span class='ocrx_word' id='word_1_269' title='bbox 1546 3429 1850 3484; x_wconf 90' lang='lat' dir='ltr'>secundam</span> <span class='ocrx_word' id='word_1_270' title='bbox 1883 3445 2064 3484; x_wconf 86' lang='lat' dir='ltr'>corre-</span> 
     </span>
    </p>
   </div>
   <div class='ocr_carea' id='block_1_37' title="bbox 421 3520 2062 3592">
    <p class='ocr_par' dir='ltr' id='par_1_37' title="bbox 421 3520 2062 3592">
     <span class='ocr_line' id='line_1_37' title="bbox 421 3520 2062 3592; baseline 0.001 -18"><span class='ocrx_word' id='word_1_271' title='bbox 421 3521 683 3592; x_wconf 89' lang='lat' dir='ltr'>ptionem</span> <span class='ocrx_word' id='word_1_272' title='bbox 725 3520 935 3575; x_wconf 89' lang='lat' dir='ltr'>evitare</span> <span class='ocrx_word' id='word_1_273' title='bbox 970 3520 1276 3575; x_wconf 86' lang='lat' dir='ltr'>debeamus</span> <span class='ocrx_word' id='word_1_274' title='bbox 1308 3521 1436 3590; x_wconf 75' lang='lat' dir='ltr'>(Tit.</span> <span class='ocrx_word' id='word_1_275' title='bbox 1480 3538 1560 3589; x_wconf 83' lang='lat' dir='ltr'>in,</span> <span class='ocrx_word' id='word_1_276' title='bbox 1609 3522 1770 3589; x_wconf 67' lang='lat'>10),»</span> <span class='ocrx_word' id='word_1_277' title='bbox 1821 3522 2062 3578; x_wconf 90' lang='lat' dir='ltr'>scientes</span> 
     </span>
    </p>
   </div>
   <div class='ocr_carea' id='block_1_38' title="bbox 423 3614 2060 3688">
    <p class='ocr_par' dir='ltr' id='par_1_38' title="bbox 423 3614 2060 3688">
     <span class='ocr_line' id='line_1_38' title="bbox 423 3614 2060 3688; baseline 0.002 -20"><span class='ocrx_word' id='word_1_278' title='bbox 423 3614 554 3686; x_wconf 88' lang='lat' dir='ltr'>quia</span> <span class='ocrx_word' id='word_1_279' title='bbox 590 3614 886 3668; x_wconf 90' lang='lat' dir='ltr'>subversus</span> <span class='ocrx_word' id='word_1_280' title='bbox 915 3619 1000 3670; x_wconf 90' lang='lat' dir='ltr'>est</span> <span class='ocrx_word' id='word_1_281' title='bbox 1033 3614 1382 3684; x_wconf 90' lang='lat' dir='ltr'>hujusmodi,</span> <span class='ocrx_word' id='word_1_282' title='bbox 1419 3619 1477 3669; x_wconf 91' lang='lat' dir='ltr'>et</span> <span class='ocrx_word' id='word_1_283' title='bbox 1510 3615 1790 3688; x_wconf 83' lang='lat' dir='ltr'>delinquit</span> <span class='ocrx_word' id='word_1_284' title='bbox 1829 3616 2060 3687; x_wconf 88' lang='lat' dir='ltr'>proprio</span> 
     </span>
    </p>
   </div>
   <div class='ocr_carea' id='block_1_39' title="bbox 416 3708 2057 3780">
    <p class='ocr_par' dir='ltr' id='par_1_39' title="bbox 416 3708 2057 3780">
     <span class='ocr_line' id='line_1_39' title="bbox 416 3708 2057 3780; baseline 0.001 -18"><span class='ocrx_word' id='word_1_285' title='bbox 416 3708 634 3779; x_wconf 90' lang='lat' dir='ltr'>judicio</span> <span class='ocrx_word' id='word_1_286' title='bbox 663 3708 1094 3776; x_wconf 86' lang='lat' dir='ltr'>condemnatus,</span> <span class='ocrx_word' id='word_1_287' title='bbox 1129 3708 1286 3762; x_wconf 91' lang='lat' dir='ltr'>nullo</span> <span class='ocrx_word' id='word_1_288' title='bbox 1316 3709 1492 3763; x_wconf 90' lang='lat' dir='ltr'>modo</span> <span class='ocrx_word' id='word_1_289' title='bbox 1524 3714 1744 3780; x_wconf 90' lang='lat' dir='ltr'>oportet</span> <span class='ocrx_word' id='word_1_290' title='bbox 1772 3726 1877 3764; x_wconf 92' lang='lat' dir='ltr'>nos</span> <span class='ocrx_word' id='word_1_291' title='bbox 1898 3709 2057 3764; x_wconf 91' lang='lat' dir='ltr'>dein-</span> 
     </span>
    </p>
   </div>
   <div class='ocr_carea' id='block_1_40' title="bbox 423 3801 2060 3873">
    <p class='ocr_par' dir='ltr' id='par_1_40' title="bbox 423 3801 2060 3873">
     <span class='ocr_line' id='line_1_40' title="bbox 423 3801 2060 3873; baseline 0 -17"><span class='ocrx_word' id='word_1_292' title='bbox 423 3818 554 3872; x_wconf 90' lang='lat' dir='ltr'>ceps</span> <span class='ocrx_word' id='word_1_293' title='bbox 580 3806 764 3856; x_wconf 90' lang='lat' dir='ltr'>tacere</span> <span class='ocrx_word' id='word_1_294' title='bbox 805 3806 904 3855; x_wconf 92' lang='lat' dir='ltr'>aut</span> <span class='ocrx_word' id='word_1_295' title='bbox 931 3801 1245 3871; x_wconf 87' lang='lat' dir='ltr'>quiescere,</span> <span class='ocrx_word' id='word_1_296' title='bbox 1297 3819 1368 3856; x_wconf 91' lang='lat' dir='ltr'>ne</span> <span class='ocrx_word' id='word_1_297' title='bbox 1395 3819 1624 3873; x_wconf 88' lang='lat' dir='ltr'>quoquo</span> <span class='ocrx_word' id='word_1_298' title='bbox 1665 3803 1835 3857; x_wconf 91' lang='lat' dir='ltr'>modo</span> <span class='ocrx_word' id='word_1_299' title='bbox 1880 3803 2060 3873; x_wconf 90' lang='lat' dir='ltr'>iniqui</span> 
     </span>
    </p>
   </div>
   <div class='ocr_carea' id='block_1_41' title="bbox 415 3893 2058 3965">
    <p class='ocr_par' dir='ltr' id='par_1_41' title="bbox 415 3893 2058 3965">
     <span class='ocr_line' id='line_1_41' title="bbox 415 3893 2058 3965; baseline 0.001 -17"><span class='ocrx_word' id='word_1_300' title='bbox 415 3894 741 3965; x_wconf 90' lang='lat' dir='ltr'>judicemur</span> <span class='ocrx_word' id='word_1_301' title='bbox 767 3893 1036 3948; x_wconf 90' lang='lat' dir='ltr'>odibilem</span> <span class='ocrx_word' id='word_1_302' title='bbox 1072 3894 1182 3947; x_wconf 92' lang='lat' dir='ltr'>Deo</span> <span class='ocrx_word' id='word_1_303' title='bbox 1210 3910 1410 3964; x_wconf 91' lang='lat' dir='ltr'>pacem</span> <span class='ocrx_word' id='word_1_304' title='bbox 1447 3896 1876 3965; x_wconf 87' lang='lat' dir='ltr'>amplectentes.</span> <span class='ocrx_word' id='word_1_305' title='bbox 1907 3896 2058 3960; x_wconf 86' lang='lat' dir='ltr'>Quo-</span> 
     </span>
    </p>
   </div>
   <div class='ocr_carea' id='block_1_42' title="bbox 424 3987 2058 4059">
    <p class='ocr_par' dir='ltr' id='par_1_42' title="bbox 424 3987 2058 4059">
     <span class='ocr_line' id='line_1_42' title="bbox 424 3987 2058 4059; baseline 0.001 -18"><span class='ocrx_word' id='word_1_306' title='bbox 424 3988 580 4042; x_wconf 88' lang='lat' dir='ltr'>niam</span> <span class='ocrx_word' id='word_1_307' title='bbox 619 3987 894 4057; x_wconf 88' lang='lat' dir='ltr'>scriptum</span> <span class='ocrx_word' id='word_1_308' title='bbox 923 3991 1039 4040; x_wconf 88' lang='lat' dir='ltr'>est:</span> <span class='ocrx_word' id='word_1_309' title='bbox 1075 4008 1102 4036; x_wconf 88' lang='lat'><strong>«</strong></span> <span class='ocrx_word' id='word_1_310' title='bbox 1129 3987 1311 4042; x_wconf 91' lang='lat' dir='ltr'>Zelavi</span> <span class='ocrx_word' id='word_1_311' title='bbox 1354 3987 1413 4041; x_wconf 89' lang='lat' dir='ltr'>in</span> <span class='ocrx_word' id='word_1_312' title='bbox 1444 3988 1832 4058; x_wconf 87' lang='lat' dir='ltr'>peccatoribus</span> <span class='ocrx_word' id='word_1_313' title='bbox 1859 4005 2058 4059; x_wconf 84' lang='lat' dir='ltr'>pacem</span> 
     </span>
    </p>
   </div>
   <div class='ocr_carea' id='block_1_43' title="bbox 421 4079 2058 4153">
    <p class='ocr_par' dir='ltr' id='par_1_43' title="bbox 421 4079 2058 4153">
     <span class='ocr_line' id='line_1_43' title="bbox 421 4079 2058 4153; baseline 0.001 -18"><span class='ocrx_word' id='word_1_314' title='bbox 421 4084 784 4153; x_wconf 81' lang='lat' dir='ltr'>peccatorum</span> <span class='ocrx_word' id='word_1_315' title='bbox 808 4079 1008 4133; x_wconf 90' lang='lat' dir='ltr'>videns</span> <span class='ocrx_word' id='word_1_316' title='bbox 1034 4080 1198 4148; x_wconf 86' lang='lat' dir='ltr'>(Psal.</span> <span class='ocrx_word' id='word_1_317' title='bbox 1229 4096 1390 4148; x_wconf 79' lang='lat' dir='ltr'>LXXII,</span> <span class='ocrx_word' id='word_1_318' title='bbox 1412 4080 1486 4150; x_wconf 87' lang='lat'>3),</span> <span class='ocrx_word' id='word_1_319' title='bbox 1508 4103 1535 4128; x_wconf 82' lang='lat'><strong>»</strong></span> <span class='ocrx_word' id='word_1_320' title='bbox 1567 4083 1624 4134; x_wconf 93' lang='lat' dir='ltr'>et</span> <span class='ocrx_word' id='word_1_321' title='bbox 1643 4081 1862 4135; x_wconf 89' lang='lat' dir='ltr'>dicatur</span> <span class='ocrx_word' id='word_1_322' title='bbox 1884 4082 2058 4136; x_wconf 87' lang='lat' dir='ltr'>etiam</span> 
     </span>
    </p>
   </div>
   <div class='ocr_carea' id='block_1_44' title="bbox 424 4172 2055 4247">
    <p class='ocr_par' dir='ltr' id='par_1_44' title="bbox 424 4172 2055 4247">
     <span class='ocr_line' id='line_1_44' title="bbox 424 4172 2055 4247; baseline 0.001 -18"><span class='ocrx_word' id='word_1_323' title='bbox 424 4175 495 4229; x_wconf 91' lang='lat' dir='ltr'>de</span> <span class='ocrx_word' id='word_1_324' title='bbox 544 4174 745 4228; x_wconf 91' lang='lat' dir='ltr'>nobis:</span> <span class='ocrx_word' id='word_1_325' title='bbox 803 4172 1136 4229; x_wconf 86' lang='lat' dir='ltr'>Sacerdotes</span> <span class='ocrx_word' id='word_1_326' title='bbox 1183 4173 1295 4228; x_wconf 91' lang='lat' dir='ltr'>mei</span> <span class='ocrx_word' id='word_1_327' title='bbox 1352 4175 1818 4245; x_wconf 90' lang='lat' dir='ltr'>contempserunt</span> <span class='ocrx_word' id='word_1_328' title='bbox 1869 4175 2055 4247; x_wconf 90' lang='lat' dir='ltr'>legem</span> 
     </span>
    </p>
   </div>
   <div class='ocr_carea' id='block_1_45' title="bbox 420 4267 2054 4340">
    <p class='ocr_par' dir='ltr' id='par_1_45' title="bbox 420 4267 2054 4340">
     <span class='ocr_line' id='line_1_45' title="bbox 420 4267 2054 4340; baseline 0.001 -17"><span class='ocrx_word' id='word_1_329' title='bbox 420 4285 633 4336; x_wconf 91' lang='lat' dir='ltr'>meam,</span> <span class='ocrx_word' id='word_1_330' title='bbox 678 4273 735 4323; x_wconf 91' lang='lat' dir='ltr'>et</span> <span class='ocrx_word' id='word_1_331' title='bbox 780 4267 1110 4338; x_wconf 87' lang='lat' dir='ltr'>polluerunt</span> <span class='ocrx_word' id='word_1_332' title='bbox 1137 4267 1459 4322; x_wconf 89' lang='lat' dir='ltr'>sanctuaria</span> <span class='ocrx_word' id='word_1_333' title='bbox 1498 4284 1624 4323; x_wconf 90' lang='lat' dir='ltr'>mea</span> <span class='ocrx_word' id='word_1_334' title='bbox 1659 4269 1863 4338; x_wconf 77' lang='lat' dir='ltr'>(Ezech.</span> <span class='ocrx_word' id='word_1_335' title='bbox 1902 4286 2054 4340; x_wconf 83' lang='lat' dir='ltr'>mn,</span> 
     </span>
    </p>
   </div>
   <div class='ocr_carea' id='block_1_46' title="bbox 422 4360 2056 4433">
    <p class='ocr_par' dir='ltr' id='par_1_46' title="bbox 422 4360 2056 4433">
     <span class='ocr_line' id='line_1_46' title="bbox 422 4360 2056 4433; baseline 0.001 -14"><span class='ocrx_word' id='word_1_336' title='bbox 422 4364 528 4433; x_wconf 87' lang='lat'>38),</span> <span class='ocrx_word' id='word_1_337' title='bbox 561 4363 713 4417; x_wconf 88' lang='lat' dir='ltr'>inter</span> <span class='ocrx_word' id='word_1_338' title='bbox 737 4365 998 4416; x_wconf 90' lang='lat' dir='ltr'>sanctum</span> <span class='ocrx_word' id='word_1_339' title='bbox 1025 4363 1083 4415; x_wconf 88' lang='lat' dir='ltr'>et</span> <span class='ocrx_word' id='word_1_340' title='bbox 1102 4360 1408 4432; x_wconf 89' lang='lat' dir='ltr'>profanum</span> <span class='ocrx_word' id='word_1_341' title='bbox 1434 4378 1552 4416; x_wconf 92' lang='lat' dir='ltr'>non</span> <span class='ocrx_word' id='word_1_342' title='bbox 1574 4362 1820 4418; x_wconf 88' lang='lat' dir='ltr'>habuere</span> <span class='ocrx_word' id='word_1_343' title='bbox 1848 4363 2056 4420; x_wconf 88' lang='lat' dir='ltr'>distan-</span> 
     </span>
    </p>
   </div>
   <div class='ocr_carea' id='block_1_47' title="bbox 418 4454 2050 4527">
    <p class='ocr_par' dir='ltr' id='par_1_47' title="bbox 418 4454 2050 4527">
     <span class='ocr_line' id='line_1_47' title="bbox 418 4454 2050 4527; baseline 0.002 -17"><span class='ocrx_word' id='word_1_344' title='bbox 418 4459 581 4527; x_wconf 88' lang='lat' dir='ltr'>tiam,</span> <span class='ocrx_word' id='word_1_345' title='bbox 604 4456 754 4510; x_wconf 89' lang='lat' dir='ltr'>inter</span> <span class='ocrx_word' id='word_1_346' title='bbox 782 4455 1062 4526; x_wconf 92' lang='lat' dir='ltr'>pollutum</span> <span class='ocrx_word' id='word_1_347' title='bbox 1087 4456 1144 4508; x_wconf 90' lang='lat' dir='ltr'>et</span> <span class='ocrx_word' id='word_1_348' title='bbox 1172 4454 1454 4510; x_wconf 91' lang='lat' dir='ltr'>mundum</span> <span class='ocrx_word' id='word_1_349' title='bbox 1484 4473 1597 4511; x_wconf 92' lang='lat' dir='ltr'>non</span> <span class='ocrx_word' id='word_1_350' title='bbox 1625 4455 2050 4526; x_wconf 85' lang='lat' dir='ltr'>intellexerunt;</span> 
     </span>
    </p>
   </div>
   <div class='ocr_carea' id='block_1_48' title="bbox 2158 617 3802 692">
    <p class='ocr_par' dir='ltr' id='par_1_48' title="bbox 2158 617 3802 692">
     <span class='ocr_line' id='line_1_48' title="bbox 2158 617 3802 692; baseline -0.004 -15"><span class='ocrx_word' id='word_1_351' title='bbox 2158 623 2638 692; x_wconf 82' lang='lat' dir='ltr'>transﬁgurentur</span> <span class='ocrx_word' id='word_1_352' title='bbox 2663 622 2820 674; x_wconf 86' lang='lat' dir='ltr'>velut</span> <span class='ocrx_word' id='word_1_353' title='bbox 2844 619 3092 674; x_wconf 86' lang='lat' dir='ltr'>ministri</span> <span class='ocrx_word' id='word_1_354' title='bbox 3110 617 3366 688; x_wconf 65' lang='lat' dir='ltr'>justitias,</span> <span class='ocrx_word' id='word_1_355' title='bbox 3393 633 3637 689; x_wconf 89' lang='lat' dir='ltr'>quorum</span> <span class='ocrx_word' id='word_1_356' title='bbox 3669 617 3802 670; x_wconf 84' lang='lat' dir='ltr'>ﬁnis</span> 
     </span>
    </p>
   </div>
   <div class='ocr_carea' id='block_1_49' title="bbox 2159 710 3802 786">
    <p class='ocr_par' dir='ltr' id='par_1_49' title="bbox 2159 710 3802 786">
     <span class='ocr_line' id='line_1_49' title="bbox 2159 710 3802 786; baseline -0.004 -16"><span class='ocrx_word' id='word_1_357' title='bbox 2159 716 2473 770; x_wconf 89' lang='lat' dir='ltr'>secundum</span> <span class='ocrx_word' id='word_1_358' title='bbox 2503 731 2676 786; x_wconf 90' lang='lat' dir='ltr'>opera</span> <span class='ocrx_word' id='word_1_359' title='bbox 2708 730 2902 768; x_wconf 91' lang='lat' dir='ltr'>eorum</span> <span class='ocrx_word' id='word_1_360' title='bbox 2940 713 3014 780; x_wconf 89' lang='lat' dir='ltr'>(II</span> <span class='ocrx_word' id='word_1_361' title='bbox 3044 716 3162 770; x_wconf 86' lang='lat' dir='ltr'>Cor.</span> <span class='ocrx_word' id='word_1_362' title='bbox 3195 729 3253 778; x_wconf 85' lang='grc' dir='ltr'>ιι,</span> <span class='ocrx_word' id='word_1_363' title='bbox 3294 714 3378 777; x_wconf 86' lang='lat' dir='ltr'>l3,</span> <span class='ocrx_word' id='word_1_364' title='bbox 3406 711 3512 780; x_wconf 76' lang='grc'><strong>14).</strong></span> <span class='ocrx_word' id='word_1_365' title='bbox 3545 733 3572 760; x_wconf 88' lang='grc'><strong>››</strong></span> <span class='ocrx_word' id='word_1_366' title='bbox 3599 710 3714 765; x_wconf 92' lang='lat' dir='ltr'>Sed</span> <span class='ocrx_word' id='word_1_367' title='bbox 3745 714 3802 763; x_wconf 88' lang='lat' dir='ltr'>et</span> 
     </span>
    </p>
   </div>
   <div class='ocr_carea' id='block_1_50' title="bbox 2161 805 3802 878">
    <p class='ocr_par' dir='ltr' id='par_1_50' title="bbox 2161 805 3802 878">
     <span class='ocr_line' id='line_1_50' title="bbox 2161 805 3802 878; baseline -0.004 -14"><span class='ocrx_word' id='word_1_368' title='bbox 2161 810 2432 864; x_wconf 88' lang='lat' dir='ltr'>Dominus</span> <span class='ocrx_word' id='word_1_369' title='bbox 2462 809 2521 862; x_wconf 93' lang='lat' dir='ltr'>in</span> <span class='ocrx_word' id='word_1_370' title='bbox 2550 809 2653 862; x_wconf 89' lang='lat' dir='ltr'>hoc</span> <span class='ocrx_word' id='word_1_371' title='bbox 2697 807 3084 878; x_wconf 64' lang='lat' dir='ltr'>prmmuniens</span> <span class='ocrx_word' id='word_1_372' title='bbox 3129 823 3232 860; x_wconf 91' lang='lat' dir='ltr'>nos</span> <span class='ocrx_word' id='word_1_373' title='bbox 3261 805 3369 859; x_wconf 89' lang='lat' dir='ltr'>ait:</span> <span class='ocrx_word' id='word_1_374' title='bbox 3400 825 3426 855; x_wconf 79' lang='grc' dir='ltr'>α</span> <span class='ocrx_word' id='word_1_375' title='bbox 3457 805 3746 858; x_wconf 84' lang='lat' dir='ltr'>Attendite</span> <span class='ocrx_word' id='word_1_376' title='bbox 3769 821 3802 858; x_wconf 90' lang='lat' dir='ltr'>a</span> 
     </span>
    </p>
   </div>
   <div class='ocr_carea' id='block_1_51' title="bbox 2160 897 3802 974">
    <p class='ocr_par' dir='ltr' id='par_1_51' title="bbox 2160 897 3802 974">
     <span class='ocr_line' id='line_1_51' title="bbox 2160 897 3802 974; baseline -0.004 -17"><span class='ocrx_word' id='word_1_377' title='bbox 2160 903 2315 957; x_wconf 80' lang='lat' dir='ltr'>falsis</span> <span class='ocrx_word' id='word_1_378' title='bbox 2341 902 2650 974; x_wconf 83' lang='lat' dir='ltr'>prophetis,</span> <span class='ocrx_word' id='word_1_379' title='bbox 2693 901 2793 973; x_wconf 89' lang='lat' dir='ltr'>qui</span> <span class='ocrx_word' id='word_1_380' title='bbox 2821 899 3059 954; x_wconf 85' lang='lat' dir='ltr'>veniunt</span> <span class='ocrx_word' id='word_1_381' title='bbox 3095 899 3167 953; x_wconf 92' lang='lat' dir='ltr'>ad</span> <span class='ocrx_word' id='word_1_382' title='bbox 3209 915 3307 952; x_wconf 86' lang='lat' dir='ltr'>vos</span> <span class='ocrx_word' id='word_1_383' title='bbox 3337 899 3393 952; x_wconf 91' lang='lat' dir='ltr'>in</span> <span class='ocrx_word' id='word_1_384' title='bbox 3442 897 3802 952; x_wconf 85' lang='lat' dir='ltr'>vestimentis</span> 
     </span>
    </p>
   </div>
   <div class='ocr_carea' id='block_1_52' title="bbox 2112 981 3799 1077">
    <p class='ocr_par' dir='ltr' id='par_1_52' title="bbox 2112 981 3799 1077">
     <span class='ocr_line' id='line_1_52' title="bbox 2112 981 3799 1077; baseline -0.004 -26"><span class='ocrx_word' id='word_1_385' title='bbox 2112 981 2131 1077; x_wconf 57' lang='grc' dir='ltr'><strong>ί</strong></span> <span class='ocrx_word' id='word_1_386' title='bbox 2161 996 2371 1065; x_wconf 87' lang='lat' dir='ltr'>ovium,</span> <span class='ocrx_word' id='word_1_387' title='bbox 2405 995 2747 1050; x_wconf 89' lang='lat' dir='ltr'>intrinsecus</span> <span class='ocrx_word' id='word_1_388' title='bbox 2772 999 2964 1049; x_wconf 89' lang='lat' dir='ltr'>autem</span> <span class='ocrx_word' id='word_1_389' title='bbox 3002 998 3135 1047; x_wconf 89' lang='lat' dir='ltr'>sunt</span> <span class='ocrx_word' id='word_1_390' title='bbox 3159 992 3281 1063; x_wconf 90' lang='lat' dir='ltr'>lupi</span> <span class='ocrx_word' id='word_1_391' title='bbox 3318 1007 3570 1062; x_wconf 89' lang='lat' dir='ltr'>rapaces.</span> <span class='ocrx_word' id='word_1_392' title='bbox 3599 993 3648 1044; x_wconf 83' lang='lat' dir='ltr'><strong>A</strong></span> <span class='ocrx_word' id='word_1_393' title='bbox 3678 991 3799 1045; x_wconf 85' lang='lat' dir='ltr'>fru-</span> 
     </span>
    </p>
   </div>
   <div class='ocr_carea' id='block_1_53' title="bbox 2161 1086 3798 1158">
    <p class='ocr_par' dir='ltr' id='par_1_53' title="bbox 2161 1086 3798 1158">
     <span class='ocr_line' id='line_1_53' title="bbox 2161 1086 3798 1158; baseline -0.006 -14"><span class='ocrx_word' id='word_1_394' title='bbox 2161 1090 2344 1145; x_wconf 89' lang='lat' dir='ltr'>ctibus</span> <span class='ocrx_word' id='word_1_395' title='bbox 2388 1105 2586 1144; x_wconf 89' lang='lat' dir='ltr'>eorum</span> <span class='ocrx_word' id='word_1_396' title='bbox 2634 1087 2986 1158; x_wconf 90' lang='lat' dir='ltr'>cognoscetis</span> <span class='ocrx_word' id='word_1_397' title='bbox 3031 1103 3125 1140; x_wconf 92' lang='lat' dir='ltr'>eos</span> <span class='ocrx_word' id='word_1_398' title='bbox 3181 1086 3393 1155; x_wconf 77' lang='lat' dir='ltr'>(Matth.</span> <span class='ocrx_word' id='word_1_399' title='bbox 3455 1101 3548 1152; x_wconf 85' lang='lat' dir='ltr'>vn,</span> <span class='ocrx_word' id='word_1_400' title='bbox 3605 1086 3713 1155; x_wconf 76' lang='lat' dir='ltr'>l5).</span> <span class='ocrx_word' id='word_1_401' title='bbox 3770 1104 3798 1135; x_wconf 87' lang='lat'><strong>»</strong></span> 
     </span>
    </p>
   </div>
   <div class='ocr_carea' id='block_1_54' title="bbox 2161 1178 3802 1254">
    <p class='ocr_par' dir='ltr' id='par_1_54' title="bbox 2161 1178 3802 1254">
     <span class='ocr_line' id='line_1_54' title="bbox 2161 1178 3802 1254; baseline -0.004 -16"><span class='ocrx_word' id='word_1_402' title='bbox 2161 1185 2308 1254; x_wconf 89' lang='lat' dir='ltr'>Ergo</span> <span class='ocrx_word' id='word_1_403' title='bbox 2325 1183 2384 1238; x_wconf 88' lang='lat' dir='ltr'>in</span> <span class='ocrx_word' id='word_1_404' title='bbox 2411 1183 2656 1254; x_wconf 90' lang='lat' dir='ltr'>idipsum</span> <span class='ocrx_word' id='word_1_405' title='bbox 2689 1199 2757 1236; x_wconf 80' lang='lat' dir='ltr'>ex</span> <span class='ocrx_word' id='word_1_406' title='bbox 2784 1184 2902 1236; x_wconf 92' lang='lat' dir='ltr'>toto</span> <span class='ocrx_word' id='word_1_407' title='bbox 2925 1181 3092 1234; x_wconf 92' lang='lat' dir='ltr'>corde</span> <span class='ocrx_word' id='word_1_408' title='bbox 3108 1180 3418 1234; x_wconf 87' lang='lat' dir='ltr'>referentes</span> <span class='ocrx_word' id='word_1_409' title='bbox 3449 1183 3580 1233; x_wconf 91' lang='lat' dir='ltr'>ante</span> <span class='ocrx_word' id='word_1_410' title='bbox 3603 1178 3802 1232; x_wconf 87' lang='lat' dir='ltr'>omnia</span> 
     </span>
    </p>
   </div>
   <div class='ocr_carea' id='block_1_55' title="bbox 2162 1272 3800 1348">
    <p class='ocr_par' dir='ltr' id='par_1_55' title="bbox 2162 1272 3800 1348">
     <span class='ocr_line' id='line_1_55' title="bbox 2162 1272 3800 1348; baseline -0.004 -17"><span class='ocrx_word' id='word_1_411' title='bbox 2162 1293 2334 1348; x_wconf 90' lang='lat' dir='ltr'>super</span> <span class='ocrx_word' id='word_1_412' title='bbox 2358 1276 2453 1330; x_wconf 91' lang='lat' dir='ltr'>tali</span> <span class='ocrx_word' id='word_1_413' title='bbox 2473 1275 2784 1347; x_wconf 63' lang='lat' dir='ltr'>quiestione</span> <span class='ocrx_word' id='word_1_414' title='bbox 2812 1273 3289 1345; x_wconf 89' lang='lat' dir='ltr'>deprecationem,</span> <span class='ocrx_word' id='word_1_415' title='bbox 3314 1278 3370 1327; x_wconf 90' lang='lat' dir='ltr'>et</span> <span class='ocrx_word' id='word_1_416' title='bbox 3395 1272 3646 1327; x_wconf 90' lang='lat' dir='ltr'>dicentes</span> <span class='ocrx_word' id='word_1_417' title='bbox 3664 1287 3800 1326; x_wconf 91' lang='lat' dir='ltr'>cum</span> 
     </span>
    </p>
   </div>
   <div class='ocr_carea' id='block_1_56' title="bbox 2161 1364 3799 1433">
    <p class='ocr_par' dir='ltr' id='par_1_56' title="bbox 2161 1364 3799 1433">
     <span class='ocr_line' id='line_1_56' title="bbox 2161 1364 3799 1433; baseline -0.004 -9"><span class='ocrx_word' id='word_1_418' title='bbox 2161 1370 2362 1425; x_wconf 88' lang='lat' dir='ltr'>David:</span> <span class='ocrx_word' id='word_1_419' title='bbox 2397 1392 2423 1418; x_wconf 90' lang='grc'><strong>‹‹</strong></span> <span class='ocrx_word' id='word_1_420' title='bbox 2455 1370 2654 1423; x_wconf 83' lang='lat' dir='ltr'>Revela</span> <span class='ocrx_word' id='word_1_421' title='bbox 2692 1368 2885 1422; x_wconf 93' lang='lat' dir='ltr'>oculos</span> <span class='ocrx_word' id='word_1_422' title='bbox 2910 1384 3085 1433; x_wconf 89' lang='lat' dir='ltr'>meos,</span> <span class='ocrx_word' id='word_1_423' title='bbox 3117 1371 3172 1421; x_wconf 90' lang='lat' dir='ltr'>et</span> <span class='ocrx_word' id='word_1_424' title='bbox 3206 1364 3578 1420; x_wconf 90' lang='lat' dir='ltr'>considerabo</span> <span class='ocrx_word' id='word_1_425' title='bbox 3618 1364 3799 1418; x_wconf 88' lang='lat' dir='ltr'>mira-</span> 
     </span>
    </p>
   </div>
   <div class='ocr_carea' id='block_1_57' title="bbox 2160 1459 3798 1534">
    <p class='ocr_par' dir='ltr' id='par_1_57' title="bbox 2160 1459 3798 1534">
     <span class='ocr_line' id='line_1_57' title="bbox 2160 1459 3798 1534; baseline -0.004 -17"><span class='ocrx_word' id='word_1_426' title='bbox 2160 1463 2295 1519; x_wconf 89' lang='lat' dir='ltr'>bilia</span> <span class='ocrx_word' id='word_1_427' title='bbox 2325 1463 2395 1518; x_wconf 90' lang='lat' dir='ltr'>de</span> <span class='ocrx_word' id='word_1_428' title='bbox 2422 1463 2547 1534; x_wconf 92' lang='lat' dir='ltr'>lege</span> <span class='ocrx_word' id='word_1_429' title='bbox 2588 1466 2683 1516; x_wconf 90' lang='lat' dir='ltr'>tua</span> <span class='ocrx_word' id='word_1_430' title='bbox 2715 1459 2876 1531; x_wconf 80' lang='lat' dir='ltr'>(Psdl.</span> <span class='ocrx_word' id='word_1_431' title='bbox 2920 1477 3107 1526; x_wconf 84' lang='lat' dir='ltr'>cxvm,</span> <span class='ocrx_word' id='word_1_432' title='bbox 3145 1461 3249 1530; x_wconf 88' lang='lat' dir='ltr'>l8).</span> <span class='ocrx_word' id='word_1_433' title='bbox 3286 1481 3312 1509; x_wconf 88' lang='grc'><strong>››</strong></span> <span class='ocrx_word' id='word_1_434' title='bbox 3347 1481 3375 1510; x_wconf 91' lang='grc'>‹‹</span> <span class='ocrx_word' id='word_1_435' title='bbox 3408 1459 3658 1513; x_wconf 88' lang='lat' dir='ltr'>Lucerna</span> <span class='ocrx_word' id='word_1_436' title='bbox 3696 1474 3798 1528; x_wconf 83' lang='lat' dir='ltr'>pc-</span> 
     </span>
    </p>
   </div>
   <div class='ocr_carea' id='block_1_58' title="bbox 2161 1536 3802 1623">
    <p class='ocr_par' dir='ltr' id='par_1_58' title="bbox 2161 1551 3802 1623">
     <span class='ocr_line' id='line_1_58' title="bbox 2161 1551 3802 1623; baseline -0.005 -11"><span class='ocrx_word' id='word_1_437' title='bbox 2161 1557 2325 1612; x_wconf 90' lang='lat' dir='ltr'>dibus</span> <span class='ocrx_word' id='word_1_438' title='bbox 2345 1556 2489 1610; x_wconf 90' lang='lat' dir='ltr'>meis</span> <span class='ocrx_word' id='word_1_439' title='bbox 2515 1557 2753 1611; x_wconf 89' lang='lat' dir='ltr'>verbum</span> <span class='ocrx_word' id='word_1_440' title='bbox 2779 1558 2963 1623; x_wconf 92' lang='lat' dir='ltr'>tuum,</span> <span class='ocrx_word' id='word_1_441' title='bbox 2994 1554 3253 1622; x_wconf 87' lang='lat' dir='ltr'>Domine,</span> <span class='ocrx_word' id='word_1_442' title='bbox 3277 1558 3333 1608; x_wconf 91' lang='lat' dir='ltr'>et</span> <span class='ocrx_word' id='word_1_443' title='bbox 3359 1553 3552 1608; x_wconf 89' lang='lat' dir='ltr'>lumen</span> <span class='ocrx_word' id='word_1_444' title='bbox 3582 1551 3802 1606; x_wconf 83' lang='lat' dir='ltr'>semitis</span> 
     </span>
    </p>
   </div>
   <div class='ocr_carea' id='block_1_59' title="bbox 2159 1647 3798 1722">
    <p class='ocr_par' dir='ltr' id='par_1_59' title="bbox 2159 1647 3798 1722">
     <span class='ocr_line' id='line_1_59' title="bbox 2159 1647 3798 1722; baseline -0.005 -16"><span class='ocrx_word' id='word_1_445' title='bbox 2159 1651 2303 1706; x_wconf 90' lang='lat' dir='ltr'>meis</span> <span class='ocrx_word' id='word_1_446' title='bbox 2335 1649 2492 1722; x_wconf 73' lang='lat' dir='ltr'>(Ibid.</span> <span class='ocrx_word' id='word_1_447' title='bbox 2530 1651 2672 1720; x_wconf 79' lang='grc'><strong>105),</strong></span> <span class='ocrx_word' id='word_1_448' title='bbox 2708 1668 2736 1701; x_wconf 86' lang='grc'><strong>››</strong></span> <span class='ocrx_word' id='word_1_449' title='bbox 2768 1649 3061 1720; x_wconf 88' lang='lat' dir='ltr'>quoniam,</span> <span class='ocrx_word' id='word_1_450' title='bbox 3091 1649 3234 1701; x_wconf 84' lang='lat' dir='ltr'>sicut</span> <span class='ocrx_word' id='word_1_451' title='bbox 3263 1647 3341 1702; x_wconf 90' lang='lat' dir='ltr'>ait</span> <span class='ocrx_word' id='word_1_452' title='bbox 3369 1647 3567 1700; x_wconf 89' lang='lat' dir='ltr'>beatus</span> <span class='ocrx_word' id='word_1_453' title='bbox 3602 1647 3798 1700; x_wconf 88' lang='lat' dir='ltr'>Daniel</span> 
     </span>
    </p>
   </div>
   <div class='ocr_carea' id='block_1_60' title="bbox 2162 1739 3801 1816">
    <p class='ocr_par' dir='ltr' id='par_1_60' title="bbox 2162 1739 3801 1816">
     <span class='ocr_line' id='line_1_60' title="bbox 2162 1739 3801 1816; baseline -0.004 -17"><span class='ocrx_word' id='word_1_454' title='bbox 2162 1744 2458 1816; x_wconf 90' lang='lat' dir='ltr'>propheta,</span> <span class='ocrx_word' id='word_1_455' title='bbox 2502 1764 2530 1792; x_wconf 83' lang='lat'><strong>«</strong></span> <span class='ocrx_word' id='word_1_456' title='bbox 2573 1742 2863 1813; x_wconf 86' lang='lat' dir='ltr'>Sapientia</span> <span class='ocrx_word' id='word_1_457' title='bbox 2913 1747 2971 1796; x_wconf 89' lang='lat' dir='ltr'>et</span> <span class='ocrx_word' id='word_1_458' title='bbox 3015 1741 3289 1797; x_wconf 86' lang='lat' dir='ltr'>fortitudo</span> <span class='ocrx_word' id='word_1_459' title='bbox 3343 1740 3464 1810; x_wconf 91' lang='lat' dir='ltr'>ejus</span> <span class='ocrx_word' id='word_1_460' title='bbox 3509 1743 3662 1808; x_wconf 90' lang='lat' dir='ltr'>sunt,</span> <span class='ocrx_word' id='word_1_461' title='bbox 3707 1739 3801 1792; x_wconf 87' lang='lat' dir='ltr'>dat</span> 
     </span>
    </p>
   </div>
   <div class='ocr_carea' id='block_1_61' title="bbox 2163 1832 3801 1909">
    <p class='ocr_par' dir='ltr' id='par_1_61' title="bbox 2163 1832 3801 1909">
     <span class='ocr_line' id='line_1_61' title="bbox 2163 1832 3801 1909; baseline -0.004 -18"><span class='ocrx_word' id='word_1_462' title='bbox 2163 1837 2498 1909; x_wconf 88' lang='lat' dir='ltr'>sapientiam</span> <span class='ocrx_word' id='word_1_463' title='bbox 2528 1835 2899 1907; x_wconf 88' lang='lat' dir='ltr'>sapientibus,</span> <span class='ocrx_word' id='word_1_464' title='bbox 2931 1839 2988 1889; x_wconf 93' lang='lat' dir='ltr'>et</span> <span class='ocrx_word' id='word_1_465' title='bbox 3009 1835 3306 1889; x_wconf 88' lang='lat' dir='ltr'>scientiam</span> <span class='ocrx_word' id='word_1_466' title='bbox 3345 1832 3801 1903; x_wconf 89' lang='lat' dir='ltr'>intelligentibus</span> 
     </span>
    </p>
   </div>
   <div class='ocr_carea' id='block_1_62' title="bbox 2162 1926 3802 2002">
    <p class='ocr_par' dir='ltr' id='par_1_62' title="bbox 2162 1926 3802 2002">
     <span class='ocr_line' id='line_1_62' title="bbox 2162 1926 3802 2002; baseline -0.004 -17"><span class='ocrx_word' id='word_1_467' title='bbox 2162 1930 2542 2002; x_wconf 90' lang='lat' dir='ltr'>disciplinam,</span> <span class='ocrx_word' id='word_1_468' title='bbox 2565 1929 2684 2000; x_wconf 89' lang='lat' dir='ltr'>ipse</span> <span class='ocrx_word' id='word_1_469' title='bbox 2710 1929 2922 1983; x_wconf 86' lang='lat' dir='ltr'>revelat</span> <span class='ocrx_word' id='word_1_470' title='bbox 2959 1928 3241 1999; x_wconf 91' lang='lat' dir='ltr'>profunda</span> <span class='ocrx_word' id='word_1_471' title='bbox 3275 1931 3332 1981; x_wconf 91' lang='lat' dir='ltr'>et</span> <span class='ocrx_word' id='word_1_472' title='bbox 3361 1926 3712 1994; x_wconf 85' lang='lat' dir='ltr'>abscondita,</span> <span class='ocrx_word' id='word_1_473' title='bbox 3745 1929 3802 1978; x_wconf 89' lang='lat' dir='ltr'>et</span> 
     </span>
    </p>
   </div>
   <div class='ocr_carea' id='block_1_63' title="bbox 2159 2019 3802 2090">
    <p class='ocr_par' dir='ltr' id='par_1_63' title="bbox 2159 2019 3802 2090">
     <span class='ocr_line' id='line_1_63' title="bbox 2159 2019 3802 2090; baseline -0.005 -11"><span class='ocrx_word' id='word_1_474' title='bbox 2159 2024 2318 2079; x_wconf 89' lang='lat' dir='ltr'>novit</span> <span class='ocrx_word' id='word_1_475' title='bbox 2339 2024 2397 2077; x_wconf 92' lang='lat' dir='ltr'>in</span> <span class='ocrx_word' id='word_1_476' title='bbox 2429 2023 2678 2077; x_wconf 89' lang='lat' dir='ltr'>tenebris</span> <span class='ocrx_word' id='word_1_477' title='bbox 2705 2022 3030 2086; x_wconf 89' lang='lat' dir='ltr'>constituta,</span> <span class='ocrx_word' id='word_1_478' title='bbox 3069 2026 3125 2076; x_wconf 86' lang='lat' dir='ltr'>et</span> <span class='ocrx_word' id='word_1_479' title='bbox 3150 2022 3243 2075; x_wconf 86' lang='lat' dir='ltr'>lux</span> <span class='ocrx_word' id='word_1_480' title='bbox 3269 2037 3399 2074; x_wconf 93' lang='lat' dir='ltr'>cum</span> <span class='ocrx_word' id='word_1_481' title='bbox 3426 2037 3495 2076; x_wconf 91' lang='lat' dir='ltr'>eo</span> <span class='ocrx_word' id='word_1_482' title='bbox 3533 2023 3638 2088; x_wconf 90' lang='lat' dir='ltr'>est,</span> <span class='ocrx_word' id='word_1_483' title='bbox 3663 2019 3802 2090; x_wconf 89' lang='lat' dir='ltr'>quia</span> 
     </span>
    </p>
   </div>
   <div class='ocr_carea' id='block_1_64' title="bbox 2158 2112 3803 2190">
    <p class='ocr_par' dir='ltr' id='par_1_64' title="bbox 2158 2112 3803 2190">
     <span class='ocr_line' id='line_1_64' title="bbox 2158 2112 3803 2190; baseline -0.004 -18"><span class='ocrx_word' id='word_1_484' title='bbox 2158 2117 2499 2190; x_wconf 90' lang='lat' dir='ltr'>sapientiam</span> <span class='ocrx_word' id='word_1_485' title='bbox 2523 2121 2579 2170; x_wconf 89' lang='lat' dir='ltr'>et</span> <span class='ocrx_word' id='word_1_486' title='bbox 2605 2115 2995 2170; x_wconf 81' lang='lat' dir='ltr'>fortitudinem</span> <span class='ocrx_word' id='word_1_487' title='bbox 3019 2115 3214 2170; x_wconf 76' lang='lat' dir='ltr'>dedisti</span> <span class='ocrx_word' id='word_1_488' title='bbox 3248 2114 3410 2181; x_wconf 91' lang='lat' dir='ltr'>mihi,</span> <span class='ocrx_word' id='word_1_489' title='bbox 3435 2120 3491 2167; x_wconf 90' lang='lat' dir='ltr'>et</span> <span class='ocrx_word' id='word_1_490' title='bbox 3507 2112 3803 2167; x_wconf 88' lang='lat' dir='ltr'>ostendisti</span> 
     </span>
    </p>
   </div>
   <div class='ocr_carea' id='block_1_65' title="bbox 2161 2205 3802 2282">
    <p class='ocr_par' dir='ltr' id='par_1_65' title="bbox 2161 2205 3802 2282">
     <span class='ocr_line' id='line_1_65' title="bbox 2161 2205 3802 2282; baseline -0.004 -16"><span class='ocrx_word' id='word_1_491' title='bbox 2161 2211 2302 2266; x_wconf 91' lang='lat' dir='ltr'>mihi</span> <span class='ocrx_word' id='word_1_492' title='bbox 2336 2227 2464 2282; x_wconf 66' lang='lat' dir='ltr'>qua;</span> <span class='ocrx_word' id='word_1_493' title='bbox 2491 2209 2683 2280; x_wconf 88' lang='lat' dir='ltr'>rogavi</span> <span class='ocrx_word' id='word_1_494' title='bbox 2712 2215 2766 2263; x_wconf 89' lang='lat' dir='ltr'>te</span> <span class='ocrx_word' id='word_1_495' title='bbox 2802 2209 2957 2271; x_wconf 81' lang='lat' dir='ltr'>(Dan.</span> <span class='ocrx_word' id='word_1_496' title='bbox 2999 2226 3056 2277; x_wconf 74' lang='grc' dir='ltr'>ιι,</span> <span class='ocrx_word' id='word_1_497' title='bbox 3089 2209 3299 2278; x_wconf 70' lang='grc'><strong>20-24).</strong></span> <span class='ocrx_word' id='word_1_498' title='bbox 3332 2227 3360 2258; x_wconf 84' lang='grc'><strong>››</strong></span> <span class='ocrx_word' id='word_1_499' title='bbox 3391 2208 3530 2262; x_wconf 87' lang='lat' dir='ltr'>Cum</span> <span class='ocrx_word' id='word_1_500' title='bbox 3563 2223 3671 2277; x_wconf 89' lang='lat' dir='ltr'>ope</span> <span class='ocrx_word' id='word_1_501' title='bbox 3712 2205 3802 2259; x_wconf 91' lang='lat' dir='ltr'>di-</span> 
     </span>
    </p>
   </div>
   <div class='ocr_carea' id='block_1_66' title="bbox 2159 2299 3806 2374">
    <p class='ocr_par' dir='ltr' id='par_1_66' title="bbox 2159 2299 3806 2374">
     <span class='ocr_line' id='line_1_66' title="bbox 2159 2299 3806 2374; baseline -0.005 -15"><span class='ocrx_word' id='word_1_502' title='bbox 2159 2305 2288 2360; x_wconf 89' lang='lat' dir='ltr'>vina</span> <span class='ocrx_word' id='word_1_503' title='bbox 2314 2304 2758 2374; x_wconf 87' lang='lat' dir='ltr'>uniuscujusque</span> <span class='ocrx_word' id='word_1_504' title='bbox 2783 2319 3037 2374; x_wconf 59' lang='lat' dir='ltr'>persona&#39;.</span> <span class='ocrx_word' id='word_1_505' title='bbox 3066 2301 3383 2371; x_wconf 86' lang='lat' dir='ltr'>conscripta</span> <span class='ocrx_word' id='word_1_506' title='bbox 3409 2317 3511 2371; x_wconf 91' lang='lat' dir='ltr'>per</span> <span class='ocrx_word' id='word_1_507' title='bbox 3536 2299 3806 2355; x_wconf 77' lang='lat' dir='ltr'>novitatis</span> 
     </span>
    </p>
   </div>
   <div class='ocr_carea' id='block_1_67' title="bbox 2159 2393 3801 2463">
    <p class='ocr_par' dir='ltr' id='par_1_67' title="bbox 2159 2393 3801 2463">
     <span class='ocr_line' id='line_1_67' title="bbox 2159 2393 3801 2463; baseline -0.005 -9"><span class='ocrx_word' id='word_1_508' title='bbox 2159 2401 2549 2454; x_wconf 90' lang='lat' dir='ltr'>commentum</span> <span class='ocrx_word' id='word_1_509' title='bbox 2601 2395 2847 2450; x_wconf 89' lang='lat' dir='ltr'>accusati</span> <span class='ocrx_word' id='word_1_510' title='bbox 2898 2399 3050 2463; x_wconf 90' lang='lat' dir='ltr'>sunt,</span> <span class='ocrx_word' id='word_1_511' title='bbox 3106 2395 3176 2449; x_wconf 91' lang='lat' dir='ltr'>de</span> <span class='ocrx_word' id='word_1_512' title='bbox 3232 2394 3542 2448; x_wconf 89' lang='lat' dir='ltr'>venerabili</span> <span class='ocrx_word' id='word_1_513' title='bbox 3591 2393 3801 2447; x_wconf 88' lang='lat' dir='ltr'>scrinio</span> 
     </span>
    </p>
   </div>
   <div class='ocr_carea' id='block_1_68' title="bbox 2159 2487 3798 2547">
    <p class='ocr_par' dir='ltr' id='par_1_68' title="bbox 2159 2487 3798 2547">
     <span class='ocr_line' id='line_1_68' title="bbox 2159 2487 3798 2547; baseline -0.004 0"><span class='ocrx_word' id='word_1_514' title='bbox 2159 2490 2675 2547; x_wconf 89' lang='lat' dir='ltr'>obsecundantibus</span> <span class='ocrx_word' id='word_1_515' title='bbox 2703 2489 2868 2544; x_wconf 90' lang='lat' dir='ltr'>nobis</span> <span class='ocrx_word' id='word_1_516' title='bbox 2897 2489 3289 2546; x_wconf 89' lang='lat' dir='ltr'>ordinabiliter</span> <span class='ocrx_word' id='word_1_517' title='bbox 3314 2487 3685 2543; x_wconf 84' lang='lat' dir='ltr'>offerentibus</span> <span class='ocrx_word' id='word_1_518' title='bbox 3711 2503 3798 2540; x_wconf 90' lang='lat' dir='ltr'>so-</span> 
     </span>
    </p>
   </div>
   <div class='ocr_carea' id='block_1_69' title="bbox 2158 2584 2754 2641">
    <p class='ocr_par' dir='ltr' id='par_1_69' title="bbox 2158 2584 2754 2641">
     <span class='ocr_line' id='line_1_69' title="bbox 2158 2584 2754 2641; baseline -0.007 0"><span class='ocrx_word' id='word_1_519' title='bbox 2158 2586 2354 2641; x_wconf 88' lang='lat' dir='ltr'>lertius</span> <span class='ocrx_word' id='word_1_520' title='bbox 2371 2584 2754 2639; x_wconf 87' lang='lat' dir='ltr'>intendamus.</span> 
     </span>
    </p>
   </div>
   <div class='ocr_carea' id='block_1_70' title="bbox 2158 2699 3805 2772">
    <p class='ocr_par' dir='ltr' id='par_1_70' title="bbox 2158 2699 3805 2772">
     <span class='ocr_line' id='line_1_70' title="bbox 2158 2699 3805 2772; baseline -0.004 -12"><span class='ocrx_word' id='word_1_521' title='bbox 2158 2707 2232 2772; x_wconf 70' lang='lat' dir='ltr'>De</span> <span class='ocrx_word' id='word_1_522' title='bbox 2260 2703 2669 2772; x_wconf 80' lang='lat' dir='ltr'>chorepiscopis,</span> <span class='ocrx_word' id='word_1_523' title='bbox 2699 2706 2750 2756; x_wconf 85' lang='lat' dir='ltr'>et</span> <span class='ocrx_word' id='word_1_524' title='bbox 2778 2702 2874 2770; x_wconf 79' lang='lat' dir='ltr'>qui</span> <span class='ocrx_word' id='word_1_525' title='bbox 2907 2700 3047 2755; x_wconf 75' lang='lat' dir='ltr'>idem</span> <span class='ocrx_word' id='word_1_526' title='bbox 3078 2701 3207 2762; x_wconf 84' lang='lat' dir='ltr'>sint,</span> <span class='ocrx_word' id='word_1_527' title='bbox 3244 2703 3342 2754; x_wconf 86' lang='lat' dir='ltr'>aut</span> <span class='ocrx_word' id='word_1_528' title='bbox 3380 2701 3432 2754; x_wconf 77' lang='lat' dir='ltr'>si</span> <span class='ocrx_word' id='word_1_529' title='bbox 3453 2699 3671 2769; x_wconf 75' lang='lat' dir='ltr'>aliquid</span> <span class='ocrx_word' id='word_1_530' title='bbox 3692 2702 3805 2753; x_wconf 75' lang='lat' dir='ltr'>sint</span> 
     </span>
    </p>
   </div>
   <div class='ocr_carea' id='block_1_71' title="bbox 2838 2772 3119 2826">
    <p class='ocr_par' dir='ltr' id='par_1_71' title="bbox 2838 2772 3119 2826">
     <span class='ocr_line' id='line_1_71' title="bbox 2838 2772 3119 2826; baseline -0.007 0"><span class='ocrx_word' id='word_1_531' title='bbox 2838 2776 2936 2826; x_wconf 84' lang='lat' dir='ltr'>aut</span> <span class='ocrx_word' id='word_1_532' title='bbox 2962 2772 3119 2825; x_wconf 80' lang='lat' dir='ltr'>nihil.</span> 
     </span>
    </p>
   </div>
   <div class='ocr_carea' id='block_1_72' title="bbox 2229 2863 3797 2931">
    <p class='ocr_par' dir='ltr' id='par_1_72' title="bbox 2229 2863 3797 2931">
     <span class='ocr_line' id='line_1_72' title="bbox 2229 2863 3797 2931; baseline -0.004 -9"><span class='ocrx_word' id='word_1_533' title='bbox 2229 2866 2484 2923; x_wconf 90' lang='lat' dir='ltr'>Dominis</span> <span class='ocrx_word' id='word_1_534' title='bbox 2513 2864 2931 2921; x_wconf 89' lang='lat' dir='ltr'>venerabilibus</span> <span class='ocrx_word' id='word_1_535' title='bbox 2969 2863 3255 2931; x_wconf 89' lang='lat' dir='ltr'>fratribus,</span> <span class='ocrx_word' id='word_1_536' title='bbox 3292 2865 3571 2920; x_wconf 69' lang='lat' dir='ltr'>Pnoseeno</span> <span class='ocrx_word' id='word_1_537' title='bbox 3600 2863 3797 2918; x_wconf 88' lang='lat' dir='ltr'>Numi-</span> 
     </span>
    </p>
   </div>
   <div class='ocr_carea' id='block_1_73' title="bbox 2158 2959 3804 3033">
    <p class='ocr_par' dir='ltr' id='par_1_73' title="bbox 2158 2959 3804 3033">
     <span class='ocr_line' id='line_1_73' title="bbox 2158 2959 3804 3033; baseline -0.004 -16"><span class='ocrx_word' id='word_1_538' title='bbox 2158 2962 2265 3017; x_wconf 72' lang='lat' dir='ltr'>diae</span> <span class='ocrx_word' id='word_1_539' title='bbox 2292 2961 2495 3033; x_wconf 65' lang='lat' dir='ltr'>prima:</span> <span class='ocrx_word' id='word_1_540' title='bbox 2515 2959 2662 3014; x_wconf 90' lang='lat' dir='ltr'>sedis</span> <span class='ocrx_word' id='word_1_541' title='bbox 2691 2959 2974 3031; x_wconf 91' lang='lat' dir='ltr'>episcopo,</span> <span class='ocrx_word' id='word_1_542' title='bbox 3008 2959 3196 3028; x_wconf 71' lang='lat' dir='ltr'>Leom,</span> <span class='ocrx_word' id='word_1_543' title='bbox 3227 2959 3532 3024; x_wconf 63' lang='lat' dir='ltr'>Remum,</span> <span class='ocrx_word' id='word_1_544' title='bbox 3555 2960 3804 3011; x_wconf 73' lang='lat' dir='ltr'>ALEXAN-</span> 
     </span>
    </p>
   </div>
   <div class='ocr_carea' id='block_1_74' title="bbox 2159 3051 3800 3124">
    <p class='ocr_par' dir='ltr' id='par_1_74' title="bbox 2159 3051 3800 3124">
     <span class='ocr_line' id='line_1_74' title="bbox 2159 3051 3800 3124; baseline -0.004 -12"><span class='ocrx_word' id='word_1_545' title='bbox 2159 3072 2286 3124; x_wconf 79' lang='lat' dir='ltr'>Dno,</span> <span class='ocrx_word' id='word_1_546' title='bbox 2321 3056 2650 3120; x_wconf 82' lang='lat' dir='ltr'>BENEDICTO,</span> <span class='ocrx_word' id='word_1_547' title='bbox 2686 3055 2857 3123; x_wconf 74' lang='lat' dir='ltr'>Bero,</span> <span class='ocrx_word' id='word_1_548' title='bbox 2899 3059 2957 3108; x_wconf 90' lang='lat' dir='ltr'>et</span> <span class='ocrx_word' id='word_1_549' title='bbox 2993 3052 3256 3108; x_wconf 90' lang='lat' dir='ltr'>omnibus</span> <span class='ocrx_word' id='word_1_550' title='bbox 3301 3051 3538 3119; x_wconf 73' lang='lat' dir='ltr'>caeteris,</span> <span class='ocrx_word' id='word_1_551' title='bbox 3583 3051 3800 3122; x_wconf 89' lang='lat' dir='ltr'>ubique</span> 
     </span>
    </p>
   </div>
   <div class='ocr_carea' id='block_1_75' title="bbox 2159 3143 3799 3218">
    <p class='ocr_par' dir='ltr' id='par_1_75' title="bbox 2159 3143 3799 3218">
     <span class='ocr_line' id='line_1_75' title="bbox 2159 3143 3799 3218; baseline -0.004 -13"><span class='ocrx_word' id='word_1_552' title='bbox 2159 3150 2221 3205; x_wconf 90' lang='lat' dir='ltr'>in</span> <span class='ocrx_word' id='word_1_553' title='bbox 2245 3153 2400 3204; x_wconf 89' lang='lat' dir='ltr'>recta</span> <span class='ocrx_word' id='word_1_554' title='bbox 2449 3151 2639 3203; x_wconf 89' lang='lat' dir='ltr'>sancta</span> <span class='ocrx_word' id='word_1_555' title='bbox 2668 3153 2725 3203; x_wconf 90' lang='lat' dir='ltr'>et</span> <span class='ocrx_word' id='word_1_556' title='bbox 2752 3146 3055 3218; x_wconf 88' lang='lat' dir='ltr'>apostolica</span> <span class='ocrx_word' id='word_1_557' title='bbox 3101 3146 3211 3201; x_wconf 85' lang='lat' dir='ltr'>ﬁde</span> <span class='ocrx_word' id='word_1_558' title='bbox 3250 3143 3684 3201; x_wconf 89' lang='lat' dir='ltr'>consistentibus</span> <span class='ocrx_word' id='word_1_559' title='bbox 3707 3161 3799 3200; x_wconf 92' lang='lat' dir='ltr'>or-</span> 
     </span>
    </p>
   </div>
   <div class='ocr_carea' id='block_1_76' title="bbox 2163 3242 3058 3313">
    <p class='ocr_par' dir='ltr' id='par_1_76' title="bbox 2163 3242 3058 3313">
     <span class='ocr_line' id='line_1_76' title="bbox 2163 3242 3058 3313; baseline -0.006 -15"><span class='ocrx_word' id='word_1_560' title='bbox 2163 3243 2426 3298; x_wconf 84' lang='lat' dir='ltr'>thodoxis</span> <span class='ocrx_word' id='word_1_561' title='bbox 2453 3242 2750 3313; x_wconf 88' lang='lat' dir='ltr'>episcopis,</span> <span class='ocrx_word' id='word_1_562' title='bbox 2785 3242 3058 3296; x_wconf 81' lang='lat' dir='ltr'>DAMASUS.</span> 
     </span>
    </p>
   </div>
   <div class='ocr_carea' id='block_1_77' title="bbox 2233 3332 3800 3403">
    <p class='ocr_par' dir='ltr' id='par_1_77' title="bbox 2233 3332 3800 3403">
     <span class='ocr_line' id='line_1_77' title="bbox 2233 3332 3800 3403; baseline -0.003 -12"><span class='ocrx_word' id='word_1_563' title='bbox 2233 3337 2405 3403; x_wconf 90' lang='lat' dir='ltr'>Licet,</span> <span class='ocrx_word' id='word_1_564' title='bbox 2444 3336 2646 3390; x_wconf 86' lang='lat' dir='ltr'>fratres</span> <span class='ocrx_word' id='word_1_565' title='bbox 2683 3333 3018 3401; x_wconf 90' lang='lat' dir='ltr'>charissimi,</span> <span class='ocrx_word' id='word_1_566' title='bbox 3053 3333 3208 3388; x_wconf 86' lang='lat' dir='ltr'>vobis</span> <span class='ocrx_word' id='word_1_567' title='bbox 3252 3332 3365 3387; x_wconf 89' lang='lat' dir='ltr'>sint</span> <span class='ocrx_word' id='word_1_568' title='bbox 3401 3338 3540 3388; x_wconf 90' lang='lat' dir='ltr'>nota</span> <span class='ocrx_word' id='word_1_569' title='bbox 3567 3334 3800 3388; x_wconf 86' lang='lat' dir='ltr'>Patrum</span> 
     </span>
    </p>
   </div>
   <div class='ocr_carea' id='block_1_78' title="bbox 2162 3426 3800 3500">
    <p class='ocr_par' dir='ltr' id='par_1_78' title="bbox 2162 3426 3800 3500">
     <span class='ocr_line' id='line_1_78' title="bbox 2162 3426 3800 3500; baseline -0.004 -14"><span class='ocrx_word' id='word_1_570' title='bbox 2162 3431 2406 3497; x_wconf 89' lang='lat' dir='ltr'>decreta,</span> <span class='ocrx_word' id='word_1_571' title='bbox 2431 3429 2650 3499; x_wconf 89' lang='lat' dir='ltr'>mirari,</span> <span class='ocrx_word' id='word_1_572' title='bbox 2682 3433 2871 3483; x_wconf 86' lang='lat' dir='ltr'>tamen</span> <span class='ocrx_word' id='word_1_573' title='bbox 2897 3445 3012 3483; x_wconf 92' lang='lat' dir='ltr'>non</span> <span class='ocrx_word' id='word_1_574' title='bbox 3040 3443 3343 3500; x_wconf 89' lang='lat' dir='ltr'>possumus</span> <span class='ocrx_word' id='word_1_575' title='bbox 3357 3429 3602 3481; x_wconf 89' lang='lat' dir='ltr'>vestram</span> <span class='ocrx_word' id='word_1_576' title='bbox 3629 3426 3800 3482; x_wconf 87' lang='lat' dir='ltr'>soler-</span> 
     </span>
    </p>
   </div>
   <div class='ocr_carea' id='block_1_79' title="bbox 2161 3522 3806 3592">
    <p class='ocr_par' dir='ltr' id='par_1_79' title="bbox 2161 3522 3806 3592">
     <span class='ocr_line' id='line_1_79' title="bbox 2161 3522 3806 3592; baseline -0.002 -13"><span class='ocrx_word' id='word_1_577' title='bbox 2161 3525 2298 3579; x_wconf 90' lang='lat' dir='ltr'>tiam</span> <span class='ocrx_word' id='word_1_578' title='bbox 2323 3524 2473 3579; x_wconf 90' lang='lat' dir='ltr'>circa</span> <span class='ocrx_word' id='word_1_579' title='bbox 2491 3522 2751 3577; x_wconf 84' lang='lat' dir='ltr'>instituta</span> <span class='ocrx_word' id='word_1_580' title='bbox 2771 3522 3078 3592; x_wconf 90' lang='lat' dir='ltr'>majorum,</span> <span class='ocrx_word' id='word_1_581' title='bbox 3108 3527 3169 3576; x_wconf 89' lang='lat' dir='ltr'>ut</span> <span class='ocrx_word' id='word_1_582' title='bbox 3189 3524 3392 3576; x_wconf 82' lang='lat' dir='ltr'>cuncta</span> <span class='ocrx_word' id='word_1_583' title='bbox 3415 3537 3542 3592; x_wconf 86' lang='lat' dir='ltr'>quae</span> <span class='ocrx_word' id='word_1_584' title='bbox 3563 3526 3806 3591; x_wconf 90' lang='lat' dir='ltr'>possunt</span> 
     </span>
    </p>
   </div>
   <div class='ocr_carea' id='block_1_80' title="bbox 2163 3613 3803 3690">
    <p class='ocr_par' dir='ltr' id='par_1_80' title="bbox 2163 3613 3803 3690">
     <span class='ocr_line' id='line_1_80' title="bbox 2163 3613 3803 3690; baseline -0.003 -16"><span class='ocrx_word' id='word_1_585' title='bbox 2163 3617 2212 3690; x_wconf 75' lang='grc'><strong>1</strong></span> <span class='ocrx_word' id='word_1_586' title='bbox 2230 3617 2355 3690; x_wconf 84' lang='grc'>64</span> <span class='ocrx_word' id='word_1_587' title='bbox 2374 3617 2623 3688; x_wconf 88' lang='lat' dir='ltr'>aliquam</span> <span class='ocrx_word' id='word_1_588' title='bbox 2642 3615 2892 3687; x_wconf 89' lang='lat' dir='ltr'>recipere</span> <span class='ocrx_word' id='word_1_589' title='bbox 2906 3614 3411 3684; x_wconf 90' lang='lat' dir='ltr'>dubitationem,ad</span> <span class='ocrx_word' id='word_1_590' title='bbox 3427 3631 3533 3668; x_wconf 92' lang='lat' dir='ltr'>nos</span> <span class='ocrx_word' id='word_1_591' title='bbox 3547 3613 3710 3684; x_wconf 89' lang='lat' dir='ltr'>quasi</span> <span class='ocrx_word' id='word_1_592' title='bbox 3728 3614 3803 3669; x_wconf 89' lang='lat' dir='ltr'>ad</span> 
     </span>
    </p>
   </div>
   <div class='ocr_carea' id='block_1_81' title="bbox 2161 3706 3800 3782">
    <p class='ocr_par' dir='ltr' id='par_1_81' title="bbox 2161 3706 3800 3782">
     <span class='ocr_line' id='line_1_81' title="bbox 2161 3706 3800 3782; baseline -0.002 -17"><span class='ocrx_word' id='word_1_593' title='bbox 2161 3716 2350 3782; x_wconf 89' lang='lat' dir='ltr'>caput,</span> <span class='ocrx_word' id='word_1_594' title='bbox 2383 3715 2445 3764; x_wconf 91' lang='lat' dir='ltr'>ut</span> <span class='ocrx_word' id='word_1_595' title='bbox 2472 3726 2699 3781; x_wconf 89' lang='lat' dir='ltr'>semper</span> <span class='ocrx_word' id='word_1_596' title='bbox 2717 3709 2825 3764; x_wconf 91' lang='lat' dir='ltr'>fuit</span> <span class='ocrx_word' id='word_1_597' title='bbox 2861 3709 3235 3778; x_wconf 90' lang='lat' dir='ltr'>consuetudo,</span> <span class='ocrx_word' id='word_1_598' title='bbox 3261 3709 3482 3763; x_wconf 90' lang='lat' dir='ltr'>deferre</span> <span class='ocrx_word' id='word_1_599' title='bbox 3509 3725 3621 3762; x_wconf 92' lang='lat' dir='ltr'>non</span> <span class='ocrx_word' id='word_1_600' title='bbox 3651 3706 3800 3762; x_wconf 88' lang='lat' dir='ltr'>desi-</span> 
     </span>
    </p>
   </div>
   <div class='ocr_carea' id='block_1_82' title="bbox 2162 3801 3798 3874">
    <p class='ocr_par' dir='ltr' id='par_1_82' title="bbox 2162 3801 3798 3874">
     <span class='ocr_line' id='line_1_82' title="bbox 2162 3801 3798 3874; baseline -0.002 -16"><span class='ocrx_word' id='word_1_601' title='bbox 2162 3805 2330 3871; x_wconf 89' lang='lat' dir='ltr'>natis,</span> <span class='ocrx_word' id='word_1_602' title='bbox 2361 3809 2420 3858; x_wconf 92' lang='lat' dir='ltr'>ut</span> <span class='ocrx_word' id='word_1_603' title='bbox 2441 3803 2572 3858; x_wconf 87' lang='lat' dir='ltr'>inde</span> <span class='ocrx_word' id='word_1_604' title='bbox 2603 3803 2832 3874; x_wconf 88' lang='lat' dir='ltr'>capiatis</span> <span class='ocrx_word' id='word_1_605' title='bbox 2862 3819 3130 3873; x_wconf 88' lang='lat' dir='ltr'>responsa</span> <span class='ocrx_word' id='word_1_606' title='bbox 3155 3802 3305 3856; x_wconf 89' lang='lat' dir='ltr'>unde</span> <span class='ocrx_word' id='word_1_607' title='bbox 3326 3801 3616 3872; x_wconf 89' lang='lat' dir='ltr'>accepistis</span> <span class='ocrx_word' id='word_1_608' title='bbox 3635 3801 3798 3856; x_wconf 90' lang='lat' dir='ltr'>insti-</span> 
     </span>
    </p>
   </div>
   <div class='ocr_carea' id='block_1_83' title="bbox 2158 3894 3799 3953">
    <p class='ocr_par' dir='ltr' id='par_1_83' title="bbox 2158 3894 3799 3953">
     <span class='ocr_line' id='line_1_83' title="bbox 2158 3894 3799 3953; baseline -0.002 0"><span class='ocrx_word' id='word_1_609' title='bbox 2158 3898 2439 3953; x_wconf 88' lang='lat' dir='ltr'>tutionem</span> <span class='ocrx_word' id='word_1_610' title='bbox 2467 3901 2524 3951; x_wconf 89' lang='lat' dir='ltr'>et</span> <span class='ocrx_word' id='word_1_611' title='bbox 2553 3913 2813 3952; x_wconf 90' lang='lat' dir='ltr'>normam</span> <span class='ocrx_word' id='word_1_612' title='bbox 2839 3901 2987 3950; x_wconf 84' lang='lat' dir='ltr'>recte</span> <span class='ocrx_word' id='word_1_613' title='bbox 3018 3894 3263 3950; x_wconf 87' lang='lat' dir='ltr'>vivendi.</span> <span class='ocrx_word' id='word_1_614' title='bbox 3295 3895 3452 3950; x_wconf 88' lang='lat' dir='ltr'>Unde</span> <span class='ocrx_word' id='word_1_615' title='bbox 3477 3901 3533 3950; x_wconf 92' lang='lat' dir='ltr'>et</span> <span class='ocrx_word' id='word_1_616' title='bbox 3558 3911 3654 3949; x_wconf 88' lang='lat' dir='ltr'>vos</span> <span class='ocrx_word' id='word_1_617' title='bbox 3682 3911 3799 3950; x_wconf 89' lang='lat' dir='ltr'>non</span> 
     </span>
    </p>
   </div>
   <div class='ocr_carea' id='block_1_84' title="bbox 2157 3988 3798 4060">
    <p class='ocr_par' dir='ltr' id='par_1_84' title="bbox 2157 3988 3798 4060">
     <span class='ocr_line' id='line_1_84' title="bbox 2157 3988 3798 4060; baseline -0.002 -14"><span class='ocrx_word' id='word_1_618' title='bbox 2157 3992 2526 4046; x_wconf 91' lang='lat' dir='ltr'>immemores</span> <span class='ocrx_word' id='word_1_619' title='bbox 2543 4007 2825 4046; x_wconf 92' lang='lat' dir='ltr'>canonum</span> <span class='ocrx_word' id='word_1_620' title='bbox 2853 4006 2973 4045; x_wconf 92' lang='lat' dir='ltr'>esse</span> <span class='ocrx_word' id='word_1_621' title='bbox 3005 3990 3397 4058; x_wconf 89' lang='lat' dir='ltr'>recordamur,</span> <span class='ocrx_word' id='word_1_622' title='bbox 3414 3988 3513 4060; x_wconf 89' lang='lat' dir='ltr'>qui</span> <span class='ocrx_word' id='word_1_623' title='bbox 3532 3991 3588 4043; x_wconf 89' lang='lat' dir='ltr'>et</span> <span class='ocrx_word' id='word_1_624' title='bbox 3607 3988 3798 4060; x_wconf 90' lang='lat' dir='ltr'>ipsum</span> 
     </span>
    </p>
   </div>
   <div class='ocr_carea' id='block_1_85' title="bbox 2157 4081 3800 4157">
    <p class='ocr_par' dir='ltr' id='par_1_85' title="bbox 2157 4081 3800 4157">
     <span class='ocr_line' id='line_1_85' title="bbox 2157 4081 3800 4157; baseline -0.001 -18"><span class='ocrx_word' id='word_1_625' title='bbox 2157 4085 2282 4139; x_wconf 88' lang='lat' dir='ltr'>fieri</span> <span class='ocrx_word' id='word_1_626' title='bbox 2312 4085 2655 4157; x_wconf 67' lang='lat' dir='ltr'>prmeipiunt</span> <span class='ocrx_word' id='word_1_627' title='bbox 2689 4101 2804 4139; x_wconf 92' lang='lat' dir='ltr'>non</span> <span class='ocrx_word' id='word_1_628' title='bbox 2843 4089 2908 4139; x_wconf 91' lang='lat' dir='ltr'>ut</span> <span class='ocrx_word' id='word_1_629' title='bbox 2930 4083 3091 4139; x_wconf 91' lang='lat' dir='ltr'>vobis</span> <span class='ocrx_word' id='word_1_630' title='bbox 3122 4083 3368 4137; x_wconf 73' lang='lat' dir='ltr'>scientiae</span> <span class='ocrx_word' id='word_1_631' title='bbox 3407 4081 3800 4138; x_wconf 74' lang='lat' dir='ltr'>ecclesiasticae</span> 
     </span>
    </p>
   </div>
   <div class='ocr_carea' id='block_1_86' title="bbox 2158 4175 3796 4251">
    <p class='ocr_par' dir='ltr' id='par_1_86' title="bbox 2158 4175 3796 4251">
     <span class='ocr_line' id='line_1_86' title="bbox 2158 4175 3796 4251; baseline -0.002 -17"><span class='ocrx_word' id='word_1_632' title='bbox 2158 4179 2373 4251; x_wconf 66' lang='lat' dir='ltr'>regulae</span> <span class='ocrx_word' id='word_1_633' title='bbox 2417 4179 2644 4251; x_wconf 90' lang='lat' dir='ltr'>aliquod</span> <span class='ocrx_word' id='word_1_634' title='bbox 2693 4178 2856 4246; x_wconf 88' lang='lat' dir='ltr'>desit,</span> <span class='ocrx_word' id='word_1_635' title='bbox 2889 4177 2986 4232; x_wconf 88' lang='lat' dir='ltr'>sed</span> <span class='ocrx_word' id='word_1_636' title='bbox 3016 4182 3081 4232; x_wconf 91' lang='lat' dir='ltr'>ut</span> <span class='ocrx_word' id='word_1_637' title='bbox 3109 4175 3440 4232; x_wconf 88' lang='lat' dir='ltr'>auctoritate</span> <span class='ocrx_word' id='word_1_638' title='bbox 3480 4176 3629 4231; x_wconf 82' lang='lat' dir='ltr'>sedis</span> <span class='ocrx_word' id='word_1_639' title='bbox 3658 4193 3796 4249; x_wconf 87' lang='lat' dir='ltr'>apo-</span> 
     </span>
    </p>
   </div>
   <div class='ocr_carea' id='block_1_87' title="bbox 2157 4269 3561 4342">
    <p class='ocr_par' dir='ltr' id='par_1_87' title="bbox 2157 4269 3561 4342">
     <span class='ocr_line' id='line_1_87' title="bbox 2157 4269 3561 4342; baseline -0.002 -14"><span class='ocrx_word' id='word_1_640' title='bbox 2157 4273 2366 4328; x_wconf 73' lang='lat' dir='ltr'>stolicae</span> <span class='ocrx_word' id='word_1_641' title='bbox 2393 4271 2522 4327; x_wconf 90' lang='lat' dir='ltr'>fulti</span> <span class='ocrx_word' id='word_1_642' title='bbox 2547 4273 2601 4327; x_wconf 95' lang='lat' dir='ltr'>in</span> <span class='ocrx_word' id='word_1_643' title='bbox 2629 4273 2788 4327; x_wconf 91' lang='lat' dir='ltr'>nullo</span> <span class='ocrx_word' id='word_1_644' title='bbox 2819 4271 2889 4326; x_wconf 91' lang='lat' dir='ltr'>ab</span> <span class='ocrx_word' id='word_1_645' title='bbox 2919 4272 3043 4342; x_wconf 88' lang='lat' dir='ltr'>ejus</span> <span class='ocrx_word' id='word_1_646' title='bbox 3071 4271 3302 4326; x_wconf 85' lang='lat' dir='ltr'>devictis</span> <span class='ocrx_word' id='word_1_647' title='bbox 3331 4269 3561 4342; x_wconf 87' lang='lat' dir='ltr'>regulis.</span> 
     </span>
    </p>
   </div>
   <div class='ocr_carea' id='block_1_88' title="bbox 2227 4364 3799 4440">
    <p class='ocr_par' dir='ltr' id='par_1_88' title="bbox 2227 4364 3799 4440">
     <span class='ocr_line' id='line_1_88' title="bbox 2227 4364 3799 4440; baseline -0.002 -17"><span class='ocrx_word' id='word_1_648' title='bbox 2227 4366 2406 4440; x_wconf 86' lang='lat' dir='ltr'>Igitur</span> <span class='ocrx_word' id='word_1_649' title='bbox 2445 4367 2515 4422; x_wconf 91' lang='lat' dir='ltr'>de</span> <span class='ocrx_word' id='word_1_650' title='bbox 2557 4365 2977 4438; x_wconf 88' lang='lat' dir='ltr'>chorepiscopis</span> <span class='ocrx_word' id='word_1_651' title='bbox 3004 4364 3073 4420; x_wconf 91' lang='lat' dir='ltr'>de</span> <span class='ocrx_word' id='word_1_652' title='bbox 3099 4364 3305 4436; x_wconf 90' lang='lat' dir='ltr'>quibus</span> <span class='ocrx_word' id='word_1_653' title='bbox 3352 4381 3467 4419; x_wconf 92' lang='lat' dir='ltr'>non</span> <span class='ocrx_word' id='word_1_654' title='bbox 3505 4365 3799 4421; x_wconf 86' lang='lat' dir='ltr'>consulere</span> 
     </span>
    </p>
   </div>
   <div class='ocr_carea' id='block_1_89' title="bbox 2157 4457 3796 4532">
    <p class='ocr_par' dir='ltr' id='par_1_89' title="bbox 2157 4457 3796 4532">
     <span class='ocr_line' id='line_1_89' title="bbox 2157 4457 3796 4532; baseline -0.001 -18"><span class='ocrx_word' id='word_1_655' title='bbox 2157 4461 2326 4532; x_wconf 90' lang='lat' dir='ltr'>quale</span> <span class='ocrx_word' id='word_1_656' title='bbox 2351 4460 2424 4515; x_wconf 90' lang='lat' dir='ltr'>sit</span> <span class='ocrx_word' id='word_1_657' title='bbox 2454 4477 2656 4516; x_wconf 90' lang='lat' dir='ltr'>eorum</span> <span class='ocrx_word' id='word_1_658' title='bbox 2683 4459 3090 4528; x_wconf 90' lang='lat' dir='ltr'>ministerium,</span> <span class='ocrx_word' id='word_1_659' title='bbox 3122 4463 3222 4513; x_wconf 89' lang='lat' dir='ltr'>aut</span> <span class='ocrx_word' id='word_1_660' title='bbox 3252 4458 3391 4529; x_wconf 89' lang='lat' dir='ltr'>quid</span> <span class='ocrx_word' id='word_1_661' title='bbox 3421 4457 3502 4513; x_wconf 91' lang='lat' dir='ltr'>eis</span> <span class='ocrx_word' id='word_1_662' title='bbox 3527 4475 3700 4529; x_wconf 87' lang='lat' dir='ltr'>agere</span> <span class='ocrx_word' id='word_1_663' title='bbox 3727 4458 3796 4512; x_wconf 87' lang='lat' dir='ltr'>li-</span> 
     </span>
    </p>
   </div>
   <div class='ocr_carea' id='block_1_90' title="bbox 417 4549 3798 4630">
    <p class='ocr_par' dir='ltr' id='par_1_90' title="bbox 417 4549 3798 4630">
     <span class='ocr_line' id='line_1_90' title="bbox 417 4549 3798 4630; baseline 0 -24"><span class='ocrx_word' id='word_1_664' title='bbox 417 4551 515 4606; x_wconf 88' lang='lat' dir='ltr'>sed</span> <span class='ocrx_word' id='word_1_665' title='bbox 541 4565 886 4620; x_wconf 88' lang='lat' dir='ltr'>consurgere</span> <span class='ocrx_word' id='word_1_666' title='bbox 915 4564 1049 4603; x_wconf 91' lang='lat' dir='ltr'>cum</span> <span class='ocrx_word' id='word_1_667' title='bbox 1081 4549 1209 4615; x_wconf 92' lang='lat' dir='ltr'>Deo,</span> <span class='ocrx_word' id='word_1_668' title='bbox 1239 4552 1295 4603; x_wconf 91' lang='lat' dir='ltr'>et</span> <span class='ocrx_word' id='word_1_669' title='bbox 1333 4549 1636 4606; x_wconf 90' lang='lat' dir='ltr'>consistere</span> <span class='ocrx_word' id='word_1_670' title='bbox 1675 4557 1938 4622; x_wconf 88' lang='lat' dir='ltr'>prompte</span> <span class='ocrx_word' id='word_1_671' title='bbox 1965 4552 2053 4607; x_wconf 93' lang='lat' dir='ltr'>in-</span> <span class='ocrx_word' id='word_1_672' title='bbox 2076 4558 2136 4630; x_wconf 78' lang='grc' dir='ltr'>Ι)</span> <span class='ocrx_word' id='word_1_673' title='bbox 2159 4557 2304 4621; x_wconf 88' lang='lat' dir='ltr'>ceat,</span> <span class='ocrx_word' id='word_1_674' title='bbox 2325 4557 2424 4608; x_wconf 93' lang='lat' dir='ltr'>aut</span> <span class='ocrx_word' id='word_1_675' title='bbox 2449 4571 2620 4626; x_wconf 90' lang='lat' dir='ltr'>quam</span> <span class='ocrx_word' id='word_1_676' title='bbox 2641 4553 3033 4608; x_wconf 88' lang='lat' dir='ltr'>auctoritatem</span> <span class='ocrx_word' id='word_1_677' title='bbox 3060 4551 3325 4622; x_wconf 89' lang='lat' dir='ltr'>habeant,</span> <span class='ocrx_word' id='word_1_678' title='bbox 3355 4552 3439 4606; x_wconf 86' lang='lat' dir='ltr'>vel</span> <span class='ocrx_word' id='word_1_679' title='bbox 3468 4552 3514 4606; x_wconf 90' lang='lat' dir='ltr'>si</span> <span class='ocrx_word' id='word_1_680' title='bbox 3541 4552 3674 4607; x_wconf 90' lang='lat' dir='ltr'>licet</span> <span class='ocrx_word' id='word_1_681' title='bbox 3699 4569 3798 4607; x_wconf 84' lang='lat' dir='ltr'>eos</span> 
     </span>
    </p>
   </div>
   <div class='ocr_carea' id='block_1_91' title="bbox 419 4640 2055 4716">
    <p class='ocr_par' dir='ltr' id='par_1_91' title="bbox 419 4640 2055 4716">
     <span class='ocr_line' id='line_1_91' title="bbox 419 4640 2055 4716; baseline 0 -17"><span class='ocrx_word' id='word_1_682' title='bbox 419 4645 662 4699; x_wconf 89' lang='lat' dir='ltr'>duentes</span> <span class='ocrx_word' id='word_1_683' title='bbox 692 4659 852 4697; x_wconf 88' lang='lat' dir='ltr'>arma</span> <span class='ocrx_word' id='word_1_684' title='bbox 881 4640 1110 4713; x_wconf 88' lang='lat' dir='ltr'>spiritus</span> <span class='ocrx_word' id='word_1_685' title='bbox 1135 4642 1400 4698; x_wconf 87' lang='lat' dir='ltr'>adversus</span> <span class='ocrx_word' id='word_1_686' title='bbox 1445 4645 1821 4716; x_wconf 87' lang='lat' dir='ltr'>malignantes</span> <span class='ocrx_word' id='word_1_687' title='bbox 1857 4651 2055 4702; x_wconf 87' lang='lat' dir='ltr'>contra</span> 
     </span>
    </p>
   </div>
   <div class='ocr_carea' id='block_1_92' title="bbox 415 4734 2055 4810">
    <p class='ocr_par' dir='ltr' id='par_1_92' title="bbox 415 4734 2055 4810">
     <span class='ocr_line' id='line_1_92' title="bbox 415 4734 2055 4810; baseline 0.002 -18"><span class='ocrx_word' id='word_1_688' title='bbox 415 4736 593 4792; x_wconf 83' lang='lat' dir='ltr'>ﬁdem</span> <span class='ocrx_word' id='word_1_689' title='bbox 630 4734 770 4807; x_wconf 90' lang='lat' dir='ltr'>ejus,</span> <span class='ocrx_word' id='word_1_690' title='bbox 803 4738 869 4791; x_wconf 94' lang='lat' dir='ltr'>ut</span> <span class='ocrx_word' id='word_1_691' title='bbox 905 4736 1215 4807; x_wconf 88' lang='lat' dir='ltr'>probemus</span> <span class='ocrx_word' id='word_1_692' title='bbox 1253 4737 1482 4809; x_wconf 90' lang='lat' dir='ltr'>spiritus</span> <span class='ocrx_word' id='word_1_693' title='bbox 1522 4739 1826 4810; x_wconf 89' lang='lat' dir='ltr'>sapienter,</span> <span class='ocrx_word' id='word_1_694' title='bbox 1869 4739 1926 4793; x_wconf 91' lang='lat' dir='ltr'>id</span> <span class='ocrx_word' id='word_1_695' title='bbox 1970 4746 2055 4795; x_wconf 90' lang='lat' dir='ltr'>est</span> 
     </span>
    </p>
   </div>
   <div class='ocr_carea' id='block_1_93' title="bbox 414 4829 2049 4902">
    <p class='ocr_par' dir='ltr' id='par_1_93' title="bbox 414 4829 2049 4902">
     <span class='ocr_line' id='line_1_93' title="bbox 414 4829 2049 4902; baseline 0.001 -17"><span class='ocrx_word' id='word_1_696' title='bbox 414 4831 590 4886; x_wconf 89' lang='lat' dir='ltr'>verba</span> <span class='ocrx_word' id='word_1_697' title='bbox 617 4830 863 4897; x_wconf 88' lang='lat' dir='ltr'>illorum,</span> <span class='ocrx_word' id='word_1_698' title='bbox 888 4829 933 4884; x_wconf 90' lang='lat' dir='ltr'>si</span> <span class='ocrx_word' id='word_1_699' title='bbox 963 4846 1031 4884; x_wconf 81' lang='lat' dir='ltr'>ex</span> <span class='ocrx_word' id='word_1_700' title='bbox 1054 4831 1166 4886; x_wconf 92' lang='lat' dir='ltr'>Deo</span> <span class='ocrx_word' id='word_1_701' title='bbox 1196 4833 1347 4886; x_wconf 92' lang='lat' dir='ltr'>sunt.</span> <span class='ocrx_word' id='word_1_702' title='bbox 1381 4831 1664 4902; x_wconf 92' lang='lat' dir='ltr'>Scriptum</span> <span class='ocrx_word' id='word_1_703' title='bbox 1695 4839 1778 4886; x_wconf 90' lang='lat' dir='ltr'>est</span> <span class='ocrx_word' id='word_1_704' title='bbox 1807 4833 1958 4887; x_wconf 90' lang='lat' dir='ltr'>enim</span> <span class='ocrx_word' id='word_1_705' title='bbox 1993 4834 2049 4887; x_wconf 92' lang='lat' dir='ltr'>in</span> 
     </span>
    </p>
   </div>
   <div class='ocr_carea' id='block_1_94' title="bbox 413 4919 2062 5016">
    <p class='ocr_par' dir='ltr' id='par_1_94' title="bbox 413 4919 2062 5016">
     <span class='ocr_line' id='line_1_94' title="bbox 413 4919 2062 5016; baseline 0.001 -37"><span class='ocrx_word' id='word_1_706' title='bbox 413 4924 692 4992; x_wconf 73' lang='lat' dir='ltr'>Ieremia;</span> <span class='ocrx_word' id='word_1_707' title='bbox 733 4946 759 4973; x_wconf 86' lang='lat'><strong>«</strong></span> <span class='ocrx_word' id='word_1_708' title='bbox 801 4923 1169 4979; x_wconf 86' lang='lat' dir='ltr'>Probatorem</span> <span class='ocrx_word' id='word_1_709' title='bbox 1199 4925 1330 4980; x_wconf 90' lang='lat' dir='ltr'>dedi</span> <span class='ocrx_word' id='word_1_710' title='bbox 1357 4929 1412 4979; x_wconf 87' lang='lat' dir='ltr'>te</span> <span class='ocrx_word' id='word_1_711' title='bbox 1442 4925 1501 4980; x_wconf 89' lang='lat' dir='ltr'>in</span> <span class='ocrx_word' id='word_1_712' title='bbox 1545 4927 1758 4997; x_wconf 89' lang='lat' dir='ltr'>populo</span> <span class='ocrx_word' id='word_1_713' title='bbox 1801 4942 1927 4980; x_wconf 90' lang='lat' dir='ltr'>meo</span> <span class='ocrx_word' id='word_1_714' title='bbox 1958 4919 2062 5016; x_wconf 40' lang='grc' dir='ltr'><strong>ΓΟ)</strong></span> 
     </span>
    </p>
   </div>
   <div class='ocr_carea' id='block_1_95' title="bbox 411 5017 2044 5089">
    <p class='ocr_par' dir='ltr' id='par_1_95' title="bbox 411 5017 2044 5089">
     <span class='ocr_line' id='line_1_95' title="bbox 411 5017 2044 5089; baseline -0.005 -13"><span class='ocrx_word' id='word_1_715' title='bbox 411 5019 728 5087; x_wconf 86' lang='lat' dir='ltr'>bustum,et</span> <span class='ocrx_word' id='word_1_716' title='bbox 747 5017 887 5072; x_wconf 90' lang='lat' dir='ltr'>scies</span> <span class='ocrx_word' id='word_1_717' title='bbox 901 5019 1235 5089; x_wconf 89' lang='lat' dir='ltr'>etprobabis</span> <span class='ocrx_word' id='word_1_718' title='bbox 1255 5019 1405 5073; x_wconf 85' lang='lat' dir='ltr'>viain</span> <span class='ocrx_word' id='word_1_719' title='bbox 1430 5035 1628 5073; x_wconf 84' lang='lat' dir='ltr'>eorum</span> <span class='ocrx_word' id='word_1_720' title='bbox 1652 5020 1777 5087; x_wconf 76' lang='lat' dir='ltr'>(Jer.</span> <span class='ocrx_word' id='word_1_721' title='bbox 1801 5036 1878 5085; x_wconf 75' lang='lat' dir='ltr'>vr,</span> <span class='ocrx_word' id='word_1_722' title='bbox 1901 5023 2044 5089; x_wconf 80' lang='lat'>27).»</span> 
     </span>
    </p>
   </div>
   <div class='ocr_carea' id='block_1_96' title="bbox 412 5112 2048 5182">
    <p class='ocr_par' dir='ltr' id='par_1_96' title="bbox 412 5112 2048 5182">
     <span class='ocr_line' id='line_1_96' title="bbox 412 5112 2048 5182; baseline 0.001 -16"><span class='ocrx_word' id='word_1_723' title='bbox 412 5113 649 5167; x_wconf 86' lang='lat' dir='ltr'>Multum</span> <span class='ocrx_word' id='word_1_724' title='bbox 693 5129 938 5182; x_wconf 88' lang='lat' dir='ltr'>namque</span> <span class='ocrx_word' id='word_1_725' title='bbox 968 5112 1131 5166; x_wconf 86' lang='lat' dir='ltr'>nobis</span> <span class='ocrx_word' id='word_1_726' title='bbox 1178 5113 1496 5166; x_wconf 87' lang='lat' dir='ltr'>necessaria</span> <span class='ocrx_word' id='word_1_727' title='bbox 1525 5117 1608 5166; x_wconf 86' lang='lat' dir='ltr'>est</span> <span class='ocrx_word' id='word_1_728' title='bbox 1653 5112 1962 5182; x_wconf 84' lang='lat' dir='ltr'>vigilantia,</span> <span class='ocrx_word' id='word_1_729' title='bbox 1993 5120 2048 5168; x_wconf 92' lang='lat' dir='ltr'>et</span> 
     </span>
    </p>
   </div>
   <div class='ocr_carea' id='block_1_97' title="bbox 413 5203 2048 5276">
    <p class='ocr_par' dir='ltr' id='par_1_97' title="bbox 413 5203 2048 5276">
     <span class='ocr_line' id='line_1_97' title="bbox 413 5203 2048 5276; baseline 0.001 -16"><span class='ocrx_word' id='word_1_730' title='bbox 413 5211 632 5260; x_wconf 88' lang='lat' dir='ltr'>tantum</span> <span class='ocrx_word' id='word_1_731' title='bbox 673 5205 926 5260; x_wconf 91' lang='lat' dir='ltr'>divinum</span> <span class='ocrx_word' id='word_1_732' title='bbox 954 5205 1246 5276; x_wconf 66' lang='lat' dir='ltr'>sapientiae</span> <span class='ocrx_word' id='word_1_733' title='bbox 1286 5203 1646 5259; x_wconf 89' lang='lat' dir='ltr'>discretionis</span> <span class='ocrx_word' id='word_1_734' title='bbox 1674 5221 1801 5276; x_wconf 69' lang='lat' dir='ltr'>qua:</span> <span class='ocrx_word' id='word_1_735' title='bbox 1831 5208 2048 5262; x_wconf 80' lang='lat' dir='ltr'>occulta</span> 
     </span>
    </p>
   </div>
   <div class='ocr_carea' id='block_1_98' title="bbox 409 5297 2046 5369">
    <p class='ocr_par' dir='ltr' id='par_1_98' title="bbox 409 5297 2046 5369">
     <span class='ocr_line' id='line_1_98' title="bbox 409 5297 2046 5369; baseline 0.001 -16"><span class='ocrx_word' id='word_1_736' title='bbox 409 5300 775 5354; x_wconf 91' lang='lat' dir='ltr'>tenebrarum</span> <span class='ocrx_word' id='word_1_737' title='bbox 787 5299 1000 5353; x_wconf 88' lang='lat' dir='ltr'>revelat</span> <span class='ocrx_word' id='word_1_738' title='bbox 1013 5300 1082 5353; x_wconf 90' lang='lat' dir='ltr'>ad</span> <span class='ocrx_word' id='word_1_739' title='bbox 1096 5298 1524 5369; x_wconf 87' lang='lat' dir='ltr'>requisitionem</span> <span class='ocrx_word' id='word_1_740' title='bbox 1537 5297 2046 5369; x_wconf 88' lang='lat' dir='ltr'>hujusmodirei,et</span> 
     </span>
    </p>
   </div>
   <div class='ocr_carea' id='block_1_99' title="bbox 409 5390 2046 5464">
    <p class='ocr_par' dir='ltr' id='par_1_99' title="bbox 409 5390 2046 5464">
     <span class='ocr_line' id='line_1_99' title="bbox 409 5390 2046 5464; baseline 0.001 -16"><span class='ocrx_word' id='word_1_741' title='bbox 409 5393 829 5461; x_wconf 89' lang='lat' dir='ltr'>scrutationem,</span> <span class='ocrx_word' id='word_1_742' title='bbox 856 5393 1125 5464; x_wconf 89' lang='lat' dir='ltr'>quoniam</span> <span class='ocrx_word' id='word_1_743' title='bbox 1145 5392 1280 5444; x_wconf 86' lang='lat' dir='ltr'>latet</span> <span class='ocrx_word' id='word_1_744' title='bbox 1297 5390 1716 5462; x_wconf 91' lang='lat' dir='ltr'>quodammodo</span> <span class='ocrx_word' id='word_1_745' title='bbox 1741 5398 1797 5448; x_wconf 90' lang='lat' dir='ltr'>et</span> <span class='ocrx_word' id='word_1_746' title='bbox 1815 5393 2046 5449; x_wconf 89' lang='lat' dir='ltr'>abscon-</span> 
     </span>
    </p>
   </div>
   <div class='ocr_carea' id='block_1_100' title="bbox 407 5484 2039 5560">
    <p class='ocr_par' dir='ltr' id='par_1_100' title="bbox 407 5484 2039 5560">
     <span class='ocr_line' id='line_1_100' title="bbox 407 5484 2039 5560; baseline 0.001 -17"><span class='ocrx_word' id='word_1_747' title='bbox 407 5489 561 5544; x_wconf 89' lang='lat' dir='ltr'>ditur</span> <span class='ocrx_word' id='word_1_748' title='bbox 572 5488 774 5559; x_wconf 80' lang='lat' dir='ltr'>vixque</span> <span class='ocrx_word' id='word_1_749' title='bbox 793 5485 1295 5556; x_wconf 88' lang='lat' dir='ltr'>comprehenditur</span> <span class='ocrx_word' id='word_1_750' title='bbox 1315 5484 1509 5539; x_wconf 87' lang='lat' dir='ltr'>dolosa</span> <span class='ocrx_word' id='word_1_751' title='bbox 1536 5486 1782 5542; x_wconf 78' lang='lat' dir='ltr'>existens</span> <span class='ocrx_word' id='word_1_752' title='bbox 1801 5489 2039 5560; x_wconf 89' lang='lat' dir='ltr'>malitia,</span> 
     </span>
    </p>
   </div>
   <div class='ocr_carea' id='block_1_101' title="bbox 403 5578 2043 5654">
    <p class='ocr_par' dir='ltr' id='par_1_101' title="bbox 403 5578 2043 5654">
     <span class='ocr_line' id='line_1_101' title="bbox 403 5578 2043 5654; baseline 0.001 -17"><span class='ocrx_word' id='word_1_753' title='bbox 403 5599 506 5654; x_wconf 93' lang='lat' dir='ltr'>pro</span> <span class='ocrx_word' id='word_1_754' title='bbox 518 5599 586 5637; x_wconf 93' lang='lat' dir='ltr'>eo</span> <span class='ocrx_word' id='word_1_755' title='bbox 615 5580 772 5652; x_wconf 89' lang='lat' dir='ltr'>quod</span> <span class='ocrx_word' id='word_1_756' title='bbox 784 5578 1167 5649; x_wconf 88' lang='lat' dir='ltr'>sibipietatem</span> <span class='ocrx_word' id='word_1_757' title='bbox 1192 5578 1390 5633; x_wconf 90' lang='lat' dir='ltr'>callide</span> <span class='ocrx_word' id='word_1_758' title='bbox 1416 5579 1768 5651; x_wconf 89' lang='lat' dir='ltr'>blandiatur,</span> <span class='ocrx_word' id='word_1_759' title='bbox 1785 5584 2043 5638; x_wconf 88' lang='lat' dir='ltr'>utvaleat</span> 
     </span>
    </p>
   </div>
   <div class='ocr_carea' id='block_1_102' title="bbox 403 5673 2042 5746">
    <p class='ocr_par' dir='ltr' id='par_1_102' title="bbox 403 5673 2042 5746">
     <span class='ocr_line' id='line_1_102' title="bbox 403 5673 2042 5746; baseline 0.001 -15"><span class='ocrx_word' id='word_1_760' title='bbox 403 5675 779 5731; x_wconf 87' lang='lat' dir='ltr'>scrutantium</span> <span class='ocrx_word' id='word_1_761' title='bbox 808 5677 1062 5727; x_wconf 89' lang='lat' dir='ltr'>mentem</span> <span class='ocrx_word' id='word_1_762' title='bbox 1084 5673 1283 5742; x_wconf 89' lang='lat' dir='ltr'>latere,</span> <span class='ocrx_word' id='word_1_763' title='bbox 1305 5673 1456 5744; x_wconf 91' lang='lat' dir='ltr'>quod</span> <span class='ocrx_word' id='word_1_764' title='bbox 1475 5675 1673 5746; x_wconf 91' lang='lat' dir='ltr'>utique</span> <span class='ocrx_word' id='word_1_765' title='bbox 1700 5677 1883 5731; x_wconf 91' lang='lat' dir='ltr'>sciens</span> <span class='ocrx_word' id='word_1_766' title='bbox 1913 5677 2042 5733; x_wconf 87' lang='lat' dir='ltr'>bea-</span> 
     </span>
    </p>
   </div>
   <div class='ocr_carea' id='block_1_103' title="bbox 401 5765 2039 5841">
    <p class='ocr_par' dir='ltr' id='par_1_103' title="bbox 401 5765 2039 5841">
     <span class='ocr_line' id='line_1_103' title="bbox 401 5765 2039 5841; baseline 0.002 -19"><span class='ocrx_word' id='word_1_767' title='bbox 401 5773 491 5822; x_wconf 90' lang='lat' dir='ltr'>tus</span> <span class='ocrx_word' id='word_1_768' title='bbox 521 5769 816 5837; x_wconf 85' lang='lat' dir='ltr'>Apostolus</span> <span class='ocrx_word' id='word_1_769' title='bbox 845 5765 952 5820; x_wconf 90' lang='lat' dir='ltr'>ait:</span> <span class='ocrx_word' id='word_1_770' title='bbox 989 5785 1016 5817; x_wconf 87' lang='lat'>«</span> <span class='ocrx_word' id='word_1_771' title='bbox 1049 5766 1188 5820; x_wconf 89' lang='lat' dir='ltr'>Nam</span> <span class='ocrx_word' id='word_1_772' title='bbox 1224 5765 1551 5837; x_wconf 89' lang='lat' dir='ltr'>hujusmodi</span> <span class='ocrx_word' id='word_1_773' title='bbox 1582 5771 2039 5841; x_wconf 90' lang='lat' dir='ltr'>pseudoapostoli</span> 
     </span>
    </p>
   </div>
   <div class='ocr_carea' id='block_1_104' title="bbox 401 5857 2035 5936">
    <p class='ocr_par' dir='ltr' id='par_1_104' title="bbox 401 5857 2035 5936">
     <span class='ocr_line' id='line_1_104' title="bbox 401 5857 2035 5936; baseline 0.004 -21"><span class='ocrx_word' id='word_1_774' title='bbox 401 5858 645 5936; x_wconf 86' lang='lat' dir='ltr'>operarii</span> <span class='ocrx_word' id='word_1_775' title='bbox 666 5857 886 5913; x_wconf 89' lang='lat' dir='ltr'>subdoli</span> <span class='ocrx_word' id='word_1_776' title='bbox 917 5859 1324 5930; x_wconf 80' lang='lat' dir='ltr'>transfigurant</span> <span class='ocrx_word' id='word_1_777' title='bbox 1343 5876 1401 5915; x_wconf 90' lang='lat' dir='ltr'>se</span> <span class='ocrx_word' id='word_1_778' title='bbox 1424 5860 1482 5916; x_wconf 89' lang='lat' dir='ltr'>in</span> <span class='ocrx_word' id='word_1_779' title='bbox 1508 5863 1790 5936; x_wconf 90' lang='lat' dir='ltr'>apostolos</span> <span class='ocrx_word' id='word_1_780' title='bbox 1808 5864 2035 5921; x_wconf 88' lang='lat' dir='ltr'>Christi.</span> 
     </span>
    </p>
   </div>
   <div class='ocr_carea' id='block_1_105' title="bbox 2154 4643 3793 4718">
    <p class='ocr_par' dir='ltr' id='par_1_105' title="bbox 2154 4643 3793 4718">
     <span class='ocr_line' id='line_1_105' title="bbox 2154 4643 3793 4718; baseline -0.001 -16"><span class='ocrx_word' id='word_1_781' title='bbox 2154 4647 2278 4702; x_wconf 84' lang='lat' dir='ltr'>ﬁeri</span> <span class='ocrx_word' id='word_1_782' title='bbox 2302 4664 2374 4702; x_wconf 91' lang='lat' dir='ltr'>an</span> <span class='ocrx_word' id='word_1_783' title='bbox 2397 4665 2530 4717; x_wconf 91' lang='lat' dir='ltr'>non,</span> <span class='ocrx_word' id='word_1_784' title='bbox 2584 4647 2719 4718; x_wconf 91' lang='lat' dir='ltr'>quia</span> <span class='ocrx_word' id='word_1_785' title='bbox 2747 4643 3067 4701; x_wconf 88' lang='lat' dir='ltr'>audivimus</span> <span class='ocrx_word' id='word_1_786' title='bbox 3096 4661 3193 4700; x_wconf 91' lang='lat' dir='ltr'>eos</span> <span class='ocrx_word' id='word_1_787' title='bbox 3217 4645 3341 4716; x_wconf 90' lang='lat' dir='ltr'>jam</span> <span class='ocrx_word' id='word_1_788' title='bbox 3377 4662 3496 4701; x_wconf 92' lang='lat' dir='ltr'>esse</span> <span class='ocrx_word' id='word_1_789' title='bbox 3537 4644 3793 4716; x_wconf 85' lang='lat' dir='ltr'>prohibi-</span> 
     </span>
    </p>
   </div>
   <div class='ocr_carea' id='block_1_106' title="bbox 2154 4739 3798 4814">
    <p class='ocr_par' dir='ltr' id='par_1_106' title="bbox 2154 4739 3798 4814">
     <span class='ocr_line' id='line_1_106' title="bbox 2154 4739 3798 4814; baseline 0 -20"><span class='ocrx_word' id='word_1_790' title='bbox 2154 4744 2261 4811; x_wconf 92' lang='lat' dir='ltr'>tos,</span> <span class='ocrx_word' id='word_1_791' title='bbox 2299 4747 2396 4796; x_wconf 88' lang='lat' dir='ltr'>aut</span> <span class='ocrx_word' id='word_1_792' title='bbox 2437 4740 2572 4814; x_wconf 90' lang='lat' dir='ltr'>quid</span> <span class='ocrx_word' id='word_1_793' title='bbox 2605 4740 2678 4794; x_wconf 91' lang='lat' dir='ltr'>de</span> <span class='ocrx_word' id='word_1_794' title='bbox 2720 4741 2821 4810; x_wconf 88' lang='lat' dir='ltr'>eis,</span> <span class='ocrx_word' id='word_1_795' title='bbox 2856 4739 2954 4811; x_wconf 88' lang='lat' dir='ltr'>qui</span> <span class='ocrx_word' id='word_1_796' title='bbox 2987 4740 3107 4810; x_wconf 89' lang='lat' dir='ltr'>jam</span> <span class='ocrx_word' id='word_1_797' title='bbox 3149 4739 3392 4795; x_wconf 89' lang='lat' dir='ltr'>ordinati</span> <span class='ocrx_word' id='word_1_798' title='bbox 3440 4739 3798 4810; x_wconf 88' lang='lat' dir='ltr'>reperientur</span> 
     </span>
    </p>
   </div>
   <div class='ocr_carea' id='block_1_107' title="bbox 2153 4833 3798 4906">
    <p class='ocr_par' dir='ltr' id='par_1_107' title="bbox 2153 4833 3798 4906">
     <span class='ocr_line' id='line_1_107' title="bbox 2153 4833 3798 4906; baseline -0.001 -17"><span class='ocrx_word' id='word_1_799' title='bbox 2153 4835 2444 4906; x_wconf 88' lang='lat' dir='ltr'>agendum</span> <span class='ocrx_word' id='word_1_800' title='bbox 2490 4835 2578 4895; x_wconf 85' lang='lat' dir='ltr'>sit,</span> <span class='ocrx_word' id='word_1_801' title='bbox 2625 4835 2707 4888; x_wconf 89' lang='lat' dir='ltr'>nil</span> <span class='ocrx_word' id='word_1_802' title='bbox 2755 4833 2913 4888; x_wconf 88' lang='lat' dir='ltr'>vobis</span> <span class='ocrx_word' id='word_1_803' title='bbox 2941 4834 3145 4889; x_wconf 90' lang='lat' dir='ltr'>certius</span> <span class='ocrx_word' id='word_1_804' title='bbox 3189 4834 3527 4904; x_wconf 91' lang='lat' dir='ltr'>respondere</span> <span class='ocrx_word' id='word_1_805' title='bbox 3574 4833 3798 4888; x_wconf 85' lang='lat' dir='ltr'>videtur</span> 
     </span>
    </p>
   </div>
   <div class='ocr_carea' id='block_1_108' title="bbox 2151 4927 3792 5000">
    <p class='ocr_par' dir='ltr' id='par_1_108' title="bbox 2151 4927 3792 5000">
     <span class='ocr_line' id='line_1_108' title="bbox 2151 4927 3792 5000; baseline 0 -17"><span class='ocrx_word' id='word_1_806' title='bbox 2151 4945 2326 5000; x_wconf 90' lang='lat' dir='ltr'>quam</span> <span class='ocrx_word' id='word_1_807' title='bbox 2361 4930 2495 4984; x_wconf 91' lang='lat' dir='ltr'>olim</span> <span class='ocrx_word' id='word_1_808' title='bbox 2523 4946 2557 4984; x_wconf 90' lang='lat' dir='ltr'>a</span> <span class='ocrx_word' id='word_1_809' title='bbox 2582 4927 3099 5000; x_wconf 84' lang='lat' dir='ltr'>praedecessoribus</span> <span class='ocrx_word' id='word_1_810' title='bbox 3139 4927 3343 4982; x_wconf 90' lang='lat' dir='ltr'>nostris</span> <span class='ocrx_word' id='word_1_811' title='bbox 3385 4928 3676 4982; x_wconf 85' lang='lat' dir='ltr'>decretum</span> <span class='ocrx_word' id='word_1_812' title='bbox 3703 4944 3792 4983; x_wconf 82' lang='lat' dir='ltr'>re-</span> 
     </span>
    </p>
   </div>
   <div class='ocr_carea' id='block_1_109' title="bbox 2151 5019 3792 5092">
    <p class='ocr_par' dir='ltr' id='par_1_109' title="bbox 2151 5019 3792 5092">
     <span class='ocr_line' id='line_1_109' title="bbox 2151 5019 3792 5092; baseline -0.001 -16"><span class='ocrx_word' id='word_1_813' title='bbox 2151 5023 2421 5092; x_wconf 89' lang='lat' dir='ltr'>perimus,</span> <span class='ocrx_word' id='word_1_814' title='bbox 2473 5027 2538 5077; x_wconf 90' lang='lat' dir='ltr'>ut</span> <span class='ocrx_word' id='word_1_815' title='bbox 2577 5022 2658 5076; x_wconf 90' lang='lat' dir='ltr'>eis</span> <span class='ocrx_word' id='word_1_816' title='bbox 2697 5023 2766 5076; x_wconf 85' lang='lat' dir='ltr'>ad</span> <span class='ocrx_word' id='word_1_817' title='bbox 2804 5022 3030 5076; x_wconf 89' lang='lat' dir='ltr'>veniam</span> <span class='ocrx_word' id='word_1_818' title='bbox 3080 5020 3223 5075; x_wconf 89' lang='lat' dir='ltr'>nihil</span> <span class='ocrx_word' id='word_1_819' title='bbox 3254 5037 3485 5091; x_wconf 91' lang='lat' dir='ltr'>prorsus</span> <span class='ocrx_word' id='word_1_820' title='bbox 3528 5019 3600 5074; x_wconf 91' lang='lat' dir='ltr'>ad</span> <span class='ocrx_word' id='word_1_821' title='bbox 3639 5019 3792 5075; x_wconf 88' lang='lat' dir='ltr'>aliud</span> 
     </span>
    </p>
   </div>
   <div class='ocr_carea' id='block_1_110' title="bbox 2147 5116 3790 5189">
    <p class='ocr_par' dir='ltr' id='par_1_110' title="bbox 2147 5116 3790 5189">
     <span class='ocr_line' id='line_1_110' title="bbox 2147 5116 3790 5189; baseline 0 -18"><span class='ocrx_word' id='word_1_822' title='bbox 2147 5122 2470 5173; x_wconf 90' lang='lat' dir='ltr'>reservetur</span> <span class='ocrx_word' id='word_1_823' title='bbox 2501 5135 2671 5189; x_wconf 90' lang='lat' dir='ltr'>quam</span> <span class='ocrx_word' id='word_1_824' title='bbox 2719 5116 2956 5189; x_wconf 88' lang='lat' dir='ltr'>privatio</span> <span class='ocrx_word' id='word_1_825' title='bbox 2985 5119 3130 5171; x_wconf 88' lang='lat' dir='ltr'>sacri</span> <span class='ocrx_word' id='word_1_826' title='bbox 3175 5116 3474 5171; x_wconf 88' lang='lat' dir='ltr'>ministerii</span> <span class='ocrx_word' id='word_1_827' title='bbox 3519 5117 3679 5187; x_wconf 89' lang='lat' dir='ltr'>quod</span> <span class='ocrx_word' id='word_1_828' title='bbox 3725 5116 3790 5171; x_wconf 86' lang='lat' dir='ltr'>il-</span> 
     </span>
    </p>
   </div>
   <div class='ocr_carea' id='block_1_111' title="bbox 2146 5209 3789 5283">
    <p class='ocr_par' dir='ltr' id='par_1_111' title="bbox 2146 5209 3789 5283">
     <span class='ocr_line' id='line_1_111' title="bbox 2146 5209 3789 5283; baseline -0.001 -18"><span class='ocrx_word' id='word_1_829' title='bbox 2146 5211 2297 5266; x_wconf 88' lang='lat' dir='ltr'>licite</span> <span class='ocrx_word' id='word_1_830' title='bbox 2329 5215 2780 5283; x_wconf 86' lang='lat' dir='ltr'>assumpserunt,</span> <span class='ocrx_word' id='word_1_831' title='bbox 2813 5210 2949 5282; x_wconf 89' lang='lat' dir='ltr'>quia</span> <span class='ocrx_word' id='word_1_832' title='bbox 2989 5210 3262 5282; x_wconf 87' lang='lat' dir='ltr'>prohibiti</span> <span class='ocrx_word' id='word_1_833' title='bbox 3302 5213 3422 5264; x_wconf 79' lang='lat' dir='ltr'>tam</span> <span class='ocrx_word' id='word_1_834' title='bbox 3452 5209 3522 5264; x_wconf 82' lang='lat' dir='ltr'>ab</span> <span class='ocrx_word' id='word_1_835' title='bbox 3567 5210 3672 5264; x_wconf 91' lang='lat' dir='ltr'>hac</span> <span class='ocrx_word' id='word_1_836' title='bbox 3698 5228 3789 5264; x_wconf 87' lang='lat' dir='ltr'>sa-</span> 
     </span>
    </p>
   </div>
   <div class='ocr_carea' id='block_1_112' title="bbox 2145 5301 3791 5378">
    <p class='ocr_par' dir='ltr' id='par_1_112' title="bbox 2145 5301 3791 5378">
     <span class='ocr_line' id='line_1_112' title="bbox 2145 5301 3791 5378; baseline 0.001 -20"><span class='ocrx_word' id='word_1_837' title='bbox 2145 5321 2240 5358; x_wconf 91' lang='lat' dir='ltr'>cra</span> <span class='ocrx_word' id='word_1_838' title='bbox 2288 5306 2422 5360; x_wconf 89' lang='lat' dir='ltr'>sede</span> <span class='ocrx_word' id='word_1_839' title='bbox 2474 5323 2648 5378; x_wconf 91' lang='lat' dir='ltr'>quam</span> <span class='ocrx_word' id='word_1_840' title='bbox 2692 5323 2726 5360; x_wconf 91' lang='lat' dir='ltr'>a</span> <span class='ocrx_word' id='word_1_841' title='bbox 2787 5304 2959 5359; x_wconf 91' lang='lat' dir='ltr'>totius</span> <span class='ocrx_word' id='word_1_842' title='bbox 3007 5303 3158 5358; x_wconf 90' lang='lat' dir='ltr'>orbis</span> <span class='ocrx_word' id='word_1_843' title='bbox 3209 5305 3439 5359; x_wconf 88' lang='lat' dir='ltr'>fuerant</span> <span class='ocrx_word' id='word_1_844' title='bbox 3493 5301 3791 5375; x_wconf 85' lang='lat' dir='ltr'>episcopis.</span> 
     </span>
    </p>
   </div>
   <div class='ocr_carea' id='block_1_113' title="bbox 2145 5396 3792 5470">
    <p class='ocr_par' dir='ltr' id='par_1_113' title="bbox 2145 5396 3792 5470">
     <span class='ocr_line' id='line_1_113' title="bbox 2145 5396 3792 5470; baseline 0 -18"><span class='ocrx_word' id='word_1_845' title='bbox 2145 5399 2323 5452; x_wconf 87' lang='lat' dir='ltr'>Nimis</span> <span class='ocrx_word' id='word_1_846' title='bbox 2363 5416 2500 5470; x_wconf 89' lang='lat' dir='ltr'>ergo</span> <span class='ocrx_word' id='word_1_847' title='bbox 2546 5415 2747 5454; x_wconf 91' lang='lat' dir='ltr'>eorum</span> <span class='ocrx_word' id='word_1_848' title='bbox 2803 5398 3079 5452; x_wconf 89' lang='lat' dir='ltr'>institutio</span> <span class='ocrx_word' id='word_1_849' title='bbox 3133 5397 3417 5468; x_wconf 90' lang='lat' dir='ltr'>improba,</span> <span class='ocrx_word' id='word_1_850' title='bbox 3483 5396 3654 5451; x_wconf 88' lang='lat' dir='ltr'>nimis</span> <span class='ocrx_word' id='word_1_851' title='bbox 3707 5403 3792 5452; x_wconf 90' lang='lat' dir='ltr'>est</span> 
     </span>
    </p>
   </div>
   <div class='ocr_carea' id='block_1_114' title="bbox 2142 5491 3790 5565">
    <p class='ocr_par' dir='ltr' id='par_1_114' title="bbox 2142 5491 3790 5565">
     <span class='ocr_line' id='line_1_114' title="bbox 2142 5491 3790 5565; baseline 0 -19"><span class='ocrx_word' id='word_1_852' title='bbox 2142 5509 2338 5564; x_wconf 88' lang='lat' dir='ltr'>prava,</span> <span class='ocrx_word' id='word_1_853' title='bbox 2377 5494 2510 5565; x_wconf 89' lang='lat' dir='ltr'>quia</span> <span class='ocrx_word' id='word_1_854' title='bbox 2543 5498 2608 5547; x_wconf 89' lang='lat' dir='ltr'>ut</span> <span class='ocrx_word' id='word_1_855' title='bbox 2647 5492 2705 5546; x_wconf 90' lang='lat' dir='ltr'>hi</span> <span class='ocrx_word' id='word_1_856' title='bbox 2750 5493 2819 5546; x_wconf 90' lang='lat' dir='ltr'>de</span> <span class='ocrx_word' id='word_1_857' title='bbox 2869 5508 3095 5546; x_wconf 90' lang='lat' dir='ltr'>summo</span> <span class='ocrx_word' id='word_1_858' title='bbox 3137 5491 3434 5546; x_wconf 90' lang='lat' dir='ltr'>sacerdotii</span> <span class='ocrx_word' id='word_1_859' title='bbox 3475 5491 3790 5546; x_wconf 90' lang='lat' dir='ltr'>ministerio</span> 
     </span>
    </p>
   </div>
   <div class='ocr_carea' id='block_1_115' title="bbox 2141 5585 3789 5658">
    <p class='ocr_par' dir='ltr' id='par_1_115' title="bbox 2141 5585 3789 5658">
     <span class='ocr_line' id='line_1_115' title="bbox 2141 5585 3789 5658; baseline -0.001 -17"><span class='ocrx_word' id='word_1_860' title='bbox 2141 5587 2351 5658; x_wconf 89' lang='lat' dir='ltr'>aliquid</span> <span class='ocrx_word' id='word_1_861' title='bbox 2382 5589 2735 5657; x_wconf 64' lang='lat' dir='ltr'>praesumant</span> <span class='ocrx_word' id='word_1_862' title='bbox 2759 5586 2916 5640; x_wconf 89' lang='lat' dir='ltr'>omni</span> <span class='ocrx_word' id='word_1_863' title='bbox 2945 5586 3278 5641; x_wconf 88' lang='lat' dir='ltr'>auctoritate</span> <span class='ocrx_word' id='word_1_864' title='bbox 3320 5590 3494 5650; x_wconf 90' lang='lat' dir='ltr'>caret,</span> <span class='ocrx_word' id='word_1_865' title='bbox 3534 5591 3592 5640; x_wconf 90' lang='lat' dir='ltr'>et</span> <span class='ocrx_word' id='word_1_866' title='bbox 3616 5585 3789 5639; x_wconf 86' lang='lat' dir='ltr'>sacris</span> 
     </span>
    </p>
   </div>
   <div class='ocr_carea' id='block_1_116' title="bbox 2142 5679 3790 5750">
    <p class='ocr_par' dir='ltr' id='par_1_116' title="bbox 2142 5679 3790 5750">
     <span class='ocr_line' id='line_1_116' title="bbox 2142 5679 3790 5750; baseline -0.001 -16"><span class='ocrx_word' id='word_1_867' title='bbox 2142 5680 2459 5735; x_wconf 88' lang='lat' dir='ltr'>canonibus</span> <span class='ocrx_word' id='word_1_868' title='bbox 2501 5680 2794 5734; x_wconf 87' lang='lat' dir='ltr'>invenitur</span> <span class='ocrx_word' id='word_1_869' title='bbox 2819 5696 2938 5734; x_wconf 90' lang='lat' dir='ltr'>esse</span> <span class='ocrx_word' id='word_1_870' title='bbox 2984 5679 3357 5747; x_wconf 87' lang='lat' dir='ltr'>contrarium,</span> <span class='ocrx_word' id='word_1_871' title='bbox 3387 5684 3557 5750; x_wconf 89' lang='lat' dir='ltr'>atque</span> <span class='ocrx_word' id='word_1_872' title='bbox 3605 5679 3677 5733; x_wconf 90' lang='lat' dir='ltr'>ad</span> <span class='ocrx_word' id='word_1_873' title='bbox 3710 5682 3790 5733; x_wconf 88' lang='lat' dir='ltr'>to-</span> 
     </span>
    </p>
   </div>
   <div class='ocr_carea' id='block_1_117' title="bbox 2139 5772 3788 5846">
    <p class='ocr_par' dir='ltr' id='par_1_117' title="bbox 2139 5772 3788 5846">
     <span class='ocr_line' id='line_1_117' title="bbox 2139 5772 3788 5846; baseline -0.001 -19"><span class='ocrx_word' id='word_1_874' title='bbox 2139 5773 2254 5828; x_wconf 92' lang='lat' dir='ltr'>tius</span> <span class='ocrx_word' id='word_1_875' title='bbox 2284 5773 2543 5828; x_wconf 73' lang='lat' dir='ltr'>Ecclesias</span> <span class='ocrx_word' id='word_1_876' title='bbox 2591 5773 3083 5846; x_wconf 87' lang='lat' dir='ltr'>perturbationem</span> <span class='ocrx_word' id='word_1_877' title='bbox 3131 5772 3374 5845; x_wconf 88' lang='lat' dir='ltr'>superba</span> <span class='ocrx_word' id='word_1_878' title='bbox 3405 5776 3462 5827; x_wconf 89' lang='lat' dir='ltr'>et</span> <span class='ocrx_word' id='word_1_879' title='bbox 3502 5772 3788 5843; x_wconf 91' lang='lat' dir='ltr'>superﬂua</span> 
     </span>
    </p>
   </div>
   <div class='ocr_carea' id='block_1_118' title="bbox 2137 5865 3785 5940">
    <p class='ocr_par' dir='ltr' id='par_1_118' title="bbox 2137 5865 3785 5940">
     <span class='ocr_line' id='line_1_118' title="bbox 2137 5865 3785 5940; baseline 0.002 -17"><span class='ocrx_word' id='word_1_880' title='bbox 2137 5867 2324 5923; x_wconf 88' lang='lat' dir='ltr'>tendit</span> <span class='ocrx_word' id='word_1_881' title='bbox 2361 5867 2546 5938; x_wconf 87' lang='lat' dir='ltr'>elatio,</span> <span class='ocrx_word' id='word_1_882' title='bbox 2589 5873 2646 5925; x_wconf 90' lang='lat' dir='ltr'>et</span> <span class='ocrx_word' id='word_1_883' title='bbox 2685 5883 2926 5924; x_wconf 88' lang='lat' dir='ltr'>vacuum</span> <span class='ocrx_word' id='word_1_884' title='bbox 2966 5873 3050 5923; x_wconf 90' lang='lat' dir='ltr'>est</span> <span class='ocrx_word' id='word_1_885' title='bbox 3089 5871 3149 5924; x_wconf 86' lang='lat' dir='ltr'>et</span> <span class='ocrx_word' id='word_1_886' title='bbox 3185 5868 3355 5924; x_wconf 87' lang='lat' dir='ltr'>inane</span> <span class='ocrx_word' id='word_1_887' title='bbox 3401 5865 3680 5940; x_wconf 89' lang='lat' dir='ltr'>quidquid</span> <span class='ocrx_word' id='word_1_888' title='bbox 3723 5867 3785 5926; x_wconf 89' lang='lat' dir='ltr'>in</span> 
     </span>
    </p>
   </div>
  </div>
