4032 6340
231 373 337 425 669

1441 355 1914 423 DECRETALIUM
1950 356 2336 420 COLLECTIO.

3491 364 3593 415 670

229 475 506 549 praedicto
534 472 1062 532 sacerdotiisummi
1080 473 1675 547 egeruntministerio.
1696 472 1863 537 Quod
1885 472 2275 557 Aexstirpare
2332 484 2565 525 necesse
2613 473 2715 524 est.
2763 464 2926 532 Quod
2973 465 3126 522 enim
3178 468 3428 539 episcopi
3476 486 3594 524 non

229 570 339 642 ipsi
360 569 516 624 idem
531 569 643 625 sint
659 570 758 641 qui
785 573 841 624 et
865 569 1183 641 presbyteri
1208 568 1554 623 sufﬁcienter
1576 566 1866 621 invenitur

232 663 330 736 qui
359 663 435 718 ad
458 664 707 718 formam
733 665 791 718 et
815 663 1147 733 exemplum
1174 662 1536 734 septuaginta
1560 659 1863 715 inveniun-

230 763 326 813 tur
350 757 507 829 prius
534 756 797 812 instituti.
824 757 932 812 Sed
959 756 1114 827 quia,
1149 757 1263 810 Deo
1294 755 1522 826 gratias,
1569 754 1741 809 modo
1772 768 1868 807 ne—

234 850 482 915 cessarii,
503 851 649 904 sicut
676 850 734 904 in
765 850 1054 921 primitiva
1078 849 1326 905 Ecclesia
1355 854 1586 920 propter
1611 846 1865 902 studium

234 943 391 1016 quod
417 959 554 1014 erga
578 959 856 1014 pauperes
875 942 1200 1014 exigebant,
1227 959 1346 997 non
1368 944 1521 1008 sunt,
1540 944 1597 995 et
1610 939 1746 1012 quia
1764 938 1870 993 illi-

236 1037 344 1092 cita
368 1036 811 1108 praesumebant,
836 1040 895 1091 et
913 1036 1063 1107 quod
1088 1036 1332 1108 agebant
1354 1038 1546 1090 actum
1576 1050 1694 1088 non
1724 1035 1867 1101 erat,

236 1133 295 1185 et
319 1134 624 1202 propterea
649 1130 809 1185 multi
850 1130 909 1183 in
938 1129 1299 1184 securitatem
1323 1129 1468 1200 lapsi
1494 1126 1869 1182 ecclesiastico

236 1223 648 1279 fraudabantur
686 1228 745 1278 et
782 1224 1201 1279 frustrabantur
1229 1222 1568 1292 ministerio,
1597 1221 1726 1275 ideo
1750 1225 1870 1276 tam

239 1318 311 1373 ab
359 1318 468 1372 hac
519 1322 716 1372 sancta
767 1316 900 1371 sede
958 1318 1041 1385 (ut
1095 1317 1355 1389 superius
1411 1312 1872 1380 memoravimus)

237 1428 412 1483 quam
438 1411 508 1466 ab
535 1410 801 1466 omnibus
830 1410 1005 1466 totius
1032 1410 1185 1466 orbis
1211 1409 1489 1481 episcopis
1513 1426 1545 1462 a
1574 1406 1872 1480 pontiﬁca-

236 1505 389 1560 libus
414 1509 550 1559 sunt
570 1504 780 1559 remoti
811 1504 1029 1559 ofﬁciis.
1058 1506 1220 1571 Nam,
1244 1508 1307 1558 ut
1324 1503 1487 1557 nobis
1505 1503 1754 1557 relatum
1769 1503 1872 1570 est,

240 1598 477 1671 quidam
508 1598 902 1669 episcoporum
930 1603 1164 1669 propter
1188 1613 1352 1653 suam
1381 1596 1635 1668 quietem
1657 1595 1736 1650 eis
1762 1594 1877 1666 ple-

200 1676 339 1755 lbes
365 1708 497 1747 suas
522 1691 878 1747 committere
926 1709 1042 1746 non
1089 1691 1417 1757 formidant,
1468 1695 1525 1744 et
1573 1694 1639 1743 ut
1686 1688 1879 1742 illicita

1964 571 2077 626 sint
2103 569 2200 642 qui
2227 569 2419 623 minus
2447 585 2642 640 quam,
2676 585 2709 622 a
2738 567 2917 621 tribus
2944 572 3075 622 sunt
3102 566 3347 621 ordinati
3377 565 3591 638 episco-

1964 664 2052 736 pis
2078 662 2340 718 omnibus
2381 665 2556 733 patet,
2609 661 2904 733 quoniam,
2951 665 3015 715 ut
3050 660 3198 714 bene
3242 660 3436 730 nostis,
3471 677 3600 731 pro-

1965 712 2215 811 hibitum
2244 773 2278 809 a
2309 712 2478 810 sacrris
2530 712 2935 823 estIPatribus,
2966 757 3033 808 ut
3073 754 3173 825 qui
3209 754 3280 807 ab
3309 712 3436 807 uno,
3456 712 3541 808 vrel
3567 771 3595 807 a
3648 712 3679 798 ί

1968 850 2192 905 duobus
2218 854 2351 904 sunt
2373 847 2618 904 ordinati
2639 848 2936 919 episcopis,
2960 863 3065 901 nec
3085 846 3465 901 nominentur
3484 847 3600 918 epi-

1970 944 2143 1015 scopi.
2175 943 2232 999 Si
2256 958 2469 997 nomen
2516 958 2635 996 non
2681 942 2893 995 habent
2933 940 3181 1011 qualiter
3221 939 3471 994 ofﬁcium
3502 941 3597 994 ha-

1968 1037 2229 1092 bebunt?
2258 1034 2544 1107 Quidquid
2570 1035 2723 1089 enim
2751 1034 2904 1089 inter
2934 1035 3250 1106 episc0pos,
3280 1039 3379 1088 aut
3403 1034 3474 1088 de
3503 1051 3595 1089 re-

1970 1131 2078 1185 bus
2124 1130 2198 1185 ad
2253 1145 2350 1184 eos
2399 1128 2757 1184 solummodo
2784 1127 3200 1199 pertinentibus
3225 1127 3469 1198 egerint,
3497 1146 3596 1183 ne-

1973 1240 2125 1279 cesse
2149 1227 2253 1293 est,
2278 1227 2345 1278 ut
2361 1223 2619 1295 superius
2637 1221 2757 1292 jam
2785 1221 3141 1291 praelibatum
3161 1226 3262 1289 est,
3296 1226 3355 1276 ut
3374 1221 3601 1277 irritum

1972 1317 2092 1388 ﬁat,
2120 1317 2255 1389 quia
2284 1316 2437 1389 quod
2478 1332 2598 1371 non
2642 1314 2879 1383 habent,
2909 1314 3043 1368 dare
3070 1331 3437 1386 nequaquam
3468 1333 3598 1387 pos-

1974 1416 2125 1481 sunt,
2165 1410 2489 1483 praesertim
2520 1424 2651 1465 cum
2679 1408 2902 1463 nullum
2940 1424 3006 1461 ex
3037 1408 3399 1479 septuaginta
3444 1408 3604 1464 disci-

1974 1511 2159 1582 pulis,
2217 1525 2464 1581 quorum
2520 1506 2767 1580 speciem
2822 1506 2914 1561 isti
2970 1512 3278 1578 antequam
3334 1507 3601 1579 prohibe-

1976 1607 2196 1670 rentur,
2244 1605 2310 1657 ut
2356 1602 2615 1673 superius
2665 1603 3055 1655 memoratum
3099 1604 3198 1668 est,
3248 1600 3308 1654 in
3363 1602 3608 1656 Ecclesia

1980 1697 2269 1769 gerebant,
2302 1696 2382 1750 nil
2409 1696 2477 1750 de
2517 1696 2623 1750 hoc
2647 1694 2797 1766 quod
2828 1678 3099 1765 apostolis
3135 1710 3453 1765 eorumque
3479 1712 3605 1750 suc-

242 1792 413 1859 atque
425 1785 714 1857 prohibita
730 1790 924 1857 agant,
937 1785 995 1840 id
1009 1790 1112 1853 est,
1133 1802 1203 1840 ea
1218 1801 1347 1857 quae
1359 1784 1497 1839 Solis
1515 1782 1877 1854 pontiﬁCibuS
1896 1856 1941 1861 _
1978 1791 2291 1846 cessoribus
2309 1788 2631 1861 specialiter
2654 1788 2984 1857 debebatur,
2996 1788 3211 1859 legitur
3222 1789 3608 1860 assumpsisse,

245 1856 528 1936 debentur
552 1878 657 1934 sibi
685 1856 982 1950 usurpant,
1003 1878 1181 1951 etipsi
1208 1856 1268 1932 in
1284 1895 1387 1933 sua
1414 1877 1607 1949 quiete
1626 1878 1875 1947 torpent,
1896 1856 1955 1927 B
1979 1901 2082 1939 nec
2107 1885 2166 1938 in
2192 1885 2320 1956 lege
2337 1856 2570 1938 homini
2585 1899 2714 1954 quae
2729 1881 2899 1953 Moysi
2909 1881 2980 1935 ab
2995 1856 3120 1953 ipso
3136 1881 3381 1936 Domino
3398 1856 3612 1954 legitur

246 1979 304 2029 et
338 1990 541 2029 curam
587 1971 690 2028 sibi
738 1989 773 2027 a
814 1973 932 2027 Deo
982 1972 1339 2027 commissam
1382 1970 1702 2042 negligunt,
1750 1985 1878 2023 cum

244 2068 517 2124 Dominus
546 2067 694 2122 dicat
722 2086 735 2122 :
766 2088 795 2117 «
823 2068 1006 2121 Bonus
1032 2069 1224 2138 pastor
1249 2066 1503 2120 animam
1529 2081 1688 2119 suam
1717 2064 1882 2134 ponit

245 2178 349 2235 pro
379 2162 578 2217 ovibus
602 2161 737 2229 suis,
779 2165 838 2215 et
864 2164 1030 2216 vocat
1064 2176 1159 2215 eas
1187 2158 1546 2224 nominatim,
1580 2162 1637 2212 et
1663 2173 1879 2227 cogno-

246 2257 355 2311 scit
384 2272 536 2324 suas,
568 2257 626 2310 et
672 2271 788 2309 suae
842 2256 1163 2325 agnoscunt
1193 2270 1325 2307 eum
1352 2253 1527 2322 (Joan.
1556 2269 1609 2319 Χ,
1640 2250 1817 2321 2-11).
1850 2270 1878 2300 ››

248 2352 317 2406 Et
359 2350 500 2405 item
531 2366 544 2403 :
583 2370 611 2399 «
643 2348 800 2403 Sicut
842 2347 1000 2403 novit
1045 2364 1138 2403 me
1178 2349 1366 2415 Pater,
1402 2351 1457 2401 et
1486 2362 1593 2417 ego
1632 2360 1883 2415 agnosco

248 2446 502 2509 Patrem,
536 2447 594 2496 et
638 2441 888 2497 animam
932 2458 1125 2496 meam
1172 2456 1323 2512 pono
1371 2457 1474 2511 pro
1517 2439 1711 2493 ovibus
1742 2436 1886 2492 meis

250 2538 439 2610 (Ibid,
499 2536 606 2607 11).
667 2557 695 2586 ››
758 2537 832 2589 De
890 2535 1246 2590 mercenario
1302 2539 1497 2588 autem
1547 2532 1684 2604 quid
1737 2528 1919 2600 dicati

249 2631 398 2687 bene
417 2630 615 2696 nostis,
640 2628 771 2700 quia
794 2649 821 2680 «
850 2628 989 2683 vidit
1021 2629 1222 2699 lupum
1258 2627 1607 2694 venientem,
1631 2628 1688 2679 et
1704 2624 1889 2678 dimit-

250 2724 322 2779 tit
346 2740 502 2792 oves,
526 2726 583 2777 et
604 2723 769 2794 fugit,
793 2726 849 2777 et
887 2723 1052 2793 lupus
1090 2721 1258 2792 rapit,
1288 2725 1345 2776 et
1379 2719 1659 2791 dispergit
1698 2735 1831 2773 oves
1858 2738 1886 2767 u

254 2818 566 2887 (Ibid.,12),
583 2820 640 2872 et
658 2817 895 2887 reliqua.
911 2817 1016 2870 Pro
1029 2814 1236 2870 talibus
1260 2830 1392 2869 vero
1417 2813 1730 2885 negligitur
1759 2828 1893 2867 cura

254 2910 536 2979 Ecclesiae,
582 2914 639 2965 et
683 2909 805 2980 ejus
851 2912 1029 2963 status
1069 2908 1454 2979 perturbatur,
1500 2910 1557 2961 et
1598 2906 1729 2960 ideo
1760 2910 1894 2959 sunt

253 3004 550 3076 prohibiti,
588 3002 872 3058 intantum
908 3009 969 3057 ut
1006 3002 1053 3056 si
1075 3001 1278 3078 aliquis
1305 3018 1373 3056 ex
1402 3001 1493 3055 his
1524 2999 1735 3071 reperti
1768 2999 1891 3053 fue-

255 3098 392 3164 rint,
423 3114 457 3152 a
486 3096 715 3169 proprio
736 3097 998 3151 decidant
1019 3091 1331 3169 gradu.|Illi
1357 3110 1603 3165 namque
1623 3091 1893 3165 epiSCOpi,

1981 1978 2215 2048 dictata,
2261 1977 2331 2032 de
2380 1977 2469 2031 his
2515 1993 2645 2049 quae
2689 1975 2927 2030 summis
2971 1975 3376 2044 sacerdotibus,
3421 1975 3482 2030 id
3531 1982 3616 2031 est

1978 2076 2185 2148 Moysi,
2231 2076 2289 2129 et
2333 2074 2519 2127 Aaron
2571 2073 2733 2125 erant
2779 2068 3101 2139 specialiter
3153 2084 3417 2124 concessa
3440 2111 3453 2138 ,
3509 2068 3612 2125 ﬁlii

1980 2171 2166 2224 Aaron
2186 2166 2501 2240 quidquam
2518 2165 2886 2235 praasumant.
2904 2161 3052 2218 Nulli
3070 2162 3225 2217 enim
3247 2162 3488 2217 dubium
3507 2169 3611 2231 est,

1982 2263 2138 2335 quod
2165 2263 2378 2332 Moyses
2407 2261 2467 2312 et
2490 2262 2682 2312 Aaron
2709 2255 2834 2325 soli,
2866 2254 3228 2326 praecipiente
3264 2255 3522 2324 Domino,
3556 2256 3615 2311 in

1983 2354 2358 2410 tabernaculo
2408 2351 2503 2406 Dei
2559 2349 2859 2420 erigebant
2899 2350 3094 2415 altare,
3148 2348 3251 2402 soli
3304 2349 3615 2420 ungebant,

1986 2449 2086 2503 soli
2113 2446 2430 2502 sacerdotes
2478 2460 2636 2499 sacra
2685 2442 2952 2496 unctione
2999 2441 3389 2510 instituebant,
3422 2445 3482 2496 et
3505 2443 3618 2497 alia

1985 2559 2111 2614 quae
2140 2541 2212 2595 ad
2246 2554 2536 2595 summum
2569 2535 2943 2591 sacerdotium
2972 2534 3351 2606 pertinebant,
3382 2536 3450 2590 de
3490 2536 3614 2607 qui-

1985 2636 2092 2690 bus
2123 2633 2471 2688 sufﬁcienter
2516 2630 2575 2684 in
2621 2629 2824 2684 divinis
2850 2628 3062 2700 legitur
3092 2627 3316 2698 litteris,
3347 2629 3617 2701 agebant,

1989 2728 2261 2801 quoniam
2293 2725 2504 2780 summi
2533 2723 2764 2778 Domini
2799 2721 3125 2777 sacerdotes
3156 2725 3342 2791 erant,
3375 2722 3519 2777 sicut
3548 2723 3619 2778 de

1990 2823 2068 2877 eis
2106 2821 2381 2892 scriptum
2422 2822 2506 2873 est
2538 2834 2552 2872 :
2587 2836 2610 2869 α
2640 2818 2853 2888 Moyses
2899 2820 2956 2870 et
2997 2818 3185 2870 Aaron
3229 2814 3292 2869 in
3322 2816 3624 2871 sacerdoti-

1990 2916 2097 2971 bus
2126 2915 2247 2985 ejus
2273 2914 2440 2984 (Psal.
2466 2927 2654 2979 xcvlu,
2678 2910 2749 2979 6),
2779 2931 2806 2958 »
2837 2909 2915 2963 sic
2941 2913 2997 2963 et
3025 2909 3215 2979 modo,
3255 2909 3391 2980 quia
3418 2910 3623 2964 umbra

1994 3008 2136 3080 legis
2161 3007 2404 3071 transiit,
2431 3009 2489 3060 et
2518 3006 2612 3059 lux
2641 3002 2933 3073 Evangelii
2955 3002 3015 3057 in
3049 3019 3151 3057 nos
3177 3003 3278 3057 Dei
3306 3003 3490 3073 gratia
3512 3021 3627 3058 ma-

1994 3102 2195 3157 nifeste
2244 3103 2516 3169 coruscat,
2553 3097 2625 3152 de
2668 3096 2756 3151 his
2795 3112 2924 3167 quae
2967 3095 3026 3149 in
3076 3096 3316 3150 summis
3361 3097 3622 3152 sacerdo-

259 3191 358 3264 (ἰυί
389 3191 525 3246 talia
554 3190 658 3245 Sibi
677 3194 1051 3261 Ρτθεδυιηυηι,
1081 3187 1343 3244 Videﬁtm‘
1368 3187 1510 3242 mihi
1540 3204 1659 3242 9558
1689 3202 1892 3241 Πιαεπθ-
1918 3228 1973 3301 C
1996 3196 2168 3261 tibus,
2214 3195 2271 3249 id
2311 3197 2397 3247 est
2442 3190 2717 3263 episcopis
2765 3206 3008 3260 quorum
3053 3190 3297 3260 ﬁguram
3333 3190 3545 3262 Moyses
3576 3194 3633 3246 et

265 3292 274 3301 ·
320 3286 330 3296 ⁶
373 3285 404 3301 ⁸¹
543 3284 553 3294 ·
626 3284 656 3301 ⁸1
851 3300 857 3301 γ
965 3283 1111 3301 μνη
1146 3281 1874 3301 n-77-4"“::,eo-_14_-__-_
2013 3292 2024 3301 .
2219 3291 2228 3301 .
2506 3290 2516 3301 ,
2593 3284 2666 3301 μη.
2838 3283 3181 3301 νλμιγῌᾲεήμ
3242 3284 3279 3301 ι.
3349 3283 3360 3294 .
3445 3284 3460 3301 ι

261 3285 498 3341 tricibus
511 3284 747 3351 similes,
762 3300 909 3355 quae,
934 3283 1125 3337 statim
1145 3289 1210 3337 ut
1230 3282 1461 3353 pariunt
1479 3281 1727 3335 infantes
1746 3296 1896 3346 suos,

258 3379 381 3435 aliis
423 3377 739 3433 nutricibus
786 3377 1021 3433 tradunt
1063 3376 1408 3443 educandos,
1440 3377 1505 3429 ut
1544 3390 1706 3429 suam
1737 3373 1901 3427 citius

262 3473 563 3529 libidinem
604 3472 833 3544 explere
880 3472 1129 3540 valeant;
1161 3470 1240 3524 sic
1273 3473 1331 3524 et
1358 3469 1450 3523 isti
1481 3468 1725 3523 infantes
1750 3483 1898 3533 suos,

263 3568 318 3622 id
346 3571 432 3622 est
456 3566 721 3638 populos,
762 3565 871 3620 sibi
917 3564 1258 3620 commissos
1285 3562 1408 3618 aliis
1437 3561 1760 3617 educandos
1782 3566 1899 3614 tra-

266 3660 428 3729 dunt,
465 3664 529 3714 ut
563 3676 689 3714 suas
728 3658 995 3714 libidines
1036 3658 1328 3730 expleant,
1361 3657 1417 3711 id
1450 3659 1553 3726 est,
1579 3660 1645 3710 ut
1671 3671 1772 3709 suo
1799 3670 1903 3726 pro

265 3754 430 3810 libitu
477 3753 840 3809 saecularibus
883 3752 1033 3807 curis
1062 3751 1309 3818 inhient,
1336 3755 1392 3806 et
1416 3750 1570 3822 quod
1593 3747 1904 3818 unicuique

267 3849 453 3903 visum
482 3847 652 3902 fuerit
677 3846 905 3901 liberius
931 3850 1129 3918 agant;
1158 3861 1262 3917 pro
1288 3844 1496 3899 talibus
1516 3843 1674 3898 enim
1699 3841 1905 3897 animae

270 3942 665 4015 negliguntur,
689 3957 820 3995 oves
839 3944 1105 4013 pereunt,
1139 3939 1325 3994 morbi
1352 3943 1632 4005 crescunt,
1670 3937 1906 3991 haereses

273 4039 329 4092 et
354 4035 664 4092 schismata
690 4035 994 4107 prodeunt,
1018 4032 1279 4096 Ecclesia;
1307 4033 1698 4098 destruuntur,
1728 4046 1908 4085 sacer-

277 4130 439 4185 dotes
480 4128 775 4198 vitiantur,
822 4132 879 4183 et
924 4126 1141 4199 reliqua
1187 4125 1341 4180 mala
1382 4124 1742 4197 proveniunt.
1784 4124 1909 4178 Non

274 4224 462 4279 taliter
500 4222 776 4278 Dominus
822 4220 1036 4292 docuit,
1087 4237 1194 4276 nec
1237 4219 1477 4291 apostoli
1517 4219 1908 4285 instituerunt,

279 4318 377 4373 sed
403 4315 512 4389 ipsi
543 4316 641 4388 qui
671 4333 865 4371 curam
894 4315 1211 4386 suscipiunt
1234 4313 1339 4386 ipsi
1379 4317 1674 4386 peragant,
1705 4314 1762 4365 et
1787 4311 1910 4382 ipse

281 4411 541 4483 pmprios
560 4409 881 4482 manipulos
900 4409 1142 4465 Domino
1168 4412 1600 4479 repraesentem.
1620 4405 1767 4460 Nam
1793 4404 1914 4475 ipse

284 4521 446 4562 ovem
471 4502 757 4577 perditam
771 4503 1076 4576 diligenter
1104 4502 1380 4575 quaesivit,
1408 4501 1528 4573 ipse
1553 4498 1789 4567 invenit,
1807 4494 1915 4569 ipsi

1997 3292 2185 3344 Aaron
2214 3290 2542 3351 tenuerunt,
2589 3284 2670 3338 illi
2703 3283 2801 3353 qui
2828 3283 3193 3354 septuaginta
3227 3283 3630 3355 discipulorum

1999 3383 2241 3437 formam
2271 3381 2514 3450 gestant,
2536 3378 2597 3431 in
2623 3392 2866 3448 quorum
2887 3375 3152 3430 videlicet
3170 3380 3304 3447 typo
3322 3377 3425 3432 ﬁlii
3444 3381 3631 3433 Aaron

2001 3477 2163 3531 erant
2190 3473 2331 3528 nihil
2378 3486 2723 3543 praesumere
2752 3469 2980 3536 debent,
3010 3467 3157 3523 sicut
3195 3486 3299 3524 nec
3347 3470 3432 3525 illi
3464 3471 3629 3543 quid-

2001 3583 2177 3640 quam
2208 3567 2277 3621 de
2321 3563 2530 3619 summi
2569 3562 2868 3617 sacerdotii
2907 3562 3224 3617 ministerio
3251 3563 3635 3636 attingebant.

2002 3663 2144 3716 Nam
2186 3659 2334 3732 quod
2383 3654 2774 3729 chorepiscopi
2827 3659 3132 3727 antequam
3171 3658 3409 3728 praefato
3437 3660 3634 3729 prohi-

2002 3756 2274 3811 berentur
2308 3758 2507 3808 tenore
2562 3750 2635 3805 ad
2683 3750 2930 3804 formam
2980 3750 3340 3822 septuaginta
3389 3751 3638 3809 instituti

2005 3852 2186 3916 erant,
2215 3863 2398 3903 canon
2441 3844 2784 3899 sufﬁcienter
2808 3842 3155 3911 manifestat,
3186 3844 3280 3898 ubi
3305 3845 3385 3900 ait
3415 3863 3428 3900 :
3462 3847 3638 3903 Chor-

2008 3941 2257 4016 episcopi
2281 3955 2512 4013 quoque
2559 3938 2634 3993 ad
2672 3938 2997 4009 exemplum
3051 3942 3108 3991 et
3141 3939 3387 3993 formam
3417 3946 3639 4012 septua-

2009 4037 2171 4107 ginta
2194 4035 2459 4090 videntur
2485 4049 2627 4103 esse,
2676 4037 2731 4087 et
2778 4031 3023 4103 reliqua.
3070 4032 3181 4086 Nec
3224 4032 3368 4088 illud
3406 4039 3641 4107 praeter-

1973 4130 2262 4211 eundum
2307 4128 2467 4183 nobis
2515 4126 2773 4195 videtur,
2823 4125 2974 4197 quod
3027 4125 3159 4180 alibi
3225 4128 3283 4182 in
3337 4131 3647 4186 canonibus

2011 4239 2340 4295 expressum
2368 4226 2453 4276 est
2482 4237 2495 4274 :
2529 4219 2634 4284 Qui
2659 4220 2718 4273 in
2745 4219 2882 4273 vicis
2907 4221 2964 4272 et
3000 4219 3448 4289 possessionibus
3480 4225 3643 4278 chor-

2013 4316 2264 4389 episcopi
2290 4314 2680 4381 nominantur,
2713 4314 2969 4383 quamvis
2994 4329 3196 4367 manus
3224 4314 3645 4386 impositionem

2014 4410 2409 4483 episcoporum
2446 4405 2822 4478 perceperint,
2859 4409 2917 4460 et
2947 4409 3010 4461 ut
3046 4407 3295 4478 episcopi
3343 4410 3649 4465 consecrati

2013 4503 2248 4571 fuerint,
2283 4506 2341 4557 et
2365 4506 2590 4557 caetera.

285 4599 527 4673 propriis
561 4599 812 4653 humeris
841 4595 1169 4669 reportavit,
1196 4612 1416 4667 nosque
1443 4595 1690 4665 idipsum
1733 4592 1997 4675 facereD
2091 4599 2200 4653 Nec
2228 4596 2298 4652 ab
2343 4612 2404 4650 re
2449 4593 2663 4649 dictum
2711 4592 3026 4664 perpendo,
3070 4609 3397 4667 quanquam
3446 4615 3652 4655 manus

290 4691 606 4765 perdocuit.
636 4690 691 4747 Si
724 4690 844 4764 ipse
872 4706 974 4763 pro
1003 4690 1269 4746 omnibus
1314 4690 1534 4743 tantam
1573 4702 1769 4741 curam
1813 4685 1917 4740 ha-

289 4787 497 4856 buerit,
526 4787 647 4858 ipse
676 4785 887 4855 docuit,
933 4784 1051 4857 ipse
1081 4783 1317 4851 curavit,
1364 4781 1480 4854 ipse
1528 4779 1761 4846 sanavit,
1802 4779 1922 4850 ipse

298 4880 538 4953 propriis
568 4879 823 4934 humeris
851 4878 1178 4950 reportavit,
1198 4880 1371 4949 atque
1390 4876 1679 4930 intantum
1705 4871 1920 4939 dilexit,

297 4981 359 5030 ut
409 4975 586 5029 etiam
626 4973 883 5029 animam
933 4989 1094 5028 suam
1120 4973 1325 5027 multas
1353 4969 1637 5025 sustinens
1665 4966 1925 5038 injurias,

299 5069 477 5124 multa
501 5067 828 5139 opprobria,
858 5066 1177 5137 multasque
1196 5056 1495 5136 passiones
1511 5077 1613 5134 pro
1639 5060 1802 5116 nobis
1824 5065 1929 5115 tra-

302 5162 479 5218 deret.
525 5159 688 5225 Quod
732 5176 837 5215 nos
881 5159 1073 5215 miseri
1119 5164 1175 5214 et
1217 5157 1436 5213 desides
1468 5155 1674 5211 dicturi
1712 5170 1928 5223 sumus,

303 5256 398 5328 qui
426 5256 601 5311 etiam
622 5271 723 5326 pro
748 5253 944 5309 ovibus
971 5252 1136 5308 nobis
1161 5250 1474 5307 commissis
1494 5266 1691 5305 curam
1718 5250 1933 5320 impen-

306 5351 438 5406 dere
468 5348 841 5420 negligimus,
873 5353 929 5403 et
957 5347 1082 5402 aliis
1110 5363 1207 5401 eas
1228 5345 1592 5401 deducandas
1614 5342 1935 5399 tradimus?

307 5443 678 5515 Corrigantur
700 5442 843 5511 haec,
871 5441 1094 5510 fratres,
1126 5456 1358 5495 necesse
1387 5444 1488 5509 est,
1528 5438 1661 5510 quia
1685 5436 1783 5508 qui
1812 5435 1937 5506 plus

308 5538 528 5593 laborat
552 5536 832 5608 majorem
858 5534 1183 5590 mercedem
1208 5533 1463 5604 accipiet.
1496 5533 1639 5586 Nam
1668 5547 1785 5585 non
1813 5545 1936 5583 am-

312 5632 457 5703 plius
493 5647 667 5703 quam
715 5629 860 5685 duos
904 5628 1134 5683 ordines
1180 5627 1328 5682 inter
1370 5625 1672 5697 discipulos
1712 5621 1942 5679 Domini

315 5742 431 5781 esse
458 5725 849 5796 cognovimus,
894 5722 953 5778 id
990 5725 1074 5778 est
1101 5719 1401 5777 duodecim
1443 5720 1854 5793 apostolorum,
1887 5718 1947 5770 et

319 5819 682 5892 septuaginta
706 5816 1128 5889 discipulorum.
1161 5813 1323 5874 Unde
1360 5813 1464 5869 iste
1490 5813 1689 5869 tertius
1713 5826 1943 5883 proces-

320 5912 452 5973 Serit
493 5912 749 5969 funditus
802 5911 1153 5984 ignoramus,
1209 5911 1268 5965 et
1320 5907 1471 5983 quod
1525 5906 1746 5963 ratione
1794 5907 1951 5961 caret

2018 4689 2449 4765 impositionem
2461 4686 2859 4759 episcoporum
2877 4687 3255 4758 perceperint,
3285 4705 3415 4745 cum
3446 4693 3655 4763 episco-

2021 4801 2222 4861 porum
2246 4799 2459 4839 nomen
2485 4780 2765 4854 pluralem
2780 4779 2839 4834 in
2857 4796 2916 4834 se
2942 4781 3227 4836 contineat
3251 4799 3578 4856 numerum,
3597 4790 3657 4843 et

2025 4879 2181 4953 apud
2212 4875 2612 4951 grammaticos
2654 4872 2885 4946 pluralis
2926 4871 2999 4928 sit
3042 4873 3342 4945 genitivus,
3391 4884 3455 4934 ut
3492 4878 3658 4936 detur

2026 4974 2185 5031 enim
2216 4971 2361 5027 mihi
2389 4966 2542 5043 quod
2584 4971 2721 5024 tunc
2750 4984 2865 5023 non
2911 4967 2980 5021 ab
3020 4984 3156 5038 uno,
3185 4968 3287 5024 sed
3327 4987 3361 5024 θ.
3405 4973 3661 5043 pluribus

2029 5067 2455 5132 ordinabantur,
2483 5063 2620 5136 quia
2650 5063 2975 5117 nullatenus
3006 5061 3216 5117 diceret
3239 5063 3659 5143 episcoporum,

2030 5163 2091 5217 si-
2105 5162 2175 5216 ab
2206 5178 2318 5216 uno
2341 5159 2503 5215 ﬁeret
2538 5157 2740 5211 talium
2774 5155 3079 5226 ordinatio,
3114 5173 3242 5211 cum
3268 5159 3665 5234 episcoporum

2032 5256 2333 5329 pluraliter
2357 5253 2572 5307 dictum
2610 5249 2701 5305 sit.
2733 5250 2873 5304 Cum
2908 5255 3100 5304 autem
3141 5251 3279 5307 dixit
3313 5255 3667 5329 chorepisco-

2032 5366 2196 5422 pum,
2228 5347 2484 5419 profecto
2508 5344 2783 5398 villanum
2822 5343 2995 5398 voluit
3034 5342 3273 5418 intelligi
3299 5350 3663 5422 episcopum;

2037 5448 2096 5498 et
2124 5444 2169 5497 si
2207 5442 2466 5509 villanus,
2500 5437 2634 5510 quid
2665 5437 2784 5509 agit
2813 5436 2873 5491 in
2916 5437 3161 5507 civitate,
3206 5457 3337 5496 cum
3376 5444 3434 5498 in
3466 5462 3577 5501 una
3600 5447 3676 5503 ci-

2036 5537 2207 5592 vitate
2250 5535 2362 5589 duo
2403 5532 2638 5587 omnino
2670 5531 3085 5602 prohibeantur
3126 5550 3244 5589 esse
3274 5537 3564 5608 episcopi?
3606 5543 3671 5596 Et

2042 5627 2087 5681 si
2108 5627 2165 5679 in
2191 5623 2321 5677 villa
2350 5625 2407 5676 et
2431 5621 2488 5676 in
2517 5638 2583 5676 eo
2612 5621 2737 5676 loco
2770 5620 2865 5674 ubi
2895 5626 3060 5676 antea
3102 5624 3348 5696 episc0pi
3392 5642 3509 5680 non
3553 5628 3673 5685 fue~

2044 5720 2195 5783 runt,
2229 5729 2360 5767 cum
2405 5715 2464 5765 et
2504 5711 2565 5765 in
2616 5709 2840 5765 modica
2879 5710 3126 5778 civitate,
3157 5713 3242 5766 vel
3288 5712 3347 5765 in
3388 5713 3541 5785 villa,
3574 5726 3674 5776 aut

2046 5802 2274 5860 castello
2314 5800 2611 5873 episcopus
2658 5798 2782 5855 ﬁeri
2806 5799 3199 5871 prohibeatur,
3232 5803 3290 5854 et
3322 5801 3382 5856 in
3411 5806 3675 5864 omnibus

2047 5896 2281 5954 omnino
2318 5894 2477 5966 locis,
2522 5893 2621 5950 ubi
2659 5897 2821 5950 antea
2862 5891 3108 5966 episcopi
3155 5909 3270 5949 non
3316 5893 3570 5971 fuerunt,
3603 5917 3676 5964 ne
