4032 6326
405 345 498 398 671

1295 327 1578 390 APPEND.
1619 329 1707 388 AD
1746 331 1906 388 S/EC.
1948 331 2034 386 IX.
2070 355 2137 372 --
2175 332 2420 389 ISIDORI
2460 331 2885 391 MERCATORIS

3668 330 3777 391 6'72

404 451 636 505 vilescat
662 444 965 503 auctoritas
992 443 1049 499 et
1071 459 1280 499 nomen
1312 441 1563 513 episcopi
1591 440 1807 495 fuerint
1832 440 2040 495 consti—
2060 466 2118 540 Α
2137 442 2267 509 sint,
2312 443 2408 497 sed
2457 443 2614 497 omni
2653 442 3024 498 ecclesiastico
3061 439 3315 498 funditus
3341 441 3641 516 priventur
3667 443 3774 498 ho-

405 545 535 620 tuti,
565 542 722 615 quid,
753 558 916 613 rogo,
949 539 1159 594 erunt?
1185 540 1320 593 Ecce
1344 553 1452 591 nec
1479 536 1633 590 locus
1657 551 1785 589 cum
1815 535 2040 590 ordina-

377 635 565 716 t’tione
592 636 916 702 concordat,
947 649 1049 688 nec
1080 629 1364 687 ordinatio
1403 646 1534 684 cum
1573 629 1718 684 loco.
1758 628 2039 693 Quoniam

409 732 456 786 si
487 730 877 802 episcoporum
925 742 1130 780 manus
1170 722 1597 795 impositionem
1640 725 2035 794 perceperunt,

407 827 465 879 et
493 827 558 877 ut
584 820 829 893 episcopi
867 825 1000 875 sunt
1029 817 1362 884 consecrati,
1407 817 1505 870 ubi
1548 820 1682 870 sunt
1727 814 2040 870 consecrati

408 918 477 971 ad
525 915 732 985 villam,
777 913 907 986 quia
949 914 1119 968 choro
1163 912 1293 966 villa
1341 915 1423 966 est
1465 909 1619 982 apud
1671 911 1926 976 Gnaeos,
1983 913 2042 964 et

409 1010 652 1082 qualiter
681 1009 755 1064 ad
779 1009 991 1076 villam,
1025 1006 1069 1061 si
1096 1023 1203 1061 nec
1231 1005 1290 1060 in
1322 1003 1570 1072 castello,
1602 1007 1701 1058 aut
1727 1003 1787 1057 in
1817 1001 2040 1057 modica

410 1103 634 1158 civitate
664 1102 794 1156 licet
817 1100 961 1169 fieri,
989 1117 1129 1172 rogo
1160 1105 1225 1155 ut
1253 1097 1547 1170 promatis,
1586 1102 1642 1152 et
1686 1096 1732 1150 si
1773 1112 2040 1168 promere

377 1207 528 1253 'non
569 1193 825 1268 potestis,
872 1193 1008 1267 quia
1036 1193 1150 1248 scio
1191 1209 1297 1264 per
1325 1191 1624 1260 rationem,
1671 1193 1769 1244 aut
1813 1190 2040 1260 plenam

409 1291 802 1346 auctoritatem
828 1287 1065 1342 minime
1094 1286 1348 1359 potestis,
1371 1284 1617 1356 digitum
1636 1284 1720 1338 ori
1747 1282 2039 1355 imponite,

412 1391 467 1440 et
493 1402 590 1440 eos
621 1383 778 1438 omni
805 1381 1142 1437 auctoritate
1168 1396 1362 1435 carere
1387 1395 1504 1434 non
1530 1377 1802 1445 dubitate,
1832 1377 2044 1432 scilicet

412 1479 547 1552 quia
572 1478 684 1533 tria
713 1477 941 1531 obstant
983 1473 1187 1546 quibus
1232 1489 1433 1528 eorum
1477 1473 1728 1527 cassatur
1773 1470 1916 1525 actio
1953 1470 2042 1524 vel

414 1571 716 1628 institutio.
763 1571 972 1637 Unum,
1019 1568 1172 1640 quod
1217 1566 1286 1622 ab
1335 1582 1450 1621 uno
1494 1565 1755 1638 episcopo
1795 1562 2042 1619 ordinari

413 1667 614 1732 solent,
642 1664 702 1719 in
729 1680 840 1734 quo
866 1678 1066 1717 eorum
1100 1661 1382 1716 ordinatio
1424 1678 1458 1714 a
1495 1659 1805 1714 canonibus
1840 1658 2045 1714 discor-

415 1761 532 1826 dat,
563 1758 661 1830 qui
681 1774 782 1830 per
807 1773 1012 1812 manus
1029 1755 1424 1827 episcoporum
1450 1771 1546 1808 eos
1576 1753 1793 1809 institui
1814 1753 2040 1823 jubent.

2139 552 2302 590 nore.
2353 536 2513 600 Quod
2564 553 2698 590 vero
2755 537 2835 592 eis
2872 552 2992 592 non
3029 536 3194 591 liceat
3229 537 3542 592 sacerdotes
3579 553 3779 592 conse-

2138 646 2320 696 crare,
2351 646 2454 684 nec
2499 630 2782 698 diaconos,
2817 635 2917 685 aut
2941 629 3334 700 subdiaconos,
3366 647 3470 686 nec
3500 631 3773 702 virgines,

2142 740 2244 777 nec
2297 725 2473 778 altare
2509 723 2750 794 erigere,
2801 740 2907 778 nec
2953 740 3190 795 ungere,
3233 728 3334 780 aut
3379 741 3618 792 sacrare,
3669 741 3778 780 nec

2143 815 2402 871 ecclesias
2427 816 2714 884 dedicare,
2743 833 2847 872 nec
2877 817 3124 873 chrisma
3165 818 3460 886 coniicere,
3489 835 3596 873 nec
3622 819 3774 873 chri-

2141 913 2321 965 smate
2366 910 2782 982 baptizatorum
2828 912 3046 967 frontes
3094 912 3342 984 signare,
3391 928 3494 968 nec
3549 912 3777 983 publice

2141 1005 2373 1075 quidem
2425 1004 2482 1058 in
2523 1003 2692 1059 missa
2720 1022 3068 1077 quemquam
3106 1006 3477 1077 pcenitentcm
3519 1006 3773 1060 reconci-

2140 1096 2302 1165 liare,
2333 1114 2437 1153 nec
2469 1099 2742 1154 formatas
2770 1099 3032 1171 epistolas
3077 1100 3324 1167 mittere,
3365 1116 3470 1156 nec
3499 1100 3776 1171 populum

2141 1191 2500 1260 benedicere,
2550 1209 2652 1247 nec
2696 1198 2827 1248 ante
2872 1195 3202 1265 episcopum
3233 1193 3291 1248 in
3316 1193 3648 1264 baptisteria
3680 1201 3779 1248 aut

2144 1285 2203 1338 in
2232 1285 2476 1340 sacrario
2515 1286 2768 1354 introire,
2810 1303 2913 1341 nec
2953 1290 3229 1358 praesente
3275 1287 3540 1358 episcopo
3587 1287 3775 1341 infan-

2144 1381 2261 1433 tem
2300 1379 2524 1449 tingere
2580 1385 2677 1434 aut
2736 1380 3002 1451 signare,
3058 1397 3164 1436 nec
3218 1380 3590 1452 pcenitentem
3654 1381 3778 1434 sine

2144 1473 2520 1544 praeceptione
2548 1473 2800 1546 episcopi
2841 1474 2929 1529 sui
2960 1475 3348 1543 reconciliare,
3389 1490 3493 1529 nec
3523 1491 3587 1528 eo
3625 1491 3778 1546 prse-

2144 1573 2322 1636 sente,
2356 1567 2464 1621 nisi
2492 1566 2589 1621 illo
2622 1566 2884 1636 jubente,
2915 1585 3137 1623 sacrum
3181 1568 3428 1640 corporis
3460 1573 3517 1623 et
3547 1569 3778 1639 sangui-

2141 1661 2230 1715 nis
2266 1660 2473 1715 Christi
2501 1661 2806 1730 conﬁcere,
2840 1678 2942 1716 nec
2971 1677 3036 1717 eo
3066 1679 3261 1717 coram
3288 1661 3470 1732 posito
3498 1663 3778 1734 populum

2143 1755 2369 1822 docere,
2411 1759 2510 1809 aut
2558 1754 2816 1823 salutare,
2865 1772 2967 1810 nec
3007 1755 3236 1827 plebem
3279 1755 3588 1811 exhortari.
3640 1755 3779 1820 Quae

416 1853 602 1920 Aliud,
646 1851 691 1906 si
740 1868 772 1905 a
814 1850 1072 1922 pluribus
1103 1849 1380 1920 episcopis
1411 1852 1545 1902 sunt
1574 1846 1838 1915 ordinati,
1873 1848 1930 1900 et
1950 1839 2124 1912 autB
2149 1847 2344 1903 omnia
2379 1848 2512 1902 solis
2538 1848 2901 1918 pontificibus
2931 1849 3122 1904 deberi
3150 1855 3269 1904 tam
3301 1866 3366 1904 ex
3395 1849 3783 1920 superioribus

418 1945 477 2001 in
505 1946 656 2014 villa,
708 1948 807 1999 aut
849 1944 1097 2013 castello,
1145 1959 1246 1997 seu
1287 1942 1346 1996 in
1390 1941 1610 1996 modica
1655 1939 1898 2007 civitate,
1947 1943 2048 1993 aut

417 2040 651 2095 omnino
681 2054 797 2092 non
826 2037 885 2091 in
911 2053 979 2091 eo
1009 2038 1132 2091 loco
1175 2035 1412 2106 praeﬁxi,
1452 2051 1566 2107 quo
1604 2034 1755 2104 juste
1801 2030 2044 2105 episc0pi

417 2133 540 2189 ﬁeri
568 2133 794 2199 debent,
828 2134 928 2184 aut
953 2130 1173 2184 dudum
1213 2147 1328 2183 non
1370 2129 1604 2183 fuerunt
1637 2127 1731 2182 ubi
1761 2143 1875 2182 non
1905 2126 2044 2180 vile-

419 2232 537 2283 scat
563 2225 883 2292 auctoritas,
915 2230 971 2279 et
997 2240 1213 2279 nomen
1239 2222 1506 2293 episcopi,
1537 2227 1635 2276 aut
1661 2221 1708 2276 si
1736 2221 1794 2274 in
1821 2219 2046 2274 civitate

419 2337 550 2376 cum
581 2321 760 2374 altero
791 2318 1074 2390 episcopo,
1107 2333 1256 2383 cum,
1289 2319 1357 2371 ut
1380 2315 1714 2387 praedictum
1731 2317 1835 2380 est,
1857 2313 1917 2367 in
1939 2328 2048 2366 una

363 2445 378 2503 ι
419 2415 642 2470 civitate
689 2413 801 2466 duo
847 2428 962 2466 non
997 2411 1242 2464 debeant
1283 2408 1589 2463 consistere
1625 2407 1893 2478 episcopi.
1923 2407 2050 2460 Ter-

419 2508 563 2562 tium
592 2508 637 2560 si
666 2506 918 2560 absolute
958 2504 1174 2558 fuerint
1220 2501 1483 2570 instituti,
1511 2501 1654 2555 sicut
1696 2501 1764 2555 de
1813 2499 2046 2571 quibus-

419 2602 550 2656 dam
575 2599 911 2667 audivimus,
943 2615 1071 2670 qum
1119 2597 1313 2652 omnia
1356 2595 1656 2668 episcopali
1693 2594 1926 2650 omnino
1955 2609 2046 2648 ca-

419 2699 549 2750 rent
575 2693 925 2749 auctoritate.
955 2694 1022 2746 Et
1061 2690 1205 2746 illud
1233 2691 1415 2745 adhuc
1454 2694 1646 2756 restat,
1679 2688 1832 2760 quod
1852 2703 2050 2741 eorum

420 2789 560 2844 ordo
587 2805 702 2842 non
733 2786 977 2842 habetin
1003 2785 1209 2840 divinis
1234 2782 1434 2838 litteris
1458 2781 1876 2848 auctoritatem,
1894 2781 2047 2852 quia,

423 2887 486 2938 ut
512 2883 805 2954 prteﬁxum
836 2883 938 2950 est,
971 2879 1196 2934 ordines
1234 2881 1368 2932 sunt
1401 2878 1512 2932 duo
1539 2879 1759 2930 tantum
1785 2874 1962 2947 primi
1992 2874 2052 2928 in

422 2977 686 3042 Ecclesia,
713 2974 773 3028 id
803 2979 885 3028 est
916 2972 1326 3044 apostolorum,
1371 2976 1425 3026 et
1471 2969 1837 3041 septuaginta
1881 2967 2051 3022 disci-

423 3071 714 3144 pulorum.
744 3069 888 3123 Sane
935 3066 979 3120 si
1022 3082 1126 3120 nec
1151 3065 1402 3137 episcopi
1428 3067 1583 3133 sunt,
1611 3063 1744 3135 quia
1770 3079 1874 3134 pro
1903 3079 2051 3132 prte-

423 3165 558 3220 fatis
584 3179 750 3218 causa
779 3159 1026 3232 episcopi
1069 3175 1188 3214 esse
1225 3176 1344 3213 non
1383 3161 1639 3231 possunt,
1687 3173 1790 3211 nec
1830 3155 2056 3227 presby-

422 3264 576 3315 teros
617 3274 673 3310 se
712 3254 998 3310 nominari
1043 3253 1260 3321 volunt,
1308 3251 1442 3324 quia
1484 3249 1727 3322 amplius
1768 3265 1887 3305 esse
1929 3266 2054 3304 am-

424 3351 610 3418 biunt,
655 3355 823 3422 atque
871 3349 1178 3420 plusquam
1228 3346 1594 3418 septuaginta
1647 3343 2057 3415 discipulorum

424 3447 711 3516 fecissent,
764 3444 837 3498 ad
884 3458 1129 3514 quorum
1175 3441 1445 3511 formam,
1481 3445 1542 3494 ut
1581 3439 1752 3510 paulo
1798 3437 2057 3510 superius

425 3537 864 3615 praelibavimus,
883 3536 943 3591 hi
971 3541 1274 3607 antequam
1304 3534 1744 3606 prohiberentur
1770 3549 1802 3586 a
1832 3531 2059 3602 quibus-

425 3625 556 3691 dam
587 3632 792 3702 stultis,
825 3636 881 3685 et
908 3651 934 3682 (ι
962 3646 1063 3684 sua
1092 3628 1500 3701 quaerentibus,
1530 3644 1648 3682 non
1679 3643 1804 3698 quas
1851 3625 2058 3681 Christi

422 3730 554 3787 Jesu
586 3727 744 3799 (Phil.
777 3743 836 3795 ιι,
864 3726 951 3795 21)
989 3745 1015 3773 ››
1049 3723 1512 3788 instituebantur,
1552 3735 1898 3791 praesumere
1940 3724 2060 3774 ten-

425 3826 568 3889 tant,
603 3826 658 3875 et
702 3819 897 3874 illicita
944 3822 1114 3888 atque
1151 3815 1432 3886 prohibita
1464 3830 1633 3885 agere
1682 3818 2055 3885 praesumunt,

429 3932 533 3971 nec
564 3916 667 3968 hoc
700 3912 808 3967 dici
839 3927 897 3965 se
928 3911 1126 3964 volunt
1151 3908 1305 3980 quod
1332 3912 1482 3976 sunt,
1513 3924 1649 3977 rogo
1676 3911 1737 3960 ut
1763 3906 2058 3960 manifeste

427 4007 684 4084 prodatis
714 4004 852 4076 quid
883 4003 1012 4071 sint,
1044 4002 1313 4074 quoniam
1362 4005 1462 4055 aut
1502 4000 1718 4071 aliquid
1763 4005 1914 4068 sunt,
1964 4002 2061 4053 aut

431 4102 595 4158 nihil.
637 4101 776 4154 Nam
808 4096 1106 4152 manifeste
1140 4100 1315 4166 patet,
1345 4094 1611 4165 quoniam
1653 4093 1898 4164 episcopi
1944 4109 2058 4148 non

433 4201 582 4264 sunt,
633 4199 690 4248 et
736 4192 780 4247 si
825 4190 1070 4263 episcopi
1115 4206 1230 4244 non
1274 4193 1422 4257 sunt,
1477 4192 1532 4242 et
1575 4186 1890 4259 presbyteri
1940 4203 2059 4242 esse

431 4287 766 4362 despiciunt,
794 4285 933 4358 quid
965 4284 1177 4338 erunt?
1217 4286 1328 4337 Aut
1367 4281 1583 4354 aliquid
1619 4297 1847 4353 prorsus
1870 4285 2056 4348 erunt,

433 4385 532 4440 aut
560 4380 724 4450 nihil,
747 4380 880 4452 quia
904 4378 1044 4433 nihil
1062 4380 1249 4449 potest
1276 4393 1399 4430 esse
1424 4375 1533 4431 nisi
1561 4375 1763 4431 habeat
1782 4375 1937 4430 unde
1964 4376 2055 4445 sit,

432 4482 488 4533 et
512 4477 558 4532 si
587 4491 706 4531 non
730 4473 937 4528 habeat
963 4471 1113 4526 unde
1138 4470 1226 4538 sit,
1255 4473 1355 4524 aut
1380 4470 1529 4525 unde
1559 4469 1841 4541 originem
1870 4469 2057 4539 ducat,

2147 1958 2318 2013 quam
2332 1958 2402 1996 ex
2424 1941 2548 1995 aliis
2564 1943 2800 1998 Patrum
2816 1942 3156 2012 constitutis,
3177 1946 3274 1998 aut
3287 1943 3455 1997 sacris
3467 1942 3784 1997 canonibus

2148 2034 2336 2089 edocti
2363 2035 2516 2105 estis,
2546 2041 2602 2090 et
2629 2034 2674 2089 si
2699 2052 2929 2090 necesse
2951 2039 3056 2104 est,
3079 2036 3418 2107 quibusdam
3444 2053 3656 2092 munus
3691 2034 3781 2108 [f.,

2149 2128 2358 2198 minus]
2373 2128 2679 2183 scientibus
2693 2129 2882 2184 doceri
2895 2130 3221 2200 pleniter,et
3234 2129 3436 2184 instrui
3447 2135 3704 2201 possunt,
3718 2133 3788 2184 ut

2147 2238 2250 2293 per
2275 2222 2384 2276 hoc
2411 2224 2466 2277 et
2483 2221 2745 2277 discretio
2775 2222 3080 2294 graduum,
3098 2226 3156 2277 et
3170 2223 3460 2294 dignitatis
3488 2223 3785 2294 fastigium

2148 2332 2504 2370 summorum
2552 2317 2885 2387 pontificum
2933 2317 3370 2372 demonstretur.
3421 2316 3692 2373 Similiter
3729 2321 3791 2371 et

2151 2409 2220 2464 de
2272 2409 2619 2481 presbyteris
2665 2410 2787 2464 haec
2829 2410 3165 2479 habeantur,
3195 2415 3259 2465 ut
3301 2411 3420 2465 sine
3449 2411 3613 2482 jussu
3643 2428 3784 2483 pro-

2151 2503 2264 2574 prii
2293 2503 2545 2574 episcopi
2583 2503 2664 2557 nil
2711 2507 2902 2574 agant,
2932 2504 3067 2575 quia
3105 2505 3258 2575 quod
3309 2521 3503 2559 rarum
3549 2510 3634 2560 est
3678 2506 3788 2560 hoc

2151 2601 2209 2652 et
2237 2597 2527 2668 pulchrius
2555 2613 2675 2651 esse
2702 2597 2939 2652 videtur.
2973 2599 3041 2651 Et
3075 2598 3122 2652 si
3145 2615 3356 2653 nomen
3397 2598 3612 2654 vilescit
3641 2615 3786 2670 pon-

2150 2689 2386 2760 tiﬁcum,
2416 2689 2603 2745 omnis
2655 2692 2834 2745 status
2858 2691 3225 2762 perturbatur
3250 2691 3531 2748 Ecclesiae.
3558 2692 3789 2764 Triplex

2151 2783 2344 2854 itaque
2389 2783 2450 2838 in
2498 2784 2603 2838 hac
2637 2786 2800 2854 parte
2829 2789 3022 2839 reatus
3048 2789 3171 2840 est:
3204 2786 3354 2857 quod
3400 2790 3457 2840 et
3495 2785 3790 2857 prohibita

2153 2881 2362 2948 agunt;
2393 2881 2450 2931 et
2475 2877 2628 2947 quod
2671 2894 2897 2932 sacrum
2937 2877 3321 2934 ministerium
3361 2879 3484 2934 talis
3514 2879 3791 2934 consortii

2153 2970 2368 3025 vilitate
2397 2971 2674 3041 polluitur
2701 2988 2715 3026 :
2746 2976 2801 3026 et
2826 2971 3221 3044 episcoporum
3250 2976 3526 3045 quantum
3573 2974 3645 3027 ad
3685 2973 3794 3027 illi-

2153 3064 2278 3119 citae
2332 3063 2711 3136 usurpationis
2764 3065 3144 3121 temeritatem
3197 3065 3442 3138 pertinet
3486 3065 3620 3137 jura
3674 3067 3789 3121 sol-

2154 3160 2385 3212 vuntur.

2225 3251 2387 3316 Quod
2409 3254 2600 3307 autem
2637 3253 2771 3307 solis
2797 3253 3067 3323 apostolis
3105 3269 3417 3326 eorumque
3447 3254 3789 3309 successori-

2153 3344 2259 3400 bus
2283 3344 2501 3416 proprii
2520 3345 2592 3400 sit
2606 3345 2776 3400 ofﬁcii
2795 3346 3018 3401 tradere
3046 3346 3323 3417 Spiritum
3350 3348 3794 3416 sanctum,liber

2155 3441 2396 3494 Actuum
2415 3439 2803 3510 apostolorum
2826 3439 3007 3507 docet,
3023 3441 3339 3510 praesertim
3359 3458 3491 3496 cum
3513 3442 3702 3496 nullus
3723 3458 3794 3497 ex

2157 3532 2513 3603 septuaginta
2541 3532 2848 3604 discipulis,
2885 3549 3133 3605 quorum
3162 3534 3253 3588 isti
3288 3534 3344 3588 in
3378 3535 3626 3589 Ecclesia
3655 3552 3792 3607 spe-

2157 3625 2301 3680 ciem
2330 3629 2554 3697 gerunt,
2584 3627 2805 3698 legatur
2830 3627 3048 3682 donum
3076 3628 3252 3682 sancti
3279 3628 3519 3700 Spiritus
3546 3645 3649 3700 per
3677 3646 3798 3684 ma-

2155 3737 2264 3776 nus
2299 3719 2724 3792 impositionem
2757 3721 2838 3789 (ut
2865 3721 3197 3792 praedictum
3238 3725 3339 3792 est)
3367 3722 3626 3777 tradisse.
3661 3724 3794 3777 Haec

2159 3831 2318 3885 ergo,
2364 3815 2496 3886 quia
2547 3813 2706 3868 omni
2749 3819 2945 3869 carent
2982 3815 3235 3885 ratione,
3285 3815 3472 3870 nullus
3523 3817 3794 3888 deinceps

2157 3903 2412 3980 usurpet,
2445 3913 2543 3962 aut
2579 3908 2894 3963 consentiat
2931 3909 3282 3964 sacerdotum
3321 3910 3419 3981 qui
3463 3910 3714 3965 noluerit
3758 3929 3795 3966 a

2162 4000 2210 4073 1
2227 4000 2351 4074 65
2379 4003 2572 4057 nostro
2599 4002 2933 4058 sacerdotali
2950 4003 3186 4074 collegio
3209 4002 3478 4075 separari.
3507 4004 3618 4059 Nec
3638 4005 3794 4076 quod

2158 4113 2190 4150 a
2217 4094 2381 4150 nobis
2407 4095 2808 4167 exstinguitur,
2858 4099 2915 4150 et
2956 4113 2988 4152 a
3036 4095 3545 4169 praedecessoribus
3584 4099 3794 4153 nostris

2161 4206 2225 4244 ac
2250 4188 2502 4260 reliquis,
2525 4192 2589 4243 ut
2614 4189 2826 4245 dictum
2853 4193 2956 4260 est,
2990 4190 3158 4246 totius
3183 4190 3333 4246 orbis
3374 4191 3648 4264 episcopis
3665 4192 3794 4264 jam

2160 4283 2496 4338 exstinctum
2534 4288 2637 4352 est,
2668 4284 2820 4354 apud
2858 4284 3074 4356 aliquos
3113 4285 3432 4341 tenebrosis
3477 4284 3796 4342 seminetur

2159 4376 2473 4443 radicibus;
2505 4376 2624 4444 sed,
2653 4394 2780 4449 quae
2808 4377 2955 4459 male
3000 4379 3308 4450 pullulasse
3340 4386 3672 4450 noscuntur,
3701 4397 3793 4435 ras

2159 4470 2358 4524 dicilus
2385 4470 2718 4540 evellantur,
2752 4488 2824 4528 ne
2855 4489 3104 4528 messem
3127 4473 3478 4529 Dominicam
3527 4474 3642 4528 ulla
3672 4491 3797 4530 cor-

429 4587 535 4628 nec
561 4567 958 4626 auctoritatem
989 4565 1178 4633 habet,
1206 4581 1310 4619 nec
1335 4567 1484 4619 Stare
1527 4563 1634 4618 rite
1670 4563 1898 4635 poterit,
1929 4562 2060 4634 quia
2079 4581 2138 4654 D
2161 4573 2432 4639 rumpant
2459 4568 2691 4625 zizania.
2728 4572 2812 4626 Ila
2837 4572 2989 4627 enim
3020 4573 3269 4628 fructum
3298 4572 3536 4628 uberem
3569 4572 3798 4628 Domini

432 4665 602 4721 inane
653 4665 758 4731 est,
805 4666 862 4716 et
905 4662 972 4714 ut
1011 4659 1352 4728 destruatur,
1398 4662 1455 4712 et
1496 4658 1656 4712 cadat
1697 4674 1922 4714 necesse
1956 4661 2057 4724 est,

434 4757 709 4831 quoniam
751 4755 892 4810 nihil
945 4756 1048 4822 est,
1100 4756 1156 4808 et
1197 4752 1258 4806 in
1307 4751 1550 4806 nihilum
1595 4751 1971 4823 reputabitur.
2001 4749 2061 4804 Si

431 4871 564 4909 vero
592 4851 734 4906 nihil
764 4867 827 4905 ex
858 4848 948 4902 his
979 4851 1126 4913 sunt,
1163 4863 1287 4917 quae
1314 4845 1574 4917 superius
1600 4843 2059 4910 memoravimus,

434 4950 569 5002 tunc
596 4960 820 5000 necesse
853 4946 938 4998 est
985 4947 1046 4997 ut
1084 4941 1226 4995 nihil
1258 4939 1371 4994 sint
1413 4955 1481 4993 ex
1513 4938 1600 4992 his
1640 4954 1766 5008 quae
1797 4936 2060 4992 sacerdo-

435 5041 584 5095 tibus
611 5038 911 5104 debentur,
965 5039 1020 5089 et
1053 5035 1180 5088 ideo
1224 5049 1326 5088 nec
1354 5034 1410 5086 in
1444 5029 1777 5086 sacerdotali
1810 5030 2063 5102 catalogo

437 5132 773 5200 habeantur,
789 5129 896 5184 nisi
917 5131 1157 5195 tantum,
1179 5132 1240 5182 ut
1258 5126 1444 5199 primo
1467 5123 2059 5191 commemoravimus,

436 5233 499 5283 ut
536 5238 639 5298 pro
688 5220 1074 5279 misericordia
1122 5221 1230 5274 illis
1278 5219 1376 5291 qui
1420 5217 1716 5273 humiliter
1758 5217 1866 5272 hoc
1914 5218 2062 5273 ferre

435 5319 734 5388 voluerint,
787 5334 888 5372 nec
933 5316 1174 5387 amplius
1211 5311 1537 5380 ambierint,
1568 5317 1625 5366 et
1655 5327 1755 5382 per
1791 5311 2060 5384 scriptum

433 5413 669 5492 propria
694 5429 868 5467 manu
905 5409 1098 5465 subter
1125 5407 1554 5462 corroboratum
1586 5403 1832 5477 idipsum
1863 5406 2062 5462 conﬁr-

434 5499 736 5574 maverint,
770 5506 878 5560 hoc
904 5501 1260 5558 solummodo
1306 5499 1666 5571 concedatur,
1696 5503 1759 5554 ut
1794 5500 1942 5557 inter
1979 5519 2065 5557 sa-

386 5577 406 5682 ξ
435 5602 698 5658 cerdotes
726 5601 911 5653 locum
945 5595 1208 5661 habeant,
1250 5597 1306 5649 et
1348 5592 1665 5649 ministerio
1702 5594 2057 5666 presbytero.

436 5714 564 5752 rum
599 5690 855 5750 contenti
903 5689 1036 5756 sint,
1083 5691 1252 5759 atque
1290 5705 1501 5742 mensae
1547 5688 1772 5743 Domini
1821 5694 2063 5746 tantum-

435 5790 608 5844 modo
638 5784 942 5858 participes
970 5782 1233 5838 existant.
1282 5783 1540 5854 Amplius
1589 5786 1779 5837 autem
1817 5784 1916 5855 qui
1939 5800 2058 5839 am-

437 5881 560 5940 bire
607 5877 909 5947 voluerint,
953 5892 1059 5932 nec
1111 5874 1218 5932 hoc
1266 5876 1568 5945 retineant,
1623 5878 1687 5930 ut
1741 5877 2061 5932 sacerdotes

2161 4662 2478 4718 sacerdotes
2517 4665 2889 4735 praestabunt,
2936 4667 2982 4720 si
3027 4683 3095 4722 ea
3137 4682 3264 4739 quae
3309 4672 3501 4722 natam
3542 4673 3798 4738 segetem

2160 4772 2397 4812 enecare
2452 4762 2800 4814 consuerunt
2840 4759 3109 4815 radicitus
3156 4764 3547 4833 amputentur.
3609 4762 3800 4818 Cesset

2162 4865 2300 4921 ergo
2322 4853 2408 4906 tot
2419 4850 2707 4921 judicibus
2733 4853 3019 4924 prohibita
3041 4858 3096 4909 et
3115 4854 3380 4910 damnata
3398 4855 3794 4926 praesumptio,

2159 4957 2265 4998 nec
2277 4943 2572 5000 imitentur
2589 4945 2797 5000 summi
2822 4947 3141 5003 sacerdotes
3159 4947 3429 5003 mulieres
3446 4947 3795 5016 meretrices,

2163 5053 2289 5108 quas
2316 5038 2561 5094 infantes
2587 5057 2718 5095 suos
2744 5041 2979 5111 praefata
2997 5042 3284 5113 voluptate
3305 5042 3430 5096 aliis
3448 5042 3518 5097 ad
3543 5042 3800 5098 nutrien-

2161 5130 2298 5184 dum
2325 5131 2604 5201 tribuunt,
2653 5133 2752 5188 sed
2796 5134 2914 5206 ipse
2957 5135 3196 5190 Domino
3236 5153 3338 5191 suo
3378 5136 3655 5204 nutriant,
3687 5134 3798 5208 ipsi

2162 5224 2408 5280 fructum
2457 5243 2587 5282 cum
2634 5243 2807 5283 usura
2849 5228 3110 5296 reddant,
3146 5230 3571 5302 fructuososque
3606 5229 3794 5285 mani-

2160 5319 2322 5390 pulos
2354 5324 2410 5375 et
2434 5337 2563 5377 cum
2590 5321 2772 5393 gloria
2796 5326 3227 5392 repraesentent.
3260 5325 3403 5379 Nam
3443 5324 3487 5378 si
3516 5324 3796 5380 Dominus

2159 5412 2409 5483 leprosos
2446 5413 2599 5469 inter
2623 5418 2858 5470 cmteras
2887 5415 3077 5471 ovium
3122 5431 3355 5471 suarum
3403 5433 3566 5472 curas
3603 5418 3798 5490 tetigit

2162 5509 2219 5560 et
2254 5506 2567 5575 mandavit,
2619 5523 2720 5562 cur
2761 5523 2867 5563 nos
2904 5509 3107 5564 eadem
3152 5525 3322 5580 agere
3369 5509 3797 5581 dedignamur?

2159 5603 2258 5654 aut
2283 5615 2384 5653 cur
2421 5616 2522 5655 nos
2569 5599 2675 5671 ipsi
2706 5601 2804 5672 qui
2842 5603 3118 5674 pastorale
3155 5603 3401 5658 officium
3443 5601 3795 5676 suscepimus

2163 5692 2289 5747 aliis
2313 5693 2545 5748 alendas
2574 5694 2856 5750 tradimus
2877 5697 2905 5750 ?
2946 5697 3192 5752 maxime
3221 5711 3352 5752 cum
3384 5695 3660 5754 Dominus
3687 5701 3791 5755 Pe-

2163 5789 2248 5840 tro
2299 5788 2631 5858 praeceptori
2687 5794 2881 5845 nostro
2925 5791 3128 5848 dixerit
3177 5809 3192 5846 :
3246 5814 3274 5841 «
3323 5792 3381 5848 Si
3436 5792 3624 5864 diligis
3673 5809 3786 5861 me,

2159 5895 2327 5953 pasce
2352 5897 2480 5936 oves
2506 5889 2690 5951 meas,“
2712 5904 2740 5933 ››
2774 5888 2831 5939 et
2864 5885 3036 5939 multa
3056 5885 3188 5941 talia
3207 5890 3262 5941 et
3281 5885 3367 5941 his
3389 5886 3590 5942 similia
3617 5887 3787 5959 (Joan.
