4032 6340
233 344 339 401 673

1465 346 1933 407 DECRETALIUM
1969 350 2354 408 COLLECTIO.

3492 356 3595 416 674

234 471 352 524 xxx,
384 454 491 523 l7).
523 455 665 509 Nam
694 444 1010 512 benedictio
1035 469 1206 529 quam
1235 458 1490 530 prmdicti
1516 460 1863 532 corepiscopi
1885 475 1943 547 Α
1964 476 2059 515 eas
2089 458 2447 528 nominatim,
2483 462 2541 515 et
2574 461 2927 533 cognoscunt
2951 478 3045 518 me
3071 478 3239 533 mea,
3281 466 3339 520 et
3375 466 3595 541 reliqua

232 551 364 600 ante
395 563 560 601 suam
587 547 1030 619 prohibitionem
1058 568 1162 622 per
1196 568 1398 606 manus
1433 552 1861 623 impositionem
1967 555 2139 620 (Joan.
2168 572 2220 622 x,
2256 556 2358 626 11).
2396 577 2419 606 ι
2452 556 2518 610 Et
2546 555 2774 624 iterum,
2805 562 3079 613 monente
3111 558 3415 614 Dominicae
3444 563 3591 617 vocis

235 639 464 707 dabant,
486 642 699 712 smagis
735 642 897 696 nobis
938 643 1162 698 videtur
1197 645 1400 699 vulnus
1436 645 1645 701 inferre
1691 664 1864 718 quam

233 734 502 803 salutem,
550 736 606 788 et
645 735 723 789 illi
767 737 864 807 qui
905 737 1268 808 pontiﬁcatus
1306 739 1525 810 apicem
1550 740 1860 810 habebant,

235 827 526 898 quomodo
582 845 645 882 ea
695 846 823 900 qum
865 847 981 885 non
1034 832 1319 887 habebant
1365 833 1500 887 dare
1559 838 1858 904 poterant,

232 921 506 992 quoniam
534 922 676 976 nihil
707 923 864 977 danti
890 928 1015 979 erat
1040 925 1190 997 quod
1213 926 1333 998 ipse
1358 927 1534 998 possit
1561 928 1816 998 accipere
1836 930 1862 983 ?

234 1018 335 1067 aut
364 1015 491 1086 quis
526 1016 849 1083 hominum,
893 1017 1024 1073 licet
1050 1036 1209 1074 more
1247 1020 1506 1075 humano
1536 1021 1859 1092 loquamur,

231 1107 367 1162 dare
394 1111 581 1180 potest
598 1110 751 1181 quod
778 1127 896 1165 non
926 1112 1140 1167 habet?
1174 1114 1492 1169 Praesertim
1524 1131 1653 1168 cum
1678 1117 1863 1186 ponti-

228 1201 364 1256 ﬁces
394 1219 508 1256 non
538 1207 722 1270 erant,
767 1221 833 1258 ea
856 1222 982 1276 quae
1013 1206 1147 1260 solis
1176 1207 1538 1278 pontificibus
1560 1209 1857 1279 debentur,

231 1296 370 1351 dare
394 1313 510 1351 non
542 1301 823 1369 poterant.
855 1300 921 1354 Et
946 1303 1249 1371 propterea
1266 1301 1453 1372 magis
1484 1303 1862 1358 vulnerabant

229 1389 416 1461 capita
432 1406 561 1462 qua!
581 1407 683 1461 per
700 1408 904 1445 manus
930 1392 1348 1464 impositionem
1370 1397 1706 1467 tangebant,
1728 1414 1859 1452 cum

229 1504 293 1541 ea
322 1504 449 1559 quae
474 1488 555 1543 eis
580 1489 781 1543 collata
800 1507 915 1544 non
937 1496 1214 1562 erantper
1238 1492 1492 1564 aliquam
1512 1494 1860 1549 benedictio-

229 1597 367 1636 nem
398 1582 622 1638 darent.
658 1585 721 1638 Et
749 1584 876 1639 ideo
907 1584 1183 1657 quidquid
1208 1603 1277 1641 ex
1303 1588 1637 1658 supradictis
1668 1588 1861 1644 minis-

229 1675 387 1729 teriis
430 1676 844 1747 pontificalibus
885 1680 1314 1750 praesumebant
1360 1681 1587 1736 irritum
1619 1686 1760 1752 erat,
1804 1688 1863 1738 et

234 1769 378 1823 nihil
406 1770 566 1824 tactis
594 1772 978 1841 perficiebant,
1012 1774 1108 1829 sed
1134 1775 1316 1845 magis
1338 1775 1498 1845 juxta
1522 1777 1862 1847 prophetam

1960 648 2226 719 imperio,
2254 665 2367 720 quo
2391 649 2749 705 beatissimus
2777 651 3069 722 apostolus
3095 655 3294 708 Petrus
3324 654 3473 709 trina
3497 672 3591 710 re-

1962 741 2235 812 petitione
2279 742 2529 813 mysticaa
2584 743 2888 799 sanctionis
2938 745 3235 814 imbuitur,
3288 752 3350 803 ut
3387 748 3593 803 Christi

1964 850 2115 904 oves,
2145 835 2245 906 qui
2275 835 2557 890 Christum
2589 841 2743 891 amat
2782 837 3102 910 diligenter,
3136 844 3193 894 et
3221 857 3349 895 cum
3378 834 3625 939 magna:

1962 944 2098 982 cura
2126 931 2334 999 pascat,
2364 929 2637 999 quoniam
2667 930 2842 1002 ipsius
2893 938 3098 988 sanctae
3143 934 3294 988 sedis
3339 935 3429 989 cui
3473 936 3596 1007 (per

1961 1020 2364 1076 abundantiam
2416 1022 2619 1077 divinae
2670 1025 2869 1094 gratias
2924 1029 3255 1097 praesumus)
3295 1044 3486 1084 amore
3538 1033 3596 1083 et

1964 1115 2277 1170 reverentia
2305 1121 2674 1185 coarctamur,
2708 1123 2770 1173 ut
2798 1121 2967 1173 taan
2995 1120 3431 1192 superstitionis,
3463 1139 3592 1195 quae

1962 1208 2117 1262 nulla
2153 1208 2237 1279 (ut
2264 1225 2435 1279 supra
2461 1209 2678 1264 dictum
2706 1213 2807 1281 est)
2836 1212 3068 1267 fulcitur
3102 1214 3454 1283 auctoritate,
3490 1232 3586 1287 pe-

1961 1301 2227 1371 riculum,
2259 1306 2539 1373 quantum
2577 1320 2897 1374 possumus,
2938 1306 3309 1376 declinemus,
3340 1326 3412 1363 ne
3441 1309 3592 1365 beati

1962 1395 2222 1467 magistri
2245 1397 2446 1467 nostri,
2485 1400 2541 1451 et
2568 1398 2777 1452 summi
2823 1400 3063 1470 apostoli
3089 1400 3330 1472 dilectio,
3375 1420 3486 1474 qua
3530 1420 3590 1458 se

1961 1492 2273 1544 amatorem
2309 1490 2405 1544 Dei
2444 1508 2567 1546 esse
2613 1494 2844 1546 testatus
2873 1498 2977 1561 est,
3010 1510 3154 1548 vana
3181 1494 3500 1551 inveniatur
3529 1497 3591 1551 in

1961 1583 2154 1653 nobis,
2208 1584 2477 1655 quoniam
2515 1586 2702 1640 omnis
2737 1586 3101 1659 negligenter
3146 1606 3381 1660 pascens
3425 1591 3591 1645 toties

1962 1676 2068 1731 sibi
2092 1678 2556 1734 commendatum
2586 1680 2945 1735 Dominicum
2975 1698 3211 1753 gregem
3239 1683 3594 1740 convincitur

1963 1787 2252 1826 summum
2299 1788 2413 1827 non
2459 1789 2652 1828 amare
2697 1778 3004 1847 pastorem,
3061 1792 3167 1830 nec
3215 1777 3337 1847 ejus
3365 1794 3422 1831 se
3447 1778 3591 1833 velle

236 1886 265 1914 «
287 1862 753 1921 maledictionem
782 1883 886 1937 pro
911 1866 1332 1936 benedictione,
1360 1868 1405 1922 si
1418 1872 1604 1923 ratum
1621 1874 1707 1924 est
1719 1870 1863 1926 dice-
1884 1861 1939 1933 B
1964 1864 2299 1936 diSCipulum
2322 1864 2465 1935 ﬁeri,
2481 1867 2643 1938 enjus
2665 1870 2920 1940 exempla
2946 1870 3188 1940 negligit
3205 1870 3436 1938 imitari,
3459 1888 3592 1927 nam

232 1975 315 2025 re,
338 1960 703 2015 conferebant
724 1960 849 2031 (Jer.
884 1978 1024 2028 xmv,
1050 1965 1119 2030 8).
1148 1980 1174 2013 »
1206 1962 1560 2033 Quapropter
1586 1980 1691 2034 per
1711 1964 1862 2020 illam

226 2052 484 2108 illicitam
525 2071 730 2109 manus
773 2053 1217 2126 impositionem,
1277 2061 1337 2110 ut
1383 2056 1552 2127 paulo
1603 2059 1862 2129 superius

229 2148 673 2218 praelibavimus,
701 2149 1061 2204 vulneratum
1095 2153 1264 2220 caput
1292 2150 1371 2204 illi
1397 2151 1496 2222 qui
1524 2150 1863 2208 videbantur

229 2240 446 2313 aliquid
480 2242 760 2314 accepisse
802 2242 1104 2298 habebant.
1138 2244 1205 2297 Et
1243 2244 1338 2298 ubi
1393 2246 1596 2300 vulnus
1625 2245 1861 2301 inﬁxum

232 2338 338 2403 est,
384 2352 613 2391 necesse
640 2338 726 2391 est
770 2336 1110 2391 medicinam
1141 2337 1412 2393 adhibere
1438 2356 1550 2411 qua
1579 2339 1753 2394 inﬁxa
1777 2357 1863 2395 sa-

229 2434 399 2484 netur
421 2430 658 2497 macula,
695 2428 755 2484 id
783 2432 886 2497 est,
921 2430 1177 2486 reiterari
1203 2448 1430 2486 necesse
1462 2436 1563 2502 est,
1596 2433 1749 2504 quod
1781 2435 1857 2488 le-

232 2523 434 2596 gitime
466 2526 675 2592 actum,
708 2529 806 2578 aut
835 2524 1100 2579 collatum
1143 2526 1379 2580 minime
1421 2527 1781 2598 approbatur,
1817 2528 1859 2581 si

228 2617 550 2689 perfectum
600 2634 721 2672 esse
769 2617 1014 2673 debebit.
1069 2621 1211 2674 Nam
1258 2620 1543 2691 quomodo
1583 2622 1859 2676 honorem

228 2711 407 2782 possit
433 2710 682 2766 retinere
715 2712 815 2782 qui
839 2712 911 2766 ab
941 2713 1037 2766 illo
1064 2715 1364 2784 acceperit,
1393 2714 1491 2785 qui
1515 2719 1857 2785 potestatem

229 2804 365 2860 dare
419 2805 672 2876 legitime
720 2822 834 2860 non
884 2806 1100 2875 habuit,
1156 2807 1411 2861 invenire
1457 2824 1574 2863 non
1609 2826 1856 2880 possum,

229 2915 359 2953 cum
386 2898 481 2953 ille
507 2898 606 2970 qui
629 2899 906 2954 honorem
936 2899 1315 2970 pontiﬁcalem
1346 2917 1460 2955 non
1486 2902 1702 2968 habuit,
1725 2919 1862 2973 pon-

225 2992 457 3047 tiﬁcalia
480 3009 594 3046 non
628 2995 819 3064 potest
838 2994 969 3064 jura
999 2993 1269 3063 tribuere,
1296 3010 1403 3049 nec
1431 2995 1539 3049 hoc
1574 2995 1677 3050 sibi
1706 3001 1861 3067 pote-

227 3089 361 3141 rant
409 3086 717 3152 vindicare,
771 3087 930 3160 cujus
972 3104 1207 3159 capaces
1255 3105 1359 3159 per
1401 3089 1506 3143 hoc
1549 3089 1702 3160 quod
1751 3089 1860 3143 illis

228 3179 526 3235 obstiterat
552 3197 667 3234 non
692 3152 1086 3256 fuerit.\llujus
1113 3198 1249 3253 ergo
1277 3182 1639 3237 discussionis
1665 3200 1860 3238 curam

1962 1958 2142 2029 gratia
2186 1976 2417 2030 prorsus
2460 1961 2645 2032 major
2682 1962 3026 2033 acquiretur,
3082 1965 3129 2017 si
3168 1965 3238 2019 de
3276 1965 3595 2021 commissis

1963 2052 2163 2107 ovibus
2207 2053 2429 2108 lucrum
2466 2054 2666 2109 offerat
2704 2055 2944 2110 Domino
2982 2056 3293 2113 sollicitudo
3331 2060 3587 2130 pastoris.

1962 2146 2102 2201 Nam
2132 2151 2189 2201 et
2211 2147 2441 2203 beatum
2468 2149 2660 2216 Jacob,
2692 2150 2790 2220 qui
2818 2167 2921 2220 pro
2959 2151 3228 2205 uxoribus
3255 2151 3350 2206 diu
3382 2153 3590 2209 servie-

1960 2243 2070 2308 rat,
2101 2239 2308 2295 dixisse
2339 2241 2751 2297 meminimus:
2800 2263 2826 2294 «
2853 2243 3065 2314 Viginti
3084 2245 3246 2299 annis
3266 2245 3347 2299 fui
3373 2250 3586 2301 tecum.

1962 2332 2103 2388 Oves
2132 2340 2244 2388 tuae
2271 2338 2324 2389 et
2346 2352 2528 2406 caprae
2558 2337 2776 2391 steriles
2801 2353 2916 2391 non
2938 2338 3191 2406 fuerunt,
3223 2339 3426 2395 ariems
3459 2355 3589 2411 gre-

1962 2426 2046 2496 gis
2078 2426 2157 2480 tui
2198 2444 2310 2482 non
2353 2429 2599 2499 comedi,
2649 2447 2755 2484 nec
2799 2433 3028 2501 captum
3074 2448 3106 2484 a
3153 2432 3329 2486 bestia
3370 2433 3591 2487 ostendi

1960 2520 2084 2574 tibi.
2133 2522 2247 2591 ligo
2290 2521 2568 2576 damnum
2618 2540 2789 2578 omne
2841 2524 3166 2595 reddebam,
3210 2531 3267 2580 et
3314 2526 3590 2597 quidquid

1959 2612 2112 2669 furto
2154 2614 2402 2684 perierat
2446 2632 2478 2669 a
2525 2632 2617 2670 me
2654 2617 2936 2687 exigebas,
2989 2618 3081 2672 die
3126 2624 3408 2690 nocteque
3447 2624 3590 2674 aestu

1962 2707 2168 2762 urebar
2209 2712 2263 2761 et
2308 2708 2458 2779 gelu,
2507 2708 2763 2781 fugiebat
2818 2727 3050 2765 somnus
3096 2713 3166 2766 ab
3216 2714 3391 2767 oculis
3447 2714 3589 2768 meis

1965 2802 2112 2871 (Gen.
2143 2817 2286 2869 xxx1,
2319 2805 2405 2870 38,
2435 2805 2543 2874 39).
2573 2825 2598 2851 ››
2642 2803 2702 2859 Si
2741 2820 2878 2876 ergo
2915 2806 3139 2861 laborat
3179 2811 3235 2860 et
3275 2806 3465 2878 vigilat
3490 2808 3590 2879 qui

1961 2896 2137 2965 pascit
2165 2912 2295 2950 oves
2342 2896 2550 2965 Laban,
2584 2900 2800 2969 quanto
2830 2898 3044 2969 labore,
3077 2900 3414 2972 quantisque
3443 2901 3587 2973 vigi-

1960 2988 2051 3042 liis
2094 2988 2262 3044 debet
2302 2990 2601 3046 intendere
2622 2991 2717 3063 qui
2759 2993 2936 3062 pascit
2956 3009 3085 3048 oves
3104 2995 3218 3048 Deo
3242 2994 3268 3049 '2
3294 2994 3403 3050 Sed
3422 2994 3482 3049 in
3502 2995 3588 3049 his

1961 3085 2225 3140 omnibus
2253 3086 2376 3157 ipse
2404 3103 2506 3141 nos
2532 3089 2795 3157 instruat,
2823 3088 2919 3161 qui
2947 3107 3050 3160 pro
3069 3089 3186 3145 suis
3209 3090 3366 3145 dedit
3391 3091 3589 3147 ovibus

1960 3178 2231 3247 animam,
2257 3186 2313 3235 et
2327 3181 2554 3252 adjuvet
2571 3198 2676 3236 nos
2698 3187 2757 3237 ut
2782 3182 2850 3238 de
2878 3183 2964 3237 his
2981 3184 3078 3255 qui
3112 3185 3273 3239 nobis
3296 3185 3587 3241 commissi

342 3234 347 3235 κ
770 3234 775 3235 ν
851 3234 859 3236 ν
903 3234 918 3256 ,
991 3234 1079 3252 ,,η
1126 3234 1133 3235 γ
1178 3234 1239 3253 υ*
1672 3234 1860 3238 νηπ-
2220 3234 2231 3247 ,
2352 3234 2460 3252 ηυνκ
2790 3234 2845 3238 --
2878 3234 3078 3255 Γ-
3112 3234 3270 3239 mm-
3300 3234 3587 3241 -ς--η--η-

230 3274 393 3328 nobis
435 3273 756 3345 specialiter
801 3274 1152 3329 vindicantes
1188 3276 1267 3330 ita
1294 3275 1741 3331 misericordiam
1766 3294 1857 3331 ro-
1883 3234 1937 3307 C
1963 3278 2123 3344 sunt,
2179 3274 2426 3328 fructum
2470 3275 2843 3347 multiplicem
2891 3293 2954 3331 ac
3015 3294 3342 3333 mensuram
3392 3296 3587 3350 super.

231 3383 433 3439 gamus
478 3371 539 3422 ut
565 3367 612 3421 si
637 3383 752 3438 qua
790 3367 1030 3422 forsitan
1057 3368 1145 3422 his
1183 3368 1484 3424 commissa
1509 3372 1641 3424 sunt
1682 3371 1856 3425 corri-

231 3465 463 3533 gantur,
512 3479 583 3517 ne
631 3461 767 3517 talia
806 3461 969 3517 liceat
1005 3462 1150 3517 ultra
1181 3464 1482 3533 committi,
1540 3469 1596 3518 et
1642 3481 1714 3519 ne
1747 3481 1861 3536 qua

229 3554 522 3610 excusatio
565 3554 636 3609 de
681 3555 1036 3626 ignoratione
1079 3560 1364 3624 nascatur,
1421 3555 1552 3627 quia
1594 3561 1659 3611 ut
1699 3558 1861 3612 nobis

228 3650 672 3721 gratulationem
710 3648 841 3705 facit
876 3650 1252 3705 Ecclesiarum
1286 3654 1462 3705 status
1497 3640 1709 3705 salubri
1753 3651 1862 3706 dis-

226 3743 514 3816 positione
567 3743 890 3810 attributus,
948 3745 1037 3798 vel
1095 3744 1419 3812 adornatus,
1463 3744 1544 3799 ita
1589 3761 1705 3800 non
1753 3745 1861 3800 levi

225 3854 330 3892 nos
375 3853 624 3892 maerore
651 3838 949 3892 contristat
993 3838 1214 3909 quoties
1258 3838 1474 3909 aliquid
1531 3844 1730 3894 contra
1778 3840 1861 3893 in-

224 3931 423 3987 stituta
449 3948 737 3987 canonum
770 3932 854 3986 vel
876 3931 1304 3987 ecclesiasticam
1337 3932 1692 4004 disciplinam
1718 3950 1861 4004 prae-

225 4030 542 4098 sumptum,
565 4029 666 4081 aut
686 4027 1054 4081 commissum
1077 4026 1492 4098 cognoscimus.
1520 4026 1658 4092 Quae
1680 4027 1724 4081 si
1745 4044 1859 4082 non

225 4137 342 4193 qua
391 4119 666 4175 debemus
713 4120 1005 4192 vigilantia
1052 4137 1409 4190 resecemus,
1456 4121 1580 4176 illos
1620 4122 1717 4193 qui
1754 4139 1861 4177 nos

227 4214 607 4286 speculatores
643 4230 762 4270 esse
803 4216 997 4269 volunt
1017 4231 1283 4269 excusare
1312 4232 1428 4270 non
1458 4232 1779 4286 possumus,
1814 4217 1861 4270 si

232 4308 357 4379 ejus
386 4308 696 4363 Ecclesiam
726 4324 854 4380 quae
884 4309 1045 4364 nobis
1076 4308 1421 4380 generaliter
1446 4309 1747 4364 commissa
1777 4313 1863 4364 est

230 4403 295 4457 in
323 4406 608 4474 quantum
644 4402 1017 4473 prmvalemus
1054 4420 1255 4474 puram
1292 4420 1327 4458 a
1362 4408 1481 4458 tam
1525 4403 1732 4458 illicitis
1776 4421 1862 4458 su-

229 4496 663 4569 perstitionibus
687 4513 805 4552 non
825 4497 1228 4568 custodiamus,
1247 4497 1379 4568 quia
1400 4515 1515 4552 non
1538 4497 1705 4552 aliter
1718 4514 1862 4552 unus

1962 3368 2295 3422 effluentem
2342 3368 2411 3423 ad
2460 3374 2671 3423 (eterna
2713 3370 2921 3440 gaudia
2954 3375 3246 3441 reportare
3297 3374 3586 3441 concedat,

1960 3464 2260 3532 tantusque
2285 3478 2383 3516 vos
2395 3462 2540 3517 beati
2556 3463 2706 3517 Petri
2724 3465 3113 3534 apostolorum
3137 3465 3411 3537 principis
3427 3483 3591 3521 amor

1960 3554 2239 3624 incendat,
2263 3558 2326 3609 ut
2354 3555 2412 3609 in
2439 3555 2571 3609 ovili
2596 3556 2792 3626 ipsius,
2812 3558 2904 3611 cui
2930 3574 3130 3613 omnes
3148 3564 3426 3613 creaturae
3454 3566 3605 3614 sunt

1959 3648 2205 3716 traditae,
2263 3640 2460 3704 omnes
2507 3650 2696 3704 taliter
2747 3655 3035 3719 errantes,
3085 3659 3141 3706 et
3185 3652 3375 3706 illicita
3416 3656 3587 3725 atque

1961 3742 2663 3813 prohibitapraesumentes
2692 3743 2901 3799 sanctis
2926 3746 3125 3800 vestris
3154 3746 3351 3801 studiis
3363 3763 3587 3801 summo

1960 3835 2312 3908 reintegrare
2352 3853 2484 3891 cum
2502 3836 2778 3893 desiderio
2799 3838 3092 3909 festinetis,
3121 3839 3365 3911 qualiter
3383 3840 3590 3895 animae

1959 3930 2207 4001 pretioso
2229 3930 2436 3987 Christi
2464 3931 2743 4004 sanguine
2773 3932 3083 4004 redempta:
3120 3950 3318 3988 eorum
3349 3950 3465 3989 non
3492 3950 3587 4006 pe-

1961 4028 2127 4078 reant
2149 4024 2499 4095 deceptione.

2033 4118 2228 4173 Restat
2253 4118 2407 4172 enim
2440 4118 2594 4189 quod
2620 4135 2722 4191 per
2753 4120 2964 4174 ostium
2990 4120 3049 4174 hi
3068 4137 3434 4193 nequaquam
3458 4122 3589 4177 sub-

1962 4210 2265 4278 intrarunt,
2307 4211 2442 4282 quia
2481 4229 2600 4267 non
2636 4213 2923 4267 habebant
2952 4214 3159 4268 ostium
3191 4231 3293 4285 per
3318 4216 3472 4286 quod
3501 4216 3588 4270 in-

1962 4304 2357 4375 grederentur,
2392 4305 2525 4376 quia
2561 4309 2626 4358 ut
2668 4305 2882 4360 dictum
2924 4312 3007 4361 est
3039 4323 3052 4361 :
3096 4308 3151 4362 Si
3200 4324 3303 4362 nec
3343 4308 3593 4380 episcopi

1962 4401 2113 4465 sunt,
2134 4403 2190 4453 et
2210 4398 2514 4469 plusquam
2539 4399 2854 4469 presbyteri
2875 4416 2996 4454 esse
3019 4401 3296 4469 ambiunt,
3320 4419 3422 4474 per
3440 4404 3594 4475 quod

1962 4491 2171 4546 ostium
2195 4490 2543 4546 intrabunt?
2588 4508 2718 4546 cum
2764 4493 2821 4547 hi
2868 4497 3095 4548 tantum
3140 4495 3254 4550 duo
3281 4496 3509 4551 ordines
3536 4498 3592 4551 in

232 4607 409 4663 grex,
453 4593 512 4645 et
540 4608 689 4646 unus
737 4594 930 4664 pastor
985 4608 1205 4659 sumus,
1236 4591 1344 4646 nisi
1373 4591 1861 4664 quemadmodum
1880 4608 1940 4682 D
1962 4584 2205 4639 Ecclesia
2229 4586 2516 4657 leguntur,
2540 4602 2643 4639 nec
2664 4586 2911 4657 amplius
2935 4587 3008 4641 ad
3036 4590 3313 4657 pastorale
3342 4590 3595 4645 ofﬁcium

230 4686 530 4757 Apostolus
579 4684 744 4741 docet
780 4686 1028 4758 idipsum
1069 4686 1325 4741 dicamus
1373 4701 1590 4753 omnes,
1636 4708 1663 4735 ‹‹
1690 4679 1921 4740 εἱιηιιςΓ
1966 4679 2196 4751 aliquod
2220 4683 2375 4750 patet
2398 4679 2604 4734 ostium
2627 4696 2730 4751 per
2753 4680 2906 4751 quod
2932 4685 3126 4751 pastor
3145 4682 3336 4737 intret.
3370 4683 3592 4755 Audite,

229 4783 424 4834 autem
452 4779 687 4850 perfecti
718 4779 778 4834 in
806 4780 1005 4835 eodem
1036 4796 1207 4834 sensu
1237 4784 1291 4834 et
1314 4780 1375 4834 in
1403 4779 1606 4834 eadem
1635 4778 1861 4850 sapien-

1965 4774 2186 4841 fratres,
2235 4790 2352 4828 non
2396 4790 2508 4841 me,
2552 4774 2650 4828 sed
2698 4773 2881 4845 ipsam
2913 4774 3199 4831 dicentem
3227 4776 3538 4832 Veritatem
3580 4795 3592 4832 :

229 4873 312 4928 tia
343 4875 387 4943 (1
409 4874 529 4930 Cor.
559 4891 598 4941 ι,
630 4876 735 4944 10).
772 4895 799 4923 ››
841 4875 953 4928 Nec
995 4873 1156 4929 aliter
1195 4872 1314 4928 veri
1352 4872 1616 4943 discipuli
1643 4871 1867 4927 Domini
1969 4890 1996 4918 «
2027 4867 2134 4936 Qui
2163 4885 2277 4923 non
2316 4868 2491 4922 intrat
2516 4884 2621 4939 per
2674 4868 2883 4923 ostium
2912 4867 2970 4922 in
3003 4869 3146 4924 ovile
3177 4870 3457 4941 omnium,
3496 4872 3595 4927 sed

234 4968 469 5035 erimus,
522 4967 630 5021 nisi
669 4967 913 5023 radicem
953 4967 1352 5023 amaritudinis
1403 4983 1625 5021 sursum
1654 4966 1864 5038 germi-

233 5064 491 5130 nantem,
525 5060 667 5116 sicut
708 5061 848 5131 haec,
896 5064 958 5116 ut
997 5062 1243 5117 asseritis
1268 5061 1461 5129 modo,
1494 5060 1631 5115 facit
1659 5076 1732 5115 ne
1758 5076 1864 5115 no-

1967 4961 2221 5017 ascendit
2242 4961 2487 5030 aliunde,
2539 4962 2631 5016 hic
2662 4962 2754 5017 fur
2782 4966 2945 5017 estet
2982 4963 3126 5018 latro
3167 4965 3344 5034 (Joan.
3374 4981 3428 5034 x,
3463 4965 3536 5038 1),
3565 4986 3594 5017 ι)

1968 5059 2027 5110 et
2054 5055 2296 5127 reliqua.
2332 5055 2472 5110 Cum
2519 5054 2691 5110 etiam
2724 5055 2991 5127 egregius
3011 5057 3352 5128 praedicator
3396 5058 3548 5115 dicat
3581 5077 3595 5115 :

236 5171 363 5211 cere
407 5154 634 5210 valeant
678 5156 743 5209 ut
793 5155 1109 5227 episcopale
1166 5155 1547 5210 ministerium
1606 5154 1901 5227 vilescere.
1970 5149 2490 5205 «Fundamentum
2535 5149 2693 5204 enim
2747 5149 2905 5205 aliud
2947 5166 3119 5205 nemo
3161 5156 3350 5223 Potest
3387 5169 3599 5224 Ponere
3647 5211 3655 5220 .

232 5247 404 5304 faciat
436 5264 541 5320 per
565 5264 763 5303 eorum
792 5216 1227 5320 negligentiam,
1263 5249 1324 5303 id
1354 5254 1437 5304 est
1474 5248 1739 5304 omnium
1776 5216 1904 5313 εει-ί
1968 5246 2180 5314 praeter
2226 5243 2286 5297 id
2328 5243 2481 5315 quod
2515 5244 2766 5316 positum
2793 5248 2877 5299 est
2906 5245 2953 5315 (Ι
2983 5247 3100 5303 Cor.
3144 5216 3224 5314 Ill,
3256 5247 3361 5318 11).
3393 5268 3421 5297 ››
3455 5248 3598 5304 Cum
3632 5242 3650 5315 Ι

234 5343 558 5412 cerdotum,
600 5343 700 5414 qui
738 5342 976 5400 evellere
1019 5344 1185 5414 mala,
1240 5346 1298 5399 et
1333 5343 1571 5398 meliora
1612 5344 1869 5415 plantare
1940 5336 2240 5408 praedicta
2267 5337 2381 5392 duo
2411 5338 2787 5394 fundamenta
2814 5339 2874 5393 in
2904 5339 3148 5394 Ecclesia
3184 5346 3407 5397 tantum
3450 5342 3601 5398 inve-

234 5440 365 5493 sunt
390 5436 463 5492 ab
492 5452 563 5492 eo
589 5436 903 5509 praepositi,
948 5437 1340 5509 unusquisque
1386 5454 1493 5509 pro
1525 5435 1736 5491 viribus
1771 5452 1866 5491 ex-

1967 5430 2199 5485 niantur
2226 5430 2430 5501 posita,
2461 5432 2740 5503 quidquid
2767 5433 3011 5505 amplius
3035 5435 3289 5505 positum
3315 5437 3374 5492 in
3400 5436 3489 5492 his
3514 5436 3597 5491 in-

234 5531 473 5603 stirpare
526 5531 774 5597 festinet,
825 5535 882 5585 et
924 5531 1044 5602 ipse
1086 5529 1184 5602 qui
1226 5547 1329 5602 pro
1383 5531 1497 5585 suis
1549 5530 1744 5585 ovibus
1789 5534 1873 5585 est
1969 5524 2212 5591 venitur,
2237 5528 2386 5579 stare
2405 5526 2731 5581 nullatenus
2746 5528 2988 5599 poterit;
3022 5533 3079 5584 et
3105 5530 3234 5586 ideo
3258 5539 3387 5585 cum
3412 5529 3596 5585 omni-

236 5628 450 5681 aaterno
471 5624 651 5696 judici
677 5623 964 5679 rationem
990 5623 1318 5679 redditurus
1335 5640 1431 5679 eas
1446 5624 1640 5680 fovere
1669 5623 1873 5679 etedu-

238 5736 360 5774 care
381 5719 657 5775 decertet.
688 5717 746 5774 Si
778 5716 1001 5773 Domini
1016 5716 1413 5774 desideramus
1439 5735 1559 5774 esse
1590 5717 1869 5789 discipuli,

1970 5618 2077 5674 bus
2096 5618 2209 5673 suis
2226 5618 2616 5674 fundamentis
2644 5623 2701 5674 et
2730 5621 3068 5691 actionibus,
3096 5627 3266 5695 atque
3293 5623 3595 5690 radicibus,

1972 5716 2036 5768 ut
2074 5713 2349 5769 evellatur
2385 5729 2613 5769 necesse
2664 5719 2766 5785 est,
2809 5714 2889 5771 ita
2928 5720 2990 5771 ut
3043 5717 3284 5788 amplius
3319 5716 3599 5787 pullulare

239 5811 414 5886 ipsius
442 5812 744 5869 imitemur
768 5812 1025 5885 vestigia,
1047 5814 1109 5867 ut
1127 5812 1198 5867 de
1224 5811 1391 5868 nobis
1410 5812 1661 5868 dicatur:
1699 5833 1726 5863 «
1754 5813 1872 5884 Ego
1974 5824 2076 5864 nec
2125 5808 2449 5880 germinare
2491 5809 2691 5866 valeat.
2732 5810 2855 5866 Non
2899 5827 3039 5882 ergo
3087 5816 3338 5881 generet,
3384 5813 3442 5865 et
3486 5829 3602 5868 non

241 5923 363 5963 sum
389 5909 589 5980 pastor
632 5906 838 5974 bonus,
868 5909 927 5961 et
958 5922 1239 5978 cognosco
1286 5922 1416 5962 oves
1449 5923 1624 5979 meas,
1655 5908 1713 5962 et
1736 5920 1872 5961 voco
1974 5902 2142 5961 faciat
2198 5902 2372 5973 vobis,
2431 5904 2653 5974 fratres,
2699 5905 2866 5960 toties
2904 5903 3143 5978 repetita
3185 5903 3393 5958 locutio
3449 5904 3604 5963 fasti-

653 6004 926 6073 Paraon.
977 6003 1203 6070 CXXX.

3205 6005 3283 6065 ‘22
