4032 6294
483 310 585 364 673i
1242 378 1253 391 .
1378 311 1663 369 APPEND.
1704 310 1789 367 AD
1827 312 1988 366 SzEC.
2028 310 2115 366 IX.
2145 339 2214 350 -—
2252 309 2495 365 lSlDORl
2535 307 2961 365 MERCATORIS
3753 314 3856 367 676

482 417 666 488 dium,
693 417 830 490 quia
860 430 1081 475 summa
1106 420 1407 475 necessitas
1438 425 1543 490 est,
1582 419 1786 491 sapius
1820 419 2109 490 prohiberi
2132 431 2191 503 Α
2212 417 2410 485 nostri,
2439 417 2679 472 trecenti
2707 417 2905 472 decem
2934 420 2991 472 et
3018 421 3144 472 octo
3174 416 3360 484 electi,
3393 417 3585 473 habito
3613 422 3857 473 tractatu

480 511 637 585 quod
683 512 850 567 toties
878 530 911 567 a
940 514 1095 569 vobis
1132 517 1194 568 ut
1226 515 1601 586 cognovimus
1645 513 1838 568 illicite
1870 530 2107 585 usurpa-
2213 511 2273 564 in
2304 511 2440 565 urbe
2478 511 2725 579 Nicana,
2771 511 2924 565 hunc
2972 528 3206 565 murum
3242 510 3616 565 fortissimum
3653 516 3858 565 contra

483 608 605 673 tur,
666 611 722 661 et
769 606 1037 676 quoniam
1088 608 1302 661 Veritas
1348 608 1554 679 sapius
1597 607 1880 678 exagitata
1928 608 2114 679 magis
2213 619 2373 657 arma
2402 602 2679 657 diabolica
2705 606 3049 671 statuerunt,
3094 610 3150 659 et
3190 604 3294 658 hoc
3340 605 3589 658 remedio
3633 622 3857 659 venena

483 698 822 770 splendescit
861 703 925 752 ut
958 701 1170 769 lumen,
1207 706 1266 756 et
1288 702 1444 773 quod
1476 702 1639 757 toties
1670 701 1983 772 repetendo
2020 702 2114 755 ad-
2213 697 2507 751 mortifera
2538 699 2671 750 sunt
2711 696 2970 768 depulsa,
3000 702 3065 752 ut
3092 699 3261 752 Pater
3289 703 3344 751 et
3373 698 3541 751 Filius
3574 698 3742 752 unius
3771 698 3856 751 di-

483 795 766 850 monetur.
798 791 969 845 nimis
1012 800 1335 865 usurpatur.
1394 795 1582 867 Super
1618 794 1705 849 bis
1748 795 1903 849 enim
1931 795 2113 849 multa
2212 790 2479 854 vinitatis,
2511 790 2679 844 unius
2708 790 2945 857 virtutis,
2974 791 3257 862 uniusque
3305 791 3725 861 magnitudinis
3764 794 3858 845 de-

474 885 595 956 jam
623 884 694 939 ab
720 886 1165 941 antecessoribus
1192 888 1401 943 nostris
1439 888 1588 943 dicta
1633 892 1785 956 sunt,
1829 904 1864 942 a
1908 887 2113 958 quibus
2210 883 2343 938 beat
2366 883 2539 953 credi,
2572 883 2855 954 uniusque
2884 884 3142 938 essentia
3174 885 3288 938 sive
3322 884 3652 939 substantia
3681 885 3854 939 simul

480 978 590 1049 ipsi
623 977 767 1032 sicut
803 995 955 1033 nunc
979 996 1013 1033 a
1053 980 1239 1051 nobis,
1269 981 1349 1035 ita
1387 981 1525 1036 olim
1552 982 1622 1036 ab
1650 981 1731 1035 eis
1761 981 2030 1036 damnata
2056 984 2113 1035 et
2212 981 2269 1031 et
2308 976 2551 1048 Spiritus
2594 981 2843 1031 sanctus.
2886 978 3062 1031 Aliter
3105 977 3259 1031 enim
3305 979 3592 1049 sapientes
3634 979 3856 1033 alienos

477 1071 763 1142 prohibita
781 1076 934 1127 sunt.
960 1073 1108 1142 Ideo,
1130 1074 1338 1146 sapius
1355 1078 1679 1146 repetentes
1698 1091 1900 1129 omnes
1916 1091 2111 1129 mone-
2211 1086 2331 1125 esse
2360 1087 2394 1125 a
2418 1073 2610 1125 nostra
2638 1070 3044 1125 communione
3063 1071 3487 1141 judicaverunt.
3519 1072 3703 1135 Quem
3740 1076 3850 1126 ter-

482 1181 612 1221 mus
631 1170 692 1219 ut
710 1165 960 1222 vitentur
979 1168 1324 1238 hujusmodi,
1345 1174 1403 1224 et
1416 1186 1450 1223 ει
1468 1169 1672 1223 talibus
1687 1184 1746 1224 se
1766 1168 2106 1235 abstineant,
2210 1164 2433 1217 minum
2494 1164 2806 1218 salutarem
2860 1163 3323 1235 adorabilcmque
3374 1165 3852 1219 deliberationem

480 1259 579 1330 qui
602 1259 896 1317 noluerint
925 1278 1038 1316 una
1074 1278 1207 1317 cum
1239 1263 1323 1317 eis
1350 1280 1383 1316 a
1408 1262 1740 1318 sacerdotali
1769 1261 2106 1327 ministerio,
2210 1273 2576 1327 corrumpere
2598 1257 2836 1328 quidam
2856 1258 2981 1311 aliis
3009 1257 3466 1328 cogitationibus,
3486 1264 3656 1329 atque
3676 1264 3854 1313 teme-

477 1358 542 1407 ut
570 1353 811 1409 rebelles
839 1355 962 1410 fieri
990 1355 1182 1426 alieni,
1209 1356 1364 1428 quod
1389 1357 1468 1410 ita
1495 1357 1727 1411 demum
1752 1356 1987 1428 probare
2008 1372 2105 1428 po-
2209 1367 2333 1405 rare
2391 1350 2718 1419 voluerunt,
2769 1350 2864 1405 sed
2911 1351 2970 1404 in
3013 1350 3131 1422 ipso
3172 1351 3449 1422 principio
3490 1352 3560 1405 ab
3598 1352 3685 1405 his
3716 1353 3851 1423 ipsis

477 1444 736 1515 terimus,
779 1448 824 1502 si
853 1449 993 1503 tales
1013 1450 1346 1522 exstirpare,
1390 1453 1447 1505 et
1464 1466 1578 1505 non
1597 1450 1678 1505 eis
1704 1450 1893 1505 favere
1916 1450 2109 1505 decer-
2207 1444 2305 1515 qui
2347 1444 2406 1498 in
2452 1444 2709 1499 Arimino
2759 1444 3026 1511 revocari,
3069 1449 3168 1499 aut
3197 1449 3505 1500 retractare
3537 1448 3848 1516 compelle-

475 1540 748 1608 taveritis,
799 1546 855 1596 et
902 1542 983 1597 ita
1022 1543 1080 1597 in
1121 1544 1493 1615 postmodum
1533 1544 1603 1599 de
1659 1544 1759 1599 tali
1789 1560 1850 1599 re
1877 1544 2110 1615 querela
2204 1538 2437 1605 bantur,
2461 1554 2642 1609 usque
2673 1538 2744 1593 ad
2774 1538 2878 1592 hoc
2909 1554 3077 1592 causa
3104 1526 3374 1610 correpta
3403 1544 3488 1593 est
3517 1542 3580 1593 ut
3605 1543 3844 1594 conﬁte-

475 1634 731 1701 ceasabit,
759 1634 895 1706 quia
914 1637 1277 1692 contumelia
1304 1637 1488 1693 studio
1519 1636 1600 1707 fit,
1631 1638 1910 1709 quidquid
1926 1638 2105 1691 inter-
2206 1635 2407 1686 rentur
2430 1631 2541 1686 alia
2560 1630 2667 1685 sibi
2683 1631 3164 1686 circumventione
3185 1632 3546 1704 subreptum,
3570 1639 3669 1687 aut
3692 1638 3846 1687 certe

473 1725 690 1782 dictum
736 1728 898 1783 toties
925 1736 1252 1801 usurpatur.
1298 1731 1503 1786 omnia
1551 1730 1673 1785 haec
1709 1730 2014 1786 decretalis,
2051 1733 2108 1784 et
2208 1724 2341 1795 quia
2366 1742 2481 1780 non
2511 1725 2921 1779 intellexerunt
2944 1727 3174 1779 Patrum
3210 1725 3506 1780 sententia
3530 1726 3590 1780 in
3616 1726 3849 1781 Nicana

473 1825 812 1877 cunctorum
865 1823 1225 1879 decessorum
1254 1830 1580 1880 nostrorum
1619 1824 1943 1894 constituta,
1980 1841 2107 1895 qua
2127 1818 2184 1889 B
2208 1817 2527 1872 constitutae
2554 1818 2664 1872 hoc
2703 1834 2820 1872 esse
2846 1818 3217 1889 contrarium,
3245 1836 3429 1890 neque
3454 1820 3611 1873 enim
3640 1820 3849 1891 praju-

476 1916 547 1971 de
578 1916 969 1971 ecclesiasticis
1014 1917 1310 1972 ordinibus
1352 1923 1407 1973 et
1433 1934 1721 1975 canonum
1749 1918 2108 1989 promulgata
2206 1911 2418 1965 dicium
2455 1911 2686 1982 aliquod
2727 1912 2850 1965 ﬁeri
2884 1912 3083 1983 potuit,
3115 1930 3219 1983 per
3248 1929 3550 1968 numerum
3582 1914 3845 1968 Arimino

475 2012 610 2064 sunt
634 2008 966 2081 disciplinis,
1007 2011 1084 2065 ita
1126 2012 1289 2067 vobis
1330 2016 1387 2067 et
1424 2012 1691 2067 omnibus
1731 2012 2005 2083 episcopis
2041 2028 2105 2065 ac
2204 2010 2639 2075 congregatum,
2667 2005 2896 2077 quando
2925 2009 3345 2077 constatneque
3368 2008 3697 2061 Romanum
3720 2007 3844 2078 epi-

473 2103 690 2158 cunctis
746 2104 1089 2172 generaliter
1142 2105 1531 2160 sacerdotibus
1581 2104 1848 2161 custodiri
1901 2105 2104 2160 debere
2203 2114 2441 2169 scopum
2477 2098 2638 2169 Clljus
2675 2104 2807 2153 ante
2850 2099 3047 2153 omnia
3086 2100 3323 2154 decebat
3367 2118 3462 2154 eos
3518 2106 3845 2171 exspectare

471 2196 828 2264 mandamus,
859 2202 925 2251 ut
942 2198 989 2252 si
1011 2198 1138 2268 quis
1159 2198 1217 2252 in
1242 2198 1340 2252 illa
1364 2198 1735 2266 commiserit,
1757 2198 1981 2253 veniam
1998 2198 2102 2253 sibi
2203 2191 2513 2259 decretum,
2563 2208 2749 2264 neque
2796 2192 3155 2247 Vincentium
3189 2194 3289 2265 qui
3326 2193 3495 2248 tantis
3530 2194 3697 2248 annis
3728 2196 3847 2265 epi-

456 2290 739 2361 deinceps
769 2290 991 2345 noverit
1020 2290 1312 2362 denegari,
1331 2292 1600 2363 quoniam
1627 2295 1945 2347 occurreret
1965 2292 2103 2346 veri-
2152 2285 2163 2291 ⁷
2201 2291 2499 2357 scopatum
2529 2285 2928 2341 inviolabiliter
2960 2286 3283 2356 custodivit,
3315 2305 3503 2359 neque
3535 2288 3676 2343 alios
3706 2289 3842 2343 tali-

470 2389 578 2453 tas,
610 2382 657 2437 si
688 2383 904 2439 falsitas
923 2384 1264 2456 displiceret,
1293 2390 1348 2440 et
1374 2386 1582 2441 merito
1613 2402 1715 2440 nos
1748 2386 1844 2457 qui
1876 2402 2101 2441 summa
2200 2378 2307 2433 bus
2371 2379 2675 2450 praebuisse
2719 2397 3063 2435 consensum
3088 2423 3101 2449 ,
3160 2381 3403 2436 maxime
3462 2382 3602 2436 dum
3654 2383 3845 2454 (sicuti

466 2477 727 2532 Ecclesia
750 2481 943 2532 tenere
969 2477 1246 2533 debemus
1265 2479 1648 2551 gubernacula
1667 2496 1834 2534 causa
1851 2480 2097 2550 respicit,
2201 2472 2586 2545 prmdiximUS)
2634 2473 2725 2527 isti
2756 2474 2863 2544 ipsi
2908 2474 3005 2545 qui
3053 2491 3155 2545 per
3185 2476 3628 2531 conventionem
3662 2477 3839 2531 decli-

468 2570 514 2624 si
564 2570 791 2626 silentio
835 2571 1125 2627 faveamus
1171 2573 1371 2628 errori.
1419 2574 1557 2629 Data
1604 2574 1884 2629 Kalendas
1924 2574 2097 2641 Junii,
2200 2583 2362 2622 nasse
2390 2566 2745 2635 videbantur,
2793 2568 2903 2638 ipsi
2948 2569 3137 2622 denuo
3191 2573 3412 2624 utentes
3444 2571 3668 2625 meliori
3707 2589 3843 2627 con-

466 2664 626 2720 Libio
655 2670 711 2720 et
737 2666 1055 2721 Theodosio
1086 2668 1149 2721 lV
1180 2684 1260 2722 cc.
1297 2667 1642 2722 consulibus.
2200 2660 2325 2715 silio
2355 2662 2474 2716 hac
2499 2660 2607 2715 sibi
2634 2661 2930 2732 displicere
2956 2662 3142 2717 testati
3171 2667 3321 2718 sunt.
3350 2664 3841 2737 Perspicititaque

541 2784 671 2838 Item
698 2782 763 2837 de
787 2783 1156 2837 sacerdotibus
1182 2786 1279 2853 qui
1304 2785 1383 2857 dc,
1396 2786 1628 2840 ecclesiis
1654 2787 1766 2840 suis
1792 2786 1867 2839 ad
1895 2787 2037 2840 alias
2199 2759 2413 2857 νθδίίῖθ,
2435 2754 2758 2857 sambrims‘
2792 2755 2939 2857 ham?
3002 2756 3190 2857 §°la_m_
3239 2756 3414 2857 ﬁdejm
3465 2774 3593 2828 qua}
3648 2760 3841 2814 Nicaea

1015 2848 1259 2923 migrant
1276 2856 1544 2910 ecclesias.
2199 2848 2586 2919 apostolorum
2636 2848 2971 2903 auctoritate
3000 2850 3235 2904 fundata
3272 2854 3357 2904 est
3402 2867 3523 2906 esse
3554 2856 3837 2923 perpetua

540 2953 649 3008 Eos
694 2957 886 3009 autem
941 2955 1260 3010 sacerdotes
1310 2957 1407 3028 qui
1454 2957 1525 3013 de
1574 2958 1825 3013 ecclesiis
1870 2959 1984 3014 suis
2027 2960 2097 3015 ad
2198 2941 2468 2997 firmitate
2498 2942 2853 3011 servandam,
2886 2948 2944 2996 et
2971 2942 3137 2997 simul
3173 2944 3474 2999 orientales
3513 2945 3619 2999 hoc
3650 2946 3839 3001 facere
3874 3021 3887 3033 .

465 3046 602 3102 alias
631 3047 1036 3118 migravernnt,
1071 3049 1322 3104 tandina
1346 3051 1752 3106 communione
1782 3056 1973 3108 nostra
1998 3053 2097 3107 ha-
2197 3036 2494 3090 noniscnm
2533 3037 2631 3107 qni
2675 3052 2733 3090 se
2778 3036 3081 3091 cnthnlicns
3118 3053 3236 3091 esse
3287 3043 3657 3110 cognoscunt:
3687 3041 3834 3094 οοεί·
3867 3035 3887 3113 1

464 3141 665 3197 bemus
683 3141 917 3210 alienos,
939 3143 1189 3214 quandiu
1214 3144 1288 3198 ad
1316 3160 1411 3199 eas
1438 3144 1709 3201 redierint
1736 3146 2010 3215 civitates,
2038 3148 2095 3202 in
2121 3193 2171 3215 Π
2198 3129 2454 3185 dentales
2478 3131 2651 3184 etiam
2674 3129 2928 3201 gloriari.
2953 3130 3248 3185 Credimus
3265 3138 3457 3186 autem
3485 3133 3833 3203 languentes

946 3193 1189 3214 Γη---κ
1216 3193 1288 3198 __
1320 3193 1409 3199 η-
1438 3193 1709 3201 --_----.--
1740 3193 2010 3215 --.η-ην,
2675 3193 2705 3201 ν
3585 3193 3617 3203 ν

465 3234 670 3308 quibus
704 3236 953 3307 primum
1004 3240 1139 3292 sunt
1183 3238 1492 3307 constituti,
1543 3240 1817 3311 quoniam
1856 3241 1899 3295 si
1953 3193 2173 3297 aliusC
2199 3223 2259 3277 in
2303 3224 2412 3278 ίείο
2465 3224 2762 3279 conamine
2812 3241 2927 3278 non
2972 3226 3131 3279 tarde
3168 3243 3202 3279 n
3251 3232 3444 3282 nostra
3484 3228 3836 3298 separandos

465 3329 577 3384 alio
614 3328 1053 3401 transmigrante
1101 3330 1156 3385 in
1187 3332 1373 3387 locum
1405 3333 1641 3389 viventis
1671 3334 1964 3389 ordinatus
1990 3341 2093 3406 est,
2197 3333 2315 3371 esse
2338 3318 2758 3387 commnniQne:
2788 3324 2845 3373 ει
2869 3318 2936 3372 ab
2978 3318 3059 3373 eis
3084 3320 3441 3392 episcopatus
3482 3337 3695 3376 nomen
3729 3340 3831 3377 ειη·

462 3422 663 3478 tandia
689 3427 847 3478 vacet
872 3423 1172 3479 sacerdotii
1199 3425 1480 3498 dignitate
1509 3426 1609 3498 qui
1653 3444 1818 3483 suam
1845 3428 2097 3484 deseruit
2194 3411 2349 3479 ferri:
2378 3419 2661 3483 (ιιιειωιιιιε
2692 3412 2889 3484 POPllli
2931 3430 3131 3468 eorum
3172 3414 3393 3469 liberati
3423 3431 3616 3469 θιῚόΓθ
3646 3418 3831 3488 resPi"

461 3516 773 3585 civitatem,
821 3518 1074 3590 quandiu
1127 3535 1410 3576 successor
1452 3520 1575 3593 ejus
1625 3521 1876 3594 quiescat
1901 3523 1959 3577 in
1985 3525 2092 3578 Do-
2194 3509 2341 3561 l‘ent-
2374 3507 2537 3561 Νυηο
2560 3507 2713 3560 enim
2735 3507 3318 3577 mndnndeceplinne
3376 3512 3649 3579 inrnnt
3702 3528 3829 3565 θοι·-

462 3609 641 3666 mino.
2195 3600 2379 3674 rigere
2415 3601 2715 3671 populum,
2766 3600 2864 3673 qui
2909 3601 3260 3672 deceptionis
3317 3602 3523 3674 laqueo
3571 3603 3834 3660 detinen-

460 3729 592 3784 ltem
640 3729 869 3798 epistola
926 3732 1145 3784 Damasi
1186 3734 1236 3785 et
1275 3734 1645 3802 episcoporum
1698 3733 1795 3800 qui
1848 3732 1925 3786 ad
1976 3748 2095 3787 eum
2193 3695 2649 3797 tur.lConcordet
2674 3695 2845 3749 etiam
2870 3712 3002 3750 cum
3029 3696 3293 3751 omnibus
3313 3696 3412 3751 Dei
3433 3698 3832 3754 sacerdotibus

326 3786 434 3888 Χ]
532 3801 592 3853 in
646 3786 943 3854 Romanam
992 3801 1179 3855 urbem
1229 3786 1319 3856 ρωι
1341 3786 1505 3858 “alia
1538 3806 1590 3856 ει
1628 3786 1812 3857 θαῖιία
1846 3786 2096 3859 coan
2195 3786 2366 3844 etiam
2410 3789 2700 3844 charitatis
2719 3793 2920 3844 vestra
2941 3790 3223 3845 sententia
3251 3791 3312 3845 in
3339 3808 3456 3862 qua
3486 3809 3583 3847 vos
3610 3794 3748 3847 ﬁxos
3767 3812 3832 3848 ac

534 3875 684 3924 rant.
2194 3882 2388 3938 ﬁrmos
2414 3884 2654 3939 existere
2691 3884 3094 3955 judicavimus.
3140 3885 3194 3940 Si
3234 3903 3372 3957 ergo
3403 3904 3505 3941 nos
3531 3888 3830 3943 vobiscum

460 3982 463 3985 ’
536 3977 791 4032 ΠΑΜΑευε
820 3980 877 4031 et
901 3976 1090 4032 cateri
1116 3977 1365 4049 episcoyii
1406 3980 1603 4035 Roma
1630 3981 1984 4052 congregati,
2008 3981 2092 4037 di-
2193 3981 2346 4032 recte
2372 3977 2606 4041 credere
2636 3977 2929 4047 debemus,
2961 3977 3152 4051 166
3181 3984 3379 4034 vestrae
3410 3997 3511 4035 nos
3539 3982 3832 4037 charitatis

464 4069 780 4127 lectissimis
810 4068 1079 4126 fratribus
1112 4071 1170 4126 in
1197 4072 1416 4144 Illyrico
1445 4072 1766 4129 constitutis
1798 4074 2090 4148 episcopis,
2191 4071 2394 4126 litteris
2425 4072 2705 4127 latilicate
2735 4072 3054 4144 reciprocis.
3087 4073 3295 4143 Valete,
3326 4075 3528 4129 fratres
3554 4075 3829 4131 charissio

464 4164 524 4220 in
553 4163 787 4220 Domino
818 4163 1083 4221 salutem.
2192 4166 2293 4219 mi.
2360 4166 2503 4220 Data
2544 4182 2658 4220 xvn
2701 4167 3083 4221 Kalendarum
3124 4168 3467 4237 Novembris,
3516 4169 3708 4225 Siritio
3772 4177 3830 4226 et

529 4258 821 4315 Credimus
850 4263 1104 4313 sanctam
1144 4258 1318 4314 fidem
1346 4264 1588 4316 vestram
1614 4260 1673 4317 in
1703 4264 2093 4334 apostolorum
2190 4258 2484 4315 Ardabure
2513 4262 2577 4315 IV
2598 4277 2679 4315 cc.
2710 4261 3055 4316 consulibus.

458 4352 780 4410 eruditione
812 4352 1109 4408 fundatam
1138 4354 1283 4409 hanc
1329 4357 1547 4426 tenere,
1597 4315 1835 4413 (δι’ῌεῖιῇ
2383 4355 2515 4410 Item
2545 4356 2767 4424 epistola
2793 4315 3024 4410 Damasi
3043 4357 3118 4411 ad
3148 4360 3414 4429 episcopos
3442 4315 3632 4414 liam.

457 4447 732 4503 universis
756 4462 1062 4518 exponere,
1094 4464 1222 4520 qua
1257 4448 1519 4505 videlicet
1555 4467 1588 4505 a
1620 4452 1942 4507 constitutis
1984 4454 2089 4508 Pa-
2263 4447 2544 4504 Universis
2568 4448 2841 4520 episcopis
2870 4466 2972 4521 per
3010 4451 3183 4506 Italia
3208 4452 3521 4522 provincias
3539 4453 3823 4508 constitu-

457 4547 613 4598 trum
647 4540 806 4596 nulla
850 4540 1064 4597 ratione
1094 4541 1373 4614 dissentit,
1417 4560 1522 4615 per
1563 4561 1708 4616 quos
1747 4546 1969 4617 justum
2004 4550 2169 4640 estD
2191 4542 2349 4609 tutis,
2383 4543 2632 4599 Damsus
2658 4542 2955 4616 episcopus
2984 4544 3042 4600 in
3074 4546 3317 4601 Domino
3340 4547 3601 4601 salutem.

460 4639 692 4691 cateros
744 4634 977 4690 erudiri.
1038 4635 1152 4691 Sed
1203 4637 1477 4693 relatione
1529 4638 1977 4710 Gallicanorum,
2036 4634 2156 4695 et-
2264 4636 2622 4709 Optaveram,
2656 4639 3026 4707 dilectissimi,
3056 4656 3159 4711 pro
3187 4641 3363 4695 nostri
3395 4641 3670 4697 charitate
3700 4644 3823 4698 col-

458 4729 921 4786 venerandorum
965 4729 1211 4785 fratrum
1256 4732 1530 4803 quosdam
1563 4732 1873 4788 haresibus
1897 4734 2090 4789 favere
2189 4732 2326 4804 legii
2361 4749 2558 4788 omnes
2598 4732 2824 4799 Domini
2858 4735 3197 4802 sacerdotes,
3245 4735 3388 4790 sicut
3434 4735 3491 4789 in
3531 4736 3826 4807 primitiva

458 4824 846 4897 cognovimus.
872 4823 1036 4888 Quod
1061 4826 1277 4881 malum
1308 4843 1422 4880 non
1448 4826 1634 4881 solum
1669 4843 1863 4881 cavere
1881 4828 2092 4883 debent
2187 4827 2297 4882 fuit
2344 4828 2601 4898 Ecclesia,
2662 4848 2690 4881 α
2726 4845 2908 4883 unum
2951 4845 3069 4883 esse
3106 4846 3205 4884 cor
3254 4834 3311 4885 et
3352 4830 3605 4885 animam
3649 4848 3822 4886 unam

457 4919 724 4991 episcopi,
752 4918 851 4973 sed
880 4902 1055 4973 etiam
1094 4919 1357 4974 reluctari
1396 4926 1593 4975 contra
1645 4935 1709 4975 ea
1751 4937 1881 4992 qua
1929 4925 2090 4992 gesta
2188 4924 2330 4993 (Act.
2362 4922 2558 4993 iv,32),
2588 4944 2616 4973 »
2648 4929 2817 4993 atque
2839 4924 2898 4978 in
2912 4939 3027 4977 una
3046 4924 3349 4979 devotione
3365 4925 3821 4996 persistere,ncc

457 5021 587 5072 sunt
614 5015 919 5088 imperitia,
953 5020 1053 5072 aut
1097 5016 1459 5089 simplicitate
1487 5018 1873 5089 quorumdam
1901 5020 2089 5090 pravis
2187 5032 2532 5088 quemquam
2559 5017 2922 5072 sacerdotum
2950 5017 3150 5088 gratia,
3184 5021 3283 5072 aut
3304 5019 3611 5073 formidine
3642 5036 3817 5074 saeuo

458 5108 1027 5182 interpretationibus
1043 5112 1430 5183 deceptorum.
1460 5112 1639 5167 Variis
1659 5129 1796 5184 ergo
1820 5114 2087 5171 doctrinis
2187 5110 2396 5165 larium
2423 5111 2738 5182 depravari,
2769 5115 2868 5166 aut
2915 5128 2948 5165 a
2987 5110 3076 5165 via
3111 5112 3360 5167 veritatis
3387 5129 3616 5184 quoque
3645 5113 3820 5169 modo

459 5220 576 5261 non
606 5204 767 5259 decet
787 5204 1132 5275 labefactari,
1165 5206 1262 5261 sed
1289 5204 1475 5277 magis
1501 5206 1731 5261 Patrum
1758 5213 2085 5265 nostrorum
2188 5203 2516 5260 abscedere.
2547 5205 2654 5260 Sed
2684 5205 2818 5276 quia
2863 5206 3061 5275 multa,
3113 5223 3242 5277 qua
3304 5205 3513 5277 corrigi
3554 5211 3817 5277 possunt,

454 5298 708 5355 laborare
765 5300 1082 5355 sententiis.
1133 5299 1481 5354 Auxentium
1534 5315 1672 5370 ergo
1707 5301 2086 5359 Mediolanum
2189 5298 2545 5369 proveniunt,
2568 5302 2869 5371 exsuperat
2897 5300 3087 5370 culpas
3115 5299 3567 5371 delinquentium
3596 5300 3819 5356 miseri-

456 5394 742 5467 praecipue
772 5392 834 5447 in
863 5393 972 5448 hac
996 5409 1164 5449 causa
1194 5390 1531 5447 damnatum
1550 5409 1669 5450 esse
1692 5395 1893 5468 liquet.
1925 5399 2084 5454 Unde
2187 5393 2379 5448 cordia
2408 5392 2529 5462 Dei,
2562 5398 2729 5465 atque
2758 5393 2887 5449 ideo
2916 5394 3282 5464 suspenditur
3316 5393 3477 5463 ultio,
3524 5398 3590 5449 ut
3641 5395 3823 5465 possit

449 5487 671 5561 justum
695 5488 753 5542 et
774 5484 1040 5541 universo
1059 5487 1448 5542 Romanorum
1485 5486 1623 5543 orbe
1655 5489 1915 5547 doctores
1944 5492 2086 5564 legis
2184 5488 2374 5543 locum
2402 5488 2614 5544 habere
2633 5488 2925 5542 correctio.
2958 5488 3216 5543 Relatum
3235 5493 3319 5543 est
3344 5488 3502 5542 enim
3528 5488 3597 5543 ad
3621 5488 3819 5544 sedem

455 5598 523 5638 ea
547 5597 676 5655 qua
702 5579 843 5652 legis
865 5583 997 5634 sunt
1023 5595 1239 5651 sapere,
1266 5584 1324 5635 et
1350 5596 1465 5637 non
1491 5582 1666 5638 ﬁdem
1696 5585 1967 5641 doctrinis
1986 5603 2083 5641 va-
2186 5581 2551 5653 apostolicam
2589 5599 2689 5638 vos
2730 5583 3120 5638 accusationes
3177 5582 3421 5638 fratrum
3466 5599 3569 5653 per
3608 5581 3819 5654 scripta

454 5676 554 5733 riis
586 5674 891 5730 maculare.
937 5674 1129 5746 Itaque
1184 5672 1324 5730 dum
1378 5675 1628 5748 primum
1678 5679 2083 5736 hareticorum
2186 5676 2466 5748 suscipere
2486 5677 2699 5749 absque
2720 5678 2977 5748 legitimo
2998 5680 3346 5733 accusatore.
3370 5676 3530 5740 Quod
3552 5676 3819 5749 deinceps

457 5767 722 5840 coepisset
757 5766 1014 5839 nequitia
1055 5768 1354 5838 pullulare,
1400 5771 1546 5827 sicut
1575 5773 1746 5829 etiam
1777 5789 1931 5829 nunc
1958 5774 2083 5829 bla-
2182 5772 2243 5826 in
2293 5770 2450 5826 omni
2484 5772 2622 5826 orbe
2672 5776 2954 5827 terrarum
2982 5771 3109 5828 ﬁeri
3139 5769 3445 5843 apostolica
3474 5769 3819 5826 auctoritate

459 5858 719 5937 sphemia
751 5859 1057 5931 pullulare,
1110 5865 1266 5935 patet
1306 5865 1663 5935 Arianorum,
1716 5872 1851 5923 tunc
1893 5869 2084 5923 Patres
2181 5865 2550 5939 prohibemus
2577 5870 2634 5921 et
2656 5866 2805 5938 quod
2851 5882 3037 5940 nuper
3076 5865 3290 5922 factum
3330 5867 3416 5921 est
3456 5864 3673 5939 absque
3705 5865 3821 5923 ulla
