4032 6340
197 401 287 456 677

1417 397 1888 458 DECRETALIUM
1926 399 2312 459 COLLECTIO.

3439 411 3540 464 678

195 508 562 565 rctardatione
590 507 876 581 corrigere
905 524 1199 581 rogamus,
1235 525 1339 565 nec
1365 525 1621 583 unquam
1651 511 1807 582 prius
1831 527 1889 598 Α
1907 511 2115 580 facere,
2138 513 2295 582 leges
2321 510 2475 566 enim
2505 510 2695 566 saeculi
2723 513 3076 567 accusatores
3101 518 3411 583 praesentes
3434 516 3542 569 exi-

194 617 286 672 per
306 603 513 674 scripta
536 619 737 658 eorum
757 604 856 675 qui
877 608 1216 660 accusantur
1245 619 1473 659 causam
1506 605 1805 674 discutere,

189 697 290 750 nisi
315 714 415 768 per
444 699 806 768 querelarum
829 699 1218 753 institutiones
1248 699 1428 754 vocati
1454 699 1722 753 canonice
1738 699 1810 752 ad

192 790 459 860 synodum
475 792 726 859 veniant,
741 797 797 846 et
812 808 1061 862 praesens
1076 809 1178 862 per
1194 797 1526 863 praesentem
1541 794 1811 862 agnoscat

192 884 474 952 veraciter,
496 889 552 939 et
571 885 858 957 intelligat
878 902 1005 957 qua:
1024 885 1073 941 ei
1092 885 1457 956 objiciuntur.
1479 885 1644 949 Quod
1660 886 1810 940 bene

193 981 247 1030 et
279 994 375 1048 per
407 978 748 1050 sapientiam
779 978 1096 1033 Salomonis
1124 979 1332 1034 dicitur
1370 995 1384 1033 :
1427 1000 1453 1027 ι(
1492 982 1809 1050 Antequam

191 1070 443 1125 scrutaris
487 1088 560 1126 ne
604 1072 1013 1143 reprehendas,
1060 1071 1319 1143 intelligo
1360 1072 1540 1143 prius,
1570 1075 1626 1126 et
1673 1075 1809 1126 tunc

190 1164 424 1236 increpa,
462 1169 777 1237 antequam
825 1166 1075 1220 audieris
1121 1181 1195 1220 ne
1230 1165 1583 1237 respondeas
1623 1167 1804 1236 (Ecclz'.

187 1275 258 1325 ιι,
287 1258 422 1330 7-8).
457 1280 482 1307 ››
516 1260 583 1314 Et
621 1259 756 1314 licet
797 1259 1090 1330 aptissima
1133 1260 1206 1314 sit
1252 1259 1673 1314 contrariorum
1721 1275 1807 1314 re-

187 1351 498 1422 prehensio,
525 1356 919 1408 verumtamen
945 1359 1169 1425 oportet
1193 1353 1281 1407 his
1307 1354 1406 1424 qui
1427 1354 1562 1408 elati
1589 1358 1718 1407 sunt
1737 1353 1809 1408 ad

187 1461 375 1500 eorum
403 1446 894 1502 examinationem
925 1447 1190 1502 ordinem
1221 1447 1432 1502 servari
1484 1447 1554 1502 ab
1592 1447 1680 1501 his
1710 1448 1810 1519 qui

187 1541 490 1595 secundum
513 1541 691 1596 Deum
712 1541 1057 1612 perscrutari
1079 1541 1334 1613 deputati
1355 1545 1507 1610 sunt,
1529 1545 1809 1612 quatenus

184 1633 262 1687 ita
286 1650 413 1689 cum
444 1637 776 1707 operatione
803 1640 1149 1708 cooperante
1182 1635 1559 1704 inveniamus,
1588 1640 1644 1690 et
1673 1652 1806 1690 con-

183 1726 448 1783 fessorem
489 1729 673 1782 Deum
709 1729 806 1800 qui
837 1729 975 1783 dicit
1007 1747 1020 1784 :
1059 1751 1086 1778 «
1116 1728 1219 1784 Ubi
1257 1729 1368 1782 duo
1399 1732 1532 1783 sunt
1560 1729 1646 1782 vel
1694 1733 1807 1783 tres

185 1822 508 1894 congregati
537 1821 598 1876 in
623 1823 857 1877 nomine
886 1822 1136 1891 meo,ib’i
1158 1838 1284 1876 sum
1312 1822 1371 1876 in
1399 1822 1585 1877 medio
1607 1838 1806 1877 eorum

1912 611 2074 676 gunt,
2105 610 2162 660 et
2188 617 2306 659 non
2348 622 2455 676 per
2482 605 2690 677 scripta
2735 606 3016 660 absentes.
3067 606 3228 661 Unde
3272 609 3543 664 canonica

1910 701 2144 753 Patrum
2171 699 2473 753 constituta
2501 715 2617 756 non
2642 700 2833 769 semel,
2849 700 2948 754 sed
2967 699 3273 772 saepissime
3295 703 3542 757 clamant

1911 808 2015 846 nec
2062 793 2466 860 accusationes,
2493 809 2597 847 nec
2649 793 2975 849 testimonia
3025 794 3137 848 ulla
3184 811 3288 865 per
3337 795 3542 866 scripta

1909 901 2074 956 posse
2100 885 2360 956 proferri,
2383 903 2487 941 nec
2518 887 2588 940 de
2617 887 2740 940 aliis
2770 888 3014 959 negotiis
3041 887 3366 959 quicunque
3389 889 3544 942 testi-

1911 979 2171 1033 monium
2189 979 2396 1046 dicant,
2426 979 2527 1033 nisi
2556 981 2627 1033 de
2656 981 2740 1033 his
2756 997 2882 1052 quae
2905 981 3009 1035 sub
3027 981 3326 1051 praesentia
3345 999 3540 1036 eorum

1911 1088 2032 1126 esse.
2062 1078 2392 1127 noscuntur.
2425 1072 2699 1128 Similiter
2723 1080 2779 1129 ct
2807 1073 2904 1146 qui
2932 1075 3108 1129 alium
3141 1092 3403 1129 accusare
3425 1077 3540 1130 ele-

1912 1167 2077 1237 gerit,
2111 1182 2358 1236 praasens
2380 1183 2481 1237 per
2503 1184 2561 1220 se
2595 1172 2650 1221 et
2673 1184 2784 1221 non
2817 1185 2921 1239 per
2946 1168 3115 1222 alium
3146 1173 3389 1238 accuset,
3413 1170 3547 1224 scri-

1909 1263 2106 1332 ptione
2127 1262 2386 1316 videlicet
2406 1261 2919 1334 praemissameque
2944 1263 3093 1317 ullus
3115 1281 3366 1336 unquam
3383 1265 3538 1336 judi-

1910 1359 2088 1423 cetur,
2135 1360 2444 1426 antequam
2491 1355 2774 1427 legitimos
2827 1363 3178 1411 accusatores
3232 1361 3542 1429 praesentes

1911 1449 2138 1515 habeat,
2168 1449 2467 1520 locumque
2499 1448 2846 1504 defendendi
2874 1450 3115 1521 accipiat
3154 1451 3224 1504 ad
3257 1451 3542 1506 abluenda

1909 1543 2169 1597 crimina.
2193 1543 2520 1598 Curandum
2545 1559 2770 1614 quoque
2799 1549 2882 1598 est
2901 1560 2972 1598 ne
2993 1544 3069 1597 ita
3096 1545 3394 1616 quisquam
3418 1546 3547 1600 sub-

1907 1642 2086 1707 repat,
2123 1636 2405 1707 faciatque
2431 1636 2597 1691 citius
2623 1637 2775 1708 quod
2819 1654 2930 1690 non
2971 1638 3120 1691 licet.
3167 1638 3540 1708 Omnipotens

1909 1731 2054 1784 Deus
2080 1730 2202 1784 lJEBC
2218 1747 2314 1784 vos
2333 1735 2387 1784 et
2407 1735 2609 1784 cuncta
2637 1730 2824 1784 divina
2855 1729 3126 1784 mandata
3153 1734 3210 1785 et
3237 1733 3544 1802 apostolica

1906 1827 2189 1895 prmeepta
2217 1824 2596 1878 custodientes
2624 1823 2682 1878 in
2711 1823 2926 1878 cunctis
2957 1824 3176 1879 actibus
3204 1824 3399 1879 vestris
3426 1841 3539 1878 cce-

184 1915 392 1983 (Matth.
425 1932 582 1985 xvm,
609 1916 722 1988 20).
759 1937 786 1966 η
821 1917 955 1970 Nam
1011 1921 1067 1971 et
1111 1916 1385 1971 Dominus
1429 1921 1625 1971 noster
1648 1918 1806 1971 Jesus
1905 1917 2059 1972 l~estis
2084 1917 2299 1971 brachii
2326 1917 2656 1972 extensione
2682 1921 2962 1989 protegat,
2995 1921 3166 1989 atque
3197 1919 3271 1973 ad
3299 1919 3538 1973 caelestis

183 2008 427 2063 Christus
445 2011 470 2065 Ι
478 2009 649 2064 udam
669 2009 856 2065 furem
884 2027 1007 2064 esse
1029 2010 1257 2079 sciebat,
1279 2009 1379 2064 sed
1404 2009 1673 2081 quoniam
1694 2025 1808 2064 non

179 2107 264 2155 est
300 2103 742 2173 praesentialiter
788 2109 1097 2172 accusatus,
1130 2103 1260 2158 ideo
1285 2119 1403 2157 non
1449 2108 1534 2158 est
1575 2102 1804 2174 ejectus.

179 2196 287 2251 Nec
313 2210 414 2252 vos
435 2197 557 2252 ullo
593 2197 763 2253 modo
805 2213 978 2270 agere
1005 2201 1259 2269 oportet,
1287 2197 1443 2269 quod
1487 2197 1580 2252 ille
1629 2197 1810 2252 noluit

1908 2011 2434 2066 remunerationem
2464 2011 2660 2082 patrias
2708 2027 2839 2065 cum
2889 2010 3186 2082 multiplici
3217 2012 3541 2067 animarum

1907 2105 2098 2159 fructu
2124 2104 2422 2174 perducat,
2455 2109 2654 2159 Amen.
2683 2105 2820 2159 Data
2849 2120 2909 2159 ιιι
2934 2103 3065 2160 ldus
3090 2105 3312 2176 Aprilis,
3345 2105 3539 2161 Siricio

1911 2202 1968 2252 et
1989 2195 2277 2252 Ardabﬂre
2307 2199 2370 2252 ιν
2401 2214 2481 2252 cc.
2514 2197 2858 2252 consulibus.

797 2561 1374 2654 INCIPIUNT
1478 2561 1997 2653 DECRETA
2096 2560 2467 2652 SlRICll
2573 2559 2939 2650 PAPIE.

247 2767 291 2815 1.
327 2763 405 2815 De
433 2762 652 2816 Arianis
683 2763 970 2818 catholicis
999 2781 1114 2818 non
1148 2765 1518 2836 baptizandis.

241 2859 293 2910 2.
326 2856 397 2909 Ut
416 2861 626 2926 praeter
643 2857 856 2912 Pascha
882 2861 938 2911 et
953 2859 1325 2913 Pentecosten
1355 2858 1667 2928 baptismus
1689 2874 1802 2911 non

172 2947 511 3003 celebretur.

245 3044 296 3096 3.
334 3044 408 3095 De
438 3043 707 3113 apostatis
735 3044 804 3099 ab
835 3044 1075 3101 Ecclesia
1104 3045 1456 3118 separandis.

242 3137 295 3190 4.
340 3137 460 3191 Non
492 3137 662 3191 liceat
689 3137 920 3193 alterius
960 3156 1229 3211 sponsam
1268 3141 1326 3194 in
1367 3139 1802 3194 matrimonium

171 3229 393 3283 sociari.

242 3327 292 3378 5.
329 3325 406 3378 De
437 3323 526 3378 his
552 3325 650 3397 qui
672 3332 961 3398 acceptam
995 3327 1390 3398 paenitentiam
1418 3327 1649 3383 minime
1679 3345 1798 3382 ser-

168 3421 466 3473 vaverunt.

241 3515 292 3567 6.
324 3513 403 3566 De
433 3514 728 3569 monachis
749 3520 805 3570 et
823 3514 1142 3587 Virginibus
1165 3516 1518 3587 propositum
1549 3532 1660 3570 non
1689 3532 1801 3570 ser-

162 3606 450 3662 vantibus.

235 3705 292 3756 7.
321 3701 398 3755 De
427 3701 701 3757 ministris
729 3702 1226 3759 incontinentibus.

235 3796 289 3849 8.
321 3794 525 3859 Quales
550 3796 796 3851 debeant
831 3796 905 3851 ad
951 3798 1247 3852 clericatus
1296 3797 1550 3853 officium
1601 3813 1796 3869 pervc-

161 3887 310 3943 nire.

237 3986 292 4038 9.
325 3983 404 4037 De
443 3983 531 4038 bis
561 3984 658 4055 qui
689 3984 978 4056 grandaevi
1008 3985 1079 4039 ad
1110 4002 1324 4041 sacram
1351 3987 1615 4042 militiam
1661 4004 1794 4042 con-

158 4079 488 4133 vertuntur.

238 4174 325 4226 lO.
361 4172 438 4226 De
469 4172 682 4228 clericis
711 4173 808 4245 qui
840 4175 911 4229 ad
937 4174 1212 4230 secundas
1244 4174 1471 4247 nuptias
1500 4179 1798 4231 transeunt

155 4269 223 4319 ut
256 4265 636 4337 deponantur.

236 4363 322 4414 Η.
355 4361 437 4415 De
468 4360 697 4416 feminis
741 4377 870 4433 quae
915 4379 1045 4417 cum
1091 4363 1307 4417 clericis
1335 4364 1585 4418 debeant
1633 4363 1790 4418 habi-

153 4458 301 4510 tare.

231 4552 322 4603 12.
355 4549 433 4604 De
467 4550 878 4605 monachorum
905 4551 1264 4623 promotione
1292 4550 1362 4605 ad
1388 4553 1624 4607 clerum.

1821 3277 1877 3351 C

1907 2779 2266 2834 cognoscere.
2300 2764 2367 2816 Et
2392 2763 2524 2834 quia
2552 2778 2774 2818 necesse
2807 2779 2912 2816 nos
2941 2765 3066 2816 erat
3085 2761 3144 2815 in
3165 2761 3286 2832 ejus
3313 2760 3534 2816 labores

1904 2873 2184 2929 curasque
2211 2857 2515 2912 succedere
2544 2857 2634 2911 cui
2660 2872 2762 2928 per
2785 2857 2878 2911 Dei
2902 2856 3145 2927 gratiam
3165 2855 3534 2910 successimus

1903 2952 1964 3007 in
1991 2952 2288 3019 honorem,
2319 2951 2467 3005 facto
2498 2955 2563 3005 ut
2593 2951 2892 3021 oportebat
2933 2949 3200 3021 primitus
3226 2965 3368 3003 meae
3397 2965 3531 3019 pro-

1901 3045 2171 3100 vectionis
2198 3045 2432 3115 indicio,
2456 3045 2525 3099 ad
2553 3043 2774 3116 singula
2792 3048 2962 3116 prout
2990 3043 3264 3098 Dominus
3283 3042 3533 3114 aspirare

1901 3140 2170 3211 dignatus
2186 3142 2289 3209 est,
2307 3138 2701 3193 consultationi
2723 3142 2835 3192 tuae
2855 3153 3189 3209 responsum
3206 3129 3534 3208 competens

1901 3250 2016 3288 non
2041 3249 2341 3304 negamus,
2364 3232 2502 3304 quia
2527 3232 2697 3287 ofﬁcii
2729 3231 2909 3286 nostri
2936 3230 3395 3286 consideratione
3416 3247 3534 3286 non

1904 3330 1989 3381 est
2009 3327 2170 3381 nobis
2197 3326 2576 3392 dissimulare,
2600 3341 2715 3379 non
2741 3331 2827 3379 est
2846 3330 3035 3379 tacere
3055 3323 3305 3390 libertas,
3329 3324 3534 3395 quibus

1902 3404 2085 3491 major
2114 3420 2328 3474 cunctis
2356 3418 2694 3474 Christianae
2721 3418 3014 3488 religionis
3052 3417 3202 3472 zelus
3234 3417 3530 3473 incumbit.

1901 3515 2198 3568 Portamus
2211 3529 2386 3567 onera
2396 3512 2652 3567 omnium
2674 3512 2772 3583 qui
2788 3516 3119 3582 gravantur,
3137 3510 3397 3581 quinimo
3410 3510 3532 3566 haec

1901 3611 2089 3678 portat
2113 3608 2174 3661 in
2205 3606 2387 3673 nobis,
2418 3606 2613 3660 beatus
2643 3605 2927 3677 apostolus
2952 3606 3168 3671 Petrus,
3205 3604 3302 3674 qui
3330 3619 3438 3657 nos
3472 3603 3530 3658 in

1901 3701 2167 3756 omnibus
2193 3701 2273 3771 (ut
2297 3698 2648 3770 conﬁdimus)
2673 3697 3182 3753 administrationis
3211 3696 3458 3769 protegit
3474 3701 3532 3751 et

1897 3798 2093 3849 tuetur
2121 3794 2398 3849 hmredes.

1970 3889 2099 3945 CAP.
2131 3890 2169 3943 l.
2201 3888 2393 3942 Prima
2422 3888 2613 3959 itaque
2639 3885 2864 3958 paginas
2903 3891 3016 3940 tuae
3055 3886 3246 3940 fronte
3293 3885 3531 3956 signasti

1897 3983 2216 4056 baptizatos
2243 3982 2313 4037 ab
2337 3981 2526 4053 impiis
2551 3979 2778 4035 Arianis
2825 3979 3102 4050 plurimos
3130 3978 3202 4034 ad
3231 3978 3403 4035 ﬁdem
3432 3995 3527 4034 ca-

1898 4078 2166 4132 tholicam
2189 4077 2479 4143 festinare,
2508 4077 2566 4130 et
2595 4073 2874 4146 quosdam
2902 4074 2973 4128 de
3011 4073 3280 4128 fratribus
3322 4075 3530 4129 nostris

1897 4189 1994 4228 eos
2020 4173 2208 4228 denuo
2233 4171 2518 4243 baptizare
2545 4169 2711 4235 velle,
2738 4167 2894 4240 quod
2926 4184 3038 4222 non
3083 4167 3233 4237 licet,
3265 4184 3392 4222 cum
3424 4169 3531 4223 hoc

1895 4266 2020 4320 ﬁeri
2047 4272 2104 4322 et
2131 4266 2420 4337 apostolus
2452 4266 2619 4332 vetet,
2654 4267 2711 4316 et
2747 4278 2992 4316 canones
3035 4260 3444 4329 contradicunt,
3476 4269 3533 4317 et

1893 4363 2024 4432 post
2051 4363 2331 4415 cassatum
2361 4355 2723 4411 Ariminense
2751 4354 3060 4409 concilium
3091 4353 3264 4408 missa
3287 4354 3359 4408 ad
3389 4371 3521 4426 pro-

1891 4454 2104 4509 vincias
2145 4470 2178 4507 a
2205 4451 2546 4507 veneranda:
2587 4449 2881 4503 memorias
2925 4448 3348 4520 praedecessore
3396 4465 3524 4503 meo

1894 4548 2113 4603 Liberio
2135 4546 2424 4618 generalia
2444 4545 2672 4599 decreta
2692 4542 3033 4613 prohibeant
3055 4559 3067 4597 :
3093 4541 3246 4612 quod
3268 4558 3373 4596 nos
3394 4558 3524 4597 cum

233 4645 322 4698 l3.
354 4644 429 4697 De
459 4644 673 4699 clericis
701 4649 767 4699 ut
794 4645 1190 4716 paenitentiam
1232 4662 1334 4717 per
1372 4645 1790 4718 impositionem
1810 4655 1870 4729 D
1893 4641 2206 4697 Novatianis
2231 4639 2465 4710 aliisque
2495 4634 2791 4705 haereticis,
2811 4635 2954 4689 sicut
2977 4635 3138 4690 estin
3160 4635 3374 4706 synodo
3393 4651 3527 4690 con-

149 4753 366 4791 manus
395 4738 756 4793 sacerdotum
785 4739 1078 4810 accipiant.

233 4832 322 4887 14.
355 4832 434 4886 De
462 4831 863 4902 paenitentibus
890 4836 946 4887 et
969 4833 1216 4904 bigamis
1241 4849 1342 4887 seu
1357 4832 1656 4888 viduarum
1681 4849 1796 4887 ma-

149 4925 302 4992 ritis,
348 4929 414 4980 ut
465 4943 583 4981 non
631 4926 1038 4997 permittantur
1080 4928 1146 4982 ad
1195 4927 1489 4983 clericatus
1533 4928 1793 4982 ordinem

149 5017 409 5074 admitti.

139 5122 356 5206 Incipit
399 5136 628 5206 epistola
669 5135 854 5191 Sir-icti
895 5153 1057 5222 papa;
1107 5138 1181 5192 ad
1234 5139 1538 5196 Camertum
1589 5139 1789 5193 Tarra-

669 5222 938 5263 conensem
963 5223 1282 5279 episcopum.

223 5300 476 5356 SlRlClUS
530 5301 774 5357 Commio
831 5301 1237 5357 Tarraconensi
1311 5303 1572 5375 episcopo
1641 5305 1789 5359 salu-

144 5399 290 5449 tem.

1894 4737 2172 4803 stitutum,
2205 4751 2308 4806 per
2334 4730 2752 4788 invocationem
2780 4729 2961 4782 solum
2994 4728 3338 4800 septiformis
3353 4729 3523 4800 Spiri-

1895 4834 2006 4901 tus,
2021 4835 2077 4886 et
2089 4828 2423 4902 episcOpalis
2443 4841 2650 4880 manus
2668 4823 3091 4896 impositionem
3110 4822 3521 4879 catholicorum

1895 4923 2196 4980 conventui
2226 4923 2523 4990 sociamus,
2553 4918 2704 4991 quod
2741 4917 2912 4973 etiam
2943 4920 3095 4971 totus
3131 4917 3332 4972 Oriens
3360 4917 3518 4973 Occio

1896 5019 2148 5091 deusque
2191 5013 2456 5085 custodit,
2493 5031 2527 5068 a
2562 5029 2676 5085 quo
2716 5011 2945 5066 tramite
2992 5027 3088 5066 vos
3131 5027 3360 5083 quoque
3399 5013 3526 5084 post

1894 5112 2016 5167 haec
2046 5112 2282 5167 minime
2313 5108 2574 5166 convenit
2598 5107 2845 5176 deviare,
2865 5104 2912 5159 si
2940 5120 3058 5159 non
3086 5104 3254 5159 vultis
3274 5121 3307 5159 a
3329 5111 3522 5161 nostro

1894 5206 2132 5278 collegio
2158 5204 2412 5278 synodali
2448 5200 2693 5274 separari
2722 5198 3022 5255 sententia.

1965 5303 2027 5356 ll.
2055 5299 2320 5372 Sequitur
2347 5299 2417 5353 de
2447 5295 2726 5352 universis
2749 5291 3222 5367 baptizandorum
3251 5295 3524 5368 tempori-

1892 5397 2016 5462 bus,
2046 5397 2218 5466 prout
2241 5391 2544 5463 unicuique
2573 5389 2798 5445 libitum
2824 5388 3015 5456 fuerit,
3046 5388 3440 5461 improbabilis
3465 5395 3523 5445 et

1893 5486 2248 5544 emendanda
2275 5485 2552 5554 confusio,
2572 5499 2702 5556 quae
2719 5501 2751 5537 a
2772 5483 2977 5538 nostris
3007 5484 3517 5549 consacerdotibus,
3551 5552 3560 5562 λ

1884 5583 2048 5655 quod
2071 5578 2339 5637 commoti
2369 5577 2627 5644 dicimus,
2651 5593 2768 5631 non
2796 5575 3020 5632 ratione
3048 5576 3400 5633 auctoritatis
3425 5575 3520 5630 ali-
3549 5579 3575 5649 ’λ

218 5489 452 5544 Directa
479 5489 552 5544 ad
587 5489 940 5546 decessorem
985 5495 1244 5546 nostrum
1277 5494 1489 5547 sanctae
1538 5491 1795 5547 recorda-

141 5581 330 5637 tionis
357 5583 665 5638 Damasum
690 5584 1063 5640 fraternitatis
1087 5589 1202 5640 tum
1229 5585 1430 5640 relatio
1453 5585 1576 5656 jam
1607 5599 1702 5641 me
1733 5585 1791 5640 in

140 5676 353 5732 sedem
386 5677 567 5748 ipsius
590 5677 985 5748 constitutum,
1009 5679 1142 5750 quia
1164 5679 1243 5733 sic
1273 5680 1545 5735 Dominus
1568 5680 1793 5735 ordina-

140 5769 250 5838 vit,
284 5770 529 5826 invenit.
557 5773 742 5836 Quam
772 5788 902 5827 cum
928 5773 985 5827 in
1010 5777 1296 5828 conventu
1319 5773 1562 5828 fratrum
1592 5772 1794 5828 sollici-

139 5862 266 5917 tius
278 5865 632 5936 legeremus,
643 5870 801 5921 tanta
814 5867 1133 5922 invenimus
1143 5883 1270 5940 quae
1282 5867 1724 5940 reprehensione
1737 5869 1796 5921 et

139 5959 512 6015 correctione
537 5963 670 6015 sunt
700 5959 891 6034 digna,
917 5966 1132 6036 quanta
1160 5967 1487 6037 Optaremus
1509 5961 1793 6018 laudanda

1893 5677 2070 5748 cujus,
2105 5675 2198 5730 sed
2229 5673 2347 5728 sola
2369 5669 2694 5727 temeritate
2719 5671 3113 5742 praesumitur,
3138 5674 3200 5724 ut
3228 5668 3433 5740 passim
3453 5684 3517 5723 ac

1891 5770 2069 5826 libere
2095 5767 2363 5825 natalitiis
2400 5764 2628 5836 Christi,
2659 5779 2759 5819 seu
2795 5763 3183 5836 apparitionis,
3214 5777 3436 5816 necnon
3460 5767 3521 5817 et

1891 5866 2294 5938 apostolorum,
2315 5878 2417 5916 seu
2441 5862 2765 5932 martyrum
2791 5856 3182 5914 festivitatibus
3204 5855 3522 5911 innumerae

1893 5961 1976 6033 (ut
1997 5958 2215 6033 asseris)
2231 5956 2425 6031 plebes
2437 5953 2701 6028 baptismi
2724 5950 3058 6024 mysterium
3079 5953 3521 6028 consequantur,
