4032 6292
567 349 634 402 79
1426 346 1706 403 APPEND.
1749 344 1836 401 AD
1871 343 2030 400 SEC.
2075 331 2254 399 lX.-—-
2292 333 2535 399 lSlDORl
2575 334 3002 399 MERCATORIS

3800 336 3907 401 ssc

533 472 664 510 cum
698 455 804 510 hoc
847 454 954 510 sibi
994 453 1355 528 privilegium
1382 455 1533 525 apud
1574 471 1674 508 nos
1701 457 1759 508 et
1783 454 1934 524 apud
1965 470 2161 508 omnes
2183 465 2241 538 Α
2261 451 2534 524 quoniam
2570 451 2786 507 carnali
2811 450 3120 523 fragilitate
3159 449 3491 507 ceciderunt
3533 452 3741 508 viatico
3774 441 3904 508 mu-

531 550 795 604 ecclesias
827 549 1178 604 Dominicum
1203 548 1521 620 specialiter
1549 564 1680 602 cum
1704 549 2037 603 Pentecoste
2063 565 2162 602 sua

533 643 747 697 Pascha
772 642 1075 709 defendat;
1100 641 1305 713 quibus
1333 641 1463 696 solis
1492 657 1595 712 per
1619 657 1835 696 annum
1866 641 2064 696 diebus
2093 643 2162 696 ad

531 735 701 790 fidem
717 735 1130 790 confluentibus
1144 736 1433 806 generalia
1444 735 1798 806 baptismatis
1809 734 1954 790 tradi
1967 751 2164 790 conve-

528 829 1004 896 nitsacramenta,
1025 829 1112 883 his
1138 829 1410 884 duntaxat
1429 829 1622 883 electis
1648 828 1746 899 qui
1773 833 1902 884 ante
1923 829 2164 900 quadra-

528 922 709 993 ginta,
742 923 828 976 vel
855 939 920 976 eo
951 923 1199 994 amplius
1231 922 1349 977 dies
1377 939 1588 977 nomen
1616 922 1894 991 dederint,
1920 926 1978 976 et
2007 939 2164 977 exor-

525 1016 713 1070 cismis
736 1016 1195 1089 quotidianisque
1219 1015 1574 1072 orationibus
1599 1019 1770 1087 atque
1792 1016 2028 1086 jejuniis
2044 1017 2164 1071 fue-

527 1110 642 1164 rint
664 1110 897 1181 expiati,
923 1115 1206 1180 quatenus
1231 1111 1546 1182 apostolica
1575 1109 1880 1182 impleatur
1909 1110 2002 1164 illa
2024 1126 2164 1181 prse-

527 1208 730 1278 ceptio,
761 1214 823 1262 ut
856 1231 882 1258 ‹‹
915 1211 1235 1279 expurgato
1260 1207 1544 1262 fermento
1573 1207 1752 1262 veteri
1771 1224 1910 1262 nova
1935 1207 2164 1278 incipiat

525 1318 645 1355 esse
691 1302 1019 1373 conspersio
1058 1301 1103 1369 (1
1149 1304 1266 1359 Cor.
1300 1318 1354 1368 v,
1386 1302 1459 1372 7).
1495 1323 1520 1350 »
1569 1301 1723 1356 Sicut
1762 1318 1976 1356 sacram
2025 1319 2162 1373 ergo

529 1396 848 1464 paschalem
893 1395 1271 1450 reverentiam
1322 1395 1379 1449 in
1429 1395 1583 1450 nullo
1612 1395 1852 1450 dicimus
1887 1411 2008 1450 esse
2052 1397 2160 1450 mi-

527 1489 840 1557 nuendam,
860 1488 940 1543 ita
969 1488 1278 1543 infantibus
1299 1489 1396 1560 qui
1421 1489 1679 1544 nondum
1700 1489 1853 1561 loqui
1879 1490 2184 1562 potuerint.

526 1599 630 1652 per
661 1587 912 1649 aetatem,
942 1583 1029 1636 vel
1063 1582 1148 1636 bis
1175 1582 1382 1654 quibus
1432 1583 1490 1636 in
1536 1583 1787 1654 qualibet
1827 1585 2160 1639 necessitate

528 1692 670 1745 opus
692 1675 885 1742 fuerit,
912 1675 1056 1730 sacri
1103 1675 1255 1730 unda
1301 1675 1659 1747 baptismatis
1705 1677 1860 1731 omni
1900 1677 2162 1732 volumus

528 1768 812 1823 celeritate
831 1769 1102 1838 succurri,
1119 1785 1194 1824 ne
1208 1769 1281 1823 ad
1297 1774 1619 1824 nostrarum
1645 1770 1949 1841 perniciem
1966 1772 2164 1826 tendat

2266 560 2402 598 nere
2421 561 2552 599 cum
2571 545 2642 599 ad
2663 545 2966 600 Dominum
3001 545 3276 616 coeperint
3303 545 3602 617 proﬁcisci,
3624 564 3732 619 per
3751 563 3907 602 com-

2262 637 2552 692 munionis
2568 638 2815 709 gratiam
2834 639 3102 693 volumus
3121 639 3430 694 subveniri.
3447 642 3629 704 Quam
3649 642 3904 696 formam

2263 733 2320 785 et
2357 731 2507 785 circa
2549 733 2814 786 mulieres
2855 749 2982 803 quae
3030 749 3088 787 se
3132 735 3260 804 post
3310 733 3714 803 pcenitentiam
3771 735 3902 788 tali-

2261 824 2366 879 bus
2389 825 2793 896 pollutionibus
2824 827 3223 897 devinxerunt,
3256 828 3594 882 servandam
3621 844 3747 883 esse
3777 845 3904 883 cen-

2262 933 2380 973 sem
2386 936 2448 973 llS
2456 959 2468 973 .

2335 1014 2418 1068 Vl.
2443 1015 2725 1068 Praeterea
2752 1014 3166 1070 monachorum
3192 1015 3468 1086 quosdam
3495 1019 3668 1087 atque
3698 1032 3900 1070 mona-

2263 1106 2518 1174 charum,
2535 1107 2754 1177 abjecto
2777 1107 3066 1179 proposito
3094 1109 3426 1176 sanctitatis,
3446 1109 3505 1163 in
3526 1113 3746 1164 tantam
3770 1127 3902 1180 pro-

2261 1199 2488 1254 testaris
2513 1200 2804 1255 demersos
2839 1218 2961 1256 esse
3005 1202 3312 1270 lasciviam,
3339 1207 3406 1258 ut
3442 1202 3600 1274 prius
3639 1203 3900 1258 clanculo

2260 1293 2415 1347 velut
2437 1293 2540 1348 sub
2571 1295 3048 1350 monasteriorum
3078 1299 3357 1366 praetextu
3402 1296 3596 1351 illicita
3623 1313 3688 1350 ac
3718 1297 3897 1351 sacri-

2261 1387 2390 1457 lega
2418 1404 2477 1442 se
2503 1388 2846 1458 contagione
2877 1389 3225 1444 miscuerint.
3256 1391 3452 1445 Postea
3476 1407 3611 1445 vero
3640 1390 3703 1444 in
3734 1391 3902 1445 abru-

2262 1485 2425 1551 ptum
2455 1481 2818 1536 conscientiae
2849 1483 3240 1554 desperatione
3279 1484 3561 1555 producti,
3591 1483 3661 1538 de
3689 1483 3900 1538 illicitis

2262 1574 2645 1645 complexibus
2706 1576 2882 1630 libere
2946 1577 3093 1631 filios
3143 1577 3583 1648 procreaverint,
3629 1577 3788 1648 quod
3841 1582 3899 1632 et

2262 1667 2504 1739 publicae
2534 1669 2689 1739 leges
2726 1673 2783 1724 et
2811 1670 3184 1726 ecclesiastica
3203 1671 3335 1742 jura
3359 1672 3765 1741 condemnant,
3795 1672 3897 1724 has

2261 1778 2399 1834 ergo
2421 1761 2738 1834 impudicas
2767 1763 3240 1837 detestabilesque
3268 1781 3538 1836 personas
3557 1782 3589 1818 a
3614 1771 3897 1820 monaste-

527 1861 866 1928 animarum,
896 1862 942 1916 si
989 1867 1193 1934 negato
1223 1862 1674 1917 desiderantibus
1704 1865 1863 1918 fonte
1902 1865 2155 1933 salutari,
2179 1847 2237 1918 B
2260 1856 2476 1910 riorum
2507 1862 2654 1911 coetu
2683 1858 3162 1930 ecclesiarumque
3189 1859 3557 1914 conventibus
3589 1859 3892 1914 eliminan-

529 1955 724 2009 exiens
771 1956 1158 2028 unusquisque
1203 1957 1272 2011 de
1311 1957 1542 2023 saeculo,
1579 1973 1823 2028 regnum
1867 1959 2070 2030 perdat
2103 1965 2160 2013 et

528 2049 720 2102 vitam.
752 2049 1084 2121 Quicunque
1117 2050 1290 2105 etiam
1317 2050 1624 2106 discrimen
1652 2052 1953 2122 naufragii,
1983 2053 2155 2107 hosti-

525 2141 695 2196 litatis
711 2141 1019 2212 incursum,
1042 2143 1352 2198 obsidionis
1369 2143 1729 2216 ambiguum,
1748 2145 2158 2216 velbujuslibet

526 2237 832 2308 corporalis
861 2236 1263 2307 aegritudinem
1301 2237 1708 2309 desperationis
1748 2239 2069 2309 inciderint,
2101 2245 2158 2294 et

527 2328 634 2382 sibi
665 2328 829 2383 unico
857 2329 1198 2385 credulitatis
1225 2331 1435 2386 auxilio
1456 2332 1824 2404 poposcerint
1848 2332 2152 2402 subveniri,

505 2423 728 2532 ’eodem
755 2439 866 2494 quo
899 2429 1136 2494 poscunt
1163 2430 1455 2479 momento
1483 2425 1752 2496 temporis
1779 2426 2043 2497 expetitae
2074 2443 2158 2481 re-

491 2516 906 2596 [generationis
945 2517 1181 2588 praemia
1213 2523 1648 2590 consequantur.
1685 2519 1962 2575 Hactenus
1997 2536 2153 2575 erra-

489 2609 648 2664 itum
675 2610 734 2663 in
763 2610 868 2664 hac
899 2615 1058 2681 parte
1085 2611 1348 2678 sufficiat,
1376 2629 1528 2666 nunc
1557 2613 1856 2684 praefatam
1897 2614 2156 2685 regulam

524 2719 725 2758 omnes
753 2706 992 2758 teneant
1020 2704 1358 2773 sacerdotes,
1378 2707 1478 2776 qui
1502 2707 1706 2762 nolunt
1731 2707 1802 2761 ab
1827 2708 2151 2778 apostolica:

525 2800 704 2866 petra:
733 2779 902 2867 super
932 2813 1104 2867 quam
1133 2798 1386 2853 Christus
1423 2799 1796 2856 universalem
1841 2802 2154 2856 construxit

523 2889 852 2958 Ecclesiam,
883 2890 1162 2946 soliditate
1192 2890 1398 2946 divelli.

601 2983 686 3036 Ill.
722 2982 1015 3053 Adjectum
1045 2987 1129 3038 est
1166 2984 1336 3038 etiam
1381 2986 1657 3057 quosdam
1702 2988 2050 3044 Christianos
2080 2991 2154 3045 ad

522 3075 864 3148 apostasiam
887 3076 1061 3147 (quod
1091 3077 1200 3132 dici
1229 3078 1389 3132 nefas
1415 3080 1517 3151 est)
1547 3082 1929 3150 transeuntes,
1951 3089 2008 3138 et
2032 3083 2152 3139 ido-

521 3171 708 3226 lorum
735 3171 890 3224 cultu
913 3187 976 3224 ac
1003 3170 1406 3226 sacrificiorum
1444 3175 1924 3231 contaminatione
1960 3179 2148 3248 profa-

523 3268 705 3332 natos,
733 3281 870 3336 quos
897 3281 929 3320 a
953 3265 1158 3320 Christi
1190 3282 1444 3337 corpore,
1476 3273 1531 3322 et
1574 3269 1849 3340 sanguine
1889 3288 2000 3342 quo
2045 3272 2148 3328 du-

521 3358 658 3413 dum
682 3359 961 3430 redempti
991 3359 1218 3414 fuerant
1261 3362 1542 3416 nascendo
1571 3362 1840 3433 jubemus
1877 3365 2149 3433 abscindi,

520 3456 577 3506 et
601 3451 647 3506 si
666 3451 1055 3523 resipiscentes
1071 3453 1220 3509 forte
1240 3454 1311 3509 ad
1332 3454 1583 3512 lamenta
1609 3457 1825 3512 fuerint
1844 3458 2150 3530 aliquando

519 3546 787 3615 conversi,
811 3547 899 3601 his
930 3547 1183 3618 quandiu
1208 3547 1404 3604 vivunt
1431 3550 1654 3622 agenda
1686 3551 2019 3621 poenitentia
2047 3557 2149 3622 est,

519 3643 578 3694 et
611 3641 669 3694 in
718 3640 921 3695 ultimo
973 3641 1088 3695 fine
1138 3658 1241 3696 suo
1292 3643 1759 3699 reconciliationis
1810 3646 1991 3716 gratia
2048 3647 2150 3702 tri-

515 3733 766 3800 buenda,
796 3733 928 3804 quia
962 3733 1184 3790 dicente
1228 3736 1462 3791 Domino
1491 3754 1504 3791 :
1542 3758 1569 3786 ‹‹
1601 3738 1875 3793 Nolumus
1904 3744 2152 3796 mortem

516 3831 900 3898 peccatorum,
933 3827 1029 3882 sed
1077 3831 1143 3881 ut
1187 3833 1594 3884 convertantur
1639 3837 1695 3886 et
1717 3833 1906 3889 vivant
1937 3835 2146 3904 (Ezech.

519 3934 678 3986 xvm,
715 3922 824 3988 32).
866 3941 893 3967 n

594 4014 679 4068 lV.
689 4013 761 4068 De
779 4013 903 4084 conj
913 4030 943 4066 u
952 4013 1064 4084 gali
1077 4018 1267 4069 autem
1280 4017 1556 4073 vetatione
1567 4019 1846 4091 requisiti,
1861 4021 1906 4076 si
1919 4021 2151 4094 despon-

519 4112 704 4162 satam
744 4106 841 4161 alii
888 4108 1161 4179 puellam,
1195 4109 1337 4164 alter
1385 4110 1444 4165 in
1495 4113 1929 4170 matrimonium
1980 4119 2152 4189 possit

520 4201 796 4273 accipere,
818 4201 921 4256 hoc
944 4217 1014 4255 ne
1041 4201 1138 4256 fiat
1157 4202 1419 4258 omnibus
1439 4205 1626 4261 modis
1652 4208 1997 4278 inhibemus,
2016 4212 2151 4284 quia

516 4296 609 4349 illa
626 4294 944 4350 benedictio
960 4311 1132 4366 quam
1152 4301 1414 4368 nupturae
1437 4301 1691 4356 sacerdos
1717 4302 1977 4375 imponit,
1999 4307 2150 4377 apud

516 4387 715 4443 fideles
741 4387 1036 4459 cujusdam
1078 4391 1357 4461 sacrilegii
1403 4391 1578 4448 instar
1604 4400 1707 4464 est,
1736 4396 1780 4451 si
1817 4399 1934 4453 ulla
1961 4403 2145 4454 trans-

519 4482 809 4554 gressione
849 4483 1112 4539 violetur.

2172 3219 2227 3294 C

2258 1950 2358 2005 das
2389 1966 2510 2004 esse
2539 1951 2900 2022 mandamus,
2925 1958 3204 2023 quatenus
3231 1958 3469 2008 retrusae
3491 1954 3552 2007 in
3580 1953 3698 2007 suis
3730 1970 3894 2024 erga-

2257 2043 2415 2098 stulis
2430 2047 2647 2099 tantum
2663 2045 2884 2100 facinus
2894 2047 3166 2102 continua
3177 2047 3580 2102 lamentatione
3592 2047 3890 2113 deﬂentes,

2255 2138 2641 2208 puriﬁcatorio
2661 2139 2877 2209 possint
2902 2141 3050 2212 pceni
3061 2141 3268 2195 tudinis
3287 2142 3422 2212 igne
3444 2141 3706 2212 decoqui,
3726 2147 3793 2196 ut
3814 2142 3893 2195 eis

2256 2231 2343 2286 vel
2371 2231 2444 2285 ad
2474 2236 2720 2287 mortem
2745 2234 2918 2288 solius
2948 2235 3351 2290 misericordize
3380 2235 3590 2290 intuitu
3611 2251 3715 2306 per
3737 2251 3891 2289 com-

2255 2326 2544 2380 munionis
2569 2327 2812 2397 gratiam
2839 2327 3193 2400 indulgentia
3221 2329 3518 2384 subvenire
3549 2329 3749 2400 possit.

2327 2407 2432 2475 νη.
2482 2421 2783 2475 Veniamus
2841 2439 2993 2476 nunc
3056 2423 3129 2476 ad
3193 2423 3602 2477 sacratissimos
3656 2422 3890 2477 ordines

2254 2513 2592 2569 clericorum
2631 2531 2772 2586 quos
2797 2515 2856 2570 in
2882 2517 3220 2571 venerandae
3250 2517 3540 2589 religionis
3583 2516 3887 2588 injuriam,

2255 2607 2334 2662 ita
2385 2624 2490 2679 per
2541 2615 2752 2664 vestras
2801 2609 3117 2680 provincias
3172 2609 3408 2664 calcatos
3457 2615 3626 2682 atque
3682 2611 3886 2665 confu-

2255 2718 2364 2771 sos,
2407 2702 2679 2758 charitate
2731 2707 2830 2757 tua
2875 2703 3197 2758 insinuante
3246 2704 3583 2775 reperimus,
3627 2707 3691 2758 ut
3725 2706 3888 2758 Jere-

2253 2795 2389 2850 mia;
2418 2795 2582 2850 nobis
2611 2796 2914 2851 dicendum
2949 2797 3022 2852 sit
3050 2814 3181 2853 voce
3214 2815 3226 2852 :
3260 2820 3288 2847 «
3316 2798 3452 2862 Quis
3499 2797 3661 2852 dabit
3713 2799 3890 2869 capiti

2252 2905 2384 2944 meo
2408 2905 2636 2960 aquam,
2658 2894 2756 2944 aut
2785 2891 2958 2946 oculis
2989 2891 3129 2946 meis
3158 2892 3376 2946 fontem
3400 2893 3810 2963 lacrymarum,
3833 2897 3893 2946 et

2252 2982 2399 3036 ﬂebo
2429 2985 2706 3054 populum
2737 2985 2890 3039 hunc
2922 2985 3014 3040 die
3041 3003 3106 3039 ac
3136 2992 3304 3040 nocte
3323 2986 3349 3040 ?
3377 3007 3402 3035 »
3437 2987 3560 3055 (Jer.
3583 3001 3695 3053 XIX,
3722 2988 3795 3055 1.)
3831 2986 3890 3040 Si

2253 3093 2390 3148 ergo
2405 3077 2603 3133 beatus
2629 3080 2906 3150 propheta
2931 3080 3001 3134 ad
3026 3080 3275 3151 lugenda
3298 3081 3490 3151 populi
3509 3085 3740 3151 peccata
3772 3097 3889 3133 non

2252 3170 2359 3224 sibi
2399 3171 2477 3226 ait
2507 3173 2782 3244 lacrymas
2825 3189 2989 3244 posse
3033 3174 3310 3242 sufficere,
3343 3179 3555 3246 quanto
3603 3190 3710 3228 nos
3751 3190 3888 3244 pos-

2253 3281 2451 3320 sumus
2472 3266 2665 3320 dolore
2686 3268 2936 3338 percelli,
2958 3285 3090 3322 cum
3116 3284 3318 3323 eorum
3337 3267 3434 3339 qui
3455 3268 3514 3321 in
3535 3272 3728 3321 nostro
3752 3275 3888 3321 sunt

2252 3375 2487 3430 corpore
2512 3361 2907 3431 compellimur
2916 3362 3173 3416 facinora
3188 3361 3502 3433 deplorare,
3521 3360 3726 3432 quibus
3740 3378 3889 3433 prae-

2253 3452 2438 3524 cipue,
2468 3453 2783 3509 secundum
2806 3454 3040 3510 beatum
3067 3457 3328 3525 Paulum,
3355 3477 3383 3504 ‹‹
3411 3454 3681 3510 instantia
3705 3454 3892 3526 quoti-

2253 3547 2415 3601 diana
2429 3552 2484 3601 et
2495 3547 2812 3603 sollicitudo
2832 3549 3089 3604 omnium
3104 3549 3478 3604 Ecclesiarum
3493 3548 3888 3604 indesinenter

2251 3640 2550 3712 incumbit,
2567 3641 2615 3714 1
2633 3641 2753 3715 67
2776 3643 2902 3714 quis
2924 3644 3078 3699 enim
3101 3644 3444 3712 infirmatur,
3460 3646 3515 3698 et
3532 3659 3639 3714 ego
3659 3659 3778 3698 non
3795 3643 3884 3698 in-

2252 3734 2490 3790 ﬁrmor‘?
2503 3736 2628 3808 quis
2644 3738 3069 3807 scandalizatur,
3088 3743 3144 3794 et
3163 3754 3272 3809 ego
3290 3754 3406 3792 non
3427 3737 3596 3791 uror?
3617 3760 3643 3786 ‹‹
3669 3737 3748 3807 (ΙΙ
3763 3740 3884 3796 Cor.

2250 3844 2309 3896 11,
2328 3831 2416 3899 28,
2433 3829 2545 3900 29.)
2569 3829 2845 3886 Plurimos
2865 3831 3020 3888 enim
3046 3833 3367 3887 sacerdotes
3386 3831 3586 3888 Christi
3605 3837 3780 3902 atque
3807 3833 3883 3886 le-

2251 3922 2394 3977 vitas
2419 3927 2549 3994 post
2573 3925 2747 3996 longa
2773 3927 3214 3982 consecrationis
3235 3942 3354 3981 suae
3381 3931 3644 3997 tempora
3671 3929 3792 3980 tam
3813 3925 3882 3980 de

2250 4017 2586 4088 conjugibus
2615 4020 2856 4091 propriis
2885 4037 3061 4092 quam
3090 4020 3264 4075 etiam
3295 4021 3366 4076 de
3407 4020 3559 4092 turpi
3607 4019 3766 4074 coitu
3793 4037 3880 4074 so-

2250 4109 2441 4164 bolem
2480 4111 2782 4168 didicimus
2810 4131 3168 4186 procreasse;
3197 4121 3254 4171 et
3295 4115 3511 4170 crimen
3555 4130 3726 4168 suum
3773 4114 3881 4168 hac

2250 4207 2696 4277 praesumptione
2724 4207 3049 4278 defendere,
3074 4209 3210 4281 quia
3234 4209 3293 4264 in
3317 4208 3505 4264 Veteri
3523 4210 3880 4263 Testamento

2250 4299 2636 4356 sacerdotibus
2659 4317 2721 4356 ac
2753 4302 3032 4358 ministris
3060 4303 3371 4374 generandi
3410 4303 3644 4358 facultas
3670 4303 3882 4373 legitur

2247 4393 2535 4449 attributa.
2564 4395 2722 4450 Dicat
2758 4396 2902 4450 mihi
2929 4413 3080 4452 nunc
3111 4397 3369 4468 quisquis
3397 4397 3490 4451 ille
3521 4400 3605 4451 est
3632 4399 3880 4452 sectator

2247 4486 2573 4559 libidinum,
2601 4493 3034 4562 praeceptorque
3061 4491 3352 4561 vitiorum,
3381 4491 3427 4544 si
3455 4489 3700 4564 aestimat
3725 4492 3878 4562 quod

587 4578 647 4630 V.
681 4578 755 4632 De
776 4577 866 4632 his
896 4593 1030 4632 vero
1061 4593 1175 4633 non
1198 4579 1510 4652 incongrue
1540 4583 1766 4639 dilectio
1796 4588 1890 4640 tua
1916 4591 2144 4658 aposto-
2165 4596 2226 4670 D
2248 4581 2308 4636 in
2332 4583 2455 4653 lege
2480 4583 2651 4654 Moysi
2689 4585 2899 4655 passim
2927 4586 3101 4640 sacris
3143 4585 3439 4640 ordinibus
3462 4601 3496 4639 a
3524 4586 3633 4639 Deo
3682 4591 3880 4640 nostro

516 4673 680 4726 licam
699 4671 892 4726 sedem
911 4671 1093 4726 credit
1111 4674 1544 4746 consulendam,
1558 4678 1656 4748 qui
1675 4683 1797 4733 acta
1818 4679 2151 4750 paenitentia

513 4771 790 4836 tanquam
817 4781 986 4820 canes
1012 4781 1075 4820 ac
1098 4782 1225 4821 sues
1256 4768 1326 4822 ad
1360 4770 1603 4824 vomitus
1629 4772 1897 4842 pristinos
1923 4779 1981 4828 et
1998 4774 2150 4830 volu-

513 4859 673 4914 tabra
700 4859 1021 4928 redeuntes,
1045 4863 1103 4914 et
1129 4859 1346 4915 militiae
1380 4862 1696 4934 cingulum,
1721 4870 1776 4920 et
1789 4866 2037 4922 ludicras
2059 4885 2148 4924 vo-

513 4953 782 5023 luptates,
805 4956 862 5007 et
879 4969 1024 5008 nova
1051 4954 1335 5026 conjugia,
1351 4960 1407 5010 et
1426 4956 1698 5011 inhibitos
1719 4959 1904 5014 denuo
1928 4963 2145 5031 appeti-

516 5063 648 5100 vere
669 5046 1020 5100 concubitus.
1045 5046 1302 5110 Quorum
1333 5050 1644 5118 professam
1671 5051 2146 5111 incontinentiam

519 5139 772 5210 generati
799 5143 923 5209 post
948 5139 1360 5195 absolutionem
1393 5142 1493 5196 lilii
1518 5143 1905 5213 perdiderunt,
1929 5147 2000 5201 de
2027 5150 2147 5220 qui-

517 5233 623 5287 bus
646 5232 792 5302 jam,
829 5233 959 5303 quia
985 5233 1295 5306 suffugium
1332 5251 1445 5289 non
1479 5235 1691 5291 habent
1723 5238 2057 5308 pcenitendi,
2089 5243 2146 5298 id

516 5325 780 5382 duximus
809 5310 1353 5424 decei‘nendllm,\ut
1375 5329 1495 5383 sola
1521 5329 1668 5383 intra
1693 5331 1983 5388 ecclesiam
2014 5336 2147 5392 fide-

512 5420 664 5476 libus
689 5419 938 5474 oratione
975 5419 1312 5491 junguntur,
1342 5420 1514 5476 sacris
1557 5425 1958 5495 mysteriorum
1995 5429 2143 5485 cele-

511 5513 836 5581 britatibus,
865 5514 1122 5585 quamvis
1153 5531 1269 5568 non
1299 5521 1640 5587 mereantur,
1666 5519 1952 5590 intersint;
1985 5539 2019 5578 a
2041 5523 2143 5580 Do-

510 5608 738 5666 minica:
765 5611 958 5662 autem
986 5623 1197 5661 mensae
1229 5608 1484 5664 convivio
1514 5619 1906 5685 segregentur,
1929 5620 2010 5686 ut,
2035 5618 2142 5674 hac

510 5703 714 5756 saltem
745 5700 1094 5755 districtione
1129 5701 1398 5773 correpti,
1427 5708 1482 5758 et
1507 5704 1612 5775 ipsi
1643 5706 1701 5761 in
1733 5725 1792 5763 se
1824 5727 1926 5764 sua
1956 5716 2143 5767 errata

511 5794 809 5864 castigent,
843 5797 900 5848 et
925 5793 1049 5848 aliis
1089 5796 1413 5866 exemplum
1457 5797 1728 5869 tribuant,
1762 5806 2042 5873 quatenus
2072 5805 2140 5861 ab

513 5885 767 5944 obscenis
815 5885 1218 5958 cupiditatibus
1267 5891 1649 5962 retrahamtur,
1695 5895 1901 5965 quibus
1949 5903 2141 5953 tamen

2251 4677 2441 4732 laxata
2468 4677 2580 4732 sint
2602 4678 2766 4732 frena
2794 4679 3056 4748 luxuriae,
3085 4696 3186 4734 cur
3210 4696 3306 4734 eos
3332 4679 3536 4752 quibus
3567 4679 3883 4735 committe-

2249 4770 2460 4826 bantur
2479 4775 2682 4827 Sancta
2700 4776 3027 4828 sanctorum
3047 4777 3365 4846 praemonet
3383 4774 3574 4828 dicens
3597 4790 3611 4828 :
3639 4796 3669 4823 «
3689 4775 3881 4829 Sancti

2251 4871 2448 4934 estote,
2481 4867 2617 4939 quia
2643 4871 2699 4922 et
2729 4884 2834 4939 ego
2861 4872 3084 4923 sanctus
3127 4885 3274 4938 sum,
3302 4868 3578 4924 Dominus
3609 4869 3761 4924 Deus
3785 4885 3878 4924 ve-

2248 4964 2364 5014 ster
2390 4959 2577 5031 (Leuit.
2607 4977 2666 5030 ιι,
2695 4962 2805 5032 44),
2841 4984 2868 5012 ››
2902 4978 3002 5016 cur
3029 4962 3200 5017 etiam
3227 4963 3426 5033 procul
3469 4979 3502 5016 a
3529 4962 3645 5016 suis
3689 4963 3879 5017 domi-

2247 5052 2354 5107 bus
2378 5071 2528 5109 anno
2557 5055 2694 5110 vicis
2720 5073 2836 5111 suae
2861 5057 2920 5111 in
2950 5057 3164 5129 templo
3194 5057 3450 5111 habitare
3471 5057 3618 5128 jussi
3643 5062 3779 5113 sunt
3799 5073 3880 5111 sa-

2247 5148 2520 5216 cerdotes,
2553 5150 2660 5205 hac
2686 5150 2944 5206 videlicet
2969 5152 3206 5222 ratione,
3233 5168 3304 5207 ne
3331 5152 3419 5206 vel
3445 5167 3576 5206 cum
3608 5151 3879 5206 uxoribus

2247 5243 2465 5312 possint
2493 5247 2720 5300 carnale
2746 5261 3009 5302 exercere
3037 5247 3472 5315 commercium,
3499 5250 3564 5300 ut
3589 5246 3877 5300 conscieno

2246 5335 2340 5390 tite
2394 5336 2720 5408 integritate
2765 5341 3067 5412 fulgentes,
3110 5340 3451 5413 acceptabile
3497 5341 3615 5394 Deo
3667 5357 3878 5395 munus

2245 5430 2533 5487 offerrent.
2553 5433 2783 5502 Quibus,
2805 5436 3025 5506 expleto
3046 5435 3434 5491 deservitionis
3460 5451 3576 5490 suae
3599 5441 3874 5508 tempore,

2245 5526 2436 5582 uxoris
2464 5543 2600 5581 usus
2628 5527 2802 5582 solius
2833 5530 3200 5585 successionis
3229 5546 3395 5585 causa
3424 5529 3610 5584 fuerat
3653 5531 3871 5586 relaxa-

2242 5624 2353 5687 tus,
2379 5619 2509 5690 quia
2534 5638 2648 5676 non
2675 5639 2744 5678 ex
2771 5623 2904 5691 alia,
2931 5623 3042 5678 nisi
3086 5641 3156 5680 ex
3199 5624 3350 5679 tribu
3395 5624 3525 5678 Levi
3565 5623 3873 5696 quisquam

2245 5711 2316 5767 ad
2347 5714 2444 5769 Dei
2472 5715 2849 5772 ministerium
2879 5718 3064 5773 fuerat
3099 5721 3416 5790 praeceptus
3443 5717 3691 5787 admitti,
3721 5718 3873 5773 unde

2242 5811 2301 5861 et
2329 5809 2600 5864 Dominus
2626 5812 2785 5866 Jesus
2815 5827 2945 5866 cum
2976 5829 3078 5868 nos
3106 5829 3208 5868 suo
3236 5813 3574 5869 illustrasset
3600 5813 3868 5879 adventu,

2242 5900 2301 5955 in
2328 5904 2624 5978 evangelio
2645 5909 3013 5978 protestatur,
3027 5909 3163 5981 quia
3181 5928 3209 5960 «
3226 5909 3413 5982 legem
3437 5907 3656 5965 venerit
3680 5907 3876 5984 imple.
