4032 6296
230 347 328 401 681

1469 351 1940 407 DECRETALIUM
1978 353 2368 410 COLLECTIO.

3495 357 3596 418 682

233 471 316 520 re,
344 471 465 509 non
492 455 707 510 solvere
739 456 952 524 (Matth.
986 474 1038 524 v,
1071 458 1176 526 l7),
1216 479 1243 508 »
1291 460 1347 512 et
1372 457 1504 512 ideo
1537 459 1863 528 Ecclesiam,
1889 471 1948 544 Α
1968 478 2002 515 a
2032 479 2132 516 sua
2160 462 2403 519 infantia
2430 469 2563 521 ante
2607 465 2927 550 pubertatis
2968 484 3150 523 annos
3197 466 3494 540 baptizari,
3543 475 3600 524 et

232 549 396 620 cujus
425 565 667 620 sponsus
695 552 779 604 est
806 551 1092 621 speciosus
1133 551 1337 618 forma,
1387 552 1650 608 castitatis
1693 553 1869 609 voluit

231 643 542 714 splendore
573 643 815 714 radiare,
846 649 909 700 ut
933 645 990 699 in
1022 646 1112 700 die
1136 646 1354 716 judicii,
1394 664 1524 702 cum
1553 664 1746 702 rursus
1771 647 1868 702 ad-

232 737 458 791 venerit
490 759 516 786 ‹‹
548 737 669 793 sine
695 740 918 793 macula
947 743 1004 794 et
1031 756 1195 812 ruga,
1229 757 1353 796 eam
1381 741 1555 813 possit
1580 740 1742 812 (sicut
1766 757 1868 811 per

229 831 572 903 Apostolum
598 831 856 903 instituit)
882 833 1132 904 reperire
1155 833 1309 905 (Eph.
1339 851 1392 903 v,
1414 838 1522 904 27).
1557 856 1584 884 »
1613 835 1864 899 Quarum

232 925 597 980 sanctionum
617 926 937 981 sacerdotes
955 943 1153 982 omnes
1170 931 1340 999 atque
1367 928 1550 982 levitas
1578 927 1864 982 insolubili

231 1019 361 1089 lege
391 1019 840 1090 constringimur
862 1025 982 1075 uta
1013 1021 1106 1076 die
1134 1021 1506 1077 ordinationis
1532 1026 1744 1077 nostrae
1769 1038 1864 1077 so-

229 1112 482 1180 brietati,
514 1130 579 1168 ac
604 1113 891 1186 pudicitiae
929 1118 986 1170 et
1031 1115 1206 1170 corda
1248 1120 1438 1171 nostra
1473 1116 1866 1188 mancipemus

231 1213 291 1262 et
318 1223 578 1279 corpora,
611 1208 919 1263 dummodo
946 1224 1050 1280 per
1077 1209 1268 1264 omnia
1312 1211 1426 1266 Deo
1467 1214 1660 1265 nostro
1692 1209 1750 1264 in
1781 1209 1866 1264 his

229 1316 360 1372 quae
387 1301 640 1372 quotidie
669 1301 978 1370 offerimus,
1008 1303 1294 1358 sacriﬁciis
1319 1304 1663 1376 placeamus.
1681 1315 1684 1318 '
1705 1325 1733 1353 «
1755 1303 1864 1368 Qui

227 1398 426 1449 autem
475 1395 535 1449 in
582 1411 754 1450 carne
784 1401 934 1466 sunt,
969 1396 1189 1452 dicente
1238 1397 1530 1453 electionis
1561 1396 1717 1466 Vase,
1751 1399 1862 1452 Deo

228 1488 458 1560 placere
502 1505 617 1544 non
665 1495 916 1560 possunt,
963 1507 1060 1545 vos
1109 1495 1300 1547 autem
1330 1492 1453 1562 jam
1487 1508 1604 1546 non
1639 1491 1770 1546 estis
1803 1491 1864 1546 in

229 1599 406 1636 carne
437 1583 539 1637 sed
579 1583 636 1637 in
662 1583 887 1655 spiritu,
927 1583 972 1638 si
1021 1589 1212 1639 tamen
1240 1585 1479 1656 Spiritus
1508 1585 1606 1640 Dei
1651 1584 1866 1640 habitat

230 1676 289 1730 in
317 1675 473 1731 vobis
517 1678 686 1747 (Rom.
732 1694 850 1747 vm,
884 1677 1015 1750 8-9).
1064 1700 1091 1728 ››
1141 1681 1207 1733 Et
1253 1678 1350 1733 ubi
1389 1679 1615 1751 poterit,
1653 1679 1764 1734 nisi
1803 1677 1863 1733 in

228 1769 584 1841 corporibus,
625 1770 766 1826 sicut
795 1772 1058 1843 legimus,
1089 1771 1292 1827 sanctis
1331 1771 1431 1826 Dei
1475 1772 1716 1844 Spiritus
1757 1773 1861 1828 ha-

1965 555 2240 610 lectorum
2275 557 2442 613 debet
2468 559 2787 615 ministerio
2817 559 3040 628 sociari,
3073 560 3211 633 quia
3256 561 3326 616 ab
3373 578 3597 616 accessu

1966 649 2364 705 adolescentiae
2391 669 2569 724 usque
2597 654 2668 708 ad
2694 654 3048 708 tricesimum
3078 655 3261 710 aetatis
3288 671 3523 724 annum,
3553 655 3597 708 si

1965 743 2330 813 probabiliter
2346 745 2562 811 vixerit,
2579 763 2694 801 una
2709 752 2954 815 tantum,
2971 751 3028 803 et
3047 765 3112 803 ea
3129 765 3299 820 quam
3315 749 3595 820 virginem

1967 837 2255 891 communi
2322 855 2423 909 per
2476 841 2827 895 sacerdotem
2889 841 3281 897 benedictione
3343 843 3598 914 percepit

1967 946 2145 985 uxore
2178 935 2497 999 contentus,
2530 935 2822 1005 acolythus
2851 941 2909 990 et
2933 935 3311 990 subdiaconus
3337 951 3460 990 esse
3491 936 3592 990 de~

1965 1023 2138 1091 bebit,
2167 1029 2469 1098 postquam
2496 1027 2566 1082 ad
2595 1027 2834 1083 diaconii
2876 1029 3144 1099 gradum,
3169 1029 3215 1083 si
3243 1046 3300 1084 se
3329 1029 3449 1100 ipse
3476 1029 3591 1101 pri-

1954 1117 2138 1173 .mitus
2172 1119 2514 1175 continentia
2543 1127 2832 1192 praeeunte
2862 1122 3096 1194 dignum
3130 1123 3472 1194 probaverit,
3497 1140 3592 1177 ac-

1965 1211 2142 1266 cedat.
2208 1212 2311 1266 Ubi
2380 1213 2426 1267 si
2496 1214 2644 1267 ultra
2700 1214 2948 1287 quinque
3009 1231 3186 1270 annos
3237 1216 3596 1272 laudabiliter

1964 1305 2167 1360 vixerit
2187 1310 2243 1361 et
2269 1306 2673 1362 ministraverit
2714 1325 2985 1380 congrue,
3017 1310 3428 1380 presbyterium
3458 1327 3589 1365 con-

1965 1404 2255 1470 sequatur.
2285 1400 2499 1456 Exinde
2547 1406 2674 1471 post
2704 1401 3043 1456 decennium
3091 1403 3462 1474 episcopalem
3497 1421 3590 1458 ca-

1962 1492 2225 1547 thedram
2253 1492 2463 1564 poterit
2480 1494 2734 1565 adipisci,
2765 1495 2811 1549 si
2844 1499 3032 1550 tamen
3067 1512 3167 1566 per
3192 1497 3314 1550 haec
3340 1500 3594 1569 tempora

1963 1585 2262 1658 integritas
2297 1587 2420 1641 vitae
2448 1604 2510 1641 ac
2536 1587 2665 1642 ﬁdei
2695 1587 2818 1658 ejus
2847 1587 3019 1642 fuerit
3046 1590 3376 1660 approbata.

2036 1681 2118 1733 1X.
2140 1680 2244 1743 Qui
2269 1697 2401 1735 vero
2422 1680 2545 1751 jam
2577 1685 2741 1735 (etate
2775 1682 3125 1752 grandaavus,
3175 1683 3426 1737 melioris
3471 1701 3595 1755 pro-

1965 1773 2131 1844 positi
2159 1774 2584 1829 conversatione
2625 1779 2976 1846 provocatus,
3004 1792 3071 1830 ex
3105 1775 3249 1831 laico
3275 1776 3347 1831 ad
3379 1793 3593 1832 sacram

227 1863 409 1919 bitare
427 1865 456 1918 ?
476 1865 542 1918 Et
575 1865 707 1936 quia
725 1865 1018 1937 aliquanti,
1035 1867 1103 1921 de
1119 1866 1324 1938 quibus
1345 1866 1658 1938 loquimur,
1675 1872 1740 1922 ut
1767 1871 1861 1922 tua
1883 1853 1940 1926 Β
1964 1867 2223 1921 militiam
2255 1868 2558 1938 pervenire
2603 1868 2852 1938 festinat,
2901 1869 3170 1924 desiderii
3214 1869 3302 1923 sui
3344 1870 3592 1925 fructum

228 1957 498 2013 sanctitas
535 1959 746 2026 retulit,
793 1959 1125 2030 ignoranter
1153 1977 1210 2015 se
1234 1961 1422 2031 lapsos
1465 1977 1585 2016 esse
1629 1960 1859 2029 deﬂent,

229 2052 320 2106 his
369 2052 474 2107 hac
513 2052 837 2108 conditione
877 2053 1326 2108 misericordiam
1353 2054 1596 2109 dicimus
1627 2071 1740 2109 non
1765 2071 1864 2110 ne-

227 2146 498 2216 gandam,
528 2149 592 2200 ut
618 2147 739 2202 sine
761 2147 878 2201 ullo
905 2147 1136 2202 honoris
1162 2153 1475 2220 augmento
1519 2147 1578 2202 in
1612 2149 1722 2203 hoc
1747 2165 1861 2222 quo

231 2241 440 2296 detecti
489 2243 642 2307 sunt,
674 2241 930 2312 quandiu
965 2241 1230 2311 vixerint,
1265 2242 1454 2297 ofﬁcio
1475 2246 1859 2313 perseverent,

228 2334 274 2387 si
302 2338 498 2388 tamen
542 2339 665 2406 post
707 2333 830 2388 haec
879 2335 1235 2390 continentes
1261 2351 1318 2390 se
1345 2334 1668 2390 studuerint
1698 2335 1860 2392 exhi-

227 2427 470 2483 bere.Hi
494 2443 629 2482 vero
655 2426 751 2499 qui
771 2427 952 2482 illiciti
977 2427 1263 2500 privilegii
1289 2428 1646 2484 excusatione
1675 2429 1865 2485 nitun~

225 2525 342 2588 tur,
377 2525 435 2576 et
464 2521 571 2575 sibi
600 2525 860 2576 asserunt
885 2522 1064 2577 veteri
1088 2522 1199 2577 hoc
1222 2522 1351 2593 lege
1376 2539 1731 2592 concessum,
1764 2540 1866 2580 no-

226 2616 415 2670 verint
445 2633 505 2670 se
534 2615 606 2670 ab
637 2615 794 2670 omni
819 2615 1191 2672 ecclesiastico
1216 2616 1456 2685 honore,
1483 2633 1597 2689 quo
1624 2616 1862 2689 indigne

224 2709 317 2765 usi
362 2713 516 2773 sunt,
562 2709 879 2782 apostolicae
909 2709 1058 2764 sedis
1092 2710 1430 2766 auctoritate
1458 2711 1725 2780 dejectos,
1754 2727 1862 2766 nec

225 2819 485 2876 unquam
499 2820 665 2874 posse
685 2803 1008 2859 veneranda
1030 2807 1329 2859 attrectare
1355 2804 1644 2875 mysteria,
1675 2822 1708 2858 a
1734 2804 1860 2876 qui-

225 2897 333 2952 bus
364 2913 426 2951 se
455 2896 562 2967 ipsi
595 2896 732 2951 dum
763 2896 1020 2952 obscenis
1047 2897 1454 2968 cupiditatibus
1478 2897 1720 2966 inhiant,
1751 2898 1864 2969 pri-

225 2993 525 3057 vaverunt,
570 2993 629 3046 et
665 2991 799 3062 quia
854 2990 1120 3062 exempla
1162 2991 1466 3062 praesentia
1513 3007 1708 3047 cavere
1759 3007 1862 3046 nos

225 3089 587 3156 praemonent
628 3084 688 3138 in
732 3085 1014 3152 futurum,
1046 3085 1093 3139 si
1119 3084 1355 3157 quilibet
1379 3085 1696 3157 episcopus,
1725 3101 1860 3157 pre-

226 3180 420 3251 sbyter
445 3183 616 3250 atque
647 3177 912 3234 diaconus
940 3178 1112 3250 (quod
1143 3195 1258 3234 non
1285 3180 1565 3251 optamus)
1593 3178 1861 3250 deinceps

1965 1977 2081 2016 non
2109 1961 2278 2015 aliter
2308 1961 2607 2032 obtinebit,
2638 1962 2743 2016 nisi
2764 1978 2832 2016 eo
2859 1979 2974 2034 quo
2995 1962 3310 2034 baptizatur
3335 1968 3594 2035 tempore

1963 2054 2152 2109 statim
2189 2055 2466 2109 lectorum
2493 2058 2590 2109 aut
2621 2055 3030 2110 exorcistarum
3064 2071 3302 2110 numero
3327 2057 3592 2124 societur,

1964 2149 2008 2202 si
2038 2152 2224 2204 tamen
2259 2165 2390 2203 eum
2434 2165 2602 2203 unam
2635 2149 2895 2204 habuisse
2934 2149 3019 2203 vel
3066 2149 3295 2216 habere,
3344 2151 3493 2204 hanc
3539 2155 3596 2204 et

1963 2241 2242 2314 virginem
2268 2241 2548 2314 accepisse
2586 2245 2808 2296 constet
2847 2258 3098 2297 uxorem.
3144 2242 3252 2307 Qui
3298 2242 3434 2297 dum
3481 2243 3591 2297 ini-

1965 2335 2132 2390 tiatus
2143 2337 2333 2404 fuerit,
2348 2336 2572 2408 expleto
2587 2335 2843 2403 biennio,
2859 2352 2960 2408 per
2970 2336 3425 2408 quinquennium
3440 2337 3592 2391 aliud

1964 2430 2256 2501 acolythus
2282 2433 2339 2484 et
2366 2429 2741 2484 subdiaconus
2769 2429 2884 2497 ﬁat,
2919 2435 2977 2484 et
3017 2430 3095 2484 sic
3134 2430 3202 2485 ad
3230 2430 3589 2486 diaconatum

1964 2523 2028 2593 (si
2058 2540 2158 2594 per
2182 2524 2301 2578 haec
2327 2523 2658 2594 temporalia
2688 2523 2895 2593 dignus
2919 2523 3206 2594 judicatus
3240 2523 3427 2591 fuerit)
3457 2540 3588 2594 pro-

1962 2618 2225 2673 vehatur.
2249 2616 2466 2673 Exinde
2481 2616 2600 2687 jam
2625 2632 2852 2670 accessu
2874 2621 3196 2687 temporum
3217 2616 3588 2688 presbyterio,

1961 2713 2047 2767 vel
2088 2710 2458 2782 episc0patui,
2508 2709 2555 2764 si
2602 2725 2732 2764 eum
2773 2709 2907 2765 cleri
2937 2727 2999 2765 ac
3038 2709 3222 2782 plebis
3253 2711 3588 2780 evocaverit,

1964 2805 2181 2874 electio,
2211 2821 2325 2859 non
2352 2803 2640 2858 immerito
2669 2803 2930 2859 societur.

2034 2900 2094 2954 X.
2125 2897 2387 2970 Quisquis
2431 2914 2567 2952 sane
2615 2897 2870 2964 clericus,
2901 2901 3002 2952 aut
3043 2897 3292 2966 viduam,
3318 2904 3416 2954 aut
3441 2902 3592 2954 certe

1963 2993 2270 3048 secundam
2301 2992 2608 3063 conjugem
2646 2991 2889 3059 duxerit,
2921 2990 3080 3046 omni
3107 2992 3494 3047 ecclesiastica:
3514 2992 3594 3047 di-

1965 3087 2196 3159 gnitatis
2223 3085 2523 3158 privilegio
2561 3102 2692 3140 mox
2735 3084 3004 3152 nudetur,
3037 3085 3179 3140 laica
3225 3085 3330 3140 sibi
3367 3089 3589 3141 tantum

1961 3179 2364 3235 communione
2411 3196 2687 3247 concessa,
2737 3195 2908 3250 quam
2963 3179 3041 3234 ita
3089 3180 3322 3234 demum
3379 3180 3594 3251 poterit

228 3230 410 3251 __,--_
449 3230 609 3250 --Ἰ---
656 3230 906 3234 ----------
1144 3230 1258 3234 -----
1294 3230 1564 3251 -τ--η--η
1600 3230 1857 3250 --ψ--τ-
1967 3230 2360 3235 ----------------
2417 3230 2687 3247 ---------,
2745 3230 2908 3250 -ι---τ-
2963 3230 3039 3234 ---
3095 3230 3322 3234 enm---
3381 3230 3586 3251 τ-----.

225 3273 398 3328 fuerit
428 3272 555 3327 talis
579 3272 859 3342 inventus,
898 3272 1022 3343 jam
1051 3289 1202 3327 nunc
1229 3273 1339 3328 sibi
1366 3289 1596 3329 omnem
1628 3289 1730 3344 per
1755 3289 1857 3328 nos
1880 3230 1935 3305 Ο
1960 3274 2268 3347 possidere,
2292 3274 2338 3328 si
2365 3274 2504 3329 nihil
2533 3275 2732 3345 postea
2757 3275 2992 3344 propter
3012 3273 3163 3344 quod
3190 3273 3335 3328 hanc
3361 3274 3586 3345 perdat,

223 3365 599 3438 indulgentias
628 3365 845 3420 aditum
877 3366 1163 3438 intelligat
1189 3367 1531 3436 obseratum,
1557 3366 1690 3438 quia
1708 3367 1859 3422 ferro

223 3477 454 3517 necesse
471 3464 555 3516 est
572 3461 910 3516 excidantur
931 3461 1164 3516 vulnera
1183 3478 1312 3534 quae
1330 3461 1721 3516 fomentorum
1739 3476 1856 3516 non

224 3555 510 3612 senserint
537 3555 902 3610 medicinam.

296 3651 429 3706 VIII.
461 3648 769 3705 Didicimus
814 3648 990 3704 etiam
1031 3648 1270 3705 licenter
1298 3664 1364 3703 ac
1392 3647 1571 3707 libere
1595 3647 1856 3718 inexplo-

225 3750 365 3801 rata:
390 3743 523 3798 vitae
557 3742 840 3810 homines,
874 3743 1079 3815 quibus
1109 3742 1281 3797 etiam
1315 3741 1531 3797 fuerint
1557 3757 1859 3797 numerosa

222 3836 494 3910 conjugis.
535 3838 605 3893 ad
653 3837 910 3909 praefatas
959 3836 1280 3908 dignitates,
1325 3839 1499 3907 prout
1539 3835 1858 3907 cuicunque

221 3931 476 4000 libuerit,
504 3931 772 4003 aspirare.
805 3931 963 3996 Quod
988 3947 1106 3986 non
1135 3933 1360 3985 tantum
1384 3929 1492 3984 illis
1511 3929 1610 4001 qui
1635 3929 1708 3984 ad
1739 3930 1858 3984 haec

220 4026 600 4082 immoderata
622 4025 934 4080 ambitione
960 4024 1320 4096 perveniunt,
1350 4026 1628 4097 quantum
1653 4026 1859 4080 metro-

221 4120 493 4193 politanis
549 4119 863 4191 specialiter
915 4118 1275 4190 pontiﬁcibus
1329 4118 1703 4189 imputamus,
1761 4117 1858 4190 qui

226 4215 364 4270 dum
381 4213 639 4269 inhibitis
659 4213 886 4268 ausibus
902 4212 1224 4282 connivent,
1246 4212 1347 4267 Dei
1378 4213 1555 4267 nostri
1582 4216 1857 4283 quantum

223 4308 282 4363 in
309 4325 370 4362 se
391 4313 477 4362 est
494 4312 780 4379 praecepta
800 4311 1192 4374 contemnunt,
1215 4311 1290 4376 et,
1315 4311 1378 4360 ut
1395 4311 1688 4361 taceamus
1703 4305 1857 4378 quod

225 4403 392 4458 altius
404 4401 776 4473 suspicamur,
792 4401 887 4456 ubi
909 4401 1050 4456 illud
1071 4403 1155 4456 est
1173 4399 1329 4472 quod
1343 4401 1485 4455 Deus
1498 4402 1708 4469 noster,
1725 4399 1858 4455 data

223 4513 330 4568 per
371 4497 597 4568 Moysen
647 4497 794 4566 lege,
833 4495 1141 4561 constituit,
1181 4494 1373 4550 dicens
1409 4510 1423 4548 :
1469 4514 1498 4546 «
1528 4493 1856 4550 Sacerdotes

1957 3368 2237 3423 admittat.

2027 3463 2111 3517 ΧΙ.
2151 3461 2408 3515 Femiuas
2450 3476 2582 3515 vero
2619 3476 2732 3514 non
2772 3459 2910 3514 alias
2941 3477 3063 3515 esse
3109 3460 3363 3530 patimur
3396 3460 3454 3514 in
3487 3461 3582 3514 do-

1959 3554 2148 3610 mibus
2197 3554 2552 3623 clericorum,
2606 3553 2711 3608 nisi
2757 3571 2852 3609 cas
2901 3556 3121 3608 tantum
3165 3570 3304 3626 quas
3358 3558 3588 3625 propter

1958 3650 2102 3705 solas
2139 3647 2620 3703 necessitudinum
2665 3664 2860 3702 causas
2904 3647 3162 3702 habitare
3210 3663 3341 3702 cum
3386 3647 3585 3702 iisdem

1957 3743 2207 3815 synodus
2235 3741 2460 3797 Nicazna
2486 3741 2762 3813 permisit.

2029 3839 2138 3892 XII.
2163 3836 2466 3890 Monachos
2493 3851 2720 3907 quoque
2746 3851 2888 3906 quos
2911 3840 3102 3890 tamen
3130 3851 3364 3890 morum
3400 3836 3583 3906 gravi-

1958 3936 2060 4000 tas,
2091 3936 2149 3985 et
2189 3929 2314 3984 vitm
2363 3945 2428 3984 ac
2467 3928 2601 3984 ﬁdei
2645 3928 2924 3984 institutio
2969 3936 3159 3984 sancta
3201 3929 3584 3996 commendat,

1959 4023 2294 4079 clericorum
2325 4021 2523 4078 ofﬁciis
2559 4023 2891 4095 aggregari,
2924 4028 2980 4077 et
3020 4027 3301 4094 optamus,
3340 4028 3398 4078 et
3429 4025 3585 4078 volu-

1958 4136 2105 4188 mus,
2134 4118 2207 4173 ita
2236 4123 2296 4173 ut
2321 4117 2418 4189 qui
2447 4117 2596 4172 intra
2624 4116 2979 4172 tricesimum
3001 4135 3215 4171 annum
3244 4117 3427 4172 aetatis
3458 4122 3590 4172 sunt

1958 4213 2118 4284 digni
2146 4211 2203 4266 in
2227 4211 2566 4278 minoribus,
2613 4227 2716 4281 per
2761 4211 2970 4282 gradus
3011 4211 3264 4281 singulos
3301 4218 3585 4266 crescente

1957 4311 2218 4376 tempore
2249 4309 2694 4376 promoveantur
2714 4303 3032 4371 ordinibus,
3065 4307 3120 4357 el.
3147 4303 3224 4358 sic
3245 4303 3312 4357 ad
3335 4303 3589 4358 diacona-

1957 4403 2047 4452 tus
2077 4399 2159 4452 vel
2191 4397 2526 4469 presbyterii
2548 4396 2796 4468 insignia
2826 4403 3063 4452 maturae
3091 4397 3271 4452 aetatis
3302 4413 3588 4451 consecra-

1960 4492 2112 4547 tione
2138 4491 2494 4563 perveniant,
2524 4507 2630 4544 nec
2658 4506 2760 4561 per
2784 4491 2956 4544 saltus
2983 4490 3048 4544 ad
3083 4491 3442 4561 episcopatus
3475 4491 3589 4544 cul-

224 4589 336 4646 mei
355 4591 538 4646 semel
558 4589 803 4658 nubant;
831 4609 858 4641 »
882 4591 938 4646 et
956 4588 1064 4644 alio
1082 4589 1246 4644 loco:
1281 4607 1308 4640 ‹‹
1328 4587 1599 4643 Sacerdos
1620 4603 1854 4642 uxorem
1876 4603 1935 4676 Β
1959 4603 2092 4641 men
2143 4583 2470 4652 ascendant,
2525 4582 2635 4636 nisi
2683 4583 2741 4637 in
2789 4582 2877 4636 his
2921 4582 3124 4637 eadem
3171 4599 3298 4653 qua:
3351 4581 3589 4653 singulis

222 4684 509 4756 virginem
532 4684 787 4755 accipiat,
813 4699 932 4739 non
957 4683 1211 4752 viduam,
1230 4698 1336 4738 nec
1359 4681 1858 4754 repudiatam,nec

223 4779 588 4835 meretricem
613 4779 796 4847 (Leuit.
828 4794 940 4847 xxx,
974 4777 1076 4848 14).
1109 4798 1136 4827 ››
1179 4777 1336 4841 Quod
1377 4778 1602 4830 secutus
1630 4777 1860 4847 Aposto-

223 4873 330 4942 lus,
354 4889 424 4927 ex
451 4876 808 4944 persecutore
835 4871 1194 4944 praadicator,
1217 4892 1243 4918 ‹‹
1263 4869 1432 4924 unius
1445 4869 1633 4924 uxoris
1647 4869 1855 4938 virum,

223 4974 343 5022 tam
370 4966 720 5021 sacerdotem
750 4983 918 5037 quam
950 4965 1252 5020 diaconum
1294 4963 1418 5018 ﬁeri
1448 4962 1654 5018 debere
1693 4979 1856 5018 man-

227 5061 381 5115 davit
412 5061 459 5129 (Ι
487 5062 620 5115 Tim.
650 5076 732 5127 in,
761 5063 814 5126 2,
851 5063 957 5130 l2).
991 5081 1018 5108 ››
1052 5060 1189 5123 Quae
1229 5055 1440 5127 omnia,
1483 5055 1560 5110 ita
1585 5073 1618 5110 a
1643 5059 1856 5111 vestra-

225 5171 353 5208 rum
383 5153 688 5224 regionum
718 5152 1110 5224 despiciuntur
1135 5151 1428 5223 episcopis,
1457 5150 1617 5221 quasi
1643 5149 1702 5204 in
1724 5167 1857 5204 con-

227 5246 463 5302 trarium
494 5245 686 5318 magis
731 5246 942 5301 fuerint
985 5245 1309 5300 constituta.
1353 5246 1424 5299 Et
1464 5243 1601 5315 quia
1636 5260 1752 5299 non
1778 5249 1862 5299 est

224 5340 388 5396 nobis
441 5339 772 5412 hujusmodi
818 5338 1284 5410 usurpationibus
1325 5337 1759 5408 negligendum,
1788 5353 1860 5392 ne

225 5452 331 5490 nos
378 5433 726 5506 indignantis
775 5433 997 5489 Domini
1052 5449 1158 5488 vox
1198 5433 1354 5503 justa
1400 5430 1692 5502 corripiat,
1731 5446 1860 5502 qua:

227 5527 362 5584 dicit
393 5545 408 5583 :
439 5527 682 5583 Videbas
707 5527 918 5597 furem,
948 5531 1005 5582 et
1034 5525 1298 5581 currebas
1324 5541 1455 5579 cum
1484 5540 1575 5592 eo,
1596 5528 1654 5580 et
1682 5539 1857 5595 pone-

225 5622 323 5677 bas
352 5627 512 5676 tuam
553 5637 684 5677 cum
715 5620 989 5677 adulteris
1032 5619 1353 5691 portionem
1381 5619 1545 5691 (Psal.
1572 5634 1716 5685 ηις,
1754 5619 1859 5689 18),

228 5715 364 5788 quid
392 5715 464 5770 ab
487 5715 766 5770 universis
793 5719 917 5786 post
941 5714 1064 5768 haec
1090 5711 1346 5768 Ecclesiis
1375 5710 1724 5784 sequendum
1769 5710 1858 5780 sit,

229 5809 365 5882 quid
420 5809 719 5864 vitandum
780 5808 1031 5879 generali
1089 5805 1557 5879 pronuntiatione
1615 5805 1864 5860 decerni-

229 5921 376 5966 mus.
413 5903 746 5986 Quicunque
769 5903 959 5983 itaque
998 5919 1057 5960 se
1088 5901 1348 5965 Ecclesiae
1378 5899 1529 5956 vovit
1559 5898 1862 5979 obsequiis,

1959 4679 2331 4751 dignitatibus
2381 4675 2644 4748 superius
2679 4676 3052 4748 prmﬁximus,
3086 4681 3347 4747 tempora
3376 4675 3590 4731 fuerint

1959 4772 2248 4829 custodita.

2029 4869 2162 4923 Xlll.
2191 4867 2334 4923 Illud
2359 4881 2584 4938 quoque
2614 4881 2716 4920 nos
2741 4881 2849 4937 par
2878 4863 2986 4919 fuit
3009 4863 3328 4936 providere,
3356 4867 3422 4918 ut
3444 4864 3591 4918 sicut

1960 4960 2351 5034 paenitentiam
2385 4976 2557 5031 agere
2579 4959 2839 5031 cuiquam
2870 4975 2986 5013 non
3015 4957 3349 5013 conceditur
3362 4957 3592 5013 clerico-

1958 5073 2110 5125 rum,
2141 5056 2220 5110 ita
2245 5059 2302 5109 et
2329 5058 2456 5126 post
2480 5051 2915 5125 paenitudinem,
2963 5069 3028 5106 ac
3068 5051 3592 5107 reconciliationem

1959 5149 2103 5204 nulli
2130 5164 2386 5220 unquam
2436 5145 2578 5201 laico
2617 5146 2781 5200 liceat
2811 5145 3088 5200 honorem
3132 5144 3427 5200 clericatus
3470 5145 3589 5200 adi-

1960 5242 2121 5315 pisci,
2142 5241 2273 5313 quia
2299 5239 2559 5311 quamvis
2587 5238 2699 5292 sint
2725 5237 2984 5292 omnium
3011 5243 3374 5309 peccatorum
3403 5243 3594 5294 conta-

1964 5336 2132 5407 gione
2175 5334 2457 5401 mundati,
2506 5332 2664 5387 nulla
2702 5337 2896 5387 tamen
2952 5331 3166 5388 debent
3208 5332 3591 5404 gerendorum

1961 5432 2447 5483 sacramentorum
2494 5427 2879 5481 instrumenta
2922 5426 3208 5499 suscipere
3247 5427 3344 5499 qui
3376 5425 3594 5481 dudum

1963 5522 2174 5578 fuerint
2202 5538 2334 5576 vasa
2360 5520 2648 5576 vitiorum.

2033 5617 2162 5672 XIV.
2194 5617 2259 5670 Et
2285 5615 2420 5686 quia
2445 5615 2503 5669 in
2531 5615 2619 5669 his
2646 5613 2912 5670 omnibus
2950 5631 3080 5688 quas
3103 5615 3163 5669 in
3192 5611 3592 5683 reprehensio-

1967 5727 2093 5765 nem
2125 5709 2382 5776 veniunt,
2434 5709 2548 5763 sola
2594 5709 2886 5764 excusatio
2929 5705 3300 5780 ignorationis
3338 5704 3592 5760 obtendi-

1964 5811 2077 5872 tur,
2107 5803 2193 5858 cui
2222 5820 2328 5858 nos
2353 5803 2584 5858 interim
2633 5803 2803 5858 solius
2842 5803 3066 5875 pietatis
3110 5798 3318 5854 intuitu
3365 5814 3598 5853 necesse

1969 5902 2048 5958 est
2080 5897 2387 5959 clementer
2422 5897 2738 5972 ignoscere.
2765 5895 3100 5968 Quicunque
3124 5907 3263 5965 ergo
3294 5891 3604 5977 panitens.
