4032 6298
445 325 548 378 683

1338 321 1618 375 APPEND.
1661 319 1750 372 AD
1789 319 1949 372 S/EC.
1993 317 2080 370 1x.
2113 344 2182 356 —
2213 315 2456 370 lSlDORl
2492 315 2914 370 MERCATORIS

3711 316 3817 371 684

448 430 777 502 quicunque
820 429 1105 500 bigamus,
1140 429 1461 499 quicunque
1494 427 1675 480 vidua:
1714 425 1970 494 maritus,
2008 426 2074 480 ad
2100 433 2159 508 Α
2179 424 2429 480 Sabaoth
2455 425 2728 496 laqueum
2758 441 2932 496 quem
2952 429 3252 496 paraverat
3268 424 3624 496 disrupisset,
3644 442 3819 481 scena

449 541 675 580 sacram
703 524 961 579 militiam
991 521 1238 577 indebite
1267 518 1804 591 et'incompetenter
1831 519 2072 591 irrepse-

447 619 544 684 rit,
594 618 701 672 hac
741 615 846 671 sibi
876 615 1194 670 conditione
1240 632 1273 668 a
1317 613 1478 667 nobis
1523 613 1747 667 veniam
1800 613 2080 684 intelligat

449 712 777 777 relaxatam,
801 714 865 764 ut
883 709 938 763 id
964 725 1177 779 magno
1200 707 1400 762 debeat
1420 711 1751 778 computare
1777 706 2073 772 beneﬁcio,

445 805 491 859 si
511 805 780 874 adempta
799 803 904 858 sibi
924 803 1083 857 omni
1101 819 1198 874 spe
1221 801 1623 874 promotionis,
1646 802 1701 856 in
1722 801 1850 868 hoc,
1873 801 1941 855 de
1965 817 2075 872 quo

443 897 734 952 invenitur
783 897 981 951 ordine
1037 899 1318 967 perpetua
1364 895 1664 949 stabilitate
1721 899 2072 965 permaneat,

445 990 640 1046 scituri
683 991 919 1062 posthac
959 989 1221 1045 omnium
1262 988 1688 1060 provinciarum
1732 988 1940 1043 summi
1970 1005 2073 1041 an-

443 1085 668 1154 tistites,
709 1085 864 1156 quod
891 1083 936 1138 si
963 1085 1111 1139 ultra
1141 1083 1212 1138 ad
1255 1099 1442 1137 sacros
1469 1081 1697 1136 ordines
1722 1099 2075 1153 quemquam

443 1180 515 1234 de
540 1178 749 1234 talibus
780 1177 1128 1233 crediderint
1149 1176 1579 1241 assumendum,
1609 1181 1665 1230 et
1696 1177 1764 1230 de
1791 1192 1892 1230 suo
1921 1181 1979 1230 et
2005 1176 2074 1230 de

2179 519 2321 572 tanti
2336 519 2473 573 mali
2490 522 2547 573 et
2560 518 2872 590 hypocrisis
2894 518 3120 590 publica
3137 520 3448 574 multorum
3468 519 3816 590 simplicium

2178 611 2347 666 corda
2377 616 2623 666 traxerat
2646 612 2703 666 in
2733 613 2978 682 ruinam,
3006 612 3138 684 quia
3166 613 3327 668 facile
3357 613 3429 667 ad
3458 613 3815 668 deteriorem

2177 712 2400 776 partem
2433 723 2596 761 mens
2623 707 2929 762 humanata
2953 707 3357 775 transducitur,
3403 709 3597 762 volens
3628 708 3817 779 magis

2178 817 2282 871 per
2305 800 2610 872 spatiosam
2642 801 2792 855 viam
2830 801 3150 871 ambulare,
3177 819 3352 873 quam
3383 805 3551 857 arctae
3577 803 3686 856 vim
3706 803 3817 856 iter

2177 910 2306 948 cum
2350 894 2543 949 labore
2580 895 2841 950 transire.
2885 897 3004 959 Qua
3049 896 3118 950 de
3163 912 3224 950 re
3267 896 3650 951 necessarium
3676 897 3815 950 satis

2177 987 2300 1055 fuit,
2347 987 2714 1057 dilectissimi,
2763 989 2883 1043 haec
2923 1006 3050 1062 qua:
3093 994 3253 1059 gesta
3290 995 3422 1043 sunt
3459 990 3548 1044 hic
3592 991 3669 1045 ad
3718 1006 3811 1044 ve-

2178 1083 2350 1136 stram
2367 1081 2774 1137 conscientiam
2783 1083 3237 1153 cognoscendam
3251 1083 3540 1150 mandare,
3557 1100 3632 1138 ne
3651 1083 3816 1154 igno-

2175 1175 2361 1229 rantia
2401 1175 2717 1248 cujuspiam
2751 1176 3054 1232 sacerdotis
3093 1176 3468 1247 pessimorum
3503 1177 3811 1231 hominum

442 1289 642 1329 eorum
681 1275 832 1327 statu
859 1288 1001 1343 quos
1033 1274 1233 1326 contra
1277 1286 1524 1325 canones
1553 1276 1604 1326 et
1637 1269 1939 1324 interdicta
1964 1285 2070 1323 no-
2139 1249 2152 1341 ξ
2176 1267 2943 1340 Ecclesiamirrumpentium
2959 1270 3063 1324 sub
3080 1270 3344 1342 religioso
3361 1270 3598 1326 nomine
3617 1277 3815 1324 conta-

443 1373 556 1422 stra
585 1365 965 1438 provexerint,
999 1358 1310 1436 congruam
1343 1364 1414 1418 ab
1443 1364 1750 1435 apostolica
1776 1363 1907 1417 sede
1939 1379 2068 1434 pro-

441 1460 710 1516 mendam
739 1476 862 1530 esse
887 1458 1255 1513 sententiam.

763 1552 1081 1608 Exhortatio
1123 1552 1309 1606 Stricti
1337 1553 1413 1605 ad
1446 1553 1750 1609 Cimertum.

512 1645 887 1717 Explicuimus
929 1647 1010 1713 (ut
1047 1645 1332 1714 arbitror),
1363 1644 1538 1699 frater
1572 1643 1920 1709 charissima,
1955 1645 2075 1698 uni-

438 1755 600 1793 versa
630 1755 756 1810 quae
788 1737 1006 1808 digesta
1034 1743 1166 1792 sunt
1191 1737 1250 1791 in
1285 1737 1602 1808 querelam,
1647 1742 1703 1791 et
1730 1737 1799 1792 ad
1827 1737 2075 1808 singulas

2177 1363 2271 1433 gio
2309 1363 2559 1429 violaret,
2588 1361 2733 1418 sicut
2777 1363 3049 1434 scriptum
3095 1367 3202 1430 est,
3250 1364 3471 1418 dicente
3507 1364 3757 1426 Domino
3793 1381 3809 1418 :

2178 1478 2205 1505 «
2239 1455 2394 1511 Multi
2431 1457 2668 1511 veniunt
2695 1457 2768 1510 ad
2811 1473 2906 1512 vos
2933 1457 2995 1511 in
3021 1457 3368 1512 vestimentis
3406 1457 3620 1526 ovium,
3653 1458 3813 1512 intus

2173 1552 2367 1604 autem
2411 1553 2544 1605 sunt
2587 1549 2709 1624 lupi
2751 1567 3006 1622 rapaces,
3053 1567 3123 1605 ex
3170 1551 3444 1605 fructibus
3477 1568 3678 1606 eorum
3714 1569 3808 1606 co-

2176 1643 2456 1716 gnoscetis
2501 1659 2598 1698 eos
2637 1642 2856 1715 (Matth.
2903 1660 3000 1711 vn,
3057 1645 3160 1714 15).
3207 1666 3234 1693 ››
3283 1644 3348 1698 Hi
3379 1648 3513 1700 sunt
3545 1645 3814 1701 videlicet

2175 1735 2276 1807 qui
2317 1736 2597 1800 subtiliter
2637 1736 2987 1794 Christianos
3015 1754 3133 1792 sese
3157 1737 3394 1808 jactant,
3422 1741 3487 1792 ut
3516 1739 3622 1793 sub
3657 1739 3808 1794 vela-

440 1849 655 1899 causas,
707 1831 776 1885 de
837 1831 1040 1901 quibus
1091 1847 1193 1902 per
1239 1831 1419 1885 ﬁlium
1460 1834 1722 1885 nostrum
1769 1831 2072 1886 Basianum
2092 1805 2150 1878 B
2173 1833 2368 1884 mento
2395 1829 2477 1902 pii
2505 1829 2753 1885 nominis
2775 1830 3121 1902 gradientes,
3153 1831 3388 1886 domum
3417 1833 3688 1889 orationis
3717 1834 3810 1888 in-

439 1930 832 2001 presbyterum
881 1929 954 1983 ad
1017 1930 1329 1984 Romanam
1382 1929 1698 1996 Ecclesiam,
1753 1931 1944 1999 utpote
2000 1929 2072 1984 ad

439 2029 611 2094 caput
627 2023 709 2077 tui
737 2022 986 2094 corporis
1015 2022 1253 2077 retulisti
1274 2022 1635 2089 sufﬁcientia,
1659 2025 1936 2093 quantum
1957 2023 2073 2094 opi-

437 2133 559 2184 nor,
603 2133 874 2188 responsa
921 2115 1292 2171 reddidimus.
1342 2118 1499 2171 Nunc
1546 2116 1914 2170 fraternitatis
1960 2120 2071 2170 tum

437 2211 693 2266 animum
716 2210 788 2266 ad
807 2210 1110 2264 servandos
1130 2226 1394 2277 canones,
1423 2213 1478 2263 et
1501 2210 1742 2264 tenenda
1767 2209 2074 2265 decretalia

435 2303 744 2358 constituta
780 2304 961 2374 magis
989 2319 1052 2358 ac
1092 2303 1274 2375 magis
1321 2303 1647 2370 incitemus,
1692 2308 1751 2358 ut
1782 2303 1902 2357 haec
1944 2320 2074 2374 quae

431 2399 502 2452 ad
529 2402 630 2452 tua
658 2397 913 2451 consulta
944 2397 1359 2468 rescripsimus,
1390 2396 1447 2452 in
1478 2396 1736 2452 omnium
1778 2396 2066 2468 coepisco-

431 2508 634 2563 porum
665 2494 994 2546 nostrorum
1024 2491 1267 2562 perferri
1308 2490 1475 2544 facias
1520 2490 1838 2559 notionem,
1873 2493 1932 2544 et
1957 2507 2070 2544 non

431 2587 615 2640 solum
642 2601 846 2640 eorum
875 2584 974 2655 qui
1003 2584 1060 2639 in
1091 2588 1186 2639 tua
1215 2588 1346 2638 sunt
1373 2583 1598 2640 dioecesi
1631 2584 1944 2651 constituti,
1970 2585 2069 2639 sed

431 2679 606 2736 etiam
638 2679 711 2734 ad
737 2679 1033 2732 universos
1062 2678 1548 2749 Carthaginenses
1595 2681 1770 2748 atque
1811 2677 2066 2744 Bazticos,

433 2774 728 2828 Lusitanos
754 2775 924 2841 atque
959 2770 1216 2837 Gallicos,
1250 2771 1333 2824 vel
1362 2787 1458 2824 eos
1484 2770 1580 2841 qui
1602 2770 1795 2824 vicinis
1825 2770 1926 2824 tibi
1954 2772 2066 2825 col-

433 2867 685 2922 limitant
705 2864 835 2918 hinc
857 2864 986 2919 inde
1010 2863 1331 2934 provinciis,
1349 2869 1413 2919 ut
1427 2864 1550 2918 haec
1566 2880 1694 2935 qua:
1710 2881 1742 2918 a
1763 2863 1922 2918 nobis
1939 2869 2071 2918 sunt

436 2959 649 3016 salubri
678 2957 1034 3013 ordinatione
1058 2957 1350 3028 disposita,
1375 2957 1478 3011 sub
1497 2957 1818 3012 litterarum
1838 2961 2068 3012 tuarum

435 3051 832 3126 prosecutione
860 3051 1178 3106 mittantur.
1225 3051 1291 3105 Et
1320 3066 1648 3121 quanquam
1682 3054 1892 3105 statuta
1920 3052 2068 3106 sedis

2174 1924 2350 1995 gressi
2365 1940 2696 1980 sermonem
2715 1924 3056 1994 serpentinae
3070 1924 3468 1996 disputationis
3485 1926 3809 1996 effundant,

2175 2038 2203 2067 «
2232 2021 2295 2072 ut
2320 2018 2590 2089 sagittent
2627 2017 2686 2072 in
2735 2017 2970 2072 obscuro
3001 2022 3182 2073 rectos
3208 2020 3376 2074 corde
3409 2022 3572 2088 (Psal.
3603 2038 3658 2088 x,
3691 2022 3744 2091 3)
3778 2043 3806 2069 υ

2171 2115 2341 2182 atque
2385 2128 2418 2165 a
2463 2111 2694 2168 veritate
2743 2111 3017 2166 catholica
3060 2113 3388 2181 avertendo,
3427 2115 3500 2168 ad
3547 2131 3662 2168 suae
3711 2116 3813 2170 do-

2172 2195 2368 2258 ctrina:
2436 2203 2654 2259 rabiem
2718 2204 2994 2259 diabolico
3052 2222 3150 2259 ore
3218 2207 3586 2266 transducant
3635 2214 3810 2279 atque

2173 2297 2359 2352 ovium
2387 2297 2811 2369 simplicitatem
2839 2298 3200 2353 defraudent.
3240 2301 3308 2354 Et
3337 2301 3570 2372 quidem
3600 2304 3812 2356 multa-

2172 2408 2301 2445 rum
2347 2392 2632 2446 haeresum
2681 2390 3100 2463 malignitatem
3153 2393 3224 2448 ab
3281 2395 3601 2465 apostolicis
3655 2399 3806 2451 tem-

2172 2485 2402 2556 poribus
2444 2502 2596 2540 nunc
2633 2501 2816 2557 usque
2867 2487 3188 2556 didicimus,
3235 2492 3292 2542 et
3339 2489 3558 2560 experti
3602 2490 3810 2561 proba-

2171 2579 2373 2649 vimus,
2424 2580 2522 2633 sed
2565 2595 2862 2656 nunquam
2911 2583 3047 2636 tales
3099 2598 3264 2636 canes
3305 2582 3566 2638 Ecclesia:
3590 2589 3804 2654 myste-

2171 2672 2320 2728 rium
2374 2672 2668 2728 latratibus
2716 2673 3120 2745 fatigaverunt,
3171 2677 3362 2747 quales
3409 2693 3567 2731 nunc
3613 2677 3806 2734 subito

2168 2767 2358 2820 hostes
2409 2766 2539 2822 ﬁdei
2585 2773 2949 2839 erumpentes
2998 2769 3252 2824 doctrina
3302 2769 3556 2841 perﬁdiae
3608 2769 3806 2844 168

2169 2859 2488 2931 pullulata,
2557 2860 2717 2930 cujus
2775 2859 2886 2916 sint
2949 2861 3208 2934 discipuli
3258 2864 3560 2918 verborum
3595 2864 3809 2919 'fructi-

2170 2954 2276 3009 bus
2320 2953 2720 3024 prodiderunt.
2770 2956 2908 3009 Nam
2960 2973 3091 3010 cum
3136 2957 3228 3010 alii
3276 2957 3528 3013 hwretici
3576 2959 3806 3028 singula

2171 3047 2275 3102 sibi
2306 3063 2518 3118 genera
2541 3047 2919 3119 quaestionum
2940 3050 3089 3105 male
3105 3049 3477 3121 intelligenda
3493 3068 3806 3123 proposue-

434 3144 773 3218 apostolicm,
810 3145 895 3199 vel
931 3160 1216 3198 canonum
1259 3143 1605 3199 venerabilia
1649 3143 1878 3198 deﬁnita
1925 3144 2067 3199 nulli
2090 3175 2146 3248 Ο
2171 3140 2286 3196 rint
2323 3141 2638 3198 convellere
2681 3144 2852 3214 atque
2901 3159 3238 3214 concerpere
3281 3144 3351 3198 de
3396 3143 3600 3199 divinis
3637 3145 3803 3200 insti-

436 3239 796 3296 sacerdotum
825 3237 1044 3292 Domini
1076 3237 1341 3308 ignorare
1368 3237 1440 3292 sit
1463 3237 1733 3307 liberum,
1759 3237 1954 3292 utilius
1983 3242 2068 3293 ta-

436 3351 567 3389 men
602 3337 658 3388 et
686 3348 788 3404 pro
818 3330 1156 3402 antiquitate
1182 3330 1487 3385 sacerdotii
1519 3330 1601 3384 tui
1629 3330 1918 3385 dilectioni
1957 3337 2070 3387 tua:

436 3444 555 3483 esse
585 3425 900 3482 admodum
927 3423 1131 3496 poterit
1158 3423 1490 3495 gloriosum,
1531 3423 1576 3478 si
1621 3441 1689 3478 ea
1736 3441 1864 3496 quae
1899 3425 1973 3479 ad
2013 3430 2067 3479 te

433 3520 663 3593 speciali
691 3520 923 3574 nomine
954 3519 1298 3590 generaliter
1325 3518 1531 3588 scripta
1553 3521 1704 3585 sunt,
1737 3535 1841 3590 per
1869 3519 2070 3574 unani-

431 3615 642 3671 mitatis
669 3618 782 3668 tuae
809 3612 1247 3668 sollicitudinem
1296 3612 1352 3666 in
1396 3612 1789 3667 universorum
1826 3612 2070 3668 fratrum

433 3715 759 3765 nostrorum
781 3706 1042 3760 notitiam
1071 3706 1456 3776 perferantur,
1489 3711 1772 3778 quatenus
1802 3710 1858 3760 et
1879 3723 2006 3778 quae
2036 3724 2071 3762 a

433 3803 596 3859 nobis
629 3818 741 3855 non
776 3799 1110 3865 inconsulte,
1145 3799 1243 3852 sed
1288 3799 1524 3869 provide
1568 3799 1672 3853 sub
1720 3798 1895 3853 nimia
1934 3817 2066 3854 can-

437 3898 553 3951 tela
578 3900 634 3950 et
658 3891 1061 3948 deliberatione
1083 3894 1215 3944 sunt
1241 3892 1546 3946 salubriter
1571 3892 1900 3959 constituta,
1932 3893 2072 3948 inte-

437 3993 652 4044 merata
678 3989 1074 4056 permaneant,
1105 3987 1162 4038 et
1189 3984 1454 4038 omnibus
1482 3984 1540 4038 in
1573 3991 1863 4055 posterum
1904 4002 2066 4041 excu-

437 4079 749 4137 sationibus
782 4077 990 4144 aditus,
1037 4077 1135 4148 qui
1172 4077 1296 4146 jam
1343 4077 1481 4132 nulli
1529 4077 1680 4148 apud
1734 4095 1835 4132 nos
1878 4085 2070 4149 patere

435 4173 666 4248 poterit,
696 4172 1042 4227 obstruatur.
1090 4171 1228 4224 Data
1258 4170 1426 4225 tertio
1468 4170 1593 4225 ldus
1627 4171 1936 4240 Februarii,
1965 4177 2068 4227 Ar-

438 4269 640 4326 chadio
665 4271 722 4322 et
754 4267 997 4320 Bautone
1032 4265 1096 4318 ιν
1127 4264 1474 4320 consulibus.

436 4371 511 4422 De
539 4363 887 4420 damnatione
913 4361 1188 4414 Joviniam‘
1215 4359 1452 4414 haeretici
1482 4364 1531 4414 et
1555 4361 1782 4430 epistola
1811 4361 2068 4430 ejusdem.

509 4459 800 4529 Optarem,
823 4454 1028 4508 fratres
1054 4452 1393 4519 charissimi,
1419 4469 1648 4524 semper
1668 4454 1983 4509 dilectionis
2015 4460 2070 4510 et

435 4552 587 4626 pacis
616 4552 815 4606 vestras
845 4546 1154 4602 sinceritati
1203 4546 1417 4617 gaudia
1461 4546 1748 4616 nuntiare,
1779 4548 1859 4602 ita
1899 4554 1959 4603 ut
1987 4549 2067 4602 vi-

437 4647 624 4704 cissim
651 4640 1096 4699 discurrentibus
1122 4639 1326 4694 litteris
1355 4640 1638 4712 sospitatis
1675 4641 1882 4697 indicia
1903 4643 2067 4713 juva-

439 4745 656 4804 rentur,
708 4737 750 4790 si
800 4735 1022 4806 quietos
1069 4751 1173 4787 nos
1217 4733 1286 4787 ab
1339 4733 1661 4788 incursione
1717 4752 1820 4790 sua
1875 4753 2069 4791 vacare

439 4833 614 4890 hostis
644 4830 917 4900 antiquus
939 4826 1171 4880 sineret.
1205 4825 1348 4890 Quia
1378 4827 1449 4880 ab
1480 4826 1642 4882 initio
1670 4829 1935 4897 mendax,
1967 4830 2071 4884 ini-

441 4929 623 4985 micus
655 4921 920 4986 veritatis,
949 4920 1189 4973 aemulus
1211 4918 1482 4986 hominis,
1509 4937 1679 4991 quem
1701 4926 1764 4976 ut
1785 4922 2073 4994 deciperet

442 5040 500 5078 se
528 5023 662 5076 ante
689 5014 936 5086 decepit,
966 5011 1250 5083 pudicitiae
1276 5013 1652 5084 adversarius,
1685 5016 1925 5070 luxuriae
1955 5033 2072 5071 ma-

443 5118 642 5186 gister,
671 5106 1096 5165 crudelitatibus
1127 5106 1394 5177 pascitur,
1441 5108 1784 5163 abstinentia
1810 5109 2068 5181 punitur,

439 5210 561 5266 odit
577 5203 819 5278 jejunia,
852 5199 1121 5255 ministris
1152 5201 1264 5255 suis
1304 5201 1748 5272 praedicantibus
1774 5202 1910 5257 dum
1935 5203 2072 5258 dicit

441 5320 563 5361 esse
590 5297 895 5371 superflua,
924 5312 1085 5367 spem
1111 5313 1222 5350 non
1249 5295 1464 5351 habens
1486 5295 1555 5350 de
1577 5295 1800 5366 futuris,
1827 5297 2068 5368 apostoli

404 5374 720 5455 'sententia
745 5406 1041 5462 percussus
1085 5389 1355 5444 dicentis:
1393 5413 1419 5438 ‹‹
1452 5388 1855 5444 Manducemus
1895 5393 1953 5444 et
1977 5390 2067 5445 bi-

436 5497 658 5557 bamus,
693 5503 816 5541 cras
845 5483 998 5538 enim
1027 5483 1341 5536 moriemur
1375 5485 1498 5546 (18a.
1534 5499 1667 5552 xxn,
1719 5485 1820 5553 13).
1856 5511 1882 5534 ι»
1913 5485 1956 5539 Ο
1989 5483 2070 5539 in-

436 5587 573 5644 felix
599 5579 850 5648 audacia,
881 5594 912 5631 o
941 5577 1237 5645 desperata
1285 5575 1492 5630 mentis
1540 5576 1768 5643 astutia,
1805 5577 1929 5647 jam
1977 5577 2066 5630 in-

437 5679 695 5750 cognitus
720 5687 906 5729 sermo
934 5666 1336 5723 hmreticorum
1363 5667 1513 5723 intra
1547 5670 1855 5725 Ecclesiam
1883 5670 2069 5725 cancri

436 5788 598 5827 more
652 5786 711 5821 se
755 5761 1142 5835 respergebat,
1197 5765 1257 5814 ut
1308 5777 1587 5832 occupans
1645 5769 1843 5834 pectus
1883 5767 2068 5820 totum

436 5861 730 5918 hominem
763 5853 1141 5929 praecipitaret
1187 5853 1242 5906 in
1277 5857 1538 5920 mortem,
1573 5858 1625 5909 et.
1661 5857 1763 5910 nisi
1794 5858 2068 5916 Dominus

2168 3233 2505 3302 tutionibus,
2552 3234 2643 3289 isti
2697 3257 2723 3286 «
2769 3253 2884 3290 non
2929 3237 3205 3292 habentes
3242 3242 3453 3294 vestem
3485 3238 3804 3310 nuptialem

2169 3328 2387 3399 (Matth.
2415 3345 2550 3397 xxn,
2577 3330 2682 3399 12),
2715 3331 3076 3385 nsauciantes
3111 3331 3583 3398 catholicos,Novi
3611 3349 3678 3387 ac
3698 3334 3804 3388 Ve-

2167 3422 2303 3479 teris
2323 3422 2686 3490 Testamenti,
2713 3427 2780 3477 ut
2809 3424 2942 3491 dixi,
2963 3424 3367 3480 continentiam
3388 3428 3804 3496 pervertentes,

2170 3515 2372 3587 spiritu
2441 3515 2719 3571 diabolico
2789 3517 3229 3588 interpretantes
3258 3561 3272 3585 ,
3341 3522 3399 3574 et
3467 3519 3805 3576 illecebroso

2167 3613 2338 3681 atque
2382 3609 2514 3664 ﬁcto
2561 3627 2823 3668 sermone
2869 3611 3190 3684 aliquantos
3228 3612 3574 3668 Christianos
3620 3630 3808 3686 coepe-

2168 3703 2285 3757 rint
2295 3703 2423 3774 jam
2449 3708 2686 3772 vastere,
2717 3711 2886 3776 atque
2915 3722 3029 3760 sua:
3057 3705 3355 3762 dementiae
3383 3707 3618 3776 sociare,
3653 3708 3808 3762 intra

2169 3813 2228 3852 se
2266 3797 2619 3853 continentes
2664 3797 2932 3869 nequitiae
2965 3815 3081 3853 sum
3123 3799 3290 3867 virus,
3322 3800 3474 3855 velut
3497 3800 3657 3855 electi
3687 3801 3809 3856 bla-

2170 3890 2456 3961 sphemias
2482 3907 2608 3945 suas
2635 3892 3050 3964 conscriptione
3083 3893 3382 3948 temeraria
3414 3893 3639 3966 publice
3667 3911 3805 3966 pro-

2170 3983 2458 4052 diderunt,
2475 3987 2530 4038 et
2550 3983 2862 4055 desperatae
2887 3986 3093 4040 mentis
3122 3988 3310 4041 furore
3339 3987 3566 4055 conciti,
3590 3989 3808 4058 passim

2167 4077 2230 4131 in
2259 4077 2454 4132 furore
2487 4077 2783 4148 gentilium
2825 4079 3203 4150 publicarunt.
3239 4081 3342 4136 Sed
3383 4098 3415 4134 a
3457 4081 3808 4136 ﬁdelissimis

2169 4169 2498 4228 Christianis
2517 4171 2675 4238 viris,
2693 4188 2903 4244 genere
2925 4173 3176 4244 optimis,
3203 4174 3473 4245 religione
3493 4176 3805 4246 praeclaris,

2170 4265 2241 4319 ad
2272 4281 2460 4324 meam
2486 4265 2864 4322 humilitatem
2895 4267 3083 4322 subito
3113 4269 3388 4339 scriptura
3430 4268 3807 4324 honorificata

2170 4358 2392 4416 videtur
2439 4375 2560 4414 esse
2601 4359 2812 4428 delata,
2862 4365 2928 4414 ut
2965 4361 3298 4416 sacerdotali
3331 4361 3548 4432 judicio
3582 4362 3808 4418 detecta

2170 4452 2373 4508 divinze
2404 4451 2516 4524 legi
2548 4453 2830 4508 contraria
2859 4454 3135 4525 spirituali
3172 4455 3453 4511 sententia
3477 4456 3802 4512 deleantur.

2172 4548 2284 4602 Nos
2315 4562 2448 4601 sane
2474 4547 2805 4618 nuptiarum
2852 4551 2979 4603 vota
3020 4566 3138 4604 non
3179 4553 3553 4621 aspernanter
3583 4552 3804 4624 accepi-

2171 4656 2318 4710 mus,
2351 4639 2556 4714 quibus
2582 4641 2859 4696 velamine
2886 4642 3264 4709 interfuimus,
3295 4643 3393 4698 sed
3412 4643 3662 4715 virgines
3689 4647 3807 4700 Deo

2172 4734 2399 4790 devotas
2447 4734 2665 4806 majore
2715 4735 3146 4791 honoriﬁcentia
3196 4755 3582 4793 muneramus.
3638 4740 3809 4795 Facto

2172 4844 2309 4899 ergo
2338 4828 2712 4900 presbyterio,
2755 4829 3006 4884 constitit
3042 4831 3315 4886 doctrinas
3343 4836 3574 4901 nostra,
3608 4833 3669 4887 id
3701 4839 3806 4903 est,

2171 4921 2505 4978 Christianae
2552 4923 2665 4994 legi
2709 4939 2829 4978 esse
2878 4925 3184 4980 contraria.
3219 4926 3379 4980 Unde
3425 4927 3808 4997 apostolicum

2172 5015 2347 5070 secuti
2379 5020 2751 5087 praeceptum,
2781 5017 2912 5088 quia
2943 5018 3107 5073 aliter
3135 5036 3305 5090 quam
3351 5019 3672 5091 accepimus
3711 5039 3808 5075 an-

2172 5107 2527 5177 nuntiabant,
2546 5109 2808 5164 omnium
2826 5115 3150 5166 nostrorum
3174 5117 3292 5166 tam
3320 5113 3804 5184 presbyterorum,

2171 5206 2284 5254 tam
2331 5201 2720 5271 diaconorum,
2769 5221 2942 5275 quam
2992 5206 3166 5260 etiam
3219 5206 3390 5260 totius
3437 5206 3573 5261 cleri
3624 5225 3805 5263 unam

2171 5296 2378 5350 factam
2425 5300 2639 5352 constat
2685 5315 2807 5353 esse
2849 5300 3193 5354 sententiam
3220 5342 3233 5367 ,
3289 5301 3386 5355 ubi
3448 5301 3804 5372 Iovinianus,

2168 5389 2501 5459 Ausentius,
2553 5391 2836 5462 Genialis,
2888 5392 3239 5464 Geminator,
3293 5395 3474 5463 Felix,
3528 5397 3805 5466 Plotinus,

2169 5481 2495 5548 Martianus,
2523 5484 2843 5554 Januarius,
2876 5489 2934 5541 et
2971 5488 3325 5558 Ingeniosus,
3355 5489 3451 5560 qui
3477 5496 3808 5546 accentores

2172 5592 2330 5630 novae
2346 5576 2579 5630 hmresis
2601 5584 2656 5631 et
2677 5577 3042 5652 blasphemiae
3058 5581 3278 5636 inventi
3294 5585 3445 5652 sunt,
3470 5583 3666 5638 divina
3686 5603 3809 5640 sen-

2170 5669 2346 5725 tentia
2370 5674 2427 5725 et
2454 5675 2646 5726 nostro
2661 5671 2881 5742 judicio
2898 5675 2956 5728 in
2983 5681 3327 5747 perpetuum
3349 5677 3625 5747 damnati,
3642 5687 3804 5735 extra

2169 5765 2473 5820 Ecclesiam
2503 5773 2885 5822 remanerent.
2915 5770 3072 5832 Quod
3098 5771 3511 5826 custodituram
3539 5775 3805 5829 sanctita-

2169 5863 2283 5914 tem
2315 5865 2559 5918 vestram
2587 5877 2704 5918 non
2749 5862 3066 5936 ambigens,
3105 5865 3227 5922 haec
3253 5865 3461 5938 scripta
3489 5867 3667 5924 direxi
3699 5887 3802 5943 per
