4032 6298
222 365 327 419 685

216 471 425 526 fratres
448 473 507 526 et
536 470 1027 543 compresbyteros
1054 486 1234 540 meos,
1258 470 1618 529 Crescentem
1646 474 1704 525 et
1727 470 1864 524 Leo-
1885 481 1943 560 Α

220 565 467 637 pardum
497 570 554 620 et
571 563 1429 637 Alexandrum,quigreligiosum
1459 563 1711 619 ofﬁcium
1732 563 1865 619 ﬁdei

220 659 443 730 possint
457 644 659 730 spiritu
677 658 992 730 adimplere
1013 659 1291 714 fervente.

254 754 411 815 Item,
441 754 669 823 epistola
691 754 875 810 Siricii
894 769 1057 823 papae
1085 753 1159 807 ad
1184 755 1457 807 universos
1492 752 1832 807 orthodomos.

297 849 348 900 l.
380 847 453 901 Ut
476 846 745 916 indignus
768 846 957 901 nullus
982 845 1260 901 efﬁciatur
1288 846 1606 918 episcopus.

294 943 346 993 2.
378 942 450 995 Ut
478 939 690 1009 ignotis
717 940 1096 994 sacerdotium
1134 956 1252 995 non
1283 940 1468 995 detur.

292 1034 346 1088 4.
375 1035 446 1089 Ut
472 1033 744 1106 neophyti
770 1033 855 1088 vel
879 1033 1006 1087 laici
1033 1033 1354 1088 sacerdotes
1379 1050 1493 1088 non
1522 1034 1682 1089 ﬁant.

295 1127 423 1182 CAP.
468 1129 510 1181 Ι.
571 1127 806 1183 Sinicws
851 1142 1020 1198 papa,
1075 1125 1411 1183 orthodoxis
1460 1143 1563 1198 per
1616 1126 1864 1181 diversas

220 1219 561 1292 provincias.

291 1312 682 1383 Cogitantibus
723 1311 886 1367 nobis
913 1315 1129 1366 metum
1180 1312 1353 1366 divini
1391 1312 1615 1384 judicii,
1663 1313 1865 1369 fratres

218 1405 539 1461 charissimi
565 1410 624 1460 et
651 1410 782 1478 post
811 1406 960 1460 hanc
987 1406 1160 1461 vitam
1191 1422 1669 1478 unumquemque
1695 1411 1866 1478 prout

219 1499 486 1571 gesserit,
525 1503 916 1571 recepturum,
946 1499 1084 1571 quid
1114 1499 1175 1553 in
1213 1501 1508 1571 querelam
1537 1500 1747 1568 veniat;
1776 1502 1860 1554 ta-

217 1609 347 1647 cere
368 1609 488 1648 non
536 1593 717 1661 licuit,
748 1592 847 1648 sed
887 1609 991 1646 nos
1018 1592 1175 1664 loqui
1218 1592 1519 1673 necessitas
1542 1592 1861 1665 imperavit,

217 1686 447 1741 dicente
486 1687 800 1758 propheta:
852 1708 879 1735 ‹‹
917 1688 1114 1741 Exalta
1158 1691 1222 1741 ut
1276 1686 1417 1742 tuba
1458 1703 1662 1741 vocem
1704 1689 1863 1741 tuam

220 1780 354 1850 (Isa.
389 1796 539 1847 mn,
584 1781 654 1851 l).
690 1802 718 1830 »
764 1781 836 1834 Et
873 1780 965 1834 cui
1013 1779 1273 1835 omnium
1316 1780 1696 1836 Ecclesiarum
1731 1797 1867 1835 cura

1485 324 1960 423 DECRETALIUM
1997 359 2381 421 COLLECTIO.

3502 364 3608 417 (386

1964 471 2105 526 nihil
2124 471 2238 526 tale
2268 471 2454 543 potuit
2479 470 2633 543 eligi,
2657 487 2786 543 quae
2803 469 2944 526 ratio
2964 487 3083 527 non
3100 467 3405 542 compellit,
3427 470 3602 528 etiam

1962 569 2037 625 de
2063 570 2379 642 longinquo
2404 569 2639 626 veniant
2662 569 2988 637 ordinandi,
3017 572 3081 624 ut
3111 569 3272 642 digni
3305 569 3525 642 possint
3546 573 3605 625 et

1963 663 2144 735 plebis
2172 668 2231 719 et
2257 666 2451 719 nostro
2476 663 2692 735 judicio
2720 663 3100 735 comprobari.

2033 758 2095 812 Il.
2126 757 2415 821 Quantum
2436 757 2694 813 illicitum
2722 757 2794 812 sit
2816 757 2956 812 illud
2971 756 3241 813 aestimari
3260 773 3380 813 non
3394 761 3601 829 potest,

1964 853 2029 905 ut
2046 851 2546 918 transeuntes,sive
2573 850 2984 919 simulent,sive
3012 850 3127 907 sint
3144 834 3419 911 monachi
3448 852 3603 923 quod

1965 960 2023 998 se
2057 945 2365 1015 appellant,
2411 959 2661 1015 quorum
2709 961 2814 1000 nec
2870 945 3045 1001 vitam
3093 961 3394 1017 possumus
3437 945 3600 1016 scire,

1962 1054 2068 1092 nec
2093 1037 2463 1108 baptismum,
2494 1055 2741 1109 quorum
2754 1037 2925 1093 ﬁdem
2949 1038 3300 1110 incognitam
3318 1038 3600 1094 habemus

1962 1148 2071 1187 nec
2098 1131 2396 1203 probatam
2421 1131 2607 1186 nolint
2632 1132 2949 1203 sumptibus
2977 1131 3267 1203 adjuvare,
3290 1132 3391 1188 sed
3412 1133 3601 1188 statim

1965 1229 2063 1280 aut
2093 1225 2359 1281 diaconos
2402 1226 2590 1280 facere
2618 1230 2715 1280 aut
2748 1225 3106 1297 presbyteros
3144 1225 3406 1281 ordinare
3440 1226 3601 1282 festi-

1963 1324 2120 1387 nent,
2150 1322 2250 1374 aut
2276 1319 2429 1391 quod
2450 1322 2536 1374 est
2561 1318 2785 1392 gravius
2806 1318 3098 1391 episcopos
3118 1320 3463 1376 constituere
3481 1337 3600 1377 non

1962 1413 2292 1468 formidant.
2309 1413 2542 1469 Charius
2559 1413 2709 1485 apud
2725 1412 2850 1468 illos
2871 1412 2990 1469 dari
3010 1416 3303 1485 sumptum
3324 1418 3411 1469 est
3422 1416 3603 1471 trans—

1963 1506 2141 1575 eunti,
2190 1524 2363 1578 quam
2402 1506 2780 1563 sacerdotium
2834 1507 3129 1563 nescienti.
3183 1508 3323 1563 Inde
3375 1508 3435 1565 in
3502 1525 3598 1563 su-

1964 1600 2223 1672 perbiam
2250 1601 2590 1671 exaltantur,
2624 1600 2757 1656 inde
2794 1601 3027 1672 insuper
3051 1600 3121 1654 ad
3153 1601 3450 1672 perﬁdiam
3488 1601 3600 1657 cito

1966 1698 2259 1763 corruunt,
2302 1694 2438 1766 quia
2467 1695 2639 1750 ﬁdem
2686 1711 2883 1749 veram
2929 1693 2992 1748 in
3041 1693 3432 1751 ecclesiasticis
3478 1698 3600 1751 toto

1965 1789 2102 1843 orbe
2125 1788 2417 1859 peregrini
2445 1788 2736 1843 discedere
2762 1804 2881 1843 non
2908 1790 3257 1842 asseruntur.

218 1877 324 1940 est,
346 1873 391 1926 si
420 1872 1041 1944 dissimulem,audiam
1063 1872 1297 1928 Domino
1321 1873 1578 1928 dicente:
1610 1873 1862 1945 «Rejici-
1886 1852 1942 1924 Β
2038 1852 2313 1939 [IL-Cede
2342 1882 2477 1937 illud
2515 1882 2693 1939 etiam
2723 1897 2840 1936 non
2882 1881 2990 1936 fuit
3018 1882 3600 1952 praetermittendum,

214 1966 289 2020 tis
334 1967 673 2022 mandatum
720 1966 816 2021 Dei
863 1971 929 2020 ut
977 1967 1308 2021 traditiones
1354 1970 1564 2022 vestras
1608 1969 1865 2022 statuatis

216 2061 438 2129 (Matth.
470 2077 559 2129 xv,
591 2062 663 2131 6).
698 2080 726 2111 »
766 2060 912 2126 Quid
940 2060 1096 2116 enim
1116 2061 1268 2115 aliud
1311 2063 1394 2115 est
1438 2061 1674 2131 rejicere
1700 2078 1860 2116 man-

216 2155 422 2209 datum
443 2155 542 2210 Dei
570 2171 744 2226 quam
771 2154 989 2226 privato
1007 2154 1227 2227 judicio
1259 2157 1317 2210 et
1344 2155 1599 2209 humano
1623 2155 1863 2211 consilio

216 2249 378 2303 novis
402 2249 573 2304 rebus
593 2248 1001 2304 constituendis
1050 2248 1287 2304 liberius
1312 2248 1628 2304 delectari?
1668 2249 1860 2304 Perla-

212 2348 341 2396 tum
364 2342 557 2413 itaque
585 2345 671 2396 est
700 2342 772 2397 ad
787 2341 1189 2397 conscientiam
1212 2342 1536 2413 apostolicae
1561 2341 1709 2397 sedis
1733 2358 1862 2397 con-

216 2439 308 2490 tra
322 2435 761 2491 ecclesiasticum
780 2453 1061 2492 canonem
1080 2435 1372 2508 praesumi,
1393 2440 1451 2490 et
1479 2452 1607 2508 quae
1632 2435 1711 2490 ita
1728 2439 1862 2491 sunt

215 2547 249 2584 a
274 2529 589 2601 majoribus
614 2530 894 2600 ordinata,
920 2533 985 2585 ut
1024 2547 1098 2584 ne
1131 2530 1215 2584 vel
1234 2529 1340 2584 levi
1367 2545 1597 2584 susurro
1620 2529 1860 2585 debeant

208 2623 431 2691 violari,
462 2624 722 2696 proprias
758 2624 1043 2696 quosdam
1082 2622 1503 2679 observationes
1544 2639 1721 2678 novas
1764 2623 1854 2678 in-

1962 1979 2027 2030 ut
2053 1975 2206 2047 quod
2231 1976 2404 2030 semel
2445 1979 2545 2031 aut
2570 1976 2816 2033 secundo
2848 1974 3154 2030 necessitas
3198 1975 3602 2033 haereticorum

1962 2069 2174 2139 intulit,
2202 2073 2401 2125 contra
2420 2067 2727 2140 apostolica
2751 2071 3038 2140 praecepta
3056 2069 3212 2124 velut
3231 2070 3356 2139 lege
3378 2069 3601 2125 licitum

1962 2163 2249 2234 praesumi,
2297 2163 2653 2235 neophytum
2683 2163 2769 2216 vel
2819 2161 3024 2216 laicum
3070 2161 3168 2233 qui
3216 2162 3373 2217 nullo
3420 2163 3598 2218 eccle-

1962 2255 2186 2312 siastico
2211 2256 2445 2311 functus
2461 2257 2636 2312 fuerit
2659 2255 2865 2325 ofﬁcio,
2901 2254 3323 2313 inconsiderate
3354 2257 3441 2311 vel
3468 2273 3597 2328 pre-

1962 2350 2252 2422 sbyterum
2299 2351 2388 2405 vel
2434 2349 2743 2405 diaconum
2780 2349 3066 2417 ordinare,
3116 2350 3277 2420 quasi
3331 2351 3600 2407 meliores

1959 2443 2231 2515 apostolis
2262 2443 2393 2512 sint,
2420 2459 2666 2515 quorum
2698 2442 2947 2498 audeant
2970 2446 3197 2497 mutare
3221 2447 3596 2516 praeceptum,

1959 2542 2016 2592 et
2041 2537 2138 2608 qui
2167 2554 2281 2592 non
2324 2536 2537 2603 didicit,
2561 2536 2683 2606 jam
2712 2536 2918 2591 docere
2948 2536 3327 2607 compellitur,
3358 2537 3437 2591 ita
3465 2538 3593 2594 nul-

1956 2631 2042 2686 lus
2064 2630 2346 2702 reperitur
2368 2629 2607 2685 idoneus
2634 2629 2991 2697 clericorum,
3010 2645 3112 2685 nec
3132 2630 3284 2685 inter
3301 2630 3594 2700 diaconos,

214 2718 444 2786 ducere,
489 2722 547 2773 et
574 2718 959 2790 praetermisso
988 2717 1364 2773 fundamento
1409 2733 1585 2788 supra
1621 2734 1858 2773 arenam
1959 2741 2063 2779 nec
2091 2724 2241 2779 inter
2267 2723 2409 2779 alios
2438 2723 2676 2779 clericos
2704 2722 2994 2779 invenitur
3019 2722 3118 2796 qui
3149 2724 3467 2780 sacerdotio
3503 2725 3593 2781 di-

212 2813 357 2866 velle
386 2816 736 2883 construere,
778 2812 999 2867 dicente
1045 2811 1328 2866 Domino:
1366 2833 1392 2862 «
1435 2812 1558 2865 Non
1596 2811 1858 2866 transibis
1958 2835 2105 2889 gnus
2121 2817 2530 2886 habeatur,sed
2546 2818 2615 2872 ad
2636 2817 3191 2873 commendationem
3214 2819 3464 2873 ecclesiae
3496 2819 3596 2875 lai-

214 2906 493 2983 termipos
535 2922 679 2977 quos
731 2905 1146 2961 constituerunt
1181 2909 1374 2977 patres
1416 2904 1498 2959 tui
1535 2907 1713 2975 (Num.
1760 2922 1852 2974 xx,
1956 2928 2053 2967 cus
2078 2911 2584 2983 postulatur,quod
2611 2927 2684 2965 ne
2704 2910 2806 2966 fiat
2822 2911 2969 2965 ultra
2994 2911 3298 2980 admoneo,
3323 2912 3590 2983 praedico,

212 3002 320 3070 17)-
354 2972 582 3065 ατΟιιοᾶ
611 3003 669 3054 et
687 3002 912 3055 sanctus
940 3015 1169 3071 quoque
1182 2972 1483 3069 -ap05t01u5
1512 2972 1651 3054 NOVi
1672 2972 1856 3054 et'Ve;
1957 3008 2020 3060 ut
2050 2972 2222 3060 unam
2256 2972 2430 3060 ﬁdem
2445 2972 2759 3071 .habentes,
2793 3020 2970 3059 unum
2998 3004 3167 3059 etiam
3206 3004 3265 3059 in
3287 2972 3593 3063 traditione

213 3092 350 3148 teris
373 3080 719 3148 Testamenti
762 3092 1098 3163 praedicator
1130 3096 1349 3161 monet,
1380 3093 1439 3147 in
1476 3109 1590 3165 quo
1632 3093 1856 3148 locutus
1956 3099 2167 3155 sentire
2208 3098 2544 3168 debeamus,
2591 3098 2898 3170 probantes
2943 3114 3046 3153 nos
3084 3098 3381 3154 unanimes
3421 3102 3592 3173 atque

213 3192 300 3241 est
349 3186 641 3242 Christus:
672 3206 700 3238 «
743 3187 921 3253 State,
961 3186 1163 3259 inquit,
1213 3191 1270 3242 et
1299 3191 1491 3243 tenete
1518 3186 1855 3243 traditiones

211 3286 427 3336 vestras
469 3297 611 3352 quas
656 3280 952 3349 didicistis,
996 3280 1109 3335 sive
1162 3298 1265 3351 per
1313 3282 1573 3350 verbum,
1606 3281 1722 3337 sive
1751 3280 2279 3357 peruapostolicis
2326 3286 2539 3341 habere
2576 3284 2934 3340 charitatem.
2979 3286 3160 3341 Medio
3190 3286 3384 3357 itaque
3427 3288 3588 3351 Patre

209 3374 511 3445 epistolam
542 3374 617 3443 (Π
634 3376 814 3430 Thess.
843 3390 905 3429 ιι.
941 3374 1046 3443 14).
1080 3395 1107 3423 ››
1154 3374 1277 3439 Qua
1307 3375 1377 3429 de
1408 3391 1472 3430 re
1499 3375 1649 3430 videt
1672 3380 1855 3429 vestra
1952 3384 2009 3435 et
2031 3378 2328 3450 unigenito
2366 3379 2506 3433 Filio
2532 3378 2675 3449 ejus,
2724 3382 2783 3433 et
2809 3377 3022 3449 Spiritu
3067 3383 3283 3446 sancto,
3331 3384 3388 3435 et
3417 3381 3587 3435 unius

208 3467 507 3522 sinceritas
540 3468 599 3521 in
628 3467 801 3522 sacris
844 3467 1147 3538 mysteriis,
1179 3471 1277 3521 aut
1304 3468 1364 3521 in
1396 3467 1854 3523 ordinationibus
1953 3472 2259 3527 divinitatis
2284 3471 2344 3526 in
2383 3471 2655 3527 Trinitate
2693 3472 2987 3539 convenio,
3022 3477 3084 3528 ut
3113 3472 3170 3526 in
3198 3472 3286 3527 his
3314 3473 3453 3527 fides
3491 3491 3584 3528 ca-

206 3562 733 3633 vestris,quantum
761 3561 1117 3616 sacerdotum
1142 3578 1352 3632 magna
1366 3578 1503 3615 cura
1528 3566 1584 3616 et
1610 3561 1853 3631 diligens
1951 3566 2158 3621 tholica
2174 3570 2230 3621 et
2251 3565 2547 3636 disciplina
2566 3568 2763 3621 nostra
2776 3570 3133 3637 permaneat.
3151 3569 3264 3622 Nec
3282 3566 3585 3639 quisquam

207 3656 533 3711 sollicitudo
554 3655 764 3712 debeat
789 3655 1106 3710 observare.
1128 3654 1382 3726 Denique
1401 3655 1476 3710 ad
1495 3655 1853 3710 Timotheum
1948 3662 2113 3731 putet
2135 3658 2519 3714 ordinationes
2549 3663 2803 3714 terrenas
2829 3659 2975 3729 fieri,
3003 3675 3131 3714 cum
3154 3660 3379 3717 ca-leste
3399 3660 3470 3715 sit
3494 3679 3582 3716 sa-

206 3750 503 3822 loquitur:
553 3768 582 3801 «
622 3751 813 3804 Manus
852 3749 962 3804 cito
1014 3749 1233 3803 nemini
1280 3747 1617 3821 imposueris
1664 3766 1853 3821 neque
1950 3753 2367 3821 cerdotium,ut
2392 3753 2657 3809 ﬁdelibus
2674 3752 2860 3824 gloria
2879 3757 3102 3809 maneat
3131 3752 3421 3826 dignitatis
3441 3754 3586 3825 ejus-

209 3842 725 3898 communicaveris
769 3843 1014 3915 peccatis
1068 3842 1267 3898 alienis
1295 3842 1345 3915 (Ι
1387 3846 1523 3898 Tim.
1554 3859 1635 3911 iu,
1674 3842 1786 3914 22),
1821 3864 1848 3892 »
1950 3848 2102 3917 dem,
2148 3850 2205 3901 et
2242 3849 2375 3903 ante
2414 3846 2661 3902 tribunal
2711 3846 2919 3903 Christi
2969 3846 3174 3903 exhinc
3220 3864 3338 3903 non
3379 3847 3588 3905 habeat

208 3937 365 4009 quod
394 3938 695 4009 propterea
740 3940 1113 4007 memoratur,
1161 3941 1223 3993 ut
1271 3937 1525 3993 examine
1569 3937 1763 3992 habito
1795 3940 1853 3992 et
1950 3941 2102 4014 quod
2129 3943 2377 3996 accuset.

207 4031 495 4129 probitate
533 4047 783 4129 morum,
807 4036 888 4129 iet
912 4030 1304 4129 ecclesiastico
1349 4031 1541 4085 labore
1588 4031 1659 4088 sit
1705 4047 1853 4087 com—
2036 4060 2238 4129 Incipit
2261 4058 2550 4113 conm-“um
2583 4057 2831 4112 Thelme
2857 4072 3018 4128 super
3049 4061 3287 4114 tractatu
3312 4059 3498 4115 Siricii

206 4124 968 4197 mendatiorquivocaturin
992 4124 1266 4193 medium,
1286 4128 1648 4180 utsummum
1672 4142 1852 4180 sacer-
2147 4124 2170 4129 ’
2671 4144 2856 4199 papae.

206 4219 425 4275 dotium
459 4219 636 4290 possit
674 4219 951 4290 accipere,
1005 4219 1276 4291 probatus
1315 4219 1567 4290 judicio,
1602 4236 1719 4275 non
1760 4220 1849 4275 fa-
2018 4230 2148 4283 Post
2176 4227 2531 4283 consulatum
2560 4226 2949 4298 gloriosissimi
2979 4227 3204 4281 Honorii
3231 4229 3317 4295 XI,
3354 4232 3412 4283 et
3436 4230 3580 4284 Con-

203 4330 356 4381 vore,
426 4316 720 4383 susceptus
782 4313 1041 4382 veritate,
1100 4330 1214 4368 non
1279 4313 1480 4385 gratia,
1546 4312 1851 4384 apostolico
1950 4321 2140 4377 stantii
2168 4324 2230 4388 ll,
2255 4323 2411 4375 sexto
2440 4319 2726 4374 Kalendas
2750 4320 2995 4385 Martias,
3025 4325 3373 4391 congregato
3403 4324 3586 4377 conci-

205 4408 405 4463 ordine
451 4406 700 4475 functus,
745 4424 859 4461 non
902 4406 1182 4478 praecipiti
1216 4408 1526 4461 voluntate.
1585 4408 1665 4462 De
1710 4424 1846 4478 quo,

1959 4415 2028 4471 tio
2058 4415 2116 4469 in
2140 4413 2372 4469 ecclesia
2405 4412 2803 4484 Apostolorum
2840 4412 3019 4483 plebis
3046 4413 3357 4483 Thelensis,
3383 4414 3585 4469 beatus

203 4501 524 4557 charissimi
548 4500 711 4568 mihi,
744 4502 812 4555 ad
838 4507 1088 4555 vestram
1116 4501 1500 4558 sinceritatem
1516 4501 1847 4573 hujusmodi
1948 4511 2111 4564 Pater
2155 4507 2360 4578 primae
2408 4505 2558 4560 sedis
2623 4505 2923 4577 episcopus
2962 4506 3308 4561 Donatianus
3347 4507 3585 4563 civitatis

201 4596 410 4651 litteras
437 4598 816 4649 cucurrerunt
836 4595 1018 4650 multo
1038 4595 1284 4649 fratrum
1305 4598 1363 4649 et
1380 4595 1846 4651 consacerdotum
1866 4594 1926 4668 Ι)
1947 4600 2354 4672 Theleptensis,
2401 4616 2533 4654 cum
2568 4599 2893 4666 resedisset,
2935 4599 3356 4654 considentibus
3390 4616 3583 4656 secum

1955 3193 2262 3248 concordes
2287 3191 2504 3265 paciﬁci
2533 3191 2594 3247 in
2638 3191 2881 3263 Christo,
2916 3196 2974 3246 et
3003 3192 3060 3247 in
3104 3192 3591 3249 observationibus

206 4705 506 4757 consensu,
542 4692 605 4742 ut
632 4688 738 4743 hac
760 4694 941 4744 vestra
969 4688 1378 4759 subscriptione
1420 4689 1645 4743 ﬁrmata
1669 4690 1842 4745 eccle-

206 4782 416 4837 siastici
442 4782 676 4837 canonis
695 4782 1005 4854 dispositio,
1028 4800 1156 4854 quze
1171 4782 1325 4854 apud
1345 4782 1587 4838 Nicaeam
1610 4786 1846 4837 tractata

207 4881 307 4947 est,
338 4877 680 4932 conﬁrmata
697 4874 797 4931 sud
819 4876 1020 4932 merito
1042 4876 1440 4932 fundatissima
1459 4881 1842 4948 permaneret,

207 4976 267 5026 ut
296 4972 441 5027 tales
470 4970 736 5025 videlicet
753 4971 825 5026 ad
849 4970 1295 5026 ecclesiasticum
1323 4969 1581 5026 ordinem
1611 4970 1847 5043 permit-

206 5068 466 5121 terentur
486 5063 777 5132 accedere,
805 5065 1002 5136 quales
1015 5064 1318 5136 apostolica
1335 5064 1645 5119 auctoritas
1655 5064 1842 5135 jubet,

203 5176 316 5215 non
352 5159 553 5231 quales
581 5157 728 5227 dico,
761 5159 848 5213 vel
891 5174 988 5213 eos
1019 5159 1118 5229 qui
1157 5158 1385 5230 cingulo
1424 5157 1644 5213 militiae
1668 5174 1841 5214 saecu-

202 5253 334 5307 laris
379 5252 617 5321 astricti,
665 5251 800 5307 olim
849 5251 1072 5324 gloriati
1121 5257 1271 5308 sunt.
1321 5252 1425 5317 Qui
1472 5257 1845 5324 posteaquam

201 5361 415 5417 pompa
457 5345 713 5400 saculari
750 5347 1192 5416 exsultaverunt,
1233 5349 1332 5400 aut
1377 5345 1623 5417 negotiis
1652 5345 1841 5417 reipu-

198 5440 361 5495 blicae
376 5442 718 5511 optaverunt
735 5440 1008 5508 militare,
1026 5444 1125 5495 aut
1146 5440 1347 5495 mundi
1364 5457 1559 5495 curam
1580 5442 1842 5507 tractare,

202 5533 459 5588 adhibita
489 5532 596 5588 sibi
620 5534 1003 5604 quorumdam
1032 5550 1208 5587 manu
1236 5539 1292 5588 et
1326 5534 1724 5606 proximorum
1759 5533 1842 5587 fa-

200 5644 333 5682 vore
360 5626 577 5699 stipati,
608 5627 671 5681 hi
697 5627 1026 5699 frequenter
1047 5626 1388 5698 ingeruntur
1421 5628 1655 5683 auribus
1701 5626 1844 5682 meis

199 5725 263 5776 ut
298 5720 554 5793 episcopi
604 5737 724 5777 esse
770 5720 1009 5792 possint,
1057 5720 1154 5793 qui
1208 5737 1313 5792 per
1367 5721 1738 5778 traditionem
1787 5724 1844 5776 et

202 5814 602 5886 Evangelicam
639 5814 995 5886 disciplinam
1025 5831 1144 5870 esse
1173 5832 1288 5870 non
1326 5820 1580 5887 possunt.
1609 5816 1842 5880 Quantis

201 5909 309 5970 hoc
336 5907 636 5987 aliquoties
663 5908 963 5965 recitatum
1005 5913 1092 5969 est
1112 5909 1337 5986 juribus
1367 5912 1423 5965 et
1453 5908 1702 5967 viribusl
1733 5909 1843 5969 Sed

1945 4694 2228 4761 Januario,
2266 4692 2450 4748 Felice
2501 4688 2767 4760 secundo,
2815 4692 3045 4764 Cyrino,
3090 4692 3330 4760 Victore,
3374 4694 3582 4750 Secun-

1946 4789 2133 4856 diano,
2167 4789 2321 4855 Geta,
2347 4785 2650 4855 Eunomio,
2689 4785 3049 4856 Maximiano,
3084 4787 3317 4853 Donato,
3348 4790 3579 4845 Cresco-

1944 4882 2061 4950 nio,
2088 4881 2365 4949 Jocundo,
2406 4882 2632 4952 Sopato,
2678 4880 2933 4947 Bestuto,
2967 4879 3210 4948 Iuliano,
3257 4881 3578 4953 Maximino,

1946 4979 2228 5047 Romano,
2311 4975 2584 5043 Terciolo,
2648 4974 2849 5041 Micilo,
2912 4973 3175 5043 Maximo,
3248 4976 3581 5046 Donatiano,

1947 5071 2170 5138 Basilio,
2217 5070 2489 5142 Papiano,
2537 5068 2828 5137 Januario,
2883 5069 3223 5140 Porphyrio,
3271 5070 3412 5126 item
3444 5073 3582 5127 Por-

1946 5160 2171 5233 phyrio,
2199 5161 2438 5227 Donato,
2464 5157 2708 5224 Iuliano,
2741 5158 2901 5223 Tuto,
2933 5157 3230 5226 Fortunio,
3256 5160 3583 5232 Quintiano,

1946 5254 2181 5325 Capion,
2210 5257 2265 5308 et
2299 5250 2517 5307 caeteris
2546 5250 2842 5323 episcopis,
2878 5266 3100 5306 necnon
3133 5252 3305 5308 etiam
3341 5255 3583 5311 Vincen-

1945 5348 2044 5416 tio,
2077 5346 2507 5413 Fortunatiano,
2524 5344 2721 5415 legatis
2746 5344 3054 5416 provincia:
3074 5350 3494 5418 proconsularis
3515 5351 3588 5406 ad

1948 5442 2325 5497 Bizancenum
2355 5438 2661 5495 concilium
2684 5437 2932 5507 directis,
2961 5442 3019 5493 et
3048 5440 3285 5513 reliqua.
3327 5415 3374 5504 ί

2018 5533 2342 5589 Vincentius
2386 5538 2442 5588 et
2489 5533 2832 5588 Fortunatus
2875 5532 3176 5589 dixerunt:
3226 5535 3409 5590 Etiam
3453 5553 3585 5593 cum

1946 5643 2198 5683 essemus
2217 5627 2560 5697 Thusdrum,
2595 5626 2739 5682 sicut
2760 5644 2986 5683 mecum
3013 5627 3212 5683 recolit
3236 5629 3588 5689 memorialis

1945 5720 2159 5777 auditio
2207 5724 2413 5789 vestra,
2445 5725 2501 5779 et
2539 5720 2793 5794 epistola
2827 5725 3033 5777 sanctae
3071 5720 3361 5776 memoriae
3405 5722 3590 5781 Siricii

1945 5814 2097 5871 sedis
2136 5813 2459 5886 apostolicae
2491 5814 2741 5886 episcopi
2769 5814 3126 5881 dederamus,
3163 5812 3482 5886 recitantes,
3516 5835 3590 5877 ex

1945 5908 2151 5991 quibus
2195 5924 2329 5967 cum
2384 5908 2601 5982 legeret
2664 5924 2839 5969 unum
2906 5905 3343 5967 sanctimoniam
3401 5910 3593 5990 fratri,
