4032 6290
399 354 502 409 687

1281 354 1562 409 APPEND.
1602 354 1689 408 AD
1726 352 1885 408 SIEC.
1927 351 2013 406 IX.
2047 379 2115 391 --
2156 350 2410 407 ISlDORI
2448 349 2877 407 MERCATORIS

3670 354 3775 407 688

400 460 579 517 nostri
624 459 873 533 episcopi
911 460 1126 529 Latoni,
1173 465 1445 532 utrasque
1489 478 1641 516 nunc
1681 477 1787 515 nos
1824 460 2035 515 referre
2056 472 2116 544 Α
2211 461 2275 515 Et
2303 460 2622 530 mulierem,
2662 459 2720 515 id
2748 461 2831 515 est
2866 458 3117 528 viduam,
3164 455 3399 514 clericus
3443 474 3561 513 non
3607 459 3782 514 ducat

404 555 696 626 suggestio
726 556 952 623 indicat,
984 557 1084 610 has
1101 554 1331 609 recitari
1361 556 1582 610 donate.
1604 553 1862 626 Episcopi
1887 554 2038 609 dixe-

404 654 574 703 runt:
618 649 944 704 Rccitentur
976 648 1231 720 epistola:
1263 648 1600 703 venerabilis
1632 648 1928 703 memoriae
1956 648 2037 703 Si-

404 742 545 808 ricii,
590 746 654 796 ut
689 742 1011 797 noverimus
1063 742 1198 814 quid
1254 759 1450 797 earum
1502 746 1692 797 textus
1730 741 2038 797 contineat.

404 837 655 907 Cumque
685 835 1333 905 traderentur,Privatus
1362 836 1624 892 notarius
1643 836 1786 892 dixit
1808 853 1821 891 ε
1843 836 2045 891 Exem-

402 930 562 1003 plum
587 929 865 985 tractoriaa
893 930 1139 1002 episcopi
1171 930 1324 985 urbis
1359 931 1578 986 Romae.

814 1028 962 1087 Item,
992 1025 1218 1095 epistola
1243 1027 1431 1082 Stricti
1453 1040 1634 1096 papa.

480 1118 865 1174 Dilectissimis
896 1118 1164 1174 fratribus
1194 1122 1250 1173 et
1288 1118 1641 1191 coepiscopis
1668 1134 1771 1191 per
1797 1117 2045 1173 Africam

409 1214 655 1271 Suucws.

482 1308 715 1362 Diversa
758 1307 1016 1379 quamvis
1063 1323 1191 1361 cum
1232 1306 1291 1360 in
1332 1322 1507 1360 unum
1566 1304 1800 1377 plurimi
1846 1305 2047 1361 fratres

408 1401 870 1457 convenissemus
909 1401 982 1455 ad
1027 1400 1207 1455 sancti
1262 1399 1505 1471 apostoli
1554 1399 1708 1453 Petri
1757 1399 2044 1470 reliquias,

411 1513 517 1568 per
564 1512 736 1567 quem
789 1495 1139 1565 apostolatus
1198 1500 1254 1549 et
1316 1493 1669 1564 episcopatus
1717 1493 1776 1547 in
1827 1492 2049 1548 Christo

415 1591 567 1661 cepit
606 1588 928 1656 exordium,
979 1589 1366 1659 placueritque
1413 1590 1649 1658 propter
1692 1592 2050 1658 emergentes

415 1683 691 1755 plurimas
718 1698 912 1737 causas
939 1698 1066 1753 quae
1097 1682 1157 1736 in
1182 1680 1480 1753 aliquantis
1513 1697 1627 1736 non
1655 1686 1816 1737 erant
1844 1697 2047 1751 causae,

418 1777 512 1831 sed
541 1776 799 1841 crimina,
834 1782 890 1830 ut
924 1776 992 1831 de
1022 1780 1226 1830 caetero
1249 1775 1559 1829 sollicitudo
1580 1778 1725 1830 esset
1742 1773 2052 1846 unicuique

2142 570 2396 608 uxorem.

2214 649 2283 703 Ut
2311 647 2357 701 is
2383 646 2480 719 qui
2521 646 2694 702 laicus
2733 646 2961 702 viduam
3000 646 3246 715 duxerit,
3294 662 3408 701 non
3440 645 3782 702 admittatur

2141 742 2211 797 ad
2238 743 2474 796 clerum.

2214 837 2282 891 Ut
2326 835 2395 890 de
2459 833 2645 890 aliena
2684 835 2918 909 ecclesia
2960 835 3226 891 ordinare
3271 835 3542 892 clericum
3593 837 3784 891 nullus

2144 934 2398 1000 usurpet,
2456 933 2515 984 ut
2562 928 2847 1000 abjectum
2904 930 3172 985 clericum
3227 930 3338 985 alia
3381 931 3620 987 ecclesia
3661 948 3780 987 non

2145 1022 2431 1079 admittat.

2218 1118 2287 1171 Ut
2330 1115 2623 1173 venientes
2661 1133 2694 1171 a
2735 1116 3058 1172 Novatianis
3112 1117 3200 1173 vel
3249 1117 3633 1174 Montensibus
3679 1136 3785 1191 per

2146 1227 2353 1266 manus
2390 1210 2819 1283 impositionem
2844 1209 3247 1282 suscipiantur,
3289 1216 3498 1284 praeter
3523 1229 3618 1268 eos
3643 1230 3786 1285 quos

2145 1304 2516 1376 rebaptizant.

2220 1400 2503 1454 Praeterea
2530 1399 2686 1471 quod
2713 1398 2956 1471 dignum
2988 1404 3046 1455 et
3079 1399 3351 1472 pudicum
3383 1403 3441 1455 et
3475 1402 3786 1457 honestum

2150 1497 2235 1548 est
2270 1492 2594 1561 suademus,
2639 1496 2701 1548 ut
2728 1493 3048 1549 sacerdotes
3073 1497 3130 1549 et
3151 1494 3335 1550 levitas
3358 1510 3488 1549 cum
3518 1496 3788 1550 uxoribus

2150 1586 2267 1640 suis
2296 1602 2413 1641 non
2445 1591 2660 1654 coeant,
2706 1586 2843 1659 quia
2866 1587 2927 1641 in
2956 1587 3275 1643 ministerio
3320 1588 3568 1643 ministri
3594 1589 3783 1660 quoti-

2154 1679 2336 1734 dianis
2353 1680 2781 1736 necessitatibus
2802 1684 3166 1753 occupantur.
3184 1682 3267 1737 Ad
3294 1681 3616 1737 Corinthios
3634 1699 3791 1737 nam-

2155 1789 2263 1845 que
2322 1774 2525 1828 Paulus
2580 1774 2771 1829 scribit
2806 1774 3032 1830 dicens:
3084 1775 3427 1833 «Abstinete
3467 1780 3533 1831 ut
3577 1776 3791 1832 vacetis

422 1871 479 1924 in
508 1870 749 1925 Ecclesia
773 1886 971 1925 curam
1009 1868 1339 1940 hujusmodi
1371 1868 1602 1935 habere,
1631 1868 1797 1923 sicuti
1835 1842 2131 1940 aposto-B
2157 1842 2397 1923 orationi
2426 1867 2468 1938 (1
2494 1868 2614 1924 Cor.
2655 1885 2751 1939 vn,
2795 1870 2865 1939 5).
2899 1891 2926 1918 »
2974 1869 3027 1925 Si
3063 1885 3201 1940 ergo
3248 1868 3401 1923 laicis
3447 1869 3792 1925 abstinentia

423 1966 508 2017 lus
538 1963 809 2035 prmdicat
842 1964 1076 2018 Paulus:
1129 1984 1156 2012 ‹‹
1182 1963 1372 2017 Talem
1404 1963 1519 2018 Deo
1563 1961 1864 2017 Ecclesiam
1900 1962 2055 2018 exhi-

422 2056 667 2112 bendam
704 2073 818 2112 non
858 2057 1162 2111 habentem
1208 2056 1488 2111 maculam
1517 2060 1614 2111 aut
1656 2072 1859 2127 rugam
1898 2057 2054 2127 (Eph.

421 2168 474 2219 ν,
524 2150 631 2222 27).
664 2169 692 2202 »
751 2151 827 2206 Ne
874 2167 977 2221 per
1018 2150 1255 2221 alicujus
1298 2149 1579 2205 morbida;
1622 2149 1885 2204 afflatum
1940 2150 2058 2205 ovis

424 2244 761 2299 conscientia
789 2247 984 2298 nostra
1011 2243 1389 2298 contaminata
1417 2244 1726 2313 videretur,
1761 2259 1874 2315 qua
1903 2243 1971 2298 de
1998 2259 2058 2297 re

425 2338 661 2393 meliore
689 2337 919 2392 consilio
936 2337 991 2392 id
1025 2336 1186 2405 sedit,
1211 2341 1449 2409 propter
1473 2354 1570 2392 eos
1598 2338 1853 2392 maxime
1875 2337 1975 2408 qui
2000 2337 2060 2391 in

427 2432 691 2504 praesenti
740 2432 1053 2487 valetudine
1082 2431 1334 2503 corporis
1360 2435 1458 2485 aut
1495 2432 1653 2487 fessae
1682 2432 1864 2486 aetatis
1895 2448 2062 2486 causa

429 2527 620 2581 adesse
649 2526 881 2580 minime.
921 2528 1247 2596 potuerunt.
1281 2526 1401 2590 Quo
1428 2528 1699 2596 perpetua
1743 2525 2062 2581 istiusmodi

427 2621 613 2675 forma
639 2625 911 2687 servetur,
939 2620 1151 2675 litteras
1188 2619 1334 2675 tales
1359 2619 1491 2674 dare
1530 2620 1757 2690 placuit,
1785 2636 1904 2675 non
1933 2636 2062 2691 quae

429 2732 572 2770 nova
615 2717 895 2785 prtecepta
944 2713 1138 2785 aliqua
1187 2714 1495 2785 imperent,
1548 2713 1646 2768 sed
1692 2730 1761 2767 ea
1794 2730 1922 2785 quae
1964 2730 2065 2785 per

430 2808 720 2878 ignaviam
749 2807 1138 2878 desidiamque
1166 2807 1491 2877 aliquorum
1520 2807 1778 2877 neglecta
1803 2811 1936 2861 sunt
1961 2807 2062 2861 ob-

433 2902 645 2957 servari
683 2902 995 2972 cupiamus,
1023 2917 1152 2971 quin
1185 2905 1379 2955 tamen
1409 2900 1715 2970 apostolica
1745 2906 1801 2955 et
1829 2902 2064 2956 Patrum

435 2996 835 3050 constitutione
859 3000 989 3048 sunt
1019 2993 1342 3048 constituta.
1374 2993 1655 3064 Scriptum
1687 2997 1809 3048 est:
1841 3017 1865 3043 ‹‹
1892 2996 2064 3063 State,

437 3096 491 3143 et
522 3094 706 3144 tenete
740 3087 1068 3143 traditiones
1096 3090 1333 3156 nostras,
1363 3086 1480 3141 sive
1520 3103 1625 3158 per
1654 3087 1909 3159 verbum,
1955 3089 2069 3143 sive

436 3200 543 3255 per
563 3182 859 3253 epistolam
887 3182 934 3251 (Ι
969 3183 1146 3237 Thess.
1181 3196 1238 3248 ιι,
1272 3181 1377 3251 14).
1408 3202 1434 3229 ››

510 3277 652 3332 lllud
694 3280 848 3331 certe
897 3278 1144 3330 vestram
1186 3275 1361 3329 debet
1402 3277 1679 3343 mentem,
1720 3276 2073 3331 dilectissimi

438 3369 1065 3437 fratres,vehementius
1093 3373 1448 3437 excutere,ut
1465 3369 1535 3423 ab
1558 3369 1713 3424 omni
1738 3370 1865 3425 labe
1885 3370 2072 3425 saeculi

440 3465 596 3520 istius
622 3466 909 3519 immunes
928 3464 998 3519 ad
1026 3463 1123 3517 Dei
1155 3467 1520 3534 conspectum
1547 3463 1731 3518 securi
1759 3464 2070 3534 veniamus,

439 3577 541 3615 nec
560 3559 714 3614 enim
739 3558 952 3614 erimus
978 3556 1426 3628 immunes,quia
1451 3574 1769 3629 praesumus
1790 3558 2072 3629 plebibus,

441 3672 569 3708 cum
607 3653 880 3725 scriptum
921 3652 1032 3706 sit:
1071 3674 1097 3701 ‹‹
1130 3652 1229 3706 Cui
1284 3652 1526 3706 multum
1563 3652 1841 3707 creditum
1886 3652 2072 3719 fuerit,

441 3750 568 3818 plus
595 3748 666 3802 ab
685 3748 882 3802 eodem
913 3745 1239 3816 requiretur
1265 3746 1412 3802 (Luc.
1443 3761 1539 3812 xn,
1569 3747 1678 3811 48).
1710 3765 1738 3796 »
1768 3747 1915 3816 Ergo
1944 3763 2078 3816 quo-

444 3843 595 3896 niam
623 3858 740 3895 non
770 3857 872 3911 pro
901 3839 1064 3892 nobis
1096 3842 1342 3904 tantum,
1367 3838 1463 3892 sed
1498 3855 1603 3909 pro
1638 3840 1843 3909 populo
1868 3840 2079 3894 credito

444 3934 706 4003 cogimur
734 3936 1007 4004 praestare
1039 3930 1343 3999 rationem,
1386 3930 1665 4001 populum
1722 3931 2079 4003 disciplinam

447 4028 730 4093 deiﬁcam,
775 4024 1055 4081 humilem
1116 4023 1343 4079 erudire
1382 4023 1677 4079 debemus.
1735 4026 2082 4083 Exstiterunt

448 4123 603 4175 enim
632 4120 912 4189 nonnulli,
941 4119 1040 4191 qui
1072 4122 1283 4174 statuta
1314 4118 1597 4189 majorum
1628 4123 2079 4189 contemnentes,

447 4215 767 4271 castitatem
795 4213 1054 4269 Ecclesiae
1078 4212 1521 4285 praesumptione
1546 4212 1852 4284 violarunt,
1886 4214 2078 4269 volun-

447 4314 622 4365 tatem
652 4309 846 4381 populi
872 4311 1194 4380 sequentes,
1230 4306 1323 4362 Dei
1343 4307 1626 4379 judicium
1651 4324 1767 4363 non
1792 4309 2078 4364 timentes.

520 4408 667 4477 Ergo
692 4421 762 4459 ne
789 4403 914 4475 pari
940 4419 1098 4458 more
1120 4402 1343 4457 silentio
1370 4402 1691 4472 connivere,
1720 4408 1889 4475 atque
1920 4403 2080 4458 adhi-

453 4502 583 4555 lzere
613 4513 951 4554 consensum
992 4496 1200 4551 talibus
1235 4495 1553 4565 videamur,
1603 4497 1758 4553 unde
1805 4498 2083 4569 gehennae

2156 1962 2468 2033 imperatur
2515 1964 2581 2016 ut
2617 1961 2837 2032 possint
2902 1962 3271 2034 deprecantes
3319 1962 3523 2033 audiri,
3574 1968 3790 2035 quanto

2157 2055 2339 2127 magis
2368 2056 2627 2111 sacerdos
2657 2056 2854 2128 utique
2882 2057 3038 2111 omni
3065 2059 3362 2112 momento
3403 2060 3638 2129 paratus
3670 2074 3794 2113 esse

2159 2149 2328 2204 debet
2342 2149 2638 2204 munditiae
2660 2150 2909 2221 puritate
2933 2148 2981 2222 1
2999 2149 3124 2223 69
3145 2167 3395 2223 securus,
3419 2167 3490 2206 ne
3508 2154 3607 2205 aut
3627 2151 3799 2206 sacri-

2160 2243 2351 2297 ﬁcium
2389 2243 2609 2308 offerat,
2642 2248 2741 2298 aut
2770 2243 3058 2316 baptizare
3073 2248 3308 2314 cogatur
3326 2243 3492 2316 ?)qui
3523 2245 3571 2299 si
3590 2250 3793 2300 conta-

2160 2336 2408 2391 minatus
2459 2339 2542 2391 est
2586 2337 2801 2391 carnali
2860 2337 3337 2409 concupiscentia,
3372 2336 3525 2409 quid
3571 2338 3797 2393 faciet?

2163 2430 2495 2485 excusabit?
2522 2447 2636 2502 quo
2665 2430 2901 2501 pudore,
2941 2447 3056 2502 qua
3084 2437 3277 2487 mente
3310 2432 3645 2503 usurpabit?
3685 2448 3799 2504 qua

2162 2523 2522 2592 conscientia,
2550 2540 2662 2596 quo
2694 2523 2897 2579 merito
2925 2524 3019 2579 hic
3045 2524 3300 2581 exaudiri
3329 2540 3387 2580 se
3414 2525 3638 2580 credit?
3667 2542 3798 2580 cum

2164 2617 2379 2673 dictum
2413 2617 2521 2671 sit:
2573 2638 2601 2667 «
2634 2617 2844 2673 Omnia
2871 2617 3091 2673 munda
3132 2618 3383 2688 mundis,
3421 2618 3801 2690 coinquinatis

2164 2716 2357 2767 autem
2404 2714 2462 2767 et
2502 2711 2822 2767 inﬁdelibus
2864 2712 3007 2766 nihil
3050 2713 3332 2768 mundum
3365 2714 3489 2779 (Tit.
3528 2729 3567 2782 ι,
3618 2712 3725 2785 15).
3770 2735 3798 2761 ››

2167 2806 2289 2870 Qua
2320 2806 2390 2861 de
2414 2822 2476 2861 re
2507 2806 2729 2875 hortor,
2760 2822 2987 2873 moneo,
3018 2822 3176 2877 rogo,
3209 2806 3440 2861 tollatur
3463 2807 3573 2861 hoc
3592 2822 3800 2878 oppro-

2166 2899 2355 2955 brium
2392 2901 2544 2971 quod
2590 2903 2774 2972 potest
2803 2901 2935 2971 jure
2966 2899 3138 2955 etiam
3180 2900 3467 2970 gentilitas
3514 2917 3801 2970 accusare,

2167 2995 2314 3049 forte
2343 2993 2591 3049 creditur
2615 2994 2748 3066 quia
2781 2993 3054 3064 scriptum
3082 2998 3203 3048 est:
3240 3015 3267 3045 «
3294 2994 3468 3049 Unius
3496 2993 3693 3049 uxoris
3721 2994 3803 3049 vi-

2169 3105 2296 3142 rum
2346 3088 2393 3153 (Ι
2424 3089 2557 3142 Tim.
2605 3104 2685 3155 n1,
2720 3087 2775 3159 2)
2817 3108 2845 3137 »
2878 3104 2995 3142 non
3029 3094 3464 3159 permanentem
3501 3089 3561 3142 in
3594 3105 3805 3143 concu-

2174 3181 2445 3252 piscentia
2473 3180 2784 3252 generandi
2814 3180 2974 3248 dixit,
3004 3181 3106 3236 sed
3138 3185 3375 3254 propter
3399 3182 3809 3237 continentiam

2171 3276 2423 3330 futuram
2449 3275 2548 3347 qui
2580 3275 2677 3345 ait,
2717 3291 2909 3346 neque
2939 3274 3092 3329 enim
3125 3275 3379 3347 integros
3411 3293 3527 3331 non
3556 3275 3808 3344 admisit,

2174 3370 2376 3425 vellem
2427 3386 2627 3424 omnes
2695 3368 2955 3423 homines
3026 3369 3103 3424 sic
3169 3387 3288 3424 esse
3354 3370 3520 3429 sicuti
3583 3375 3639 3424 et
3702 3388 3811 3441 ego

2176 3466 2220 3535 (1
2259 3463 2376 3519 Cor.
2415 3479 2512 3530 v11,
2555 3465 2627 3533 7).
2676 3464 2745 3517 Et
2788 3463 3039 3535 apertius
3077 3463 3326 3518 declarat
3362 3464 3590 3519 dicens:
3640 3487 3669 3515 ‹‹
3702 3465 3814 3528 Qui

2177 3562 2372 3613 autem
2401 3557 2462 3612 in
2485 3573 2657 3612 carne
2687 3560 2839 3625 sunt,
2868 3558 2982 3612 Deo
3010 3559 3237 3630 placere
3268 3574 3382 3613 non
3411 3562 3672 3629 possunt.
3700 3560 3814 3615 Vos

2176 3654 2368 3706 autem
2393 3651 2512 3723 jam
2544 3668 2659 3727 non
2691 3650 2822 3706 estis
2850 3651 2910 3706 in
2942 3668 3130 3723 carne,
3161 3652 3259 3707 sed
3300 3652 3359 3706 in
3397 3651 3599 3723 spiritu
3638 3653 3811 3721 (Rom.

2177 3763 2296 3813 vm,
2327 3749 2381 3813 8,
2409 3747 2483 3814 9).
2516 3766 2544 3795 ››

2250 3842 2376 3895 Hac
2405 3839 2618 3911 itaque,
2648 3839 2873 3909 fratres,
2907 3839 2954 3893 si
2984 3840 3155 3912 plena
3180 3839 3480 3911 vigitantia
3508 3838 3723 3897 fuerint
3742 3841 3814 3895 ab

2180 3934 2443 3989 omnibus
2471 3934 2787 4002 observata,
2818 3934 3057 3989 cessabit
3086 3934 3341 4002 ambitio,
3370 3934 3645 3990 dissensio
3671 3952 3813 3989 con-

2181 4029 2448 4100 quiescet,
2520 4028 2761 4083 haereses
2840 4033 2896 4083 et
2965 4027 3266 4082 schismata
3343 4045 3459 4083 non
3518 4033 3819 4100 emergent

2182 4123 2369 4177 locum
2399 4138 2514 4177 non
2541 4121 2778 4193 accipiet
2805 4122 3057 4177 diabolus
3085 4121 3374 4190 saeviendi,
3396 4121 3653 4177 manebit
3683 4139 3820 4176 una-

2181 4215 2430 4283 nimitas,
2496 4215 2763 4286 iniquitas
2826 4218 3084 4287 separata
3158 4215 3484 4271 calcabitur.
3557 4215 3820 4271 Charitas

2184 4309 2422 4381 spiritali
2446 4310 2666 4364 fervore
2700 4310 2987 4381 tlagrabit,
3020 4326 3133 4381 pax
3162 4309 3467 4380 praedicata
3491 4309 3654 4364 labiis
3686 4326 3819 4364 cum

2182 4405 2473 4458 voluntate
2503 4403 2883 4458 concordabit.
2918 4405 3032 4458 Pax
3061 4403 3261 4474 utique
3290 4403 3388 4458 Dei
3418 4403 3596 4457 nostri
3626 4403 3817 4459 Salva-

2185 4497 2322 4552 toris
2354 4514 2527 4569 quam
2554 4498 2845 4570 proximus
2873 4498 3119 4569 passioni
3151 4498 3488 4552 servandam
3519 4513 3639 4552 esse
3666 4514 3819 4568 prae-

450 4611 644 4665 posnas
658 4594 940 4665 possimus
964 4591 1275 4659 incurrere,
1295 4591 1519 4647 dicente
1540 4591 1811 4646 Domino:
1835 4611 1862 4642 «
1882 4592 2085 4647 Furem
2106 4592 2164 4664 1)
2188 4592 2358 4664 cepit,
2388 4596 2446 4646 et
2463 4591 2880 4647 haereditariam
2904 4591 3067 4646 nobis
3084 4591 3214 4663 jure
3236 4590 3558 4662 dereliquit,
3590 4590 3815 4646 dicens:

447 4689 695 4753 videbas,
725 4692 781 4742 et
810 4687 1076 4743 currebas
1104 4702 1236 4741 cum
1266 4702 1356 4752 eo,
1401 4688 1459 4741 et
1495 4701 1626 4740 cum
1664 4685 1931 4740 adulteris
1959 4702 2086 4757 por-

449 4785 662 4837 tionem
697 4785 852 4835 tuam
898 4780 1149 4852 ponebas
1200 4780 1363 4847 (Psal.
1398 4795 1540 4845 xle,
1586 4778 1692 4849 l8).
1723 4798 1749 4829 »
1792 4779 1920 4833 Haec
1952 4783 2087 4833 sunt

452 4894 579 4948 quae
602 4876 868 4948 deinceps
897 4874 1104 4929 intuitu
1130 4871 1307 4926 divini
1327 4870 1529 4941 judicii
1555 4887 1756 4926 omnes
1783 4872 2086 4926 catholicos

452 4971 749 5042 episcopos
780 4968 1009 5040 expedit
1032 4964 1339 5022 custodire.

522 5063 797 5131 Primum,
827 5068 892 5117 ut
924 5066 1083 5117 extra
1117 5056 1523 5114 conscientiam
1562 5058 1707 5112 sedis
1738 5059 2081 5131 apostolicae,

452 5160 560 5211 lioc
590 5162 673 5210 est
701 5155 985 5226 primatis,
1031 5168 1201 5208 nemo
1246 5150 1452 5207 audeat
1476 5151 1763 5208 ordinare.
1800 5154 2086 5227 lntegrum

454 5250 609 5304 enim
633 5248 913 5320 judicium
938 5250 1042 5314 est,
1078 5245 1228 5318 quod
1256 5245 1633 5317 plurimorum
1658 5247 1937 5303 sententia
1958 5265 2087 5303 con-

453 5342 809 5415 sequitur,ne
836 5357 984 5395 unus
996 5340 1288 5412 episcopus
1312 5341 1639 5413 episcopum
1657 5342 1919 5397 ordinare
1940 5359 2083 5414 prae-

454 5443 658 5509 sumat,
688 5440 926 5511 propter
942 5435 1346 5507 arrogantiam,
1365 5453 1436 5492 ne
1461 5436 1733 5491 furtivum
1748 5436 2086 5492 beneficium

452 5534 772 5607 praestitum
818 5530 1096 5586 videatur.
1142 5531 1253 5586 Hoc
1302 5530 1458 5587 enim
1514 5530 1819 5601 insynodo
1864 5530 2090 5586 Nicazna

453 5631 675 5685 constat
700 5643 819 5683 esse
844 5622 1162 5680 definitum.

527 5724 686 5791 Item,
729 5722 777 5777 si
802 5719 930 5793 quis
971 5724 1096 5792 post
1120 5717 1511 5775 remissionem
1556 5720 1917 5788 peccatorum
1968 5717 2084 5772 cin-

458 5815 655 5881 gulum
676 5814 895 5871 militiae
923 5813 1207 5870 saecularis
1232 5809 1597 5883 habuerit,ad
1622 5810 1838 5868 clerum
1866 5810 2089 5866 admitti

459 5922 572 5961 non
601 5907 787 5965 debet.

2189 4709 2213 4733 «ι
2248 4688 2451 4741 Pacem
2483 4686 2555 4740 do
2582 4685 2761 4755 vobis,
2794 4702 2991 4756 pacem
3026 4685 3286 4757 relinquo
3312 4684 3468 4740 vobis
3502 4684 3672 4754 (Joan.
3706 4701 3819 4754 xw,

2185 4780 2294 4851 27),
2328 4802 2353 4829 η
2377 4785 2433 4835 et
2460 4780 2673 4834 dictum
2690 4780 2970 4851 Apostoli:
2998 4802 3023 4827 ‹‹
3041 4779 3353 4835 Unanimes
3369 4795 3547 4834 unum
3575 4779 3822 4834 sentien-

2186 4880 2268 4928 tes
2299 4890 2736 4945 permaneamus
2765 4874 2823 4927 in
2845 4873 3083 4940 Christo,
3105 4873 3247 4928 nihil
3272 4890 3378 4945 per
3396 4873 3820 4928 contentionem

2188 4968 2368 5035 nobis,
2415 4984 2601 5040 neque
2626 4985 2733 5040 per
2762 4968 2997 5022 inanem
3042 4968 3279 5039 gloriam
3310 4968 3685 5035 vindicantes,
3717 4984 3824 5021 nec

2188 5061 2535 5130 hominibus,
2588 5062 2687 5116 sed
2738 5062 2851 5116 Deo
2911 5065 3106 5116 nostro
3166 5061 3442 5117 Salvatori
3495 5060 3822 5132 placeamus

2189 5157 2351 5225 (Phil.
2387 5172 2445 5220 ιι,
2485 5160 2537 5223 2,
2564 5155 2636 5226 3).
2674 5178 2699 5204 n
2748 5156 2841 5210 His
2870 5155 3172 5227 praeceptis
3211 5154 3475 5210 omnibus
3500 5155 3545 5208 si
3578 5154 3825 5209 fideliter

2188 5249 2528 5305 voluerimus
2579 5250 2830 5317 obedire,
2899 5249 3179 5304 custodiet
3244 5248 3518 5303 Dominus
3584 5264 3825 5319 corpora

2189 5349 2385 5398 nostra
2425 5346 2481 5398 et
2507 5343 2724 5397 animas
2758 5345 2977 5397 nostras
3021 5343 3078 5397 in
3105 5343 3195 5398 die
3226 5360 3338 5414 qua
3383 5342 3711 5397 redditurus
3741 5348 3827 5397 est

2187 5438 2497 5508 unicuique
2540 5437 2707 5506 juxta
2745 5453 2917 5507 opera
2960 5453 3083 5490 sua.
3121 5437 3175 5491 Si
3226 5436 3352 5507 quis
3407 5453 3538 5490 sane
3594 5435 3826 5490 inﬂatus

2188 5537 2379 5585 mente
2427 5528 2615 5584 carnis
2646 5546 2761 5584 sum
2789 5530 2858 5583 ab
2888 5530 2997 5585 hac
3032 5530 3255 5585 ratione
3300 5530 3542 5584 voluerit
3569 5530 3822 5600 evagari,

2190 5624 2328 5678 sciat
2366 5640 2423 5677 se
2452 5628 2507 5677 et
2551 5639 2584 5675 a
2612 5628 2802 5677 nostra
2843 5624 3248 5679 communione
3290 5624 3596 5691 seclusum,
3637 5627 3691 5677 et
3723 5640 3822 5693 ge-

2189 5718 2395 5771 hennae
2444 5732 2636 5788 poenas
2690 5717 3046 5773 habiturum.
3102 5719 3382 5772 Praeterea
3437 5716 3827 5771 misericordia

2190 5828 2321 5865 cum
2340 5810 2556 5882 judicio
2582 5827 2701 5866 esse
2730 5811 2918 5881 debet,
2948 5811 3159 5866 talibus
3189 5811 3342 5867 enim
3371 5815 3596 5883 oportet
3627 5810 3824 5864 laben-

2192 5904 2341 5961 tibus
2389 5921 2626 5961 manum
2675 5904 2992 5980 porrigere,
3042 5904 3138 5978 qui
3196 5905 3275 5961 sic
3329 5908 3653 5963 currentem
3708 5920 3826 5960 non
