4032 6296
171 402 278 457 689

1397 407 1866 465 DECRETALIUM
1905 410 2295 468 COLLECTIO.

3441 421 3544 476 690

173 511 521 581 pertrahant
551 513 610 568 in
639 513 885 569 ruinam.
915 516 1052 571 Data
1087 517 1302 586 Romae,
1333 517 1393 571 in
1425 516 1662 572 concilio
1690 517 1808 588 epi-
1831 529 1890 602 Α
1914 536 2026 573 non
2053 520 2222 589 Virgo
2255 521 2566 591 generavit,
2598 523 2785 594 potuit
2835 540 2974 596 ergo
3016 524 3186 596 Virgo
3225 525 3542 600 concipere,

171 620 481 675 scoporum
510 607 818 678 octoginta,
849 609 952 663 sub
1003 609 1094 664 die
1124 614 1318 664 octavo
1363 611 1492 665 ldus
1535 610 1806 677 Januarii,

167 703 300 767 post
352 701 710 757 consulatum
752 703 990 770 Arcadii,
1032 704 1290 775 Augusti,
1336 709 1392 758 et
1436 704 1701 759 Bautonis
1744 705 1808 759 IV

170 794 441 851 consulis.

352 915 505 975 Item,
533 917 1253 1044 rescriptumscpg’scoporum
1287 916 1361 970 ad
1389 916 1629 970 eumdem

890 1003 1126 1042 motum.

890 1003 1103 1042 metum
1113 1029 1126 1042 .

244 1076 622 1134 Dilectissimo
681 1081 916 1136 Domino
984 1081 1145 1136 fratri
1204 1081 1423 1146 Snucro,
1475 1083 1804 1147 AMBROSIUS,

170 1169 429 1239 SABINUS,
466 1173 782 1240 Bassmms,
816 1180 873 1230 et
901 1176 1108 1232 caeteri.

249 1267 708 1339 Recognovimus
728 1269 942 1324 litteras
959 1268 1243 1325 sanctitati
1268 1272 1382 1322 tuae
1404 1267 1543 1322 boni
1566 1266 1806 1338 pastoris

168 1365 461 1432 excubias,
483 1364 580 1436 qui
607 1363 910 1434 diligenter
934 1362 1300 1418 commissam
1320 1361 1422 1415 tibi
1441 1361 1676 1432 januam
1697 1376 1810 1415 ser-

167 1477 284 1525 ves,
298 1463 357 1514 et
374 1459 466 1530 pia
480 1457 859 1513 sollicitudine
877 1457 1099 1512 Christo
1113 1455 1253 1510 ovile
1271 1454 1555 1510 custodias
1575 1453 1804 1524 dignus,

167 1569 340 1624 quem
363 1569 496 1606 oves
515 1550 742 1606 Domini
764 1551 1002 1606 audiant
1022 1553 1080 1605 et
1107 1552 1435 1621 sequantur,
1454 1551 1510 1603 et
1525 1547 1655 1602 ideo
1673 1547 1807 1618 quia

164 1646 370 1700 novisti
400 1645 642 1700 oviculas
671 1645 898 1713 Christi,
926 1645 1088 1714 lupos
1115 1642 1284 1698 facile
1316 1640 1721 1713 deprehendis,
1751 1645 1807 1694 et

166 1738 418 1793 occurris
448 1737 604 1810 quasi
635 1737 903 1808 providus
924 1741 1112 1808 pastor
1142 1752 1212 1790 ne
1240 1734 1360 1789 istis
1386 1734 1666 1789 morsibus
1683 1748 1806 1804 per-

168 1833 317 1887 tidize
340 1849 456 1886 suae
475 1831 635 1886 ferali
655 1831 872 1885 ululatu
894 1829 1253 1885 Dominicum
1283 1829 1424 1884 ovile
1451 1828 1802 1898 dispergant,

1910 630 2025 667 non
2057 613 2241 683 potuit
2271 616 2438 686 Virgo
2479 632 2774 686 generare,
2804 634 2936 672 cum
2981 635 3210 690 semper
3238 626 3544 693 conceptus

1909 707 2210 778 praecedat,
2257 713 2457 778 partus
2513 715 2811 782 sequatur;
2861 712 2963 766 sed
3007 713 3052 766 si
3099 714 3370 770 doctrinis
3430 733 3544 771 non

1909 799 2157 855 creditur
2231 803 2613 873 sacerdotum,
2679 805 2941 860 credatur
3005 807 3246 862 oraculis
3312 808 3540 876 Christi,

1909 893 2177 948 credatur
2203 895 2439 950 monitis
2466 897 2799 967 angelorum
2827 899 3141 955 dicentium
3165 919 3178 956 :
3208 923 3235 951 «
3261 903 3400 967 Quia
3424 920 3540 958 non

1909 991 1995 1042 est
2034 987 2382 1059 impossibile
2426 991 2580 1061 apud
2628 991 2809 1046 Deum
2855 1009 3026 1050 omne
3051 995 3289 1050 verbum
3318 998 3468 1066 (Luc.
3500 1013 3538 1061 ι,

1907 1083 2016 1150 37),
2047 1103 2073 1131 »
2105 1082 2369 1136 credatur
2396 1084 2653 1154 symbolo
2681 1087 3095 1156 apostolorum,
3121 1089 3271 1160 quod
3299 1090 3542 1144 Ecclesia

1908 1176 2164 1229 Romana
2193 1175 2528 1231 intemerata
2555 1194 2781 1249 semper
2800 1181 3040 1236 custodit
3064 1187 3120 1236 et
3145 1187 3346 1238 servat.
3367 1183 3538 1238 Audi-

1907 1267 1984 1320 vit
2007 1268 2177 1322 Maria
2208 1285 2402 1323 vocem
2423 1270 2631 1340 angeli,
2663 1277 2721 1326 et
2747 1289 2875 1343 qum
2906 1273 3126 1329 dixerat
3151 1279 3282 1330 ante
3305 1293 3318 1330 :
3343 1295 3370 1328 ‹‹
3397 1276 3542 1341 Quo-

1906 1361 2079 1416 modo
2111 1363 2206 1415 Ilet
2238 1362 2426 1416 istud?
2459 1364 2641 1431 (Ibid.,
2671 1367 2757 1435 34)
2787 1387 2812 1414 ››
2844 1383 2960 1421 non
2986 1367 3098 1422 ﬁde
3150 1370 3539 1438 generationis

1908 1453 2282 1526 interrogans,
2313 1457 2606 1527 respondit
2646 1462 2846 1530 postea
2877 1477 2890 1514 :
2929 1479 2956 1512 (ί
3003 1463 3143 1516 Ecce
3180 1463 3381 1516 ancilla
3425 1465 3535 1518 Do-

1905 1547 2067 1616 mini,
2087 1549 2377 1620 contingat
2405 1551 2545 1605 mihi
2569 1552 2881 1607 secundum
2907 1554 3144 1609 verbum
3168 1558 3331 1610 tuum
3355 1556 3536 1626 (Ibid.,

1905 1641 2012 1710 38).
2046 1663 2072 1690 ››
2107 1644 2231 1696 Ηεεο
2258 1647 2343 1697 est
2376 1644 2543 1714 Virgo
2570 1662 2700 1716 quae
2743 1646 2803 1700 in
2855 1651 3014 1702 utero
3059 1648 3338 1720 concepit,
3366 1649 3537 1722 Virgo

1906 1752 2034 1804 quae
2060 1737 2280 1807 peperit
2309 1737 2512 1805 ﬁlium,
2547 1737 2623 1792 sic
2657 1739 2812 1794 enim
2859 1740 3135 1811 scriptum
3165 1747 3248 1796 est
3281 1760 3356 1796 :.«
3398 1744 3538 1798 Ecce

1905 1828 2076 1900 Virgo
2105 1829 2163 1882 in
2209 1834 2370 1884 utero
2411 1831 2714 1902 concipiet,
2745 1837 2801 1886 et
2846 1834 3027 1904 pariet
3074 1835 3253 1890 ﬁlium
3282 1836 3406 1905 (13a.
3439 1854 3538 1908 vn,

169 1926 470 1980 laudamus
494 1925 621 1992 hoc,
654 1924 885 1979 domine
923 1925 1102 1978 frater
1125 1923 1290 1978 nobis
1333 1921 1714 1988 dilectissime,
1745 1907 1877 1979 etB
1907 1907 2070 2004 lli),(»
2105 1939 2221 1977 non
2251 1923 2404 1977 enim
2457 1929 2862 1996 concepturam
2911 1929 3309 1984 tantummodo
3352 1930 3537 2001 Virgi-

168 2025 290 2073 toto
324 2019 682 2073 celebramus
720 2017 949 2072 affectu.
995 2019 1107 2072 Nec
1138 2017 1414 2071 miramur
1448 2015 1491 2068 si
1533 2016 1800 2085 luporum

165 2113 388 2167 rabiem
420 2130 556 2183 grex
601 2111 825 2166 Domini
865 2111 1214 2182 perhorruit,
1246 2110 1306 2164 in
1353 2109 1558 2181 quibus
1595 2108 1800 2162 Christi

163 2223 363 2261 vocem
394 2223 512 2261 non
543 2205 888 2277 recognovit.
926 2205 1180 2276 Agrestis
1221 2203 1373 2259 enim
1428 2203 1674 2257 ululatus
1717 2206 1801 2256 est

168 2301 388 2356 nullam
417 2300 760 2372 virginitatis
793 2299 1055 2371 gratiam,
1083 2297 1306 2352 nullum
1337 2295 1605 2351 castitatis
1649 2294 1798 2350 ordi-

169 2411 303 2448 nem
346 2410 657 2461 reservare,
689 2394 1006 2465 promiscue
1038 2392 1234 2446 omnia
1258 2391 1398 2444 velle
1428 2389 1796 2458 confundere,

170 2489 528 2543 diversorum
559 2488 766 2558 gradus
791 2487 1088 2558 abrogare,
1114 2485 1452 2539 meritorum
1482 2486 1539 2537 et
1563 2498 1800 2554 pauper-

169 2585 343 2636 tatem
375 2581 688 2652 quamdam
711 2579 1023 2635 ccelestium
1069 2576 1600 2633 remunerationum
1628 2576 1796 2630 indu-

167 2692 314 2742 cere,
347 2675 509 2746 quasi
534 2675 754 2731 Christo
786 2690 899 2728 una
929 2674 999 2728 sit
1030 2674 1220 2744 palma
1268 2687 1440 2743 quam
1484 2669 1702 2738 tribuit,
1735 2686 1797 2723 ac

171 2787 284 2824 non
316 2768 548 2840 plurimi
577 2768 872 2823 abundent
914 2767 1064 2821 tituli
1103 2764 1492 2837 prmmiorum,
1528 2763 1800 2818 simulant

170 2881 226 2917 se
254 2863 350 2918 isti
386 2880 502 2916 non
548 2863 762 2916 donare
809 2860 1091 2931 conjugio,
1123 2859 1221 2914 sed
1263 2875 1389 2930 quae
1441 2861 1627 2929 potest
1673 2857 1799 2910 laus

169 2975 293 3011 esse
320 2957 596 3028 conjugii,
625 2955 669 3009 si
702 2955 856 3009 nulla
887 2953 1226 3025 virginitatis
1254 2957 1339 3008 est
1365 2952 1586 3023 gloria?
1611 2967 1796 3022 neque

169 3068 302 3106 vero
362 3068 467 3105 nos
523 3066 804 3121 negamus
852 3048 1260 3103 sanctiﬁcatum
1315 3065 1349 3101 a
1403 3044 1622 3102 Christo
1677 3061 1798 3100 esse

168 3144 526 3216 conjugium,
558 3143 748 3198 divina
789 3159 921 3197 voce
954 3142 1215 3196 dicente:
1250 3163 1276 3190 «
1306 3142 1487 3194 Erunt
1529 3138 1695 3193 ambo
1739 3138 1799 3192 in

170 3255 283 3293 una
329 3255 498 3292 carne
545 3239 689 3307 (Gen.
732 3252 791 3302 ιι,
818 3236 927 3305 24),
965 3257 991 3282 n
1046 3240 1102 3289 et
1147 3234 1205 3288 in
1249 3250 1366 3288 uno
1424 3232 1647 3304 spiritu,
1701 3231 1873 3348 sedC

241 3333 250 3342 -
440 3336 451 3348 ι
622 3347 627 3348 ,
659 3331 674 3348 ι
726 3347 749 3348 η
772 3330 834 3348 ιι·
889 3346 1075 3348 ---λ---,ᾼ
1161 3344 1320 3348 ___--__
1394 3326 1536 3348 μ.--]
1591 3325 1768 3348 -[ι³--ΔΞ

165 3333 326 3404 prius
374 3336 480 3397 est,
529 3331 679 3402 quod
722 3330 838 3384 nati
884 3346 1098 3394 sumus,
1153 3344 1328 3399 quam
1387 3326 1540 3397 quod
1586 3325 1792 3393 effecti,

165 3427 460 3497 multoque
475 3424 834 3496 praestantius
860 3422 1032 3477 divini
1059 3421 1245 3492 operis
1266 3419 1601 3491 mysterium
1623 3435 1797 3490 quam

167 3521 436 3574 humanae
465 3517 789 3589 fragilitatis
829 3516 1164 3571 remedium.
1194 3516 1325 3570 Jure
1353 3513 1619 3566 laudatur
1647 3512 1798 3565 bona

168 3630 332 3680 uxor,
361 3613 461 3667 sed
504 3611 704 3666 melius
751 3611 843 3682 pia
871 3610 1031 3681 virgo
1075 3609 1395 3680 praefertur,
1425 3606 1644 3661 dicente
1686 3605 1790 3659 Do-

166 3707 366 3761 mino:
404 3728 430 3756 «
461 3705 570 3770 Qui
603 3705 798 3776 jungit
838 3704 1118 3775 virginem
1167 3718 1326 3756 suam
1361 3701 1508 3754 bene
1556 3699 1714 3766 facit,
1741 3702 1797 3753 et

167 3803 264 3872 qui
310 3817 428 3854 non
469 3799 665 3871 jungit
708 3799 910 3854 melius
952 3798 1086 3852 facit
1114 3797 1156 3862 (1
1183 3799 1303 3855 Cor.
1336 3811 1431 3859 vn,
1461 3797 1568 3861 38).
1602 3814 1628 3842 »
1669 3795 1796 3872 l‘lzec

167 3856 321 3949 enim
365 3856 741 3965 cogitatuquae
787 3893 880 3947 Dei
939 3895 1089 3959 sunt,
1119 3856 1213 3944 illa
1257 3906 1384 3961 quae
1420 3856 1798 3982 imundi;'illa

166 3988 559 4059 conjugalibus
599 3987 836 4041 vinculis
881 3986 1144 4056 colligata
1172 3987 1274 4051 est,
1303 3985 1422 4037 haec
1467 3982 1646 4036 libera
1674 3981 1796 4034 vin-

168 4084 463 4151 culorum;
494 4080 587 4134 illa
611 4081 712 4134 sub
739 4081 884 4150 lege,
919 4079 1019 4132 ista
1047 4079 1148 4132 sub
1176 4077 1374 4148 gratia.
1411 4077 1627 4130 Bonum
1662 4090 1797 4128 con-

158 4177 391 4246 jugium
458 4191 571 4246 quo
633 4179 716 4228 est
777 4175 1008 4227 inventa
1062 4171 1355 4243 posteritas
1431 4167 1799 4223 successionis

169 4272 459 4336 humanae,
501 4269 597 4322 sed
645 4268 847 4322 melior
896 4265 1215 4335 virginitas,
1265 4280 1366 4334 per
1413 4280 1585 4334 quam
1636 4261 1796 4331 regni

168 4364 408 4419 caelestis
447 4360 753 4416 hzereditas
797 4344 1068 4432 acquisita
1112 4365 1167 4413 et
1209 4357 1521 4412 caelestium
1566 4355 1795 4409 merito-

167 4475 292 4511 rum
322 4460 549 4526 reperta
591 4453 889 4519 successio,
921 4470 1024 4524 per
1051 4451 1349 4506 mulierem
1393 4466 1529 4504 cura
1579 4463 1796 4502 succes-

168 4553 256 4618 sit,
310 4567 414 4622 per
455 4547 744 4619 Virginem
794 4548 944 4601 salus
990 4546 1196 4600 evenit.
1249 4543 1505 4614 Denique
1555 4542 1799 4612 speciale

1905 2031 2054 2080 nem,
2088 2016 2186 2070 sed
2218 2022 2272 2070 et
2300 2017 2613 2088 parituram
2648 2019 2936 2090 Virginem
2971 2021 3133 2076 dixit.
3166 2024 3302 2085 Quae
3347 2028 3538 2078 autem

1902 2112 1988 2161 est
2035 2108 2135 2162 illa
2180 2116 2346 2179 porta
2391 2112 2641 2166 exterior
2689 2113 2762 2166 ad
2817 2114 3105 2169 Orientem
3158 2133 3284 2186 qua:
3339 2121 3539 2170 manet

1899 2201 2108 2271 clausa,
2142 2206 2197 2256 et
2244 2219 2434 2271 nemo,
2465 2204 2667 2277 inquit,
2701 2208 3064 2278 pertransivit
3117 2226 3221 2280 per
3258 2226 3407 2277 eam,
3437 2211 3537 2264 sed

1900 2295 2050 2348 solus
2071 2296 2217 2349 Deus
2239 2297 2409 2351 Israel
2434 2297 2697 2354 transivit
2718 2317 2822 2371 per
2847 2317 2972 2355 eam
2995 2301 3209 2372 (Ezech.
3235 2320 3379 2371 XLIV,
3404 2320 3441 2368 ι,
3459 2304 3534 2372 2),

1901 2405 2087 2442 nonne
2118 2389 2240 2442 haec
2267 2393 2430 2460 porta
2456 2392 2626 2446 Maria
2658 2398 2761 2462 est,
2787 2411 2888 2464 per
2911 2412 3084 2466 quam
3111 2395 3169 2450 in
3196 2397 3348 2450 hunc
3377 2413 3538 2451 mun-

1899 2483 2034 2536 dum
2080 2483 2428 2554 Redemptor
2458 2485 2727 2540 intravit?
2763 2489 2888 2541 Htec
2933 2492 3018 2542 est
3062 2492 3228 2560 porta
3268 2491 3531 2560 justitiaa,

1899 2576 2043 2629 sicut
2070 2576 2188 2646 ipse
2207 2575 2377 2631 dixit:
2407 2599 2434 2626 «
2457 2578 2592 2632 Sine
2620 2595 2724 2633 nos
2745 2581 2982 2652 implere
3006 2599 3235 2637 omnem
3249 2583 3534 2653 justitiam

1900 2670 2113 2740 (Matth.
2148 2686 2226 2738 ιιι,
2264 2674 2366 2740 lii).
2399 2692 2425 2719 »
2457 2673 2582 2726 Hmc
2616 2676 2776 2742 porta
2805 2681 2888 2729 est
2934 2675 3102 2729 Maria
3134 2676 3205 2730 de
3236 2694 3350 2748 qua
3393 2678 3529 2731 scri-

1897 2766 2058 2832 ptum
2086 2767 2171 2818 est
2203 2781 2215 2818 :
2244 2764 2386 2828 Quia
2432 2766 2705 2821 Dominus
2753 2769 3113 2838 pertransivit
3155 2787 3305 2837 eam,
3339 2774 3396 2825 et
3425 2771 3534 2825 erit

1897 2857 2086 2910 clausa
2115 2862 2244 2927 post
2267 2862 2518 2928 partum,
2550 2859 2682 2930 quia
2712 2860 2879 2932 Virgo
2912 2867 2969 2916 et
2995 2862 3253 2934 concepit
3281 2867 3337 2917 et
3362 2881 3535 2935 pepe-

1898 2950 1988 3003 rit.
2025 2949 2174 3014 Quid
2198 2955 2390 3005 autem
2416 2951 2770 3020 incredibile,
2795 2955 2839 3008 si
2868 2959 3066 3010 contra
3096 2972 3264 3010 usum
3294 2957 3533 3027 originis

1897 3043 2170 3097 naturalis
2197 3045 2420 3115 peperit
2443 3045 2637 3113 Maria,
2669 3051 2726 3102 et
2749 3048 2921 3118 Virgo
2951 3053 3270 3119 permanet,
3302 3051 3530 3121 quando

1898 3142 2096 3191 contra
2124 3154 2294 3192 usum
2323 3143 2542 3193 naturae
2574 3162 2600 3188 «
2632 3157 2792 3195 mare
2822 3141 2966 3196 vidit
2993 3147 3049 3197 et
3079 3143 3248 3214 fugit,
3272 3148 3441 3214 atque
3473 3144 3534 3198 in

1899 3231 2114 3284 fontem
2137 3248 2300 3286 suum
2319 3232 2576 3286 Iordanis
2599 3233 2815 3288 fluenta
2844 3240 3176 3290 remearunt
3193 3238 3357 3304 (Psal.
3380 3255 3532 3305 cxIn,

1900 3324 1971 3393 3).
2007 3343 2034 3374 »
2079 3325 2200 3378 Non
2241 3342 2377 3395 ergo
2419 3327 2640 3381 excedit
2677 3329 2844 3382 ﬁdem
2887 3329 3038 3398 quod
3077 3330 3250 3400 Virgo
3291 3331 3532 3401 peperit,

1900 3417 2131 3487 quando
2151 3418 2416 3488 legimus,
2432 3420 2581 3490 quod
2599 3424 2761 3492 petra
2775 3421 2989 3475 vomuit
3010 3439 3202 3493 aquas,
3224 3427 3280 3477 et
3301 3424 3356 3477 in
3381 3426 3532 3479 muri

1899 3509 2144 3581 speciem
2175 3511 2350 3564 maris
2377 3512 2534 3566 unda
2561 3513 2803 3568 solidata
2831 3518 2944 3580 est;
2976 3532 3090 3570 non
3119 3515 3339 3570 excedit
3359 3515 3533 3571 ﬁdem

1897 3603 2050 3674 quod
2076 3604 2248 3658 homo
2273 3603 2441 3658 exivit
2467 3605 2536 3659 de
2565 3605 2814 3676 Virgine,
2848 3608 3077 3678 quando
3105 3613 3271 3679 petra
3317 3610 3534 3664 fontem

1898 3697 2184 3768 proﬂuum
2210 3698 2517 3766 scaturivit,
2537 3699 2752 3773 ferrum
2777 3718 2948 3772 super
2963 3718 3140 3773 aquas
3161 3702 3396 3769 natavit,
3419 3720 3537 3758 am-

1897 3790 2110 3845 bulavit
2143 3791 2318 3846 homo
2349 3809 2520 3863 super
2542 3768 2917 3880 aqilas.(Ergo
2965 3768 3034 3850 si—
3053 3795 3348 3850 hominem
3377 3768 3535 3852 unda

1899 3885 2158 3955 portavit,
2218 3901 2330 3939 non
2391 3886 2574 3956 potuit
2628 3887 2928 3943 hominem
2985 3889 3157 3961 Virgo
3209 3891 3534 3961 generare?

1898 3982 1966 4032 At
1987 3995 2157 4048 quem
2187 3978 2526 4034 hominem?
2553 3980 2623 4034 de
2645 3998 2760 4052 quo
2788 3983 3064 4053 legimus:
3089 4006 3115 4032 ‹‹
3141 3986 3207 4039 Et
3233 3985 3408 4040 mittit
3431 3985 3538 4040 illis

1898 4072 2168 4126 Dominus
2211 4073 2510 4128 hominem
2555 4075 2651 4145 qui
2691 4075 2869 4130 salvos
2914 4077 3079 4132 faciet
3126 4095 3243 4146 eos,
3276 4084 3331 4134 et
3372 4083 3538 4134 notus

1899 4165 2005 4220 erit
2031 4165 2302 4220 Dominus
2331 4167 2604 4237 Egyptiis
2634 4168 2759 4236 (Isa.
2794 4186 2908 4236 xxx,
2943 4173 3029 4238 20,
3058 4174 3167 4241 21).
3198 4191 3225 4223 »
3258 4174 3319 4226 In
3351 4174 3537 4227 Veteri

1899 4259 2091 4329 itaque
2157 4260 2513 4314 Testamento
2577 4260 2736 4331 virga
2805 4263 3170 4318 Hebraeorum
3223 4282 3325 4336 per
3378 4283 3537 4320 mare

1898 4352 2055 4404 duxit
2094 4351 2428 4406 exercitum.
2478 4354 2537 4406 ln
2586 4355 2740 4409 Novo
2785 4357 3146 4412 Testamento
3172 4358 3344 4428 Virgo
3387 4359 3537 4430 regis

1897 4444 2023 4497 aula
2076 4444 2314 4498 caelestis
2361 4445 2537 4500 electa
2584 4451 2669 4501 est
2712 4447 2785 4502 ad
2830 4449 3090 4504 salutem.
3146 4451 3292 4515 Quid
3341 4456 3533 4506 autem

1900 4538 2070 4591 etiam
2128 4537 2414 4592 viduitatis
2491 4542 2810 4594 attexamus
2897 4543 3202 4613 praeconia,
3271 4561 3400 4598 cum
3479 4546 3535 4599 in

168 4645 272 4698 sibi
300 4644 517 4699 donum
543 4642 850 4714 virginitati
878 4640 1132 4695 Christus
1159 4638 1351 4708 elegit,
1377 4641 1432 4692 et
1451 4635 1800 4706 integritatis
1821 4645 1878 4716 D
1904 4631 2228 4702 Evangelio,
2285 4637 2410 4700 post
2473 4632 2720 4703 Virginis
2785 4635 3220 4691 celeberrimum
3283 4641 3536 4708 partum,

169 4755 381 4792 munus
435 4735 710 4824 exhibuit,
753 4740 919 4805 atque
964 4735 1023 4788 in
1070 4751 1129 4786 se
1178 4729 1606 4802 repraesentavit
1647 4728 1802 4799 quod

170 4831 343 4903 elegit
374 4831 432 4884 in
462 4823 676 4904 matre.)~
695 4829 918 4893 Quanta
942 4826 1189 4881 amentia
1212 4825 1566 4879 funestorum
1597 4823 1804 4876 latran-

173 4927 336 4994 tium,
364 4927 431 4978 ut
467 4924 639 4977 iidem
667 4915 938 4976 'dicerent
985 4919 1272 4975 Christum
1316 4933 1384 4971 ex
1413 4915 1633 4986 virgine
1685 4931 1801 4968 non

170 5019 414 5090 potuisse
465 5015 745 5088 generari,
785 5016 881 5087 qui
932 5017 1190 5068 asserunt
1236 5028 1304 5065 ex
1354 5009 1594 5064 muliere
1638 5008 1804 5063 editis

173 5111 439 5167 humanis
466 5110 720 5181 partibus
750 5109 995 5179 virgines
1018 5121 1381 5180 permanere.
1406 5103 1545 5158 Aliis
1571 5105 1805 5174 praestat

173 5223 309 5276 ergo
339 5205 596 5261 Christus
615 5203 764 5274 quod
793 5203 897 5256 sibi
927 5202 1123 5256 dicunt
1146 5203 1419 5272 praestare
1454 5214 1570 5252 non
1597 5196 1799 5267 potuit,

174 5301 263 5354 ille
293 5315 432 5354 vero
476 5313 702 5352 carnem
754 5297 831 5350 sic
878 5295 1144 5366 suscepit,
1178 5297 1233 5347 et
1281 5293 1358 5346 sic
1405 5292 1575 5345 homo
1624 5290 1804 5344 factus

173 5399 272 5458 est,
307 5415 334 5441 ››
363 5395 430 5446 ut
454 5391 747 5445 hominem
795 5389 1124 5457 redimeret,
1155 5391 1325 5458 atque
1355 5403 1387 5439 a
1414 5388 1599 5438 morte
1639 5399 1801 5436 revo-

172 5493 345 5556 caret,
377 5485 614 5539 invitato
639 5489 834 5538 tamen
863 5482 1023 5554 quasi
1057 5483 1202 5536 Deus
1227 5495 1466 5556 munere
1490 5477 1641 5531 venit
1666 5476 1806 5529 inte-

171 5581 298 5649 rim,
353 5583 415 5633 ut
463 5577 950 5649 quemadmodum
1000 5576 1218 5630 dixerat
1269 5541 1296 5630 ί
1335 5594 1362 5622 ‹‹
1410 5573 1546 5626 Ecce
1601 5569 1805 5624 faciam

175 5673 365 5728 omnia
428 5688 575 5726 nova
631 5672 815 5742 (Apoc.
848 5687 959 5736 χχι,
1002 5671 1073 5736 5),
1124 5687 1152 5719 »
1204 5672 1370 5738 partu
1428 5663 1805 5719 immaculata!

175 5766 416 5837 Virginis
439 5771 787 5832 nasceretur,
820 5771 877 5819 et
921 5765 1064 5818 sicut
1109 5761 1381 5832 scriptum
1411 5765 1514 5828 est,
1547 5757 1801 5812 credere-

179 5864 265 5914 tur
308 5861 582 5914 nobiscum
627 5863 764 5914 Deus
810 5858 939 5922 (Isa.
986 5873 1080 5922 vn,
1130 5857 1232 5913 l4).
1267 5853 1372 5907 Sed
1420 5853 1489 5906 de
1539 5851 1626 5904 via
1673 5865 1804 5920 per-

177 5954 453 6009 versitatis
514 5953 830 6027 produntur
881 5951 1068 6007 dicere
1118 5968 1130 6006 :
1180 5948 1346 6020 Virgo
1395 5943 1677 6018 concepit,
1711 5942 1806 5999 sed

1902 4727 2062 4778 Anna
2087 4724 2253 4778 vidua
2278 4725 2639 4796 subrogetur,
2671 4743 2796 4798 quae
2846 4729 3062 4784 vixerat
3109 4747 3239 4784 cum
3277 4731 3396 4785 viro
3434 4749 3535 4786 suo

1901 4817 2064 4871 annis
2132 4823 2348 4889 septem
2407 4835 2440 4872 a
2489 4818 2813 4890 virginitate
2878 4839 2995 4882 sua.
3063 4827 3120 4876 et
3184 4825 3304 4878 haec
3349 4825 3538 4880 ‘vidua

1904 4910 2070 4964 annis
2095 4911 2181 4966 84.
2221 4932 2247 4960 ‹‹
2275 4912 2411 4976 Quae
2440 4927 2556 4966 non
2583 4913 2905 4970 discedebat
2929 4933 2962 4969 a
2988 4918 3200 4988 templo
3219 4917 3458 4989 jejuniis
3484 4925 3540 4974 et

1906 5004 2388 5059 obsecrationibus
2417 5005 2661 5061 serviens
2691 5007 2782 5062 die
2805 5025 2868 5062 ac
2890 5013 3053 5064 nocte
3069 5011 3096 5064 ?
3119 5011 3264 5080 (Luc.
3294 5028 3353 5080 ιι,
3376 5013 3484 5084 36.)
3509 5033 3537 5064 ι)

1903 5098 2098 5153 Merito
2126 5097 2196 5152 ab
2227 5097 2337 5152 illis
2367 5097 2612 5153 viduitas
2653 5100 2981 5172 despicitur,
3013 5119 3142 5175 quin
3174 5105 3315 5160 solet
3342 5106 3537 5162 obser-

1903 5208 2031 5246 vare
2063 5191 2305 5262 jejunia,
2334 5192 2540 5263 quibus
2567 5211 2626 5248 se
2658 5193 2856 5250 dolent
2902 5195 2990 5250 isti
3037 5197 3226 5270 aliquo
3280 5202 3542 5272 tempore

1904 5301 2022 5339 esse
2053 5290 2390 5354 maceratos,
2425 5291 2481 5341 et
2527 5288 2817 5359 propriam
2863 5290 3207 5348 ulciscuntur
3246 5293 3539 5365 injuriam,

1904 5377 2364 5448 quotidianisque
2411 5381 2700 5448 conviviis,
2744 5399 2964 5455 usuque
3009 5385 3247 5441 luxuriae
3285 5386 3539 5443 laborem

1904 5469 2261 5525 abstinentiae
2290 5473 2620 5542 propulsare
2649 5475 2991 5546 desiderant,
3021 5479 3116 5551 qui
3159 5480 3302 5534 nihil
3332 5481 3539 5535 rectius

1905 5563 2121 5618 faciunt
2151 5578 2322 5632 quam
2348 5564 2501 5634 quod
2531 5565 2637 5637 ipsi
2669 5584 2728 5623 se
2755 5587 2856 5624 suo
2885 5587 2983 5626 ore
3015 5573 3415 5640 condemnent,
3439 5573 3537 5626 sed

1904 5659 2089 5712 Deum
2119 5659 2383 5710 metuunt
2405 5673 2478 5711 ne
2504 5657 2562 5712 in
2593 5659 2714 5714 istis
2745 5662 2879 5717 illud
2901 5665 3188 5735 jejunium
3215 5668 3533 5734 reputetur.

1906 5750 2132 5822 Eligant
2158 5749 2312 5820 quod
2341 5750 2554 5821 volunt,
2585 5752 2629 5807 si
2658 5755 2971 5827 aliquando
3001 5757 3402 5828 jejunaverint,
3437 5775 3537 5831 ge-

1907 5850 2033 5898 rant
2065 5860 2202 5913 ergo
2236 5843 2368 5897 boni
2404 5845 2534 5900 facti
2564 5847 2648 5902 sui
2682 5849 3096 5918 pcenitentiam.
3128 5850 3184 5904 Si
3223 5867 3535 5923 nunquam,

1907 5954 2069 5995 suam
2097 5953 2233 6010 ergo
2261 5937 2368 6013 ipsi
2397 5937 2904 6014 intemperantiam
2940 5945 3019 6014 et,
3035 5942 3318 5999 luxuriam
3363 5947 3536 6004 conﬁ-
