4034 6306
491 364 583 420 691

1380 368 1663 423 ΑΡΡΕΝῙ).
1706 369 1792 423 ΑΙ)
1830 368 1991 422 SAEC.
2032 366 2121 421 IX.
2151 396 2219 404 --
2259 366 2504 422 lSlDORl
2541 366 2964 423 MERCATORIS

3751 368 3857 422 692

491 475 737 544 tuantur,
768 477 827 529 et
853 475 978 530 ideo
1006 475 1202 530 dicunt
1232 476 1467 530 Paulum
1502 476 1741 530 luxuriae
1770 475 2114 547 magistrum
2136 487 2197 560 Α
2217 474 2463 529 amentia
2481 473 2527 527 si
2556 474 2772 528 venisse
2807 490 2919 527 non
2948 472 3215 542 creditur,
3247 489 3349 527 nec
3377 488 3616 526 carnem
3665 472 3854 527 credi-

489 566 680 622 fuisse.
722 572 791 624 At
820 569 946 639 quis
992 568 1061 623 sit
1104 568 1417 624 sobrietatis
1467 570 1756 640 magister,
1786 570 1832 623 si
1871 569 1978 624 fuit
2020 569 2116 623 ille

490 660 745 727 luxuriae,
778 662 875 732 qui
904 662 1194 732 castigavit
1235 680 1439 734 corpus
1484 680 1669 731 suum,
1705 667 1761 716 et
1792 663 1850 717 in
1876 663 2114 717 servitu-

490 758 607 808 tem
655 754 875 825 redegit
919 756 964 826 (Ι
1012 759 1130 814 Cor.
1173 772 1246 823 1x,
1286 760 1394 826 27),
1428 760 1597 828 atque
1634 756 1870 827 jejuniis
1926 757 2118 811 multis

491 863 549 899 se
572 846 822 902 debitam
850 849 1071 904 Christo
1101 850 1515 905 observantiam
1541 850 1809 905 detulisse
1842 867 2118 906 memora-

487 939 608 993 vit?
646 956 761 994 non
805 945 868 995 ut
910 958 967 996 se
1007 958 1220 1014 suaque
1265 944 1541 1012 laudaret,
1571 943 1671 997 sed
1714 947 1779 997 ut
1824 960 1930 998 nos
1983 944 2117 1015 quid

489 1049 855 1108 sequeremur
888 1035 1130 1090 doceret.
1158 1037 1254 1090 Ille
1285 1053 1424 1108 ergo
1462 1037 1748 1091 luxuriam
1783 1037 1991 1105 docuit,
2020 1037 2113 1108 qui

488 1097 616 1191 ειη-εξ
643 1127 750 1191 Qui
776 1129 959 1184 adhuc
986 1130 1140 1185 velut
1166 1097 1415 1186 viventes
1443 1130 1511 1185 de
1542 1131 1648 1185 hoc
1672 1130 1889 1185 mundo
1927 1097 2119 1185 decer-

489 1176 639 1292 uitii,
670 1238 739 1275 ne
766 1223 1093 1293 tetigeritis,
1127 1241 1198 1279 ne
1243 1224 1732 1292 attaminaveritis,
1763 1241 1834 1279 ne
1865 1228 2118 1296 gustave-

489 1312 610 1367 ritis
634 1332 759 1385 quae
801 1319 932 1369 sunt
962 1317 1239 1371 omniain
1269 1319 1673 1390 corruptelam;
1706 1319 1804 1389 qui
1842 1319 1919 1373 ait
1948 1335 1959 1372 :
1994 1320 2118 1374 Non

486 1406 847 1479 indulgentia
878 1410 1149 1480 corporis,
1173 1427 1291 1466 non
1317 1411 1376 1465 in
1404 1412 1620 1466 honore
1648 1411 1838 1482 aliquo
1864 1413 1935 1468 ad
1964 1417 2115 1467 satu-

488 1501 717 1556 ritatem
739 1507 795 1557 et
815 1502 1171 1574 diligentiam
1204 1505 1404 1573 carnis,
1430 1522 1548 1559 non
1570 1504 1628 1559 in
1648 1505 1942 1561 desideriis
1967 1522 2121 1561 erro-

487 1593 586 1663 ris,
616 1594 715 1650 sed
747 1594 804 1650 in
837 1597 1037 1668 spiritu
1085 1614 1197 1668 quo
1244 1614 1587 1653 renovamur
1617 1615 1733 1653 esse
1770 1599 2117 1654 vivendum?

490 1688 544 1742 Si
590 1704 793 1759 parum
839 1695 923 1744 est
965 1691 1118 1762 quod
1167 1692 1468 1762 Apostolus
1520 1692 1677 1761 dixit,
1706 1693 1943 1747 audiant
1984 1711 2114 1764 pro-

488 1781 719 1850 phetam
747 1783 1032 1838 dicentem
1061 1801 1072 1838 :
1107 1806 1133 1834 «
1157 1786 1224 1838 Et
1250 1785 1517 1856 cooperui
1538 1784 1598 1839 in
1621 1784 1840 1856 jejunio
1869 1786 2116 1841 animam

2216 570 2311 621 tur
2352 567 2703 638 suscepisse?
2737 568 2885 638 Ergo
2933 567 2991 621 in
3038 567 3437 639 phantasmate
3465 567 3619 621 visus
3660 572 3765 635 est,
3798 566 3860 620 in

2216 662 2610 732 phantasmate
2658 661 2955 715 crucifixus
3001 665 3104 730 est,
3135 660 3193 714 in
3234 660 3472 716 veritate
3502 660 3861 731 Redemptor

2219 759 2302 809 est
2338 757 2545 808 noster.
2578 754 2913 809 Manichacus
2962 757 3045 808 est
3092 754 3192 826 qui
3235 754 3483 824 abnegat
3526 753 3856 819 veritatem,

2218 847 2315 919 qui
2365 864 2600 902 carnem
2659 848 2865 903 Christi
2930 851 3121 918 negat,
3167 852 3224 901 et
3268 847 3390 901 ideo
3433 864 3551 901 non
3601 847 3715 901 illis
3766 862 3855 900 re-

2218 941 2411 995 missio
2472 946 2870 1012 peccatorum,
2922 942 3019 995 sed
3085 940 3350 1012 impietas
3409 940 3859 995 Manichaeorum

2217 1052 2390 1107 quam
2420 1040 2474 1089 et
2502 1035 2981 1090 clementissimus
3021 1038 3343 1089 exsecratus
3386 1037 3473 1088 est
3514 1035 3855 1105 imperator,

2218 1134 2273 1183 et
2299 1145 2497 1183 omnes
2526 1128 2626 1200 qui
2657 1128 2778 1183 illos
2806 1129 3071 1183 viderunt
3096 1126 3255 1199 quasi
3283 1127 3552 1199 quaedam
3582 1127 3859 1199 contagia

2219 1222 2574 1293 refugerunt,
2606 1222 2752 1276 sicut
2780 1226 2951 1276 testes
2977 1225 3109 1275 sunt
3138 1221 3362 1289 fratres,
3393 1225 3448 1275 et
3484 1221 3857 1291 compresby-

2219 1315 2321 1370 teri
2354 1316 2534 1369 nostri
2563 1317 2852 1382 Crescens,
2884 1314 3230 1386 Leopardus,
3259 1318 3315 1369 et
3359 1314 3683 1368 Alexander
3727 1331 3856 1368 san-

2219 1413 2307 1462 cto
2337 1409 2641 1464 servientes
2668 1408 2889 1480 spiritu,
2924 1408 3024 1479 qui
3055 1425 3152 1462 eos
3180 1407 3440 1462 omnium
3465 1408 3862 1463 exsecratione

2218 1503 2518 1558 damnatos
2560 1502 2954 1557 Mediolanensi
3000 1518 3063 1556 ex
3095 1502 3233 1557 urbe
3276 1501 3549 1573 profugos
3602 1501 3855 1572 relique-

2217 1600 2372 1650 runt.
2391 1597 2584 1668 Itaque
2600 1595 2973 1662 Iovinianum,
2996 1595 3351 1663 Ausentium,
3371 1595 3857 1663 Germinatorem,

2218 1689 2482 1756 Felicem,
2527 1689 2835 1755 Plotinum,
2876 1689 3193 1759 Genialem,
3236 1688 3592 1757 Martianum,
3640 1691 3857 1743 Janua~

2218 1783 2388 1852 rium,
2430 1788 2486 1837 et
2535 1782 2852 1852 Ingenium,
2903 1799 3043 1854 quos
3096 1782 3357 1837 sanctitas
3404 1786 3500 1837 tua
3541 1782 3857 1847 damnavit,

491 1890 683 1929 meam
709 1877 875 1946 (Psal.
900 1878 1109 1947 vaul).
1133 1896 1160 1929 »
1184 1879 1332 1949 Ergo
1356 1878 1451 1949 qui
1473 1895 1589 1932 non
1604 1879 1850 1950 jejunat,
1874 1860 2194 1935 intectusB
2220 1876 2361 1931 scias
2406 1877 2558 1947 apud
2600 1892 2701 1930 nos
2732 1893 2957 1947 quoque
3004 1876 3314 1931 secundum
3352 1875 3635 1947 judicium
3691 1879 3860 1930 tuum

489 1973 544 2022 et
579 1970 763 2024 nudus
811 1974 914 2038 est,
946 1975 1105 2041 patet
1155 1972 1395 2027 vulneri.
1451 1972 1703 2044 Denique
1749 1973 1794 2026 si
1848 1973 2020 2029 Adam
2059 1991 2118 2029 se

488 2062 717 2117 texisset
737 2062 795 2117 in
814 2064 1054 2135 jejunio,
1084 2081 1197 2119 non
1222 2066 1420 2120 fuisset
1439 2066 1626 2120 nudus
1648 2065 1898 2135 effectus,
1922 2067 2117 2121 Ninive

488 2172 547 2208 se
586 2172 619 2209 a
662 2160 846 2211 morte
884 2158 1104 2228 jejunio
1154 2158 1413 2213 liberavit
1444 2162 1577 2225 (Jan.
1627 2160 1873 2229 111,5-9),
1903 2165 1958 2213 et
1998 2160 2118 2231 ipse

486 2249 759 2303 Dominus
803 2250 926 2305 ait:
964 2274 990 2299 «
1024 2252 1148 2305 Non
1175 2251 1436 2322 ejicietur
1478 2252 1584 2306 hoc
1638 2269 1836 2323 genus,
1869 2253 1979 2307 nisi
2017 2270 2120 2324 per

489 2341 807 2396 orationem
833 2347 890 2397 et
924 2343 1211 2414 jejunium
1250 2346 1462 2414 (Matth.
1491 2362 1623 2412 xvu,
1654 2345 1765 2417 20),
1798 2367 1823 2394 »
1860 2347 1956 2401 sed
1982 2346 2119 2418 quid

488 2436 649 2505 plura
675 2436 827 2507 apud
875 2437 1215 2507 magistrum
1268 2442 1438 2510 atque
1486 2439 1798 2507 doctorem,
1829 2456 1958 2494 cum
1997 2440 2119 2510 jam

484 2528 721 2599 dignum
777 2530 1023 2600 pretium
1075 2532 1375 2586 retulerint
1413 2532 1493 2587 illi
1548 2533 1800 2603 perﬁdiae
1852 2516 2118 2614 suas,\qui

482 2622 611 2677 ideo
639 2623 746 2677 huc
773 2628 1055 2678 venerunt
1083 2641 1156 2679 ne
1191 2631 1516 2696 superesset
1544 2627 1702 2681 locus
1744 2626 1802 2680 in
1849 2643 1963 2698 quo
1999 2643 2118 2680 non

482 2716 912 2784 damnarentur,
944 2718 1037 2788 qui
1082 2734 1209 2773 vere
1249 2736 1306 2774 se
1350 2720 1687 2775 Manichaeos
1736 2719 2121 2790 probaverunt

484 2824 598 2862 non
627 2810 942 2878 credentes,
971 2812 1102 2881 quia
1128 2829 1196 2866 ex
1226 2813 1455 2883 Virgine
1505 2813 1698 2885 utique
1734 2814 1949 2867 venisse
1994 2830 2117 2867 cre-

485 2902 676 2956 ditur?
697 2902 974 2967 Quaenam
997 2904 1118 2959 haec
1146 2909 1231 2960 est
1255 2906 1469 2977 subpar
1489 2923 1771 2961 novorum
1793 2907 2118 2962 Iudaeorum

2217 1987 2336 2024 esse
2393 1970 2714 2024 damnatos.
2762 1971 3113 2024 Incolumem
3161 1973 3215 2023 te
3276 1974 3333 2024 et
3380 1969 3859 2024 ﬂorentissimum

2220 2065 2367 2118 Deus
2399 2069 2592 2118 noster
2632 2067 2862 2118 tueatur
2908 2063 3298 2134 Omnipotens,
3328 2063 3560 2117 domine
3604 2063 3857 2118 dilectis-

2217 2158 2359 2211 sime
2406 2158 2597 2211 frater.
2640 2158 2798 2224 Item,
2838 2156 3220 2226 subscriptio:
3254 2173 3362 2226 ego
3410 2156 3680 2211 Eventius
3735 2158 3857 2228 epi-

2217 2268 2421 2322 scopus
2449 2250 2632 2304 saluto
2661 2250 3020 2305 sanctitatem
3070 2253 3226 2304 tuam
3250 2250 3307 2303 in
3339 2249 3602 2317 Domino,
3639 2256 3697 2305 et
3729 2251 3862 2305 huic

2218 2344 2477 2398 Ecclesiae
2520 2344 2842 2414 subscripsi,
2869 2344 3142 2398 Maximus
3190 2343 3508 2415 episcopus,
3544 2344 3703 2398 Felix
3736 2345 3857 2415 epi-

2218 2454 2439 2509 scopus,
2472 2438 2741 2491 Bazianus
2761 2437 3074 2508 episcopus,
3102 2437 3421 2492 Theodolus
3457 2438 3758 2509 episcopus
3790 2456 3860 2493 ex

2210 2532 2371 2602 jussu
2409 2531 2633 2585 Domini
2676 2531 2924 2602 episcopi
2970 2530 3341 2598 Germiniani,
3368 2531 3491 2602 ipso
3538 2536 3855 2602 praesente,

2217 2629 2401 2695 Aprus
2448 2625 2760 2695 presbyter,
2818 2624 3074 2679 Eutasius
3120 2624 3436 2697 episcopus,
3489 2626 3861 2681 Constantius

2218 2718 2533 2788 episcopus,
2580 2717 2866 2773 Eustasius
2928 2718 3246 2789 episcopus,
3279 2736 3344 2773 eo
3388 2734 3590 2774 omnes
3642 2719 3854 2774 ordine

2219 2811 2690 2883 subscripserunt.

988 3256 1565 3352 INCIPIUNT
1663 3260 2190 3352 DECRETA
2279 3258 2874 3352 ANASTASII
2981 3257 3348 3349 PAPIE.

552 3467 885 3523 ANASTASIUS
915 3469 1228 3541 episcopus,
1266 3472 1481 3526 cunctis
1507 3472 1851 3527 Germanicis
1880 3476 1937 3527 et
1972 3474 2112 3527 Bur-
2134 3484 2188 3558 ρ
2216 3472 2526 3538 municare,
2543 3475 2639 3526 aut
2661 3471 2833 3526 ullam
2849 3487 2979 3525 cum
2997 3470 3078 3525 eis
3094 3469 3589 3542 participationem
3618 3470 3858 3547 habere,

484 3559 709 3630 gundiaa
731 3563 979 3633 regionis
1005 3564 1301 3636 episcopis,
1336 3565 1394 3619 in
1425 3565 1668 3620 Domino
1700 3568 1964 3621 salutem.

550 3654 739 3725 Exigit
775 3656 1000 3711 dilectio
1034 3660 1238 3726 vestra,
1269 3658 1609 3728 charissimi,
1644 3663 1705 3714 ut
1747 3678 1813 3714 ex
1863 3660 2111 3714 auctori-

482 3751 591 3802 tate
623 3748 772 3803 sedis
799 3751 1119 3820 apostolicae
1143 3752 1341 3805 vestris
1379 3753 1719 3807 deberemus
1768 3753 2112 3823 respondere

481 3841 763 3910 consultis,
789 3846 846 3895 et
871 3844 1126 3913 quamvis
1153 3861 1266 3899 non
1295 3845 1532 3915 prolixe,
1558 3847 1655 3901 sed
1687 3847 1990 3914 succincte,
2007 3847 2112 3900 hoc

479 3950 648 4003 agere
679 3939 917 4004 propter
938 3936 1213 4005 quasdam
1244 3937 1379 3991 alias
1400 3939 1794 4009 occupationes
1824 3940 2113 3995 festinare-

480 4043 629 4079 mus.
658 4028 852 4080 Denuo
885 4031 1080 4083 tamen
1107 4030 1153 4083 si
1182 4047 1411 4085 necesse
1441 4032 1613 4086 fuerit
1637 4033 1707 4086 ob
1730 4033 1832 4087 has
1864 4034 1951 4087 vel
1976 4034 2110 4087 alias

480 4120 881 4190 occupationes
907 4122 1066 4192 quasi
1089 4124 1159 4178 ad
1186 4132 1356 4194 caput
1386 4126 1614 4180 mittere
1640 4127 1965 4182 charitative
1994 4145 2109 4183 non

482 4213 771 4283 dubitetis,
803 4215 937 4286 quia
984 4220 1196 4271 vestras
1242 4235 1436 4288 preces
1467 4225 1524 4273 et
1567 4236 1720 4274 nunc
1757 4226 1813 4276 et
1848 4226 1981 4276 tunc
2013 4240 2106 4276 ac-

481 4310 668 4378 ceptas
694 4309 993 4366 habemus.
1024 4311 1362 4382 Significatis
1384 4313 1536 4368 enim
1554 4315 1829 4385 quosdam
1849 4317 2108 4371 sacerdo-

477 4405 561 4454 tes
588 4401 646 4454 in
673 4402 907 4457 ecclesia
931 4406 1157 4475 quando
1188 4406 1455 4477 leguntur
1481 4408 1779 4479 Evangelia
1808 4409 2029 4477 sedere,
2056 4415 2111 4464 et

480 4494 701 4550 Domini
741 4498 1045 4552 Salvatoris
1090 4501 1261 4554 verba
1288 4517 1402 4555 non
1450 4505 1678 4571 stantes,
1710 4503 1807 4557 sed
1851 4504 2109 4558 sedentes

474 4588 689 4654 audire,
723 4594 782 4645 et
810 4592 915 4646 hoc
946 4609 1012 4647 ex
1044 4595 1326 4665 majorum
1372 4596 1676 4651 traditione
1728 4614 1785 4651 se
1829 4597 2107 4668 accepisse

475 4688 728 4737 narrant.
794 4684 959 4749 Quod
1022 4687 1352 4742 nullatenus
1402 4689 1673 4761 deinceps
1729 4691 1850 4745 fieri
1914 4690 2108 4744 sinatis

475 4777 778 4846 apostolica
821 4780 1157 4835 auctoritate
1200 4782 1554 4849 mandamus,
1586 4784 1686 4837 sed
1731 4784 1869 4837 dum
1914 4787 2109 4837 sancta

2214 3566 2547 3637 priusquam
2571 3566 2643 3620 ad
2657 3570 2871 3620 rectam
2891 3567 3295 3620 convertantur
3310 3564 3502 3631 fidem,
3525 3580 3630 3619 nec
3655 3582 3859 3620 eorum

2212 3661 2357 3713 male
2370 3659 2706 3730 pullulantia
2723 3659 2939 3713 semina
2948 3674 3072 3729 quas
3083 3675 3115 3711 a
3126 3657 3293 3712 nobis
3304 3657 3363 3711 in
3376 3657 3517 3712 urbe
3531 3658 3861 3731 exstinguu-

2212 3759 2324 3821 tur,
2346 3752 2603 3824 pessimis
2633 3752 2916 3807 vobiscum
2948 3751 3233 3806 radicibus
3260 3751 3716 3806 seminenturvel
3733 3769 3859 3823 ger-

2212 3846 2581 3918 minenturd
2598 3846 2653 3917 '7
2666 3845 3011 3919 OPIurimos
3028 3862 3156 3900 vero
3171 3861 3373 3915 eorum
3385 3849 3441 3900 et
3452 3861 3569 3899 sum
3583 3861 3855 3917 sequaces

2209 3940 2537 4011 impietatis,
2556 3946 2722 4010 atque
2744 3939 2977 3994 illorum
2998 3939 3259 3994 doctores
3281 3938 3641 4010 investigatio
3660 3946 3855 3995 nostra

2210 4034 2439 4104 reperit,
2472 4034 2765 4105 vigilantia
2813 4033 3146 4105 divulgavit,
3177 4032 3487 4088 auctoritas
3516 4036 3575 4087 et
3604 4051 3855 4089 censura

2210 4128 2477 4194 coercuit,
2508 4144 2647 4198 quos
2678 4127 2971 4199 potuimus
3013 4127 3318 4182 emendare
3368 4126 3741 4182 correximus.
3785 4129 3853 4182 Et

2212 4225 2274 4276 ut
2298 4222 2632 4276 damnarent
2655 4221 3023 4276 Manichaeum
3066 4238 3198 4276 cum
3238 4221 3647 4292 praedicatione
3680 4227 3738 4277 et
3764 4222 3851 4277 di-

2210 4315 2456 4387 sciplinis
2483 4315 2597 4369 suis
2628 4317 2853 4387 publica
2880 4316 2935 4370 in
2964 4316 3211 4371 Ecclesia
3233 4315 3610 4386 professione,
3641 4320 3703 4371 ct
3728 4333 3851 4370 ma-

2208 4427 2315 4463 nus
2343 4427 2458 4463 suae
2486 4409 2900 4480 subscriptione
2945 4409 3345 4481 compulimus,
3375 4412 3431 4464 et
3476 4409 3555 4465 ita
3580 4409 3651 4464 de
3682 4427 3852 4465 vora-

2212 4503 2344 4571 gine
2398 4503 2710 4573 impietatis
2760 4521 2875 4558 suae
2925 4506 3213 4559 confessos
3264 4502 3597 4574 poenitentia
3648 4520 3851 4560 conce-

2211 4596 2396 4650 dendo
2440 4596 2767 4651 levavimus.
2822 4597 3116 4668 Aliquanti
3149 4614 3280 4652 vero
3307 4596 3404 4668 qui
3430 4597 3505 4651 ita
3537 4614 3594 4652 se
3622 4597 3848 4653 demer-

2208 4696 2425 4759 serunt,
2458 4696 2523 4744 ut
2565 4690 2787 4744 nullum
2815 4691 2902 4744 his
2940 4691 3265 4745 auxiliantis
3307 4691 3626 4745 remedium
3659 4697 3853 4763 posset

2211 4784 2526 4849 subvenire,
2557 4783 2767 4838 subditi
2811 4785 3031 4855 legibus
3057 4785 3368 4840 secundum
3394 4784 3849 4841 Christianorum

474 4870 781 4941 Evangelia
800 4871 860 4926 in
885 4874 1113 4927 ecclesia
1144 4876 1473 4945 recitantur,
1496 4877 1813 4929 sacerdotes
1840 4879 1895 4929 et
1916 4875 2108 4929 cmteri
2127 4853 2186 4925 D
2211 4878 2532 4948 principum
2560 4878 2886 4945 constituta,
2924 4895 2992 4933 ne
3019 4883 3277 4933 sanctum
3316 4895 3553 4950 gregem
3584 4896 3687 4933 sua
3713 4897 3849 4934 con-

473 4979 673 5018 omnes
729 4981 844 5019 non
904 4967 1181 5033 sedentes,
1226 4969 1322 5022 sed
1381 4968 1778 5023 venerabiliter
1839 4969 1993 5022 curvi
2050 4969 2109 5024 in
2190 4971 2439 5046 {tagione
2489 4973 2830 5042 polluerent,
2861 4984 2962 5043 per
2994 4973 3250 5043 publicos
3290 4973 3515 5044 judices
3562 4979 3850 5045 perpetuo

473 5060 781 5127 conspectu
810 5060 1098 5130 Evangelii
1127 5064 1338 5116 stantes
1370 5061 1663 5116 Dominica
1690 5061 1860 5115 verba
1894 5062 2109 5117 intente

473 5149 727 5215 audiant,
760 5154 816 5205 et
840 5152 1086 5208 fideliter
1112 5155 1367 5210 adorent.

545 5242 821 5297 Similiter
851 5248 908 5300 et
934 5249 1343 5303 transmarinos
1369 5249 1648 5315 homines,
1673 5248 1743 5303 de
1775 5248 1979 5319 quibus
2004 5267 2108 5305 nos

471 5337 852 5407 consuluistis,
887 5340 945 5394 in
984 5342 1280 5397 clericatus
1323 5343 1541 5396 honore
1587 5342 1757 5397 nolite
1803 5343 2103 5413 suscipere,

471 5430 579 5484 nisi
608 5431 859 5504 quinque
898 5438 995 5488 aut
1025 5451 1090 5490 eo
1124 5435 1372 5506 amplius
1400 5436 1793 5506 episcoporum
1819 5436 2105 5509 chirogra-

470 5525 595 5595 phis
644 5525 759 5581 sint
797 5526 1096 5598 designati,
1125 5527 1262 5598 quia
1310 5530 1489 5582 multa
1531 5545 1638 5600 per
1681 5530 2104 5602 subreptionem

468 5619 651 5674 solent
695 5620 938 5675 evenire.
991 5622 1056 5676 Et
1087 5620 1215 5676 ideo
1256 5622 1379 5676 haec
1423 5639 1782 5695 summopere
1827 5628 1961 5680 sunt
2004 5643 2100 5682 ca-

470 5697 694 5787 vendaj

538 5804 879 5859 Manichaaos
910 5822 1045 5860 vero
1083 5824 1223 5878 quos
1250 5808 1308 5861 in
1347 5810 1489 5864 urbe
1532 5813 1712 5866 Roma
1754 5813 2096 5879 invenimus,

470 5899 521 5948 et
554 5910 816 5966 sequaces
860 5914 1056 5953 eorum
1094 5900 1267 5957 nolite
1316 5902 1586 5977 recipere,
1618 5922 1802 5978 neque
1832 5906 1913 5959 eis
1941 5922 2097 5959 com-

2212 5071 2344 5120 sunt
2375 5065 2568 5119 exsilio
2614 5066 2848 5136 relegati
2892 5071 2949 5121 et
3000 5067 3192 5120 omnia
3223 5084 3351 5138 quae
3378 5072 3493 5121 tam
3534 5066 3594 5121 in
3625 5068 3850 5140 scriptis

2210 5174 2382 5228 quam
2411 5159 2469 5213 in
2497 5159 2726 5214 occultis
2776 5159 3173 5214 traditionibus
3220 5160 3335 5214 suis
3366 5160 3575 5214 habent
3605 5161 3851 5231 profana

2208 5251 2295 5305 vel
2343 5253 2549 5324 turpia,
2584 5256 2646 5307 ut
2695 5256 2886 5307 nosset
2926 5254 3173 5324 populus
3223 5252 3359 5324 quid
3408 5252 3718 5325 refugeret,
3750 5259 3851 5309 aut

2207 5346 2430 5413 vitaret,
2477 5346 2653 5401 oculis
2698 5346 3034 5402 Christianae
3090 5347 3270 5417 plebis
3319 5350 3471 5400 certa
3512 5347 3846 5403 manifesta-

2206 5440 2359 5494 tione
2386 5440 2769 5511 probavimus,
2800 5441 2945 5495 adeo
2973 5445 3037 5494 ut
3085 5440 3201 5512 ipse
3249 5440 3344 5511 qui
3388 5439 3685 5494 dicebatur
3725 5442 3843 5513 epi-

2205 5533 2629 5604 scopusanobis
2648 5537 2839 5588 tentus
2868 5534 3136 5605 proderet
3173 5533 3453 5604 ﬂagitiosa
3485 5533 3544 5587 in
3579 5534 3694 5588 suis
3731 5552 3848 5606 my-

2204 5626 2389 5680 steriis
2409 5643 2536 5696 quae
2566 5630 2805 5696 teneret,
2822 5628 2966 5681 sicut
2994 5632 3282 5699 gestorum
3309 5643 3408 5682 vos
3436 5626 3611 5681 series
3638 5628 3847 5697 poterit

2204 5720 2462 5774 edocere.
2498 5719 2578 5774 Ad
2606 5718 3039 5774 instructionem
3067 5720 3219 5774 enim
3248 5728 3492 5775 vestram
3520 5720 3694 5775 etiam
3722 5722 3845 5792 ipsa

2203 5812 2536 5881 direximus,
2569 5812 2775 5882 quibus
2819 5813 3046 5879 relictis,
3078 5814 3268 5869 omnia
3311 5831 3439 5885 quae
3472 5830 3506 5868 a
3543 5813 3707 5868 nobis
3739 5815 3841 5868 de-

2202 5907 2479 5977 prehensa
2522 5910 2673 5971 sunt,
2709 5923 2869 5960 nosse
2914 5908 3193 5978 poteritis.
3239 5909 3303 5963 Et
3343 5907 3471 5981 quia
3520 5908 3840 5981 aliquantus
