4034 6300
158 342 265 399 693

1404 345 1875 403 DECRETALIUM
1916 347 2298 404 COLLECTIO.

3422 359 3525 413 694

155 473 229 528 de
257 474 351 529 his
377 490 525 547 quos
558 492 632 531 ne
671 476 1119 546 absolverentur,
1156 478 1367 537 arctior
1390 481 1581 535 reatus
1612 478 1788 536 invol-
1813 457 2148 540 ΛυδίηἰΙηιε
2189 457 2460 528 adjuvare
2492 457 2707 515 studes’
2747 458 2908 514 unde
2946 465 3004 516 et
3046 460 3287 517 Domino
3315 465 3524 535 gratias

154 582 321 633 verat
368 581 737 652 cognovimus
786 583 1087 654 aufugisse,
1140 585 1274 641 hinc
1312 586 1385 641 ad
1432 586 1792 643 dilectionem

153 679 408 730 vestrarm
444 677 747 746 epistolam
776 678 1056 749 misimus,
1106 684 1167 735 ut
1199 679 1399 735 effecta
1440 680 1645 735 certior
1667 698 1794 735 san-

157 768 326 824 ctitas
341 775 527 825 vestra
542 772 831 827 sollicitius
845 789 1013 845 agere
1035 774 1306 845 dignetur
1324 778 1381 827 et
1397 774 1636 841 cautius,
1656 792 1789 829 nec-

155 862 255 916 ubi
282 864 607 920 Manichaee!
642 867 1022 937 perversitatis
1056 867 1320 922 homines
1357 867 1551 938 plebes
1580 870 1793 923 vestras

152 955 483 1012 facultatem
512 958 774 1027 laedendi,
803 965 858 1015 et
884 960 1055 1031 hujus
1084 960 1365 1031 sacrilegii
1392 961 1610 1032 possint
1634 961 1789 1017 inve-

155 1051 280 1105 nire
310 1051 592 1107 doctores.
620 1053 797 1108 Aliter
830 1053 981 1108 enim
1023 1054 1186 1109 nobis
1226 1054 1557 1109 commissos
1594 1071 1793 1127 regere

154 1159 271 1198 non
307 1160 630 1215 possumus,
672 1146 777 1200 nisi
817 1148 920 1202 hos
953 1148 1050 1219 qui
1083 1152 1212 1227 sunt
1243 1148 1494 1220 perversi
1534 1149 1793 1204 doctores

155 1240 211 1291 et
236 1238 466 1308 perditi,
513 1241 633 1295 zelo
675 1239 804 1295 ﬁdei
856 1241 1162 1296 Dominicaa
1212 1258 1647 1313 persequamur,
1679 1248 1733 1297 et
1760 1259 1793 1297 a

156 1331 270 1386 suis
301 1332 592 1388 mentibus
629 1333 718 1403 (ne
763 1335 937 1406 pestis
971 1335 1094 1390 haec
1124 1335 1288 1391 latius
1326 1336 1667 1407 divulgetur)
1713 1352 1793 1391 se-

154 1424 397 1479 veritate
440 1442 557 1497 qua
599 1442 899 1497 possumus
936 1428 1354 1483 abscindamus.
1408 1429 1562 1485 Unde
1593 1428 1795 1484 hortor

156 1517 520 1574 dilectionem
547 1524 813 1589 vestram,
844 1520 1096 1577 obtestor
1122 1525 1180 1577 et
1203 1538 1436 1590 moneo,
1464 1526 1529 1577 ut
1551 1538 1678 1594 qum
1701 1522 1794 1576 de-

154 1611 300 1668 betis
327 1617 386 1667 et
415 1612 645 1684 potestis
671 1613 1049 1670 sollicitudine
1076 1615 1318 1687 vigiletis
1345 1617 1417 1671 ad
1441 1616 1789 1687 investigan-

156 1702 253 1756 dos
278 1718 398 1770 eos,
432 1702 640 1757 necubi
672 1703 990 1759 occultandi
1025 1720 1085 1759 se
1114 1704 1401 1775 reperiant
1439 1704 1788 1761 facultatem.

157 1795 218 1849 Hi
244 1795 453 1851 fratres
490 1797 653 1852 valde
683 1797 915 1852 cavendi
954 1801 1106 1865 sunt,
1146 1815 1221 1852 ne
1264 1798 1624 1853 Dominicum
1657 1816 1787 1870 gre-

156 1905 287 1960 gem
313 1889 775 1960 perversitatibus
798 1890 1004 1963 quibus
1023 1895 1262 1963 possunt
1285 1892 1681 1947 contaminare
1701 1909 1792 1947 va-

156 1983 329 2036 leant.
359 1982 505 2037 Sunt
522 2000 662 2054 ergo
690 1984 923 2055 quidam
948 2001 1146 2039 eorum
1166 1989 1317 2039 veste
1348 2002 1450 2039 sua
1470 2001 1600 2039 oves
1620 1985 1792 2056 signi-

155 2074 410 2142 ficantes,
451 2075 693 2131 interius
738 2093 870 2131 vero
915 2077 1034 2149 lupi
1073 2094 1307 2149 rapaces
1338 2078 1604 2147 existunt,
1649 2095 1791 2149 quos

146 2168 311 2239 juxta
346 2168 612 2224 Veritatis
636 2185 835 2225 vocem
865 2187 933 2226 ex
977 2171 1253 2226 fructibus
1286 2187 1483 2226 eorum
1515 2171 1791 2226 debemus

136 2277 470 2331 agnoscere
507 2262 723 2332 (Matth.
754 2279 847 2330 vn,
879 2246 1261 2412 20)iQuando
1292 2268 1489 2319 autem
1516 2265 1792 2335 coeperint

152 2371 441 2410 assumere
469 2355 848 2412 impietatem.
874 2356 972 2411 illu
1031 2357 1185 2412 quod
1209 2357 1578 2412 occultabitur
1603 2358 1660 2412 in
1680 2358 1791 2412 illis

152 2371 441 2410 assumere
469 2355 848 2426 impietatem,
874 2355 1012 2412 illud
1031 2357 1185 2428 quod
1209 2357 1578 2412 occultabitur
1603 2358 1660 2412 in
1680 2358 1791 2412 illis

155 2448 428 2518 aperitur,
463 2452 521 2503 et
545 2449 708 2504 dolus
732 2449 920 2504 omnis
945 2450 1010 2504 fit
1032 2449 1297 2505 omnibus
1325 2450 1677 2506 manifestus.
1708 2452 1792 2506 ln-

152 2542 463 2597 veniuntur
487 2558 714 2614 quoque
743 2542 987 2598 inﬁrma:
1019 2542 1154 2597 fidei
1179 2543 1461 2609 homines,
1492 2547 1551 2597 et
1580 2543 1678 2614 qui
1700 2544 1787 2598 di-

153 2635 308 2690 vinas
342 2635 619 2691 lectiones
651 2635 870 2703 sitiunt,
920 2653 1113 2692 secum
1163 2653 1259 2691 eos
1304 2636 1363 2690 in
1410 2636 1790 2708 perditionem

156 2728 531 2800 praacipitant,
580 2729 851 2801 dissipant
900 2730 1051 2784 enim
1093 2733 1150 2784 et
1192 2730 1518 2801 vituperant
1555 2731 1789 2784 Patrum

156 2821 499 2893 disciplinas,
559 2827 617 2878 et
674 2823 1007 2895 relinquunt
1057 2826 1281 2879 sanctas
1336 2823 1656 2894 Scripturas
1719 2824 1791 2878 ad

156 2931 319 2970 suam
339 2915 738 2987 perditionem,
761 2934 901 2989 quos
923 2917 1007 2987 (ut
1025 2917 1364 2989 praedictum
1386 2917 1488 2986 est)
1518 2917 1791 2972 debemus

154 3009 473 3080 providere,
505 3014 563 3064 et
589 3009 659 3063 ab
706 3010 795 3064 his
824 3010 1068 3066 multum
1115 3026 1335 3077 cavere,
1383 3026 1457 3065 ne
1484 3010 1543 3064 in
1572 3009 1791 3065 malitia

154 3101 239 3157 sui
267 3101 447 3174 aliqui
483 3103 739 3175 occupati
778 3104 1078 3159 concidant
1114 3104 1185 3159 de
1227 3120 1328 3159 sua
1365 3103 1654 3159 ﬁrmitate.
1686 3104 1786 3158 Sa-

1893 567 2001 622 ago
2029 552 2127 622 qui
2154 554 2209 605 te
2244 552 2317 605 ad
2364 552 2472 607 hoc
2500 552 2755 624 instigat,
2787 557 2844 608 et
2871 558 2933 608 ut
2961 556 3436 625 perseverabilem
3466 558 3524 613 in

1891 644 2057 700 bonis
2086 645 2350 717 operibus
2375 649 2431 700 te
2452 646 2623 701 faciat
2652 663 2843 702 exoro.
2875 650 2987 703 Nos
3005 653 3204 705 tamen
3231 653 3287 705 et
3314 650 3374 706 in
3400 668 3527 722 pro-

1894 738 2092 810 speris,
2117 742 2172 794 et
2198 739 2258 793 in
2282 739 2531 794 adversis
2553 742 2727 795 Deum
2757 742 2990 796 laudare
3015 742 3321 813 magniﬁce
3347 761 3520 815 opor-

1892 836 1995 901 tet,
2032 851 2057 882 c
2081 832 2314 903 ejusque
2335 833 2438 887 sub
2462 833 2676 904 potenti
2694 835 2983 890 humiliari
3006 852 3200 906 manu,
3225 843 3288 891 ut
3304 837 3364 891 in
3381 842 3521 893 tem-

1893 942 2031 998 pore
2064 943 2159 981 vos
2185 927 2560 982 tribulationis
2577 928 2741 999 juxta
2769 929 3004 985 beatum
3029 932 3265 986 Petrum
3288 934 3517 1003 aposto-

1893 1020 2013 1073 lum
2041 1020 2318 1075 confortet
2350 1025 2406 1075 et
2434 1021 2643 1076 exaltet
2678 1021 2721 1092 (1
2752 1024 2897 1078 Patr.
2926 1040 2980 1091 v,
3009 1027 3083 1097 6).
3114 1045 3142 1074 »
3179 1025 3519 1081 Fraternita-

1893 1114 1965 1168 tis
1985 1130 2124 1185 ergo
2144 1118 2343 1169 vestras
2366 1114 2594 1169 afﬂictio
2615 1132 2785 1186 quam
2806 1116 2875 1171 de
2893 1117 3199 1173 amissione
3212 1122 3521 1190 parentum

1894 1210 2213 1263 vestrorum
2259 1225 2357 1262 vos
2409 1208 2666 1263 habuisse
2698 1210 3053 1279 audivimus,
3111 1215 3330 1267 tantam
3358 1213 3521 1267 nobis

1892 1317 2120 1356 causam
2170 1301 2431 1356 mceroris
2473 1302 2685 1373 injecit,
2725 1307 2786 1358 ut
2841 1303 2976 1374 quia
3019 1321 3124 1359 nos
3171 1305 3241 1359 de
3296 1306 3522 1361 duobus

1892 1395 2139 1450 charitas
2160 1411 2343 1450 unum
2368 1396 2520 1464 fecit,
2549 1412 2649 1450 cor
2668 1401 2926 1452 nostrum
2958 1397 3018 1452 in
3043 1399 3241 1454 vestris
3268 1399 3522 1471 speciali-

1892 1491 1982 1543 ter
2023 1488 2484 1544 tribulationibus
2531 1489 2891 1545 sentiremus.
2947 1491 3063 1546 Sed
3103 1491 3164 1545 in
3193 1492 3300 1547 hoc
3328 1493 3517 1547 dolore

1892 1582 2141 1637 multum
2169 1599 2261 1637 me
2283 1583 2569 1638 consolata
2592 1586 2679 1637 est
2704 1583 3015 1640 sanctitatis
3038 1589 3151 1640 tua:
3169 1586 3239 1640 ad
3258 1586 3517 1641 animum

1892 1692 1980 1730 res
2002 1675 2263 1745 deducta,
2299 1675 2432 1747 quia
2456 1681 2513 1731 et
2541 1677 2825 1747 patienter
2845 1678 2992 1732 ferre
3021 1677 3303 1733 tristitiam
3338 1678 3518 1747 decet,

1893 1771 1949 1823 et
1978 1753 2067 1824 de‘
2082 1772 2268 1824 morte
2301 1769 2481 1840 plebis
2508 1772 2619 1825 tua:
2647 1771 2879 1825 ulterius
2906 1771 3137 1842 longam
3165 1788 3284 1827 non
3317 1772 3524 1827 habere

1891 1862 2242 1917 maestitiam.
2289 1864 2366 1917 Ne
2413 1867 2605 1918 tamen
2651 1864 2845 1935 aliqua
2891 1865 3077 1919 adhuc
3123 1865 3411 1920 tribulatio
3463 1865 3521 1920 in

1889 1960 2074 2011 vestra
2126 1958 2319 2011 mente
2368 1956 2630 2025 resideat,
2683 1957 2886 2012 hortor
2918 1958 3211 2029 quiescere
3246 1975 3278 2012 a
3303 1958 3517 2025 dolore,

1891 2049 2028 2121 quia
2056 2049 2327 2104 indecens
2359 2055 2440 2105 est
2484 2050 2555 2105 de
2600 2050 2707 2105 illis
2747 2051 2917 2106 taedio
2961 2051 3285 2106 afﬂictionis
3314 2051 3517 2119 addici,

1891 2160 2032 2214 quos
2058 2142 2407 2199 credendum
2435 2146 2521 2198 est
2555 2144 2627 2199 ad
2646 2160 2839 2199 veram
2870 2145 3165 2199 moriendo
3192 2144 3367 2200 vitam
3397 2161 3521 2215 per-

1890 2236 2107 2291 venire.
2135 2237 2351 2293 Habent
2380 2237 2615 2292 forsitan
2644 2238 2728 2292 illi
2752 2238 2971 2308 justam
2999 2237 3155 2308 longi
3197 2237 3409 2292 doloris
3434 2255 3521 2293 ex-

1891 2330 2235 2385 cusationem
2273 2331 2373 2402 qui
2410 2331 2582 2385 vitam
2615 2330 2854 2386 alteram
2883 2331 3159 2400 nesciunt,
3191 2331 3289 2402 qui
3315 2332 3384 2386 de
3416 2332 3523 2385 hoc

1892 2425 2093 2479 saeculo
2116 2424 2188 2478 ad
2217 2424 2421 2479 melius
2447 2441 2567 2479 esse
2587 2425 2889 2480 transitum
2917 2442 3035 2479 non
3068 2425 3378 2479 confidunt.
3410 2426 3520 2479 Nos

1890 2523 2080 2572 autem
2105 2517 2203 2589 qui
2228 2517 2509 2585 novimus,
2551 2518 2647 2589 qui
2685 2518 2791 2573 hoc
2818 2518 3105 2573 credimus
3137 2523 3195 2573 et
3228 2518 3516 2586 docemus,

1891 2611 2208 2666 contristari
2234 2611 2482 2667 nimium
2500 2610 2570 2666 de
2602 2611 2940 2666 obeuntibus
2969 2628 3083 2666 non
3112 2611 3410 2679 debemus,
3446 2629 3517 2666 ne

1891 2706 2043 2777 quod
2079 2705 2232 2777 apud
2271 2704 2414 2760 alios
2457 2705 2682 2776 pietatis
2716 2709 2870 2761 tenet
2904 2706 3172 2776 speciem,
3213 2706 3321 2760 hoc
3352 2706 3519 2761 nobis

1890 2800 2073 2870 magis
2105 2799 2165 2853 in
2196 2799 2359 2871 culpa
2388 2800 2504 2854 ﬁat.
2519 2796 2698 2891 [Nam
2726 2798 3060 2854 difﬁdentiae
3094 2799 3520 2871 quodammodo

1892 2914 2072 2969 genus
2097 2902 2181 2953 est
2210 2900 2402 2952 contra
2427 2898 2534 2951 hoc
2562 2897 2713 2969 quod
2739 2897 2979 2969 quisque
3006 2897 3353 2969 praedicator
3370 2913 3521 2969 quas-

1889 2992 1964 3046 rit
1993 2992 2276 3063 justitiam
2313 3008 2534 3061 amans,
2572 2991 2795 3045 dicente
2834 2993 3099 3062 Apostolo
3130 3008 3143 3046 :
3195 3012 3223 3041 «
3250 2992 3522 3046 Nolumus

1887 3091 2078 3140 autem
2114 3102 2212 3140 vos
2257 3085 2524 3156 ignorare
2556 3085 2627 3139 de
2665 3084 3105 3152 dormientibus,
3145 3089 3205 3138 ut
3246 3102 3361 3139 non
3393 3101 3523 3140 con-

154 3198 272 3250 luto
302 3196 493 3268 itaque
533 3213 653 3264 vos,
703 3197 927 3265 fratres,
983 3201 1039 3252 et
1083 3213 1281 3252 omnes
1333 3214 1462 3268 quae
1503 3180 2196 3280 vobiscumc‘u‘istemini
2247 3179 2389 3234 δίουῐ
2436 3184 2493 3235 et
2545 3179 2737 3233 εωίιθΐί
2785 3178 2884 3250 (Illi
2932 3194 3091 3280 {Dem
3141 3196 3255 3280 η(ξο
3308 3179 3522 3280 Palmm

153 3290 299 3344 bene
320 3289 575 3345 sentiunt
593 3289 888 3345 Ecclesias.
916 3291 1028 3345 Nos
1042 3306 1291 3361 quoque,
1310 3294 1374 3345 ut
1393 3290 1564 3344 modo
1583 3288 1786 3359 facitis,

156 3387 211 3437 et
239 3382 616 3454 alloquamini
647 3386 777 3454 peto
814 3382 1068 3439 crebrius
1092 3383 1317 3449 litteris,
1352 3387 1407 3437 et
1427 3382 1788 3453 frequentius

155 3476 222 3530 de
247 3476 359 3531 ﬁde
389 3480 448 3531 et
473 3476 543 3530 de
570 3476 720 3531 bona
748 3476 1064 3531 intentione
1105 3481 1290 3531 vestra
1314 3480 1483 3546 atque
1519 3473 1787 3545 sospitate

157 3570 454 3637 lmtiﬁcate,
479 3572 543 3624 ut
563 3570 834 3641 gaudium
859 3586 1158 3625 commune
1186 3569 1495 3624 habeamus
1517 3572 1572 3623 et
1600 3566 1789 3623 Domi-

157 3680 228 3718 no
246 3663 370 3735 pari
390 3666 524 3719 voto
542 3663 790 3719 ﬁdeliter
806 3664 1137 3719 serviamus.
1160 3664 1297 3718 Data
1310 3664 1496 3717 Nonas
1510 3660 1783 3728 Octobris,

156 3757 432 3813 Archadio
456 3761 514 3812 et
534 3758 787 3827 Bautone
814 3759 877 3811 IV
905 3757 1178 3812 consulib.

237 3875 530 3931 Anastasii
550 3890 715 3945 papae
739 3874 1328 3999 Neriaaotnlobilissimo
1352 3875 1469 3928 viro
1494 3872 1701 3927 directa

853 3960 964 3999 θυῖε
990 3961 1020 3999 o
1045 3961 1100 3999 a.

853 3960 1100 4016 epistom.

225 4037 602 4094 Dilectissimo
629 4037 793 4093 fratri
820 4039 1088 4106 Numano,
1121 4040 1478 4093 Amsmsms.

225 4133 398 4188 Multa
427 4132 571 4188 mihi
596 4131 655 4187 in
685 4130 949 4187 omnibus
981 4131 1113 4187 ﬁdei
1134 4136 1191 4187 et
1217 4130 1483 4185 bonitatis
1504 4133 1615 4186 tua;
1642 4128 1791 4185 litte-

158 4227 231 4281 ris
246 4243 418 4281 causa
441 4225 639 4297 gaudii
662 4230 765 4292 est,
800 4225 953 4297 quod
974 4227 1199 4278 tantum
1227 4224 1482 4279 studium
1503 4223 1649 4277 circa
1665 4222 1792 4277 reli-

160 4320 338 4390 gionis
361 4320 580 4376 cultum
610 4318 863 4387 exhibes,
898 4324 955 4373 et
986 4317 1218 4373 Domini
1253 4316 1572 4372 sacerdotes
1600 4316 1711 4371 tuis
1730 4315 1788 4369 in

170 4421 3470 4456 ___________________________________________

1895 3275 1944 3345 (Ι
1981 3275 2133 3330 Thes.
2176 3291 2247 3342 1v,
2299 3277 2401 3337 12).
2437 3292 2464 3323 »
2511 3274 2619 3327 Hac
2668 3273 2882 3343 itaque,
2935 3272 3112 3326 frater
3165 3272 3515 3342 charissime,

1888 3368 2107 3422 ratione
2145 3371 2460 3437 perspecta,
2503 3366 2849 3421 studendum
2902 3366 3063 3420 nobis
3105 3368 3191 3419 est
3236 3382 3309 3419 ne
3358 3366 3519 3433 (sicut

1887 3462 2151 3530 diximus)
2179 3461 2249 3514 de
2279 3460 2520 3515 mortuis
2544 3459 2884 3529 affligamur,
2911 3460 2958 3513 si
2982 3458 3246 3513 affectum
3270 3458 3512 3512 viventi-

1885 3556 1991 3609 bus
2019 3553 2441 3624 impendamus,
2475 3552 2679 3624 quibus
2700 3557 2756 3606 et
2786 3551 2963 3622 pietas
2995 3552 3067 3605 ad
3105 3551 3430 3618 utilitatem,
3461 3554 3519 3605 et

1889 3650 1960 3703 sit
1988 3649 2055 3704 ad
2104 3648 2348 3703 fructum
2381 3646 2629 3702 dilectio.
2677 3646 2909 3716 Depone
2963 3661 3120 3715 ergo,
3164 3644 3515 3714 charissime,

1890 3759 2209 3810 maerorem,
2238 3746 2294 3797 et
2319 3758 2542 3795 assume
2570 3740 2916 3811 spiritualem
2939 3739 3190 3793 fructum
3215 3738 3424 3793 Iustitiae
3446 3739 3518 3793 ad

1887 3838 2199 3893 utilitatem
2243 3838 2449 3890 sanctas
2494 3834 2592 3889 Dei
2641 3832 2919 3902 Ecclesiaz,
2966 3847 3367 3903 servorumque
3396 3831 3518 3902 ejus

1891 3933 2227 4003 profectum,
2254 3934 2310 3984 et
2337 3929 2468 3984 vitae
2490 3929 2612 3999 ejus
2636 3943 2989 3999 quaecunque
3016 3926 3130 3981 sint
3155 3925 3336 3997 spatia
3354 3932 3518 3981 ueter-

1890 4026 1977 4080 nis
2009 4024 2327 4095 divinisque
2358 4022 2557 4078 officiis
2581 4021 2858 4075 illustrare
2889 4019 3190 4087 contende,
3220 4023 3283 4074 ut
3308 4018 3405 4090 qui
3431 4019 3516 4073 in-

1889 4121 1933 4175 si
1940 4136 2113 4191 gnem
2135 4122 2189 4173 te
2202 4117 2464 4190 praestitit
2483 4115 2691 4170 reddat
2706 4113 2810 4167 sibi
2834 4131 2937 4185 per
2960 4113 3163 4168 sacula
3179 4113 3519 4169 szeculorum

1892 4215 2211 4270 clariorem.
2247 4214 2383 4266 Data
2416 4226 2489 4264 vn
2518 4210 2645 4263 ldus
2672 4207 2846 4277 Junii,
2875 4207 3214 4273 Theodosio,
3247 4210 3516 4276 Augusto,

1888 4311 1979 4365 Vll
2011 4313 2067 4363 et
2094 4304 2347 4361 Palladio
2368 4304 2433 4359 IV
2457 4300 2805 4356 consulibus.

662 4548 1232 4640 INCIPIUNT
1325 4545 1846 4638 DECRETA
1933 4532 2584 4631 INNOCENTII
2671 4530 3030 4623 PAPZE.

442 4696 716 4765 Incipiunt
740 4695 983 4764 capitula
1002 4695 1306 4749 Innocentii
1323 4708 1502 4761 papae.

232 4790 278 4842 l.
312 4788 386 4842 De
414 4787 571 4858 pacis
597 4787 787 4841 osculo
817 4787 1003 4841 dando
1030 4791 1158 4859 post
1174 4785 1430 4840 confecta
1463 4782 1750 4854 mysteria.

228 4883 281 4935 2.
312 4882 391 4935 De
419 4879 747 4935 nominibus
775 4884 908 4935 ante
952 4896 1179 4951 precem
1210 4876 1485 4933 sacerdoti
1507 4892 1621 4937 non
1648 4875 1790 4931 reci-

167 4973 369 5028 tandis.

229 5069 282 5122 3.
314 5067 473 5131 Quod
514 5082 630 5121 non
672 5065 915 5121 debeant
948 5064 1235 5137 baptizati,
1273 5064 1382 5118 nisi
1416 5063 1487 5119 ab
1530 5063 1791 5135 episcopo

165 5159 505 5231 consignari.

229 5251 281 5305 4.
310 5250 470 5315 Quod
496 5249 605 5305 rite
643 5249 801 5304 omni
828 5248 1068 5304 Sabbato
1090 5247 1403 5318 jejunetur.

231 5348 281 5399 5.
312 5344 393 5398 De
436 5343 718 5399 fermento
746 5342 899 5415 quod
931 5340 1166 5396 civitatis
1194 5344 1418 5395 tantum
1446 5339 1793 5412 presbyteris

164 5437 465 5510 dirigatur.

228 5535 279 5587 6.
316 5532 397 5586 De
423 5529 829 5602 energumenis
867 5526 1182 5600 baptizatis.

225 5629 277 5680 7.
305 5626 386 5679 De
402 5622 828 5695 paenitentibus.

225 5722 276 5773 8.
306 5720 389 5774 De
429 5716 664 5790 epistola
710 5717 887 5773 sancti
937 5713 1130 5772 Jacobi
1168 5714 1430 5786 apostoli,
1462 5714 1521 5770 in
1547 5731 1661 5787 qua
1689 5731 1792 5785 pro

165 5811 402 5867 inﬁrmis
435 5828 600 5867 orare
628 5811 973 5883 praecipitur.

232 5909 609 5975 INNOCEN‘IIUS,
633 5908 897 5964 [lacrumo
926 5903 1188 5977 episcopo
1220 5902 1500 5973 Egubino,
1529 5901 1789 5958 salutem.

1808 4700 1869 4772 D
1963 4686 2022 4740 Si
2050 4684 2310 4739 instituta
2335 4680 2726 4746 ecclesiastica,
2758 4681 2817 4733 ut
2843 4682 2976 4731 sunt
3000 4675 3225 4772 abeatis
3252 4673 3522 4772 apo-stolis

1892 4779 2117 4844 tradita,
2148 4778 2375 4848 integra
2404 4774 2609 4829 vellent
2661 4788 2882 4827 servare
2933 4768 3154 4826 Domini
3181 4767 3519 4837 sacerdotes,

1890 4872 2050 4928 nulla
2088 4870 2400 4936 diversitas,
2429 4868 2591 4923 nulla
2618 4866 2858 4922 varietas
2898 4864 2954 4918 in
2982 4863 3119 4934 ipsis
3148 4860 3440 4917 ordinibus
3468 4865 3525 4916 et

1892 4964 2416 5021 consecrationibus
2458 4962 2779 5017 haberetur.
2824 4959 2932 5014 Sed
2966 4958 3102 5012 dum
3130 4954 3523 5026 unusquisque

1893 5076 2009 5114 non
2031 5059 2185 5132 quod
2206 5057 2482 5113 traditum
2505 5058 2607 5123 est,
2626 5054 2723 5109 sed
2744 5052 2896 5124 quod
2914 5051 3018 5105 sibi
3032 5050 3211 5105 visum
3231 5049 3403 5103 fuerit
3420 5049 3524 5103 hoc

1893 5153 2181 5209 existimat
2223 5167 2339 5206 esse
2381 5148 2715 5214 tenendum,
2764 5146 2897 5201 inde
2945 5145 3165 5200 diversa
3207 5143 3266 5199 in
3291 5142 3526 5198 diversis

1891 5248 2046 5313 locis,
2073 5246 2161 5301 vel
2193 5243 2439 5301 ecclesiis
2466 5248 2564 5297 aut
2593 5239 2776 5295 teneri
2806 5243 2906 5294 aut
2933 5237 3213 5294 celebrari
3238 5237 3521 5303 videntur,

1891 5357 1956 5395 ac
1976 5340 2041 5394 fit
2059 5338 2393 5393 scandalum
2410 5334 2656 5407 populis,
2677 5332 2810 5405 quia
2830 5333 2967 5388 dum
2993 5332 3258 5387 nesciunt
3275 5330 3524 5385 tradilio-

1893 5450 1993 5487 nes
2017 5433 2281 5503 antiquas
2306 5431 2561 5484 humana
2590 5426 3039 5499 praesumptione
3065 5431 3383 5496 corruptas,
3412 5440 3522 5494 pu—

1892 5530 2013 5581 tant
2058 5525 2163 5579 sibi
2208 5527 2307 5578 aut
2350 5522 2613 5577 ecclesias
2656 5538 2770 5576 non
2813 5520 3135 5588 convenire,
3169 5522 3267 5574 aut
3291 5517 3360 5572 ab
3386 5532 3519 5585 apo-

1892 5619 2069 5688 stolis,
2090 5617 2303 5673 scilicet
2325 5616 2395 5671 ab
2419 5615 2743 5687 apostolicis
2762 5614 2917 5684 viris,
2948 5612 3403 5669 contrarietatem
3430 5607 3518 5660 in-

1892 5713 2136 5768 ductam.
2168 5710 2304 5776 Quis
2325 5709 2480 5766 enim
2508 5708 2724 5765 nesciat
2753 5714 2851 5764 aut
2876 5724 2991 5763 non
3014 5706 3267 5761 advertat
3285 5700 3345 5755 id
3371 5698 3523 5771 quod

1895 5823 1928 5861 a
1956 5806 2212 5877 principe
2237 5805 2624 5876 apostolorum
2644 5806 2807 5859 Petro
2832 5804 3103 5857 Romanae
3122 5794 3379 5851 Ecclesiaa
3405 5796 3521 5849 tra-

1895 5900 2078 5957 ditum
2105 5903 2189 5956 est
2213 5916 2277 5955 ac
2301 5915 2454 5957 nunc
2480 5914 2660 5973 usque
2680 5894 3010 5961 custoditur,
3043 5891 3115 5947 ab
3138 5888 3402 5946 omnibus
3423 5888 3518 5945 de-
