  <div class='ocr_page' id='page_1' title='image "/cluster/home/n/w/nwhite01/storage/ocr_20150623/130/umn.319510024774230/423.png"; bbox 0 0 4034 6310; ppageno 0'>
   <div class='ocr_carea' id='block_1_1' title="bbox 487 350 590 402">
    <p class='ocr_par' dir='ltr' id='par_1_1' title="bbox 487 350 590 402">
     <span class='ocr_line' id='line_1_1' title="bbox 487 350 590 402; baseline 0 0"><span class='ocrx_word' id='word_1_1' title='bbox 487 350 590 402; x_wconf 76' lang='lat'>695</span> 
     </span>
    </p>
   </div>
   <div class='ocr_carea' id='block_1_2' title="bbox 1388 334 2963 394">
    <p class='ocr_par' dir='ltr' id='par_1_2' title="bbox 1388 334 2963 394">
     <span class='ocr_line' id='line_1_2' title="bbox 1388 334 2963 394; baseline -0.004 0"><span class='ocrx_word' id='word_1_2' title='bbox 1388 339 1668 394; x_wconf 73' lang='lat' dir='ltr'>APPEND.</span> <span class='ocrx_word' id='word_1_3' title='bbox 1711 338 1796 392; x_wconf 72' lang='lat' dir='ltr'>AD</span> <span class='ocrx_word' id='word_1_4' title='bbox 1834 338 1994 392; x_wconf 65' lang='lat' dir='ltr'>SEC.</span> <span class='ocrx_word' id='word_1_5' title='bbox 2038 339 2123 392; x_wconf 73' lang='lat' dir='ltr'>lx.</span> <span class='ocrx_word' id='word_1_6' title='bbox 2153 367 2220 376; x_wconf 90' lang='lat'>-—</span> <span class='ocrx_word' id='word_1_7' title='bbox 2262 336 2503 391; x_wconf 78' lang='lat' dir='ltr'>lSIDORl</span> <span class='ocrx_word' id='word_1_8' title='bbox 2540 334 2963 390; x_wconf 81' lang='lat' dir='ltr'>MERCATORIS</span> 
     </span>
    </p>
   </div>
   <div class='ocr_carea' id='block_1_3' title="bbox 3754 335 3859 388">
    <p class='ocr_par' dir='ltr' id='par_1_3' title="bbox 3754 335 3859 388">
     <span class='ocr_line' id='line_1_3' title="bbox 3754 335 3859 388; baseline 0 0"><span class='ocrx_word' id='word_1_9' title='bbox 3754 335 3859 388; x_wconf 80' lang='lat'><strong>696</strong></span> 
     </span>
    </p>
   </div>
   <div class='ocr_carea' id='block_1_4' title="bbox 487 442 3856 535">
    <p class='ocr_par' dir='ltr' id='par_1_4' title="bbox 487 442 3856 535">
     <span class='ocr_line' id='line_1_4' title="bbox 487 442 3856 535; baseline -0.004 -25"><span class='ocrx_word' id='word_1_10' title='bbox 487 457 624 510; x_wconf 91' lang='lat' dir='ltr'>bere</span> <span class='ocrx_word' id='word_1_11' title='bbox 654 452 884 520; x_wconf 87' lang='lat' dir='ltr'>servari,</span> <span class='ocrx_word' id='word_1_12' title='bbox 921 468 1025 507; x_wconf 89' lang='lat' dir='ltr'>nec</span> <span class='ocrx_word' id='word_1_13' title='bbox 1068 446 1396 520; x_wconf 89' lang='lat' dir='ltr'>superduci,</span> <span class='ocrx_word' id='word_1_14' title='bbox 1437 453 1534 502; x_wconf 89' lang='lat' dir='ltr'>aut</span> <span class='ocrx_word' id='word_1_15' title='bbox 1571 446 1852 502; x_wconf 83' lang='lat' dir='ltr'>introduci</span> <span class='ocrx_word' id='word_1_16' title='bbox 1894 446 2110 518; x_wconf 90' lang='lat' dir='ltr'>aliquid</span> <span class='ocrx_word' id='word_1_17' title='bbox 2135 446 2458 535; x_wconf 75' lang='lat' dir='ltr'>Afrontem</span> <span class='ocrx_word' id='word_1_18' title='bbox 2483 463 2553 501; x_wconf 83' lang='lat' dir='ltr'>ex</span> <span class='ocrx_word' id='word_1_19' title='bbox 2583 445 2786 500; x_wconf 90' lang='lat' dir='ltr'>eodem</span> <span class='ocrx_word' id='word_1_20' title='bbox 2815 443 2940 498; x_wconf 91' lang='lat' dir='ltr'>oleo</span> <span class='ocrx_word' id='word_1_21' title='bbox 2977 442 3224 515; x_wconf 87' lang='lat' dir='ltr'>signare,</span> <span class='ocrx_word' id='word_1_22' title='bbox 3260 443 3410 514; x_wconf 91' lang='lat' dir='ltr'>quod</span> <span class='ocrx_word' id='word_1_23' title='bbox 3452 443 3582 498; x_wconf 89' lang='lat' dir='ltr'>solis</span> <span class='ocrx_word' id='word_1_24' title='bbox 3613 443 3856 499; x_wconf 80' lang='lat' dir='ltr'>debetur</span> 
     </span>
    </p>
   </div>
   <div class='ocr_carea' id='block_1_5' title="bbox 491 541 2113 621">
    <p class='ocr_par' dir='ltr' id='par_1_5' title="bbox 491 541 2113 621">
     <span class='ocr_line' id='line_1_5' title="bbox 491 541 2113 621; baseline -0.005 -17"><span class='ocrx_word' id='word_1_25' title='bbox 491 548 647 621; x_wconf 90' lang='lat' dir='ltr'>quod</span> <span class='ocrx_word' id='word_1_26' title='bbox 677 551 778 602; x_wconf 90' lang='lat' dir='ltr'>aut</span> <span class='ocrx_word' id='word_1_27' title='bbox 806 545 1195 601; x_wconf 78' lang='lat' dir='ltr'>auctoritatem</span> <span class='ocrx_word' id='word_1_28' title='bbox 1226 559 1343 597; x_wconf 92' lang='lat' dir='ltr'>non</span> <span class='ocrx_word' id='word_1_29' title='bbox 1373 541 1600 609; x_wconf 89' lang='lat' dir='ltr'>habeat,</span> <span class='ocrx_word' id='word_1_30' title='bbox 1632 545 1731 596; x_wconf 89' lang='lat' dir='ltr'>aut</span> <span class='ocrx_word' id='word_1_31' title='bbox 1760 541 1994 596; x_wconf 88' lang='lat' dir='ltr'>aliunde</span> <span class='ocrx_word' id='word_1_32' title='bbox 2027 559 2113 596; x_wconf 80' lang='lat' dir='ltr'>ac—</span> 
     </span>
    </p>
   </div>
   <div class='ocr_carea' id='block_1_6' title="bbox 490 635 2115 714">
    <p class='ocr_par' dir='ltr' id='par_1_6' title="bbox 490 635 2115 714">
     <span class='ocr_line' id='line_1_6' title="bbox 490 635 2115 714; baseline -0.005 -17"><span class='ocrx_word' id='word_1_33' title='bbox 490 644 678 714; x_wconf 85' lang='lat' dir='ltr'>cipere</span> <span class='ocrx_word' id='word_1_34' title='bbox 706 641 967 695; x_wconf 89' lang='lat' dir='ltr'>videatur</span> <span class='ocrx_word' id='word_1_35' title='bbox 998 638 1369 708; x_wconf 83' lang='lat' dir='ltr'>exemplum?</span> <span class='ocrx_word' id='word_1_36' title='bbox 1394 635 1719 690; x_wconf 57' lang='lat' dir='ltr'>Praesertim</span> <span class='ocrx_word' id='word_1_37' title='bbox 1744 651 1874 689; x_wconf 91' lang='lat' dir='ltr'>cum</span> <span class='ocrx_word' id='word_1_38' title='bbox 1901 635 1973 690; x_wconf 85' lang='lat' dir='ltr'>sit</span> <span class='ocrx_word' id='word_1_39' title='bbox 1997 651 2115 689; x_wconf 83' lang='lat' dir='ltr'>ma-</span> 
     </span>
    </p>
   </div>
   <div class='ocr_carea' id='block_1_7' title="bbox 491 728 2114 802">
    <p class='ocr_par' dir='ltr' id='par_1_7' title="bbox 491 728 2114 802">
     <span class='ocr_line' id='line_1_7' title="bbox 491 728 2114 802; baseline -0.004 -13"><span class='ocrx_word' id='word_1_40' title='bbox 491 737 761 790; x_wconf 86' lang='lat' dir='ltr'>nifestum</span> <span class='ocrx_word' id='word_1_41' title='bbox 786 734 845 802; x_wconf 80' lang='lat' dir='ltr'>in</span> <span class='ocrx_word' id='word_1_42' title='bbox 877 748 1107 786; x_wconf 91' lang='lat' dir='ltr'>omnem</span> <span class='ocrx_word' id='word_1_43' title='bbox 1122 730 1362 800; x_wconf 78' lang='lat' dir='ltr'>Italiam,</span> <span class='ocrx_word' id='word_1_44' title='bbox 1395 729 1614 799; x_wconf 84' lang='lat' dir='ltr'>Gallias,</span> <span class='ocrx_word' id='word_1_45' title='bbox 1638 728 1950 800; x_wconf 84' lang='lat' dir='ltr'>Hispanias,</span> <span class='ocrx_word' id='word_1_46' title='bbox 1972 729 2114 783; x_wconf 84' lang='lat' dir='ltr'>Afri-</span> 
     </span>
    </p>
   </div>
   <div class='ocr_carea' id='block_1_8' title="bbox 488 823 2113 898">
    <p class='ocr_par' dir='ltr' id='par_1_8' title="bbox 488 823 2113 898">
     <span class='ocr_line' id='line_1_8' title="bbox 488 823 2113 898; baseline -0.004 -15"><span class='ocrx_word' id='word_1_47' title='bbox 488 845 634 896; x_wconf 86' lang='lat' dir='ltr'>cam,</span> <span class='ocrx_word' id='word_1_48' title='bbox 667 831 836 898; x_wconf 90' lang='lat' dir='ltr'>atque</span> <span class='ocrx_word' id='word_1_49' title='bbox 855 825 1100 882; x_wconf 89' lang='lat' dir='ltr'>Siliciam</span> <span class='ocrx_word' id='word_1_50' title='bbox 1123 825 1446 896; x_wconf 88' lang='lat' dir='ltr'>insulasque</span> <span class='ocrx_word' id='word_1_51' title='bbox 1468 823 1868 895; x_wconf 87' lang='lat' dir='ltr'>interjacentes</span> <span class='ocrx_word' id='word_1_52' title='bbox 1891 823 2113 878; x_wconf 90' lang='lat' dir='ltr'>nullum</span> 
     </span>
    </p>
   </div>
   <div class='ocr_carea' id='block_1_9' title="bbox 485 916 2114 989">
    <p class='ocr_par' dir='ltr' id='par_1_9' title="bbox 485 916 2114 989">
     <span class='ocr_line' id='line_1_9' title="bbox 485 916 2114 989; baseline -0.002 -13"><span class='ocrx_word' id='word_1_53' title='bbox 485 920 793 976; x_wconf 83' lang='lat' dir='ltr'>instituisse</span> <span class='ocrx_word' id='word_1_54' title='bbox 821 919 1117 986; x_wconf 88' lang='lat' dir='ltr'>Ecclesias,</span> <span class='ocrx_word' id='word_1_55' title='bbox 1166 918 1271 973; x_wconf 91' lang='lat' dir='ltr'>nisi</span> <span class='ocrx_word' id='word_1_56' title='bbox 1303 935 1402 974; x_wconf 91' lang='lat' dir='ltr'>eos</span> <span class='ocrx_word' id='word_1_57' title='bbox 1440 934 1582 989; x_wconf 92' lang='lat' dir='ltr'>quos</span> <span class='ocrx_word' id='word_1_58' title='bbox 1611 916 1953 972; x_wconf 84' lang='lat' dir='ltr'>venerabilis</span> <span class='ocrx_word' id='word_1_59' title='bbox 1983 933 2114 988; x_wconf 91' lang='lat' dir='ltr'>apo-</span> 
     </span>
    </p>
   </div>
   <div class='ocr_carea' id='block_1_10' title="bbox 486 1009 2116 1084">
    <p class='ocr_par' dir='ltr' id='par_1_10' title="bbox 486 1009 2116 1084">
     <span class='ocr_line' id='line_1_10' title="bbox 486 1009 2116 1084; baseline -0.002 -17"><span class='ocrx_word' id='word_1_60' title='bbox 486 1015 661 1069; x_wconf 89' lang='lat' dir='ltr'>stolus</span> <span class='ocrx_word' id='word_1_61' title='bbox 713 1016 931 1080; x_wconf 85' lang='lat' dir='ltr'>Petrus,</span> <span class='ocrx_word' id='word_1_62' title='bbox 975 1016 1074 1068; x_wconf 91' lang='lat' dir='ltr'>aut</span> <span class='ocrx_word' id='word_1_63' title='bbox 1124 1013 1246 1084; x_wconf 86' lang='lat' dir='ltr'>ejus</span> <span class='ocrx_word' id='word_1_64' title='bbox 1296 1027 1646 1067; x_wconf 88' lang='lat' dir='ltr'>successores</span> <span class='ocrx_word' id='word_1_65' title='bbox 1699 1009 2116 1066; x_wconf 88' lang='lat' dir='ltr'>constituerunt</span> 
     </span>
    </p>
   </div>
   <div class='ocr_carea' id='block_1_11' title="bbox 487 1103 2115 1179">
    <p class='ocr_par' dir='ltr' id='par_1_11' title="bbox 487 1103 2115 1179">
     <span class='ocr_line' id='line_1_11' title="bbox 487 1103 2115 1179; baseline -0.004 -16"><span class='ocrx_word' id='word_1_66' title='bbox 487 1108 828 1175; x_wconf 87' lang='lat' dir='ltr'>sacerdotes,</span> <span class='ocrx_word' id='word_1_67' title='bbox 875 1111 972 1162; x_wconf 89' lang='lat' dir='ltr'>aut</span> <span class='ocrx_word' id='word_1_68' title='bbox 1017 1107 1216 1179; x_wconf 89' lang='lat' dir='ltr'>legant</span> <span class='ocrx_word' id='word_1_69' title='bbox 1256 1106 1300 1160; x_wconf 92' lang='lat' dir='ltr'>si</span> <span class='ocrx_word' id='word_1_70' title='bbox 1347 1107 1407 1160; x_wconf 92' lang='lat' dir='ltr'>in</span> <span class='ocrx_word' id='word_1_71' title='bbox 1465 1105 1552 1159; x_wconf 90' lang='lat' dir='ltr'>his</span> <span class='ocrx_word' id='word_1_72' title='bbox 1593 1103 1915 1176; x_wconf 84' lang='lat' dir='ltr'>provinciis,</span> <span class='ocrx_word' id='word_1_73' title='bbox 1973 1103 2115 1158; x_wconf 89' lang='lat' dir='ltr'>alius</span> 
     </span>
    </p>
   </div>
   <div class='ocr_carea' id='block_1_12' title="bbox 487 1198 2114 1274">
    <p class='ocr_par' dir='ltr' id='par_1_12' title="bbox 487 1198 2114 1274">
     <span class='ocr_line' id='line_1_12' title="bbox 487 1198 2114 1274; baseline -0.003 -17"><span class='ocrx_word' id='word_1_74' title='bbox 487 1202 874 1274; x_wconf 86' lang='lat' dir='ltr'>apostolorum</span> <span class='ocrx_word' id='word_1_75' title='bbox 904 1201 1190 1255; x_wconf 81' lang='lat' dir='ltr'>invenitur</span> <span class='ocrx_word' id='word_1_76' title='bbox 1216 1205 1314 1255; x_wconf 88' lang='lat' dir='ltr'>aut</span> <span class='ocrx_word' id='word_1_77' title='bbox 1341 1199 1552 1269; x_wconf 82' lang='lat' dir='ltr'>legitur</span> <span class='ocrx_word' id='word_1_78' title='bbox 1577 1198 1855 1253; x_wconf 89' lang='lat' dir='ltr'>docuisse.</span> <span class='ocrx_word' id='word_1_79' title='bbox 1888 1199 2049 1262; x_wconf 90' lang='lat' dir='ltr'>Quod</span> <span class='ocrx_word' id='word_1_80' title='bbox 2069 1198 2114 1252; x_wconf 90' lang='lat' dir='ltr'>si</span> 
     </span>
    </p>
   </div>
   <div class='ocr_carea' id='block_1_13' title="bbox 485 1292 2114 1366">
    <p class='ocr_par' dir='ltr' id='par_1_13' title="bbox 485 1292 2114 1366">
     <span class='ocr_line' id='line_1_13' title="bbox 485 1292 2114 1366; baseline -0.003 -16"><span class='ocrx_word' id='word_1_81' title='bbox 485 1312 603 1351; x_wconf 91' lang='lat' dir='ltr'>non</span> <span class='ocrx_word' id='word_1_82' title='bbox 629 1296 848 1366; x_wconf 90' lang='lat' dir='ltr'>legunt,</span> <span class='ocrx_word' id='word_1_83' title='bbox 897 1295 1028 1366; x_wconf 87' lang='lat' dir='ltr'>quia</span> <span class='ocrx_word' id='word_1_84' title='bbox 1074 1310 1359 1364; x_wconf 89' lang='lat' dir='ltr'>nusquam</span> <span class='ocrx_word' id='word_1_85' title='bbox 1399 1292 1710 1359; x_wconf 87' lang='lat' dir='ltr'>invenitur,</span> <span class='ocrx_word' id='word_1_86' title='bbox 1754 1294 1975 1362; x_wconf 86' lang='lat' dir='ltr'>oportet</span> <span class='ocrx_word' id='word_1_87' title='bbox 2021 1309 2114 1346; x_wconf 92' lang='lat' dir='ltr'>eos</span> 
     </span>
    </p>
   </div>
   <div class='ocr_carea' id='block_1_14' title="bbox 486 1386 2112 1460">
    <p class='ocr_par' dir='ltr' id='par_1_14' title="bbox 486 1386 2112 1460">
     <span class='ocr_line' id='line_1_14' title="bbox 486 1386 2112 1460; baseline -0.003 -16"><span class='ocrx_word' id='word_1_88' title='bbox 486 1391 594 1444; x_wconf 91' lang='lat' dir='ltr'>hoc</span> <span class='ocrx_word' id='word_1_89' title='bbox 639 1389 803 1460; x_wconf 90' lang='lat' dir='ltr'>sequi</span> <span class='ocrx_word' id='word_1_90' title='bbox 850 1388 1002 1459; x_wconf 91' lang='lat' dir='ltr'>quod</span> <span class='ocrx_word' id='word_1_91' title='bbox 1052 1387 1295 1443; x_wconf 88' lang='lat' dir='ltr'>Ecclesia</span> <span class='ocrx_word' id='word_1_92' title='bbox 1344 1387 1606 1440; x_wconf 87' lang='lat' dir='ltr'>Romana</span> <span class='ocrx_word' id='word_1_93' title='bbox 1631 1386 1898 1451; x_wconf 88' lang='lat' dir='ltr'>custodit,</span> <span class='ocrx_word' id='word_1_94' title='bbox 1942 1402 1976 1439; x_wconf 90' lang='lat' dir='ltr'>a</span> <span class='ocrx_word' id='word_1_95' title='bbox 2004 1402 2112 1456; x_wconf 89' lang='lat' dir='ltr'>qua</span> 
     </span>
    </p>
   </div>
   <div class='ocr_carea' id='block_1_15' title="bbox 487 1479 2114 1554">
    <p class='ocr_par' dir='ltr' id='par_1_15' title="bbox 487 1479 2114 1554">
     <span class='ocr_line' id='line_1_15' title="bbox 487 1479 2114 1554; baseline -0.002 -17"><span class='ocrx_word' id='word_1_96' title='bbox 487 1499 583 1538; x_wconf 89' lang='lat' dir='ltr'>cos</span> <span class='ocrx_word' id='word_1_97' title='bbox 608 1482 953 1554; x_wconf 90' lang='lat' dir='ltr'>principium</span> <span class='ocrx_word' id='word_1_98' title='bbox 985 1479 1267 1552; x_wconf 88' lang='lat' dir='ltr'>accepisse</span> <span class='ocrx_word' id='word_1_99' title='bbox 1307 1496 1427 1535; x_wconf 92' lang='lat' dir='ltr'>non</span> <span class='ocrx_word' id='word_1_100' title='bbox 1464 1479 1703 1534; x_wconf 90' lang='lat' dir='ltr'>dubium</span> <span class='ocrx_word' id='word_1_101' title='bbox 1730 1482 1834 1545; x_wconf 91' lang='lat' dir='ltr'>est,</span> <span class='ocrx_word' id='word_1_102' title='bbox 1873 1495 1945 1535; x_wconf 91' lang='lat' dir='ltr'>ne</span> <span class='ocrx_word' id='word_1_103' title='bbox 1978 1479 2114 1533; x_wconf 91' lang='lat' dir='ltr'>dum</span> 
     </span>
    </p>
   </div>
   <div class='ocr_carea' id='block_1_16' title="bbox 487 1571 2114 1646">
    <p class='ocr_par' dir='ltr' id='par_1_16' title="bbox 487 1571 2114 1646">
     <span class='ocr_line' id='line_1_16' title="bbox 487 1571 2114 1646; baseline -0.002 -16"><span class='ocrx_word' id='word_1_104' title='bbox 487 1574 807 1646; x_wconf 87' lang='lat' dir='ltr'>peregrinis</span> <span class='ocrx_word' id='word_1_105' title='bbox 820 1573 1225 1630; x_wconf 88' lang='lat' dir='ltr'>assertionibus</span> <span class='ocrx_word' id='word_1_106' title='bbox 1237 1573 1487 1639; x_wconf 89' lang='lat' dir='ltr'>student,</span> <span class='ocrx_word' id='word_1_107' title='bbox 1507 1576 1676 1644; x_wconf 89' lang='lat' dir='ltr'>caput</span> <span class='ocrx_word' id='word_1_108' title='bbox 1691 1571 2114 1627; x_wconf 89' lang='lat' dir='ltr'>institutionum</span> 
     </span>
    </p>
   </div>
   <div class='ocr_carea' id='block_1_17' title="bbox 485 1665 2116 1738">
    <p class='ocr_par' dir='ltr' id='par_1_17' title="bbox 485 1665 2116 1738">
     <span class='ocr_line' id='line_1_17' title="bbox 485 1665 2116 1738; baseline -0.002 -15"><span class='ocrx_word' id='word_1_109' title='bbox 485 1669 788 1723; x_wconf 88' lang='lat' dir='ltr'>videantur</span> <span class='ocrx_word' id='word_1_110' title='bbox 821 1669 1099 1723; x_wconf 89' lang='lat' dir='ltr'>omittere.</span> <span class='ocrx_word' id='word_1_111' title='bbox 1131 1667 1291 1738; x_wconf 61' lang='lat' dir='ltr'>Saepe</span> <span class='ocrx_word' id='word_1_112' title='bbox 1330 1665 1695 1720; x_wconf 86' lang='lat' dir='ltr'>dilectionem</span> <span class='ocrx_word' id='word_1_113' title='bbox 1738 1669 1896 1720; x_wconf 88' lang='lat' dir='ltr'>tuam</span> <span class='ocrx_word' id='word_1_114' title='bbox 1923 1665 1998 1720; x_wconf 91' lang='lat' dir='ltr'>ad</span> <span class='ocrx_word' id='word_1_115' title='bbox 2029 1682 2116 1719; x_wconf 88' lang='lat' dir='ltr'>ur-</span> 
     </span>
    </p>
   </div>
   <div class='ocr_carea' id='block_1_18' title="bbox 488 1759 2116 1818">
    <p class='ocr_par' dir='ltr' id='par_1_18' title="bbox 488 1759 2116 1818">
     <span class='ocr_line' id='line_1_18' title="bbox 488 1759 2116 1818; baseline -0.002 -1"><span class='ocrx_word' id='word_1_116' title='bbox 488 1764 618 1818; x_wconf 92' lang='lat' dir='ltr'>bem</span> <span class='ocrx_word' id='word_1_117' title='bbox 652 1761 872 1817; x_wconf 85' lang='lat' dir='ltr'>venisse</span> <span class='ocrx_word' id='word_1_118' title='bbox 903 1779 966 1816; x_wconf 91' lang='lat' dir='ltr'>ac</span> <span class='ocrx_word' id='word_1_119' title='bbox 992 1760 1291 1816; x_wconf 91' lang='lat' dir='ltr'>nobiscum</span> <span class='ocrx_word' id='word_1_120' title='bbox 1318 1759 1377 1814; x_wconf 92' lang='lat' dir='ltr'>in</span> <span class='ocrx_word' id='word_1_121' title='bbox 1401 1759 1629 1815; x_wconf 87' lang='lat' dir='ltr'>ecclesia</span> <span class='ocrx_word' id='word_1_122' title='bbox 1653 1759 1978 1814; x_wconf 87' lang='lat' dir='ltr'>convenisse</span> <span class='ocrx_word' id='word_1_123' title='bbox 2000 1776 2116 1814; x_wconf 91' lang='lat' dir='ltr'>non</span> 
     </span>
    </p>
   </div>
   <div class='ocr_carea' id='block_1_19' title="bbox 2215 537 3857 612">
    <p class='ocr_par' dir='ltr' id='par_1_19' title="bbox 2215 537 3857 612">
     <span class='ocr_line' id='line_1_19' title="bbox 2215 537 3857 612; baseline -0.001 -18"><span class='ocrx_word' id='word_1_124' title='bbox 2215 540 2512 612; x_wconf 82' lang='lat' dir='ltr'>episcopis,</span> <span class='ocrx_word' id='word_1_125' title='bbox 2544 556 2672 594; x_wconf 91' lang='lat' dir='ltr'>cum</span> <span class='ocrx_word' id='word_1_126' title='bbox 2703 538 2935 593; x_wconf 89' lang='lat' dir='ltr'>tradunt</span> <span class='ocrx_word' id='word_1_127' title='bbox 2961 537 3233 610; x_wconf 89' lang='lat' dir='ltr'>Spiritum</span> <span class='ocrx_word' id='word_1_128' title='bbox 3261 537 3641 608; x_wconf 89' lang='lat' dir='ltr'>paracletum.</span> <span class='ocrx_word' id='word_1_129' title='bbox 3669 537 3857 592; x_wconf 84' lang='lat' dir='ltr'>Verba</span> 
     </span>
    </p>
   </div>
   <div class='ocr_carea' id='block_1_20' title="bbox 2214 629 3854 702">
    <p class='ocr_par' dir='ltr' id='par_1_20' title="bbox 2214 629 3854 702">
     <span class='ocr_line' id='line_1_20' title="bbox 2214 629 3854 702; baseline -0.001 -16"><span class='ocrx_word' id='word_1_130' title='bbox 2214 650 2344 688; x_wconf 87' lang='lat' dir='ltr'>vero</span> <span class='ocrx_word' id='word_1_131' title='bbox 2377 633 2562 688; x_wconf 83' lang='lat' dir='ltr'>dicere</span> <span class='ocrx_word' id='word_1_132' title='bbox 2595 649 2712 687; x_wconf 88' lang='lat' dir='ltr'>non</span> <span class='ocrx_word' id='word_1_133' title='bbox 2741 647 2992 702; x_wconf 85' lang='lat' dir='ltr'>possum,</span> <span class='ocrx_word' id='word_1_134' title='bbox 3039 647 3112 685; x_wconf 90' lang='lat' dir='ltr'>ne</span> <span class='ocrx_word' id='word_1_135' title='bbox 3148 631 3330 702; x_wconf 89' lang='lat' dir='ltr'>magis</span> <span class='ocrx_word' id='word_1_136' title='bbox 3363 630 3606 702; x_wconf 88' lang='lat' dir='ltr'>prodere</span> <span class='ocrx_word' id='word_1_137' title='bbox 3636 629 3854 699; x_wconf 87' lang='lat' dir='ltr'>videar,</span> 
     </span>
    </p>
   </div>
   <div class='ocr_carea' id='block_1_21' title="bbox 2215 725 3380 798">
    <p class='ocr_par' dir='ltr' id='par_1_21' title="bbox 2215 725 3380 798">
     <span class='ocr_line' id='line_1_21' title="bbox 2215 725 3380 798; baseline -0.002 -18"><span class='ocrx_word' id='word_1_138' title='bbox 2215 743 2384 798; x_wconf 89' lang='lat' dir='ltr'>quam</span> <span class='ocrx_word' id='word_1_139' title='bbox 2414 727 2486 780; x_wconf 88' lang='lat' dir='ltr'>ad</span> <span class='ocrx_word' id='word_1_140' title='bbox 2515 725 2988 781; x_wconf 89' lang='lat' dir='ltr'>consultationem</span> <span class='ocrx_word' id='word_1_141' title='bbox 3016 725 3380 796; x_wconf 90' lang='lat' dir='ltr'>respondere.</span> 
     </span>
    </p>
   </div>
   <div class='ocr_carea' id='block_1_22' title="bbox 2285 817 3856 889">
    <p class='ocr_par' dir='ltr' id='par_1_22' title="bbox 2285 817 3856 889">
     <span class='ocr_line' id='line_1_22' title="bbox 2285 817 3856 889; baseline -0.002 -14"><span class='ocrx_word' id='word_1_142' title='bbox 2285 821 2370 875; x_wconf 85' lang='lat' dir='ltr'>IV.</span> <span class='ocrx_word' id='word_1_143' title='bbox 2407 819 2652 875; x_wconf 89' lang='lat' dir='ltr'>Sabbato</span> <span class='ocrx_word' id='word_1_144' title='bbox 2681 834 2813 872; x_wconf 91' lang='lat' dir='ltr'>vero</span> <span class='ocrx_word' id='word_1_145' title='bbox 2831 817 2912 889; x_wconf 91' lang='lat' dir='ltr'>jej</span> <span class='ocrx_word' id='word_1_146' title='bbox 2924 817 3215 872; x_wconf 90' lang='lat' dir='ltr'>unandum</span> <span class='ocrx_word' id='word_1_147' title='bbox 3235 833 3352 872; x_wconf 91' lang='lat' dir='ltr'>esse</span> <span class='ocrx_word' id='word_1_148' title='bbox 3380 817 3520 872; x_wconf 89' lang='lat' dir='ltr'>ratio</span> <span class='ocrx_word' id='word_1_149' title='bbox 3547 817 3856 872; x_wconf 87' lang='lat' dir='ltr'>evidentis-</span> 
     </span>
    </p>
   </div>
   <div class='ocr_carea' id='block_1_23' title="bbox 2214 910 3852 968">
    <p class='ocr_par' dir='ltr' id='par_1_23' title="bbox 2214 910 3852 968">
     <span class='ocr_line' id='line_1_23' title="bbox 2214 910 3852 968; baseline -0.001 -2"><span class='ocrx_word' id='word_1_150' title='bbox 2214 913 2360 968; x_wconf 90' lang='lat' dir='ltr'>sima</span> <span class='ocrx_word' id='word_1_151' title='bbox 2387 913 2758 968; x_wconf 88' lang='lat' dir='ltr'>demonstrat.</span> <span class='ocrx_word' id='word_1_152' title='bbox 2789 913 2925 966; x_wconf 87' lang='lat' dir='ltr'>Nam</span> <span class='ocrx_word' id='word_1_153' title='bbox 2949 911 2996 966; x_wconf 89' lang='lat' dir='ltr'>si</span> <span class='ocrx_word' id='word_1_154' title='bbox 3023 911 3174 966; x_wconf 89' lang='lat' dir='ltr'>diem</span> <span class='ocrx_word' id='word_1_155' title='bbox 3195 910 3561 966; x_wconf 91' lang='lat' dir='ltr'>Dominicum</span> <span class='ocrx_word' id='word_1_156' title='bbox 3585 911 3658 965; x_wconf 92' lang='lat' dir='ltr'>ob</span> <span class='ocrx_word' id='word_1_157' title='bbox 3679 929 3852 966; x_wconf 83' lang='lat' dir='ltr'>vene-</span> 
     </span>
    </p>
   </div>
   <div class='ocr_carea' id='block_1_24' title="bbox 2214 1009 3858 1066">
    <p class='ocr_par' dir='ltr' id='par_1_24' title="bbox 2214 1009 3858 1066">
     <span class='ocr_line' id='line_1_24' title="bbox 2214 1009 3858 1066; baseline -0.001 0"><span class='ocrx_word' id='word_1_158' title='bbox 2214 1011 2453 1066; x_wconf 90' lang='lat' dir='ltr'>rabilem</span> <span class='ocrx_word' id='word_1_159' title='bbox 2485 1011 2958 1066; x_wconf 89' lang='lat' dir='ltr'>resurrectionem</span> <span class='ocrx_word' id='word_1_160' title='bbox 2998 1009 3224 1065; x_wconf 90' lang='lat' dir='ltr'>Domini</span> <span class='ocrx_word' id='word_1_161' title='bbox 3271 1009 3448 1064; x_wconf 90' lang='lat' dir='ltr'>nostri</span> <span class='ocrx_word' id='word_1_162' title='bbox 3476 1011 3608 1064; x_wconf 89' lang='lat' dir='ltr'>Jesu</span> <span class='ocrx_word' id='word_1_163' title='bbox 3645 1010 3858 1066; x_wconf 85' lang='lat' dir='ltr'>Christi</span> 
     </span>
    </p>
   </div>
   <div class='ocr_carea' id='block_1_25' title="bbox 2214 1102 3858 1174">
    <p class='ocr_par' dir='ltr' id='par_1_25' title="bbox 2214 1102 3858 1174">
     <span class='ocr_line' id='line_1_25' title="bbox 2214 1102 3858 1174; baseline -0.001 -15"><span class='ocrx_word' id='word_1_164' title='bbox 2214 1122 2331 1161; x_wconf 91' lang='lat' dir='ltr'>non</span> <span class='ocrx_word' id='word_1_165' title='bbox 2361 1105 2545 1160; x_wconf 90' lang='lat' dir='ltr'>solum</span> <span class='ocrx_word' id='word_1_166' title='bbox 2584 1105 2642 1158; x_wconf 92' lang='lat' dir='ltr'>in</span> <span class='ocrx_word' id='word_1_167' title='bbox 2685 1105 2897 1160; x_wconf 90' lang='lat' dir='ltr'>Pascha</span> <span class='ocrx_word' id='word_1_168' title='bbox 2928 1102 3300 1170; x_wconf 86' lang='lat' dir='ltr'>celebramus,</span> <span class='ocrx_word' id='word_1_169' title='bbox 3340 1104 3720 1158; x_wconf 90' lang='lat' dir='ltr'>verumetiam</span> <span class='ocrx_word' id='word_1_170' title='bbox 3751 1121 3858 1174; x_wconf 91' lang='lat' dir='ltr'>per</span> 
     </span>
    </p>
   </div>
   <div class='ocr_carea' id='block_1_26' title="bbox 2216 1196 3856 1270">
    <p class='ocr_par' dir='ltr' id='par_1_26' title="bbox 2216 1196 3856 1270">
     <span class='ocr_line' id='line_1_26' title="bbox 2216 1196 3856 1270; baseline 0 -18"><span class='ocrx_word' id='word_1_171' title='bbox 2216 1199 2466 1270; x_wconf 88' lang='lat' dir='ltr'>singulos</span> <span class='ocrx_word' id='word_1_172' title='bbox 2493 1198 2728 1253; x_wconf 87' lang='lat' dir='ltr'>circulos</span> <span class='ocrx_word' id='word_1_173' title='bbox 2754 1197 3249 1253; x_wconf 86' lang='lat' dir='ltr'>hebdomadarum</span> <span class='ocrx_word' id='word_1_174' title='bbox 3287 1197 3466 1268; x_wconf 90' lang='lat' dir='ltr'>ipsius</span> <span class='ocrx_word' id='word_1_175' title='bbox 3506 1197 3618 1252; x_wconf 88' lang='lat' dir='ltr'>diei</span> <span class='ocrx_word' id='word_1_176' title='bbox 3650 1196 3856 1269; x_wconf 90' lang='lat' dir='ltr'>imagi-</span> 
     </span>
    </p>
   </div>
   <div class='ocr_carea' id='block_1_27' title="bbox 2213 1289 3856 1364">
    <p class='ocr_par' dir='ltr' id='par_1_27' title="bbox 2213 1289 3856 1364">
     <span class='ocr_line' id='line_1_27' title="bbox 2213 1289 3856 1364; baseline 0 -19"><span class='ocrx_word' id='word_1_177' title='bbox 2213 1309 2349 1346; x_wconf 91' lang='lat' dir='ltr'>nem</span> <span class='ocrx_word' id='word_1_178' title='bbox 2372 1292 2819 1364; x_wconf 86' lang='lat' dir='ltr'>frequentamus,</span> <span class='ocrx_word' id='word_1_179' title='bbox 2851 1308 2914 1345; x_wconf 91' lang='lat' dir='ltr'>ac</span> <span class='ocrx_word' id='word_1_180' title='bbox 2945 1291 2988 1344; x_wconf 90' lang='lat' dir='ltr'>si</span> <span class='ocrx_word' id='word_1_181' title='bbox 3018 1294 3177 1345; x_wconf 86' lang='lat' dir='ltr'>sexta</span> <span class='ocrx_word' id='word_1_182' title='bbox 3220 1289 3361 1346; x_wconf 88' lang='lat' dir='ltr'>feria</span> <span class='ocrx_word' id='word_1_183' title='bbox 3383 1294 3619 1362; x_wconf 88' lang='lat' dir='ltr'>propter</span> <span class='ocrx_word' id='word_1_184' title='bbox 3644 1290 3856 1362; x_wconf 84' lang='lat' dir='ltr'>passio-</span> 
     </span>
    </p>
   </div>
   <div class='ocr_carea' id='block_1_28' title="bbox 2215 1384 3856 1456">
    <p class='ocr_par' dir='ltr' id='par_1_28' title="bbox 2215 1384 3856 1456">
     <span class='ocr_line' id='line_1_28' title="bbox 2215 1384 3856 1456; baseline 0.001 -17"><span class='ocrx_word' id='word_1_185' title='bbox 2215 1402 2350 1440; x_wconf 90' lang='lat' dir='ltr'>nem</span> <span class='ocrx_word' id='word_1_186' title='bbox 2391 1385 2618 1439; x_wconf 91' lang='lat' dir='ltr'>Domini</span> <span class='ocrx_word' id='word_1_187' title='bbox 2657 1385 3004 1455; x_wconf 90' lang='lat' dir='ltr'>jejunamus,</span> <span class='ocrx_word' id='word_1_188' title='bbox 3056 1384 3370 1440; x_wconf 90' lang='lat' dir='ltr'>Sabbatum</span> <span class='ocrx_word' id='word_1_189' title='bbox 3409 1385 3856 1456; x_wconf 77' lang='lat' dir='ltr'>praetermittere</span> 
     </span>
    </p>
   </div>
   <div class='ocr_carea' id='block_1_29' title="bbox 2217 1477 3855 1550">
    <p class='ocr_par' dir='ltr' id='par_1_29' title="bbox 2217 1477 3855 1550">
     <span class='ocr_line' id='line_1_29' title="bbox 2217 1477 3855 1550; baseline 0.001 -18"><span class='ocrx_word' id='word_1_190' title='bbox 2217 1495 2329 1533; x_wconf 91' lang='lat' dir='ltr'>non</span> <span class='ocrx_word' id='word_1_191' title='bbox 2362 1478 2655 1545; x_wconf 89' lang='lat' dir='ltr'>debemus,</span> <span class='ocrx_word' id='word_1_192' title='bbox 2704 1477 3030 1550; x_wconf 64' lang='lat' dir='ltr'>quodlinter</span> <span class='ocrx_word' id='word_1_193' title='bbox 3049 1477 3344 1532; x_wconf 90' lang='lat' dir='ltr'>tristitiam</span> <span class='ocrx_word' id='word_1_194' title='bbox 3383 1482 3553 1548; x_wconf 90' lang='lat' dir='ltr'>atque</span> <span class='ocrx_word' id='word_1_195' title='bbox 3591 1477 3855 1533; x_wconf 70' lang='lat' dir='ltr'>laetitiam</span> 
     </span>
    </p>
   </div>
   <div class='ocr_carea' id='block_1_30' title="bbox 2216 1575 3858 1648">
    <p class='ocr_par' dir='ltr' id='par_1_30' title="bbox 2216 1575 3858 1648">
     <span class='ocr_line' id='line_1_30' title="bbox 2216 1575 3858 1648; baseline 0 -18"><span class='ocrx_word' id='word_1_196' title='bbox 2216 1576 2489 1648; x_wconf 90' lang='lat' dir='ltr'>temporis</span> <span class='ocrx_word' id='word_1_197' title='bbox 2513 1575 2665 1630; x_wconf 92' lang='lat' dir='ltr'>illius</span> <span class='ocrx_word' id='word_1_198' title='bbox 2690 1575 2914 1631; x_wconf 89' lang='lat' dir='ltr'>videtur</span> <span class='ocrx_word' id='word_1_199' title='bbox 2931 1575 3234 1631; x_wconf 89' lang='lat' dir='ltr'>inclusum.</span> <span class='ocrx_word' id='word_1_200' title='bbox 3257 1576 3395 1631; x_wconf 88' lang='lat' dir='ltr'>Nam</span> <span class='ocrx_word' id='word_1_201' title='bbox 3408 1575 3608 1647; x_wconf 89' lang='lat' dir='ltr'>utique</span> <span class='ocrx_word' id='word_1_202' title='bbox 3632 1579 3858 1630; x_wconf 86' lang='lat' dir='ltr'>constat</span> 
     </span>
    </p>
   </div>
   <div class='ocr_carea' id='block_1_31' title="bbox 2215 1669 3859 1742">
    <p class='ocr_par' dir='ltr' id='par_1_31' title="bbox 2215 1669 3859 1742">
     <span class='ocr_line' id='line_1_31' title="bbox 2215 1669 3859 1742; baseline 0 -18"><span class='ocrx_word' id='word_1_203' title='bbox 2215 1670 2498 1742; x_wconf 90' lang='lat' dir='ltr'>apostolos</span> <span class='ocrx_word' id='word_1_204' title='bbox 2527 1670 2704 1724; x_wconf 91' lang='lat' dir='ltr'>biduo</span> <span class='ocrx_word' id='word_1_205' title='bbox 2730 1670 2789 1724; x_wconf 90' lang='lat' dir='ltr'>in</span> <span class='ocrx_word' id='word_1_206' title='bbox 2822 1669 3054 1724; x_wconf 87' lang='lat' dir='ltr'>tristitia</span> <span class='ocrx_word' id='word_1_207' title='bbox 3089 1672 3146 1724; x_wconf 89' lang='lat' dir='ltr'>et</span> <span class='ocrx_word' id='word_1_208' title='bbox 3189 1669 3246 1724; x_wconf 90' lang='lat' dir='ltr'>in</span> <span class='ocrx_word' id='word_1_209' title='bbox 3276 1686 3520 1742; x_wconf 81' lang='lat' dir='ltr'>maerore</span> <span class='ocrx_word' id='word_1_210' title='bbox 3554 1669 3754 1736; x_wconf 90' lang='lat' dir='ltr'>fuisse,</span> <span class='ocrx_word' id='word_1_211' title='bbox 3797 1675 3859 1724; x_wconf 88' lang='lat' dir='ltr'>et</span> 
     </span>
    </p>
   </div>
   <div class='ocr_carea' id='block_1_32' title="bbox 2216 1740 3855 1854">
    <p class='ocr_par' dir='ltr' id='par_1_32' title="bbox 2216 1740 3855 1854">
     <span class='ocr_line' id='line_1_32' title="bbox 2216 1740 3855 1854; baseline -0.001 -35"><span class='ocrx_word' id='word_1_212' title='bbox 2216 1740 2450 1836; x_wconf 72' lang='lat' dir='ltr'>propter</span> <span class='ocrx_word' id='word_1_213' title='bbox 2467 1769 2686 1819; x_wconf 90' lang='lat' dir='ltr'>metum</span> <span class='ocrx_word' id='word_1_214' title='bbox 2702 1765 2726 1818; x_wconf 89' lang='lat' dir='ltr'><strong>J</strong></span> <span class='ocrx_word' id='word_1_215' title='bbox 2735 1763 3027 1818; x_wconf 86' lang='lat' dir='ltr'>udaeorum</span> <span class='ocrx_word' id='word_1_216' title='bbox 3043 1779 3101 1818; x_wconf 93' lang='lat' dir='ltr'>se</span> <span class='ocrx_word' id='word_1_217' title='bbox 3123 1740 3462 1854; x_wconf 52' lang='lat' dir='ltr'>occuluisse!</span> <span class='ocrx_word' id='word_1_218' title='bbox 3470 1763 3632 1828; x_wconf 92' lang='lat' dir='ltr'>Quod</span> <span class='ocrx_word' id='word_1_219' title='bbox 3650 1763 3855 1834; x_wconf 88' lang='lat' dir='ltr'>utique</span> 
     </span>
    </p>
   </div>
   <div class='ocr_carea' id='block_1_33' title="bbox 488 1852 3852 1928">
    <p class='ocr_par' dir='ltr' id='par_1_33' title="bbox 488 1852 3852 1928">
     <span class='ocr_line' id='line_1_33' title="bbox 488 1852 3852 1928; baseline -0.001 -15"><span class='ocrx_word' id='word_1_220' title='bbox 488 1856 729 1910; x_wconf 90' lang='lat' dir='ltr'>dubium</span> <span class='ocrx_word' id='word_1_221' title='bbox 761 1859 861 1923; x_wconf 86' lang='lat' dir='ltr'>est,</span> <span class='ocrx_word' id='word_1_222' title='bbox 894 1860 949 1910; x_wconf 84' lang='lat' dir='ltr'>et</span> <span class='ocrx_word' id='word_1_223' title='bbox 974 1871 1148 1926; x_wconf 86' lang='lat' dir='ltr'>quem</span> <span class='ocrx_word' id='word_1_224' title='bbox 1168 1870 1386 1908; x_wconf 87' lang='lat' dir='ltr'>morem</span> <span class='ocrx_word' id='word_1_225' title='bbox 1409 1853 1470 1908; x_wconf 87' lang='lat' dir='ltr'>in</span> <span class='ocrx_word' id='word_1_226' title='bbox 1489 1852 1885 1908; x_wconf 81' lang='lat' dir='ltr'>consecrandis</span> <span class='ocrx_word' id='word_1_227' title='bbox 1902 1857 2114 1924; x_wconf 74' lang='lat' dir='ltr'>myste-</span> <span class='ocrx_word' id='word_1_228' title='bbox 2136 1853 2190 1924; x_wconf 90' lang='lat' dir='ltr'><strong>B</strong></span> <span class='ocrx_word' id='word_1_229' title='bbox 2215 1875 2330 1913; x_wconf 90' lang='lat' dir='ltr'>non</span> <span class='ocrx_word' id='word_1_230' title='bbox 2357 1857 2594 1913; x_wconf 90' lang='lat' dir='ltr'>dubium</span> <span class='ocrx_word' id='word_1_231' title='bbox 2615 1863 2697 1913; x_wconf 89' lang='lat' dir='ltr'>est</span> <span class='ocrx_word' id='word_1_232' title='bbox 2735 1857 2793 1912; x_wconf 90' lang='lat' dir='ltr'>in</span> <span class='ocrx_word' id='word_1_233' title='bbox 2833 1861 3058 1912; x_wconf 89' lang='lat' dir='ltr'>tantum</span> <span class='ocrx_word' id='word_1_234' title='bbox 3086 1873 3184 1912; x_wconf 90' lang='lat' dir='ltr'>eos</span> <span class='ocrx_word' id='word_1_235' title='bbox 3202 1852 3491 1928; x_wconf 83' lang='lat' dir='ltr'>jejunasse</span> <span class='ocrx_word' id='word_1_236' title='bbox 3519 1855 3698 1911; x_wconf 91' lang='lat' dir='ltr'>biduo</span> <span class='ocrx_word' id='word_1_237' title='bbox 3728 1873 3852 1911; x_wconf 90' lang='lat' dir='ltr'>me-</span> 
     </span>
    </p>
   </div>
   <div class='ocr_carea' id='block_1_34' title="bbox 486 1951 2111 2023">
    <p class='ocr_par' dir='ltr' id='par_1_34' title="bbox 486 1951 2111 2023">
     <span class='ocr_line' id='line_1_34' title="bbox 486 1951 2111 2023; baseline -0.002 -14"><span class='ocrx_word' id='word_1_238' title='bbox 486 1955 584 2009; x_wconf 89' lang='lat' dir='ltr'>riis</span> <span class='ocrx_word' id='word_1_239' title='bbox 605 1956 694 2009; x_wconf 91' lang='lat' dir='ltr'>vel</span> <span class='ocrx_word' id='word_1_240' title='bbox 714 1954 774 2008; x_wconf 92' lang='lat' dir='ltr'>in</span> <span class='ocrx_word' id='word_1_241' title='bbox 805 1953 1021 2009; x_wconf 81' lang='lat' dir='ltr'>caeteris</span> <span class='ocrx_word' id='word_1_242' title='bbox 1052 1953 1292 2023; x_wconf 83' lang='lat' dir='ltr'>agendis</span> <span class='ocrx_word' id='word_1_243' title='bbox 1315 1951 1538 2006; x_wconf 90' lang='lat' dir='ltr'>arcanis</span> <span class='ocrx_word' id='word_1_244' title='bbox 1554 1956 1744 2006; x_wconf 84' lang='lat' dir='ltr'>teneat</span> <span class='ocrx_word' id='word_1_245' title='bbox 1761 1952 2111 2023; x_wconf 80' lang='lat' dir='ltr'>cognovisse.</span> 
     </span>
    </p>
   </div>
   <div class='ocr_carea' id='block_1_35' title="bbox 490 2045 2116 2113">
    <p class='ocr_par' dir='ltr' id='par_1_35' title="bbox 490 2045 2116 2113">
     <span class='ocr_line' id='line_1_35' title="bbox 490 2045 2116 2113; baseline -0.002 -10"><span class='ocrx_word' id='word_1_246' title='bbox 490 2049 650 2113; x_wconf 89' lang='lat' dir='ltr'>Quod</span> <span class='ocrx_word' id='word_1_247' title='bbox 674 2048 934 2103; x_wconf 84' lang='lat' dir='ltr'>sufﬁcere</span> <span class='ocrx_word' id='word_1_248' title='bbox 964 2047 1269 2101; x_wconf 88' lang='lat' dir='ltr'>arbitrarer</span> <span class='ocrx_word' id='word_1_249' title='bbox 1283 2045 1354 2100; x_wconf 89' lang='lat' dir='ltr'>ad</span> <span class='ocrx_word' id='word_1_250' title='bbox 1372 2045 1836 2100; x_wconf 85' lang='lat' dir='ltr'>informationem</span> <span class='ocrx_word' id='word_1_251' title='bbox 1857 2045 2116 2100; x_wconf 65' lang='lat' dir='ltr'>Ecclesiae</span> 
     </span>
    </p>
   </div>
   <div class='ocr_carea' id='block_1_36' title="bbox 487 2139 2118 2210">
    <p class='ocr_par' dir='ltr' id='par_1_36' title="bbox 487 2139 2118 2210">
     <span class='ocr_line' id='line_1_36' title="bbox 487 2139 2118 2210; baseline -0.002 -15"><span class='ocrx_word' id='word_1_252' title='bbox 487 2145 602 2196; x_wconf 84' lang='lat' dir='ltr'>tuae</span> <span class='ocrx_word' id='word_1_253' title='bbox 618 2141 703 2196; x_wconf 89' lang='lat' dir='ltr'>vel</span> <span class='ocrx_word' id='word_1_254' title='bbox 724 2141 1216 2207; x_wconf 86' lang='lat' dir='ltr'>reformationem,</span> <span class='ocrx_word' id='word_1_255' title='bbox 1251 2139 1296 2193; x_wconf 92' lang='lat' dir='ltr'>si</span> <span class='ocrx_word' id='word_1_256' title='bbox 1315 2155 1684 2210; x_wconf 71' lang='lat' dir='ltr'>praacessores</span> <span class='ocrx_word' id='word_1_257' title='bbox 1715 2139 1795 2193; x_wconf 91' lang='lat' dir='ltr'>tui</span> <span class='ocrx_word' id='word_1_258' title='bbox 1811 2139 2002 2193; x_wconf 91' lang='lat' dir='ltr'>minus</span> <span class='ocrx_word' id='word_1_259' title='bbox 2021 2139 2118 2193; x_wconf 90' lang='lat' dir='ltr'>ali-</span> 
     </span>
    </p>
   </div>
   <div class='ocr_carea' id='block_1_37' title="bbox 489 2232 2117 2306">
    <p class='ocr_par' dir='ltr' id='par_1_37' title="bbox 489 2232 2117 2306">
     <span class='ocr_line' id='line_1_37' title="bbox 489 2232 2117 2306; baseline -0.002 -17"><span class='ocrx_word' id='word_1_260' title='bbox 489 2235 648 2306; x_wconf 88' lang='lat' dir='ltr'>quid,</span> <span class='ocrx_word' id='word_1_261' title='bbox 676 2239 774 2290; x_wconf 91' lang='lat' dir='ltr'>aut</span> <span class='ocrx_word' id='word_1_262' title='bbox 797 2234 959 2290; x_wconf 87' lang='lat' dir='ltr'>aliter</span> <span class='ocrx_word' id='word_1_263' title='bbox 985 2232 1273 2288; x_wconf 87' lang='lat' dir='ltr'>tenuerint</span> <span class='ocrx_word' id='word_1_264' title='bbox 1292 2233 1422 2287; x_wconf 90' lang='lat' dir='ltr'>satis</span> <span class='ocrx_word' id='word_1_265' title='bbox 1453 2237 1671 2287; x_wconf 90' lang='lat' dir='ltr'>certum</span> <span class='ocrx_word' id='word_1_266' title='bbox 1698 2233 1986 2301; x_wconf 88' lang='lat' dir='ltr'>haberem,</span> <span class='ocrx_word' id='word_1_267' title='bbox 2010 2233 2117 2286; x_wconf 89' lang='lat' dir='ltr'>nisi</span> 
     </span>
    </p>
   </div>
   <div class='ocr_carea' id='block_1_38' title="bbox 493 2325 2119 2400">
    <p class='ocr_par' dir='ltr' id='par_1_38' title="bbox 493 2325 2119 2400">
     <span class='ocr_line' id='line_1_38' title="bbox 493 2325 2119 2400; baseline -0.001 -18"><span class='ocrx_word' id='word_1_268' title='bbox 493 2328 564 2382; x_wconf 91' lang='lat' dir='ltr'>de</span> <span class='ocrx_word' id='word_1_269' title='bbox 596 2327 881 2400; x_wconf 88' lang='lat' dir='ltr'>aliquibus</span> <span class='ocrx_word' id='word_1_270' title='bbox 913 2326 1291 2382; x_wconf 89' lang='lat' dir='ltr'>consulendos</span> <span class='ocrx_word' id='word_1_271' title='bbox 1324 2344 1428 2382; x_wconf 92' lang='lat' dir='ltr'>nos</span> <span class='ocrx_word' id='word_1_272' title='bbox 1457 2343 1579 2382; x_wconf 89' lang='lat' dir='ltr'>esse</span> <span class='ocrx_word' id='word_1_273' title='bbox 1618 2325 1866 2393; x_wconf 87' lang='lat' dir='ltr'>dixisses,</span> <span class='ocrx_word' id='word_1_274' title='bbox 1913 2326 2119 2398; x_wconf 90' lang='lat' dir='ltr'>quibus</span> 
     </span>
    </p>
   </div>
   <div class='ocr_carea' id='block_1_39' title="bbox 491 2420 2117 2493">
    <p class='ocr_par' dir='ltr' id='par_1_39' title="bbox 491 2420 2117 2493">
     <span class='ocr_line' id='line_1_39' title="bbox 491 2420 2117 2493; baseline -0.001 -18"><span class='ocrx_word' id='word_1_275' title='bbox 491 2421 697 2476; x_wconf 90' lang='lat' dir='ltr'>idcirco</span> <span class='ocrx_word' id='word_1_276' title='bbox 727 2421 1126 2492; x_wconf 89' lang='lat' dir='ltr'>respondimus</span> <span class='ocrx_word' id='word_1_277' title='bbox 1164 2439 1279 2476; x_wconf 92' lang='lat' dir='ltr'>non</span> <span class='ocrx_word' id='word_1_278' title='bbox 1322 2421 1471 2493; x_wconf 92' lang='lat' dir='ltr'>quod</span> <span class='ocrx_word' id='word_1_279' title='bbox 1502 2423 1555 2476; x_wconf 91' lang='lat' dir='ltr'>te</span> <span class='ocrx_word' id='word_1_280' title='bbox 1603 2420 1814 2492; x_wconf 88' lang='lat' dir='ltr'>aliquid</span> <span class='ocrx_word' id='word_1_281' title='bbox 1855 2421 2117 2491; x_wconf 88' lang='lat' dir='ltr'>ignorare</span> 
     </span>
    </p>
   </div>
   <div class='ocr_carea' id='block_1_40' title="bbox 489 2514 2114 2587">
    <p class='ocr_par' dir='ltr' id='par_1_40' title="bbox 489 2514 2114 2587">
     <span class='ocr_line' id='line_1_40' title="bbox 489 2514 2114 2587; baseline -0.001 -16"><span class='ocrx_word' id='word_1_282' title='bbox 489 2517 806 2584; x_wconf 84' lang='lat' dir='ltr'>credamus,</span> <span class='ocrx_word' id='word_1_283' title='bbox 825 2516 922 2570; x_wconf 91' lang='lat' dir='ltr'>sed</span> <span class='ocrx_word' id='word_1_284' title='bbox 939 2520 1002 2570; x_wconf 90' lang='lat' dir='ltr'>ut</span> <span class='ocrx_word' id='word_1_285' title='bbox 1013 2516 1216 2587; x_wconf 87' lang='lat' dir='ltr'>majori</span> <span class='ocrx_word' id='word_1_286' title='bbox 1233 2515 1567 2571; x_wconf 90' lang='lat' dir='ltr'>auctoritate</span> <span class='ocrx_word' id='word_1_287' title='bbox 1586 2515 1673 2569; x_wconf 89' lang='lat' dir='ltr'>vel</span> <span class='ocrx_word' id='word_1_288' title='bbox 1692 2518 1817 2568; x_wconf 91' lang='lat' dir='ltr'>tuos</span> <span class='ocrx_word' id='word_1_289' title='bbox 1837 2514 2114 2584; x_wconf 88' lang='lat' dir='ltr'>instituas,</span> 
     </span>
    </p>
   </div>
   <div class='ocr_carea' id='block_1_41' title="bbox 490 2608 2116 2681">
    <p class='ocr_par' dir='ltr' id='par_1_41' title="bbox 490 2608 2116 2681">
     <span class='ocr_line' id='line_1_41' title="bbox 490 2608 2116 2681; baseline 0 -19"><span class='ocrx_word' id='word_1_290' title='bbox 490 2610 573 2666; x_wconf 85' lang='lat' dir='ltr'>vel</span> <span class='ocrx_word' id='word_1_291' title='bbox 601 2610 647 2664; x_wconf 94' lang='lat' dir='ltr'>si</span> <span class='ocrx_word' id='word_1_292' title='bbox 677 2609 826 2681; x_wconf 88' lang='lat' dir='ltr'>quia</span> <span class='ocrx_word' id='word_1_293' title='bbox 852 2609 1126 2665; x_wconf 65' lang='lat' dir='ltr'>Romanze</span> <span class='ocrx_word' id='word_1_294' title='bbox 1150 2610 1409 2665; x_wconf 66' lang='lat' dir='ltr'>Ecclesiae</span> <span class='ocrx_word' id='word_1_295' title='bbox 1438 2608 1884 2664; x_wconf 89' lang='lat' dir='ltr'>institutionibus</span> <span class='ocrx_word' id='word_1_296' title='bbox 1905 2613 2116 2675; x_wconf 88' lang='lat' dir='ltr'>errant,</span> 
     </span>
    </p>
   </div>
   <div class='ocr_carea' id='block_1_42' title="bbox 483 2702 2118 2774">
    <p class='ocr_par' dir='ltr' id='par_1_42' title="bbox 483 2702 2118 2774">
     <span class='ocr_line' id='line_1_42' title="bbox 483 2702 2118 2774; baseline -0.002 -16"><span class='ocrx_word' id='word_1_297' title='bbox 483 2707 583 2758; x_wconf 90' lang='lat' dir='ltr'>aut</span> <span class='ocrx_word' id='word_1_298' title='bbox 609 2719 994 2774; x_wconf 90' lang='lat' dir='ltr'>commoneas,</span> <span class='ocrx_word' id='word_1_299' title='bbox 1025 2706 1124 2759; x_wconf 90' lang='lat' dir='ltr'>aut</span> <span class='ocrx_word' id='word_1_300' title='bbox 1147 2703 1398 2759; x_wconf 90' lang='lat' dir='ltr'>indicare</span> <span class='ocrx_word' id='word_1_301' title='bbox 1426 2720 1543 2758; x_wconf 91' lang='lat' dir='ltr'>non</span> <span class='ocrx_word' id='word_1_302' title='bbox 1591 2702 1838 2768; x_wconf 74' lang='lat' dir='ltr'>differas,</span> <span class='ocrx_word' id='word_1_303' title='bbox 1881 2705 1944 2756; x_wconf 92' lang='lat' dir='ltr'>ut</span> <span class='ocrx_word' id='word_1_304' title='bbox 1977 2702 2118 2757; x_wconf 92' lang='lat' dir='ltr'>scire</span> 
     </span>
    </p>
   </div>
   <div class='ocr_carea' id='block_1_43' title="bbox 492 2795 2122 2867">
    <p class='ocr_par' dir='ltr' id='par_1_43' title="bbox 492 2795 2122 2867">
     <span class='ocr_line' id='line_1_43' title="bbox 492 2795 2122 2867; baseline 0.001 -18"><span class='ocrx_word' id='word_1_305' title='bbox 492 2798 774 2851; x_wconf 85' lang='lat' dir='ltr'>valeamus</span> <span class='ocrx_word' id='word_1_306' title='bbox 808 2797 905 2867; x_wconf 91' lang='lat' dir='ltr'>qui</span> <span class='ocrx_word' id='word_1_307' title='bbox 934 2797 1048 2850; x_wconf 93' lang='lat' dir='ltr'>sint</span> <span class='ocrx_word' id='word_1_308' title='bbox 1076 2797 1174 2867; x_wconf 93' lang='lat' dir='ltr'>qui</span> <span class='ocrx_word' id='word_1_309' title='bbox 1201 2801 1300 2851; x_wconf 89' lang='lat' dir='ltr'>aut</span> <span class='ocrx_word' id='word_1_310' title='bbox 1337 2796 1619 2851; x_wconf 90' lang='lat' dir='ltr'>novitates</span> <span class='ocrx_word' id='word_1_311' title='bbox 1669 2795 1967 2865; x_wconf 88' lang='lat' dir='ltr'>inducunt,</span> <span class='ocrx_word' id='word_1_312' title='bbox 2023 2799 2122 2850; x_wconf 89' lang='lat' dir='ltr'>aut</span> 
     </span>
    </p>
   </div>
   <div class='ocr_carea' id='block_1_44' title="bbox 493 2889 2122 2961">
    <p class='ocr_par' dir='ltr' id='par_1_44' title="bbox 493 2889 2122 2961">
     <span class='ocr_line' id='line_1_44' title="bbox 493 2889 2122 2961; baseline 0.001 -18"><span class='ocrx_word' id='word_1_313' title='bbox 493 2889 722 2944; x_wconf 89' lang='lat' dir='ltr'>alterius</span> <span class='ocrx_word' id='word_1_314' title='bbox 749 2889 1009 2944; x_wconf 80' lang='lat' dir='ltr'>Ecclesiae</span> <span class='ocrx_word' id='word_1_315' title='bbox 1034 2906 1208 2961; x_wconf 91' lang='lat' dir='ltr'>quam</span> <span class='ocrx_word' id='word_1_316' title='bbox 1240 2891 1514 2945; x_wconf 80' lang='lat' dir='ltr'>Romanae</span> <span class='ocrx_word' id='word_1_317' title='bbox 1541 2889 1867 2944; x_wconf 82' lang='lat' dir='ltr'>existimant</span> <span class='ocrx_word' id='word_1_318' title='bbox 1889 2905 2122 2944; x_wconf 88' lang='lat' dir='ltr'>consue-</span> 
     </span>
    </p>
   </div>
   <div class='ocr_carea' id='block_1_45' title="bbox 490 2982 1282 3039">
    <p class='ocr_par' dir='ltr' id='par_1_45' title="bbox 490 2982 1282 3039">
     <span class='ocr_line' id='line_1_45' title="bbox 490 2982 1282 3039; baseline 0 -1"><span class='ocrx_word' id='word_1_319' title='bbox 490 2982 749 3038; x_wconf 90' lang='lat' dir='ltr'>tudinem</span> <span class='ocrx_word' id='word_1_320' title='bbox 778 2999 898 3038; x_wconf 88' lang='lat' dir='ltr'>esse</span> <span class='ocrx_word' id='word_1_321' title='bbox 926 2983 1282 3039; x_wconf 89' lang='lat' dir='ltr'>servandam.</span> 
     </span>
    </p>
   </div>
   <div class='ocr_carea' id='block_1_46' title="bbox 564 3076 2118 3148">
    <p class='ocr_par' dir='ltr' id='par_1_46' title="bbox 564 3076 2118 3148">
     <span class='ocr_line' id='line_1_46' title="bbox 564 3076 2118 3148; baseline 0 -16"><span class='ocrx_word' id='word_1_322' title='bbox 564 3079 690 3132; x_wconf 76' lang='lat' dir='ltr'>CAP.</span> <span class='ocrx_word' id='word_1_323' title='bbox 741 3077 777 3130; x_wconf 85' lang='grc' dir='ltr'><strong>Ι.</strong></span> <span class='ocrx_word' id='word_1_324' title='bbox 837 3079 1020 3131; x_wconf 84' lang='lat' dir='ltr'>Pacem</span> <span class='ocrx_word' id='word_1_325' title='bbox 1055 3092 1191 3147; x_wconf 90' lang='lat' dir='ltr'>ergo</span> <span class='ocrx_word' id='word_1_326' title='bbox 1233 3076 1434 3131; x_wconf 90' lang='lat' dir='ltr'>asseris</span> <span class='ocrx_word' id='word_1_327' title='bbox 1461 3080 1592 3130; x_wconf 91' lang='lat' dir='ltr'>ante</span> <span class='ocrx_word' id='word_1_328' title='bbox 1623 3077 1884 3132; x_wconf 87' lang='lat' dir='ltr'>confecta</span> <span class='ocrx_word' id='word_1_329' title='bbox 1909 3079 2118 3148; x_wconf 88' lang='lat' dir='ltr'>myste-</span> 
     </span>
    </p>
   </div>
   <div class='ocr_carea' id='block_1_47' title="bbox 495 3170 2116 3242">
    <p class='ocr_par' dir='ltr' id='par_1_47' title="bbox 495 3170 2116 3242">
     <span class='ocr_line' id='line_1_47' title="bbox 495 3170 2116 3242; baseline 0.001 -18"><span class='ocrx_word' id='word_1_330' title='bbox 495 3171 579 3224; x_wconf 90' lang='lat' dir='ltr'>ria</span> <span class='ocrx_word' id='word_1_331' title='bbox 601 3170 878 3241; x_wconf 91' lang='lat' dir='ltr'>quosdam</span> <span class='ocrx_word' id='word_1_332' title='bbox 910 3170 1135 3242; x_wconf 91' lang='lat' dir='ltr'>populis</span> <span class='ocrx_word' id='word_1_333' title='bbox 1161 3170 1464 3241; x_wconf 88' lang='lat' dir='ltr'>imperare,</span> <span class='ocrx_word' id='word_1_334' title='bbox 1512 3171 1600 3224; x_wconf 91' lang='lat' dir='ltr'>vel</span> <span class='ocrx_word' id='word_1_335' title='bbox 1627 3170 1731 3224; x_wconf 91' lang='lat' dir='ltr'>sibi</span> <span class='ocrx_word' id='word_1_336' title='bbox 1758 3170 1909 3224; x_wconf 91' lang='lat' dir='ltr'>inter</span> <span class='ocrx_word' id='word_1_337' title='bbox 1934 3187 2116 3225; x_wconf 90' lang='lat' dir='ltr'>sacer-</span> 
     </span>
    </p>
   </div>
   <div class='ocr_carea' id='block_1_48' title="bbox 494 3263 2120 3336">
    <p class='ocr_par' dir='ltr' id='par_1_48' title="bbox 494 3263 2120 3336">
     <span class='ocr_line' id='line_1_48' title="bbox 494 3263 2120 3336; baseline 0.001 -18"><span class='ocrx_word' id='word_1_338' title='bbox 494 3264 654 3320; x_wconf 87' lang='lat' dir='ltr'>dotes</span> <span class='ocrx_word' id='word_1_339' title='bbox 703 3263 950 3331; x_wconf 89' lang='lat' dir='ltr'>tradere,</span> <span class='ocrx_word' id='word_1_340' title='bbox 990 3281 1142 3331; x_wconf 92' lang='lat' dir='ltr'>cum,</span> <span class='ocrx_word' id='word_1_341' title='bbox 1186 3269 1312 3336; x_wconf 91' lang='lat' dir='ltr'>post</span> <span class='ocrx_word' id='word_1_342' title='bbox 1351 3263 1544 3318; x_wconf 90' lang='lat' dir='ltr'>omnia</span> <span class='ocrx_word' id='word_1_343' title='bbox 1582 3280 1711 3334; x_wconf 72' lang='lat' dir='ltr'>quae</span> <span class='ocrx_word' id='word_1_344' title='bbox 1750 3263 1972 3335; x_wconf 88' lang='lat' dir='ltr'>aperire</span> <span class='ocrx_word' id='word_1_345' title='bbox 2001 3281 2120 3320; x_wconf 91' lang='lat' dir='ltr'>non</span> 
     </span>
    </p>
   </div>
   <div class='ocr_carea' id='block_1_49' title="bbox 493 3357 2124 3429">
    <p class='ocr_par' dir='ltr' id='par_1_49' title="bbox 493 3357 2124 3429">
     <span class='ocr_line' id='line_1_49' title="bbox 493 3357 2124 3429; baseline 0 -16"><span class='ocrx_word' id='word_1_346' title='bbox 493 3359 695 3425; x_wconf 90' lang='lat' dir='ltr'>debeo,</span> <span class='ocrx_word' id='word_1_347' title='bbox 726 3375 834 3428; x_wconf 84' lang='lat' dir='ltr'>pax</span> <span class='ocrx_word' id='word_1_348' title='bbox 860 3358 933 3412; x_wconf 89' lang='lat' dir='ltr'>sit</span> <span class='ocrx_word' id='word_1_349' title='bbox 961 3358 1276 3413; x_wconf 91' lang='lat' dir='ltr'>necessaria</span> <span class='ocrx_word' id='word_1_350' title='bbox 1305 3357 1634 3426; x_wconf 90' lang='lat' dir='ltr'>indicenda,</span> <span class='ocrx_word' id='word_1_351' title='bbox 1663 3374 1768 3428; x_wconf 90' lang='lat' dir='ltr'>per</span> <span class='ocrx_word' id='word_1_352' title='bbox 1791 3374 1963 3429; x_wconf 87' lang='lat' dir='ltr'>quam</span> <span class='ocrx_word' id='word_1_353' title='bbox 1991 3375 2124 3413; x_wconf 90' lang='lat' dir='ltr'>con-</span> 
     </span>
    </p>
   </div>
   <div class='ocr_carea' id='block_1_50' title="bbox 493 3451 2118 3524">
    <p class='ocr_par' dir='ltr' id='par_1_50' title="bbox 493 3451 2118 3524">
     <span class='ocr_line' id='line_1_50' title="bbox 493 3451 2118 3524; baseline 0.001 -18"><span class='ocrx_word' id='word_1_354' title='bbox 493 3455 600 3507; x_wconf 89' lang='lat' dir='ltr'>stet</span> <span class='ocrx_word' id='word_1_355' title='bbox 632 3452 911 3523; x_wconf 87' lang='lat' dir='ltr'>populum</span> <span class='ocrx_word' id='word_1_356' title='bbox 947 3453 1017 3507; x_wconf 89' lang='lat' dir='ltr'>ad</span> <span class='ocrx_word' id='word_1_357' title='bbox 1047 3452 1239 3507; x_wconf 89' lang='lat' dir='ltr'>omnia</span> <span class='ocrx_word' id='word_1_358' title='bbox 1270 3469 1396 3523; x_wconf 66' lang='lat' dir='ltr'>qua?</span> <span class='ocrx_word' id='word_1_359' title='bbox 1425 3452 1484 3506; x_wconf 91' lang='lat' dir='ltr'>in</span> <span class='ocrx_word' id='word_1_360' title='bbox 1530 3451 1812 3524; x_wconf 86' lang='lat' dir='ltr'>mysteriis</span> <span class='ocrx_word' id='word_1_361' title='bbox 1849 3457 2118 3524; x_wconf 89' lang='lat' dir='ltr'>aguntur,</span> 
     </span>
    </p>
   </div>
   <div class='ocr_carea' id='block_1_51' title="bbox 490 3545 2119 3616">
    <p class='ocr_par' dir='ltr' id='par_1_51' title="bbox 490 3545 2119 3616">
     <span class='ocr_line' id='line_1_51' title="bbox 490 3545 2119 3616; baseline 0.001 -17"><span class='ocrx_word' id='word_1_362' title='bbox 490 3550 659 3616; x_wconf 87' lang='lat' dir='ltr'>atque</span> <span class='ocrx_word' id='word_1_363' title='bbox 685 3545 744 3599; x_wconf 93' lang='lat' dir='ltr'>in</span> <span class='ocrx_word' id='word_1_364' title='bbox 764 3545 994 3601; x_wconf 90' lang='lat' dir='ltr'>ecclesia</span> <span class='ocrx_word' id='word_1_365' title='bbox 1012 3545 1391 3613; x_wconf 89' lang='lat' dir='ltr'>celebrantur,</span> <span class='ocrx_word' id='word_1_366' title='bbox 1425 3545 1733 3616; x_wconf 81' lang='lat' dir='ltr'>praebuisse</span> <span class='ocrx_word' id='word_1_367' title='bbox 1758 3561 2119 3615; x_wconf 89' lang='lat' dir='ltr'>consensum,</span> 
     </span>
    </p>
   </div>
   <div class='ocr_carea' id='block_1_52' title="bbox 488 3638 2118 3711">
    <p class='ocr_par' dir='ltr' id='par_1_52' title="bbox 488 3638 2118 3711">
     <span class='ocr_line' id='line_1_52' title="bbox 488 3638 2118 3711; baseline 0.001 -18"><span class='ocrx_word' id='word_1_368' title='bbox 488 3656 552 3693; x_wconf 89' lang='lat' dir='ltr'>ac</span> <span class='ocrx_word' id='word_1_369' title='bbox 579 3638 741 3694; x_wconf 86' lang='lat' dir='ltr'>finita</span> <span class='ocrx_word' id='word_1_370' title='bbox 771 3655 892 3694; x_wconf 89' lang='lat' dir='ltr'>esse</span> <span class='ocrx_word' id='word_1_371' title='bbox 922 3640 1076 3710; x_wconf 89' lang='lat' dir='ltr'>pacis</span> <span class='ocrx_word' id='word_1_372' title='bbox 1119 3638 1514 3695; x_wconf 90' lang='lat' dir='ltr'>concludentis</span> <span class='ocrx_word' id='word_1_373' title='bbox 1549 3638 1846 3711; x_wconf 88' lang='lat' dir='ltr'>signaculo</span> <span class='ocrx_word' id='word_1_374' title='bbox 1884 3639 2118 3696; x_wconf 80' lang='lat' dir='ltr'>demon-</span> 
     </span>
    </p>
   </div>
   <div class='ocr_carea' id='block_1_53' title="bbox 492 3736 762 3788">
    <p class='ocr_par' dir='ltr' id='par_1_53' title="bbox 492 3736 762 3788">
     <span class='ocr_line' id='line_1_53' title="bbox 492 3736 762 3788; baseline 0 -2"><span class='ocrx_word' id='word_1_375' title='bbox 492 3736 762 3788; x_wconf 86' lang='lat' dir='ltr'>strentur.</span> 
     </span>
    </p>
   </div>
   <div class='ocr_carea' id='block_1_54' title="bbox 563 3825 2124 3898">
    <p class='ocr_par' dir='ltr' id='par_1_54' title="bbox 563 3825 2124 3898">
     <span class='ocr_line' id='line_1_54' title="bbox 563 3825 2124 3898; baseline 0.002 -19"><span class='ocrx_word' id='word_1_376' title='bbox 563 3827 628 3879; x_wconf 88' lang='lat' dir='ltr'>Il.</span> <span class='ocrx_word' id='word_1_377' title='bbox 661 3826 737 3880; x_wconf 91' lang='lat' dir='ltr'>De</span> <span class='ocrx_word' id='word_1_378' title='bbox 759 3825 1086 3880; x_wconf 88' lang='lat' dir='ltr'>nominibus</span> <span class='ocrx_word' id='word_1_379' title='bbox 1105 3843 1239 3882; x_wconf 90' lang='lat' dir='ltr'>vero</span> <span class='ocrx_word' id='word_1_380' title='bbox 1261 3826 1570 3881; x_wconf 90' lang='lat' dir='ltr'>recitandis</span> <span class='ocrx_word' id='word_1_381' title='bbox 1589 3829 1898 3897; x_wconf 89' lang='lat' dir='ltr'>antequam</span> <span class='ocrx_word' id='word_1_382' title='bbox 1927 3843 2124 3898; x_wconf 88' lang='lat' dir='ltr'>preces</span> 
     </span>
    </p>
   </div>
   <div class='ocr_carea' id='block_1_55' title="bbox 494 3918 2124 3991">
    <p class='ocr_par' dir='ltr' id='par_1_55' title="bbox 494 3918 2124 3991">
     <span class='ocr_line' id='line_1_55' title="bbox 494 3918 2124 3991; baseline 0.002 -20"><span class='ocrx_word' id='word_1_383' title='bbox 494 3918 759 3972; x_wconf 90' lang='lat' dir='ltr'>sacerdos</span> <span class='ocrx_word' id='word_1_384' title='bbox 806 3918 997 3987; x_wconf 86' lang='lat' dir='ltr'>faciat,</span> <span class='ocrx_word' id='word_1_385' title='bbox 1040 3923 1210 3990; x_wconf 90' lang='lat' dir='ltr'>atque</span> <span class='ocrx_word' id='word_1_386' title='bbox 1259 3935 1459 3974; x_wconf 90' lang='lat' dir='ltr'>eorum</span> <span class='ocrx_word' id='word_1_387' title='bbox 1501 3919 1838 3986; x_wconf 90' lang='lat' dir='ltr'>oblationes,</span> <span class='ocrx_word' id='word_1_388' title='bbox 1877 3936 2124 3991; x_wconf 90' lang='lat' dir='ltr'>quorum</span> 
     </span>
    </p>
   </div>
   <div class='ocr_carea' id='block_1_56' title="bbox 495 4010 2120 4082">
    <p class='ocr_par' dir='ltr' id='par_1_56' title="bbox 495 4010 2120 4082">
     <span class='ocr_line' id='line_1_56' title="bbox 495 4010 2120 4082; baseline 0.004 -18"><span class='ocrx_word' id='word_1_389' title='bbox 495 4011 731 4065; x_wconf 88' lang='lat' dir='ltr'>nomina</span> <span class='ocrx_word' id='word_1_390' title='bbox 774 4010 1065 4067; x_wconf 85' lang='lat' dir='ltr'>recitanda</span> <span class='ocrx_word' id='word_1_391' title='bbox 1111 4018 1260 4082; x_wconf 92' lang='lat' dir='ltr'>sunt,</span> <span class='ocrx_word' id='word_1_392' title='bbox 1304 4029 1407 4067; x_wconf 92' lang='lat' dir='ltr'>sua</span> <span class='ocrx_word' id='word_1_393' title='bbox 1438 4013 1691 4067; x_wconf 89' lang='lat' dir='ltr'>oratione</span> <span class='ocrx_word' id='word_1_394' title='bbox 1739 4015 2120 4082; x_wconf 89' lang='lat' dir='ltr'>commendet,</span> 
     </span>
    </p>
   </div>
   <div class='ocr_carea' id='block_1_57' title="bbox 495 4105 2122 4178">
    <p class='ocr_par' dir='ltr' id='par_1_57' title="bbox 495 4105 2122 4178">
     <span class='ocr_line' id='line_1_57' title="bbox 495 4105 2122 4178; baseline 0.002 -19"><span class='ocrx_word' id='word_1_395' title='bbox 495 4121 671 4177; x_wconf 84' lang='lat' dir='ltr'>quam</span> <span class='ocrx_word' id='word_1_396' title='bbox 701 4105 1054 4176; x_wconf 88' lang='lat' dir='ltr'>superﬂuum</span> <span class='ocrx_word' id='word_1_397' title='bbox 1083 4107 1172 4175; x_wconf 90' lang='lat' dir='ltr'>sit,</span> <span class='ocrx_word' id='word_1_398' title='bbox 1208 4109 1265 4161; x_wconf 90' lang='lat' dir='ltr'>et</span> <span class='ocrx_word' id='word_1_399' title='bbox 1290 4107 1410 4178; x_wconf 91' lang='lat' dir='ltr'>ipse</span> <span class='ocrx_word' id='word_1_400' title='bbox 1436 4122 1539 4178; x_wconf 92' lang='lat' dir='ltr'>per</span> <span class='ocrx_word' id='word_1_401' title='bbox 1571 4109 1730 4160; x_wconf 90' lang='lat' dir='ltr'>tuam</span> <span class='ocrx_word' id='word_1_402' title='bbox 1761 4107 2122 4178; x_wconf 88' lang='lat' dir='ltr'>prudentiam</span> 
     </span>
    </p>
   </div>
   <div class='ocr_carea' id='block_1_58' title="bbox 489 4199 2123 4271">
    <p class='ocr_par' dir='ltr' id='par_1_58' title="bbox 489 4199 2123 4271">
     <span class='ocr_line' id='line_1_58' title="bbox 489 4199 2123 4271; baseline 0.002 -18"><span class='ocrx_word' id='word_1_403' title='bbox 489 4199 871 4270; x_wconf 85' lang='lat' dir='ltr'>recognoscis,</span> <span class='ocrx_word' id='word_1_404' title='bbox 910 4204 975 4254; x_wconf 92' lang='lat' dir='ltr'>ut</span> <span class='ocrx_word' id='word_1_405' title='bbox 1015 4201 1174 4271; x_wconf 88' lang='lat' dir='ltr'>cujus</span> <span class='ocrx_word' id='word_1_406' title='bbox 1217 4200 1429 4256; x_wconf 89' lang='lat' dir='ltr'>hostias</span> <span class='ocrx_word' id='word_1_407' title='bbox 1473 4200 1729 4255; x_wconf 88' lang='lat' dir='ltr'>nondum</span> <span class='ocrx_word' id='word_1_408' title='bbox 1773 4201 1886 4256; x_wconf 92' lang='lat' dir='ltr'>Deo</span> <span class='ocrx_word' id='word_1_409' title='bbox 1917 4201 2123 4258; x_wconf 79' lang='lat' dir='ltr'>offeras</span> 
     </span>
    </p>
   </div>
   <div class='ocr_carea' id='block_1_59' title="bbox 494 4293 2122 4366">
    <p class='ocr_par' dir='ltr' id='par_1_59' title="bbox 494 4293 2122 4366">
     <span class='ocr_line' id='line_1_59' title="bbox 494 4293 2122 4366; baseline 0.002 -19"><span class='ocrx_word' id='word_1_410' title='bbox 494 4293 614 4364; x_wconf 90' lang='lat' dir='ltr'>ejus</span> <span class='ocrx_word' id='word_1_411' title='bbox 631 4296 764 4348; x_wconf 87' lang='lat' dir='ltr'>ante</span> <span class='ocrx_word' id='word_1_412' title='bbox 791 4310 1005 4348; x_wconf 91' lang='lat' dir='ltr'>nomen</span> <span class='ocrx_word' id='word_1_413' title='bbox 1035 4293 1310 4363; x_wconf 91' lang='lat' dir='ltr'>insinues,</span> <span class='ocrx_word' id='word_1_414' title='bbox 1352 4293 1608 4366; x_wconf 90' lang='lat' dir='ltr'>quamvis</span> <span class='ocrx_word' id='word_1_415' title='bbox 1643 4293 1725 4348; x_wconf 91' lang='lat' dir='ltr'>illi</span> <span class='ocrx_word' id='word_1_416' title='bbox 1765 4294 2122 4366; x_wconf 88' lang='lat' dir='ltr'>incognitum</span> 
     </span>
    </p>
   </div>
   <div class='ocr_carea' id='block_1_60' title="bbox 494 4386 2118 4460">
    <p class='ocr_par' dir='ltr' id='par_1_60' title="bbox 494 4386 2118 4460">
     <span class='ocr_line' id='line_1_60' title="bbox 494 4386 2118 4460; baseline 0.003 -21"><span class='ocrx_word' id='word_1_417' title='bbox 494 4387 565 4441; x_wconf 88' lang='lat' dir='ltr'>sit</span> <span class='ocrx_word' id='word_1_418' title='bbox 594 4386 754 4441; x_wconf 90' lang='lat' dir='ltr'>nihil.</span> <span class='ocrx_word' id='word_1_419' title='bbox 785 4387 945 4441; x_wconf 91' lang='lat' dir='ltr'>Prius</span> <span class='ocrx_word' id='word_1_420' title='bbox 965 4387 1118 4443; x_wconf 91' lang='lat' dir='ltr'>enim</span> <span class='ocrx_word' id='word_1_421' title='bbox 1144 4388 1458 4443; x_wconf 89' lang='lat' dir='ltr'>oblationes</span> <span class='ocrx_word' id='word_1_422' title='bbox 1479 4391 1610 4443; x_wconf 90' lang='lat' dir='ltr'>sunt</span> <span class='ocrx_word' id='word_1_423' title='bbox 1629 4389 2118 4460; x_wconf 68' lang='lat' dir='ltr'>commendandae,</span> 
     </span>
    </p>
   </div>
   <div class='ocr_carea' id='block_1_61' title="bbox 492 4479 2122 4553">
    <p class='ocr_par' dir='ltr' id='par_1_61' title="bbox 492 4479 2122 4553">
     <span class='ocr_line' id='line_1_61' title="bbox 492 4479 2122 4553; baseline 0.002 -19"><span class='ocrx_word' id='word_1_424' title='bbox 492 4497 557 4534; x_wconf 88' lang='lat' dir='ltr'>ac</span> <span class='ocrx_word' id='word_1_425' title='bbox 583 4484 716 4535; x_wconf 89' lang='lat' dir='ltr'>tunc</span> <span class='ocrx_word' id='word_1_426' title='bbox 745 4498 946 4536; x_wconf 91' lang='lat' dir='ltr'>eorum</span> <span class='ocrx_word' id='word_1_427' title='bbox 973 4479 1209 4537; x_wconf 80' lang='lat' dir='ltr'>nomina</span> <span class='ocrx_word' id='word_1_428' title='bbox 1233 4487 1367 4537; x_wconf 89' lang='lat' dir='ltr'>sunt</span> <span class='ocrx_word' id='word_1_429' title='bbox 1392 4482 1688 4553; x_wconf 89' lang='lat' dir='ltr'>edicenda,</span> <span class='ocrx_word' id='word_1_430' title='bbox 1717 4486 1780 4536; x_wconf 92' lang='lat' dir='ltr'>ut</span> <span class='ocrx_word' id='word_1_431' title='bbox 1803 4483 1954 4538; x_wconf 89' lang='lat' dir='ltr'>inter</span> <span class='ocrx_word' id='word_1_432' title='bbox 1967 4500 2122 4538; x_wconf 91' lang='lat' dir='ltr'>sacra</span> 
     </span>
    </p>
   </div>
   <div class='ocr_carea' id='block_1_62' title="bbox 2218 1949 3857 2021">
    <p class='ocr_par' dir='ltr' id='par_1_62' title="bbox 2218 1949 3857 2021">
     <span class='ocr_line' id='line_1_62' title="bbox 2218 1949 3857 2021; baseline -0.002 -14"><span class='ocrx_word' id='word_1_433' title='bbox 2218 1955 2460 2021; x_wconf 88' lang='lat' dir='ltr'>morato,</span> <span class='ocrx_word' id='word_1_434' title='bbox 2494 1956 2556 2005; x_wconf 90' lang='lat' dir='ltr'>ut</span> <span class='ocrx_word' id='word_1_435' title='bbox 2584 1951 2808 2006; x_wconf 87' lang='lat' dir='ltr'>traditio</span> <span class='ocrx_word' id='word_1_436' title='bbox 2835 1951 3093 2006; x_wconf 68' lang='lat' dir='ltr'>Ecclesia:</span> <span class='ocrx_word' id='word_1_437' title='bbox 3114 1950 3320 2005; x_wconf 88' lang='lat' dir='ltr'>habeat</span> <span class='ocrx_word' id='word_1_438' title='bbox 3346 1950 3452 2005; x_wconf 92' lang='lat' dir='ltr'>isto</span> <span class='ocrx_word' id='word_1_439' title='bbox 3472 1949 3650 2005; x_wconf 91' lang='lat' dir='ltr'>biduo</span> <span class='ocrx_word' id='word_1_440' title='bbox 3677 1967 3857 2004; x_wconf 85' lang='lat' dir='ltr'>sacra-</span> 
     </span>
    </p>
   </div>
   <div class='ocr_carea' id='block_1_63' title="bbox 2218 2044 3858 2117">
    <p class='ocr_par' dir='ltr' id='par_1_63' title="bbox 2218 2044 3858 2117">
     <span class='ocr_line' id='line_1_63' title="bbox 2218 2044 3858 2117; baseline -0.001 -17"><span class='ocrx_word' id='word_1_441' title='bbox 2218 2049 2409 2101; x_wconf 89' lang='lat' dir='ltr'>menta</span> <span class='ocrx_word' id='word_1_442' title='bbox 2433 2045 2664 2117; x_wconf 91' lang='lat' dir='ltr'>penitus</span> <span class='ocrx_word' id='word_1_443' title='bbox 2693 2061 2809 2100; x_wconf 93' lang='lat' dir='ltr'>non</span> <span class='ocrx_word' id='word_1_444' title='bbox 2839 2044 3140 2114; x_wconf 87' lang='lat' dir='ltr'>celebrari;</span> <span class='ocrx_word' id='word_1_445' title='bbox 3170 2061 3295 2116; x_wconf 72' lang='lat' dir='ltr'>quae</span> <span class='ocrx_word' id='word_1_446' title='bbox 3315 2044 3510 2115; x_wconf 88' lang='lat' dir='ltr'>utique</span> <span class='ocrx_word' id='word_1_447' title='bbox 3541 2044 3731 2098; x_wconf 88' lang='lat' dir='ltr'>forma</span> <span class='ocrx_word' id='word_1_448' title='bbox 3756 2060 3858 2115; x_wconf 91' lang='lat' dir='ltr'>per</span> 
     </span>
    </p>
   </div>
   <div class='ocr_carea' id='block_1_64' title="bbox 2217 2138 3858 2210">
    <p class='ocr_par' dir='ltr' id='par_1_64' title="bbox 2217 2138 3858 2210">
     <span class='ocr_line' id='line_1_64' title="bbox 2217 2138 3858 2210; baseline -0.001 -17"><span class='ocrx_word' id='word_1_449' title='bbox 2217 2140 2467 2210; x_wconf 84' lang='lat' dir='ltr'>singulas</span> <span class='ocrx_word' id='word_1_450' title='bbox 2497 2138 2746 2193; x_wconf 88' lang='lat' dir='ltr'>tenenda</span> <span class='ocrx_word' id='word_1_451' title='bbox 2785 2143 2870 2192; x_wconf 90' lang='lat' dir='ltr'>est</span> <span class='ocrx_word' id='word_1_452' title='bbox 2911 2138 3304 2193; x_wconf 90' lang='lat' dir='ltr'>hebdomadas</span> <span class='ocrx_word' id='word_1_453' title='bbox 3352 2140 3589 2208; x_wconf 87' lang='lat' dir='ltr'>propter</span> <span class='ocrx_word' id='word_1_454' title='bbox 3618 2138 3678 2192; x_wconf 93' lang='lat' dir='ltr'>id</span> <span class='ocrx_word' id='word_1_455' title='bbox 3705 2139 3858 2209; x_wconf 88' lang='lat' dir='ltr'>quod</span> 
     </span>
    </p>
   </div>
   <div class='ocr_carea' id='block_1_65' title="bbox 2218 2230 3857 2302">
    <p class='ocr_par' dir='ltr' id='par_1_65' title="bbox 2218 2230 3857 2302">
     <span class='ocr_line' id='line_1_65' title="bbox 2218 2230 3857 2302; baseline -0.001 -15"><span class='ocrx_word' id='word_1_456' title='bbox 2218 2232 2687 2287; x_wconf 89' lang='lat' dir='ltr'>commemoratio</span> <span class='ocrx_word' id='word_1_457' title='bbox 2730 2231 2842 2287; x_wconf 90' lang='lat' dir='ltr'>diei</span> <span class='ocrx_word' id='word_1_458' title='bbox 2886 2231 3037 2286; x_wconf 91' lang='lat' dir='ltr'>illius</span> <span class='ocrx_word' id='word_1_459' title='bbox 3079 2247 3310 2302; x_wconf 89' lang='lat' dir='ltr'>semper</span> <span class='ocrx_word' id='word_1_460' title='bbox 3351 2235 3438 2286; x_wconf 93' lang='lat' dir='ltr'>est</span> <span class='ocrx_word' id='word_1_461' title='bbox 3487 2230 3857 2286; x_wconf 87' lang='lat' dir='ltr'>celebranda.</span> 
     </span>
    </p>
   </div>
   <div class='ocr_carea' id='block_1_66' title="bbox 2217 2324 3862 2398">
    <p class='ocr_par' dir='ltr' id='par_1_66' title="bbox 2217 2324 3862 2398">
     <span class='ocr_line' id='line_1_66' title="bbox 2217 2324 3862 2398; baseline -0.001 -18"><span class='ocrx_word' id='word_1_462' title='bbox 2217 2327 2376 2392; x_wconf 88' lang='lat' dir='ltr'>Quod</span> <span class='ocrx_word' id='word_1_463' title='bbox 2408 2327 2455 2381; x_wconf 94' lang='lat' dir='ltr'>si</span> <span class='ocrx_word' id='word_1_464' title='bbox 2487 2330 2688 2398; x_wconf 89' lang='lat' dir='ltr'>putant</span> <span class='ocrx_word' id='word_1_465' title='bbox 2724 2326 2896 2380; x_wconf 88' lang='lat' dir='ltr'>semel</span> <span class='ocrx_word' id='word_1_466' title='bbox 2937 2329 3110 2396; x_wconf 87' lang='lat' dir='ltr'>atque</span> <span class='ocrx_word' id='word_1_467' title='bbox 3159 2341 3276 2380; x_wconf 90' lang='lat' dir='ltr'>uno</span> <span class='ocrx_word' id='word_1_468' title='bbox 3316 2324 3557 2380; x_wconf 87' lang='lat' dir='ltr'>Sabbato</span> <span class='ocrx_word' id='word_1_469' title='bbox 3590 2325 3862 2396; x_wconf 84' lang='lat' dir='ltr'>jejunan-</span> 
     </span>
    </p>
   </div>
   <div class='ocr_carea' id='block_1_67' title="bbox 2219 2418 3858 2492">
    <p class='ocr_par' dir='ltr' id='par_1_67' title="bbox 2219 2418 3858 2492">
     <span class='ocr_line' id='line_1_67' title="bbox 2219 2418 3858 2492; baseline -0.002 -17"><span class='ocrx_word' id='word_1_470' title='bbox 2219 2421 2374 2488; x_wconf 92' lang='lat' dir='ltr'>dum,</span> <span class='ocrx_word' id='word_1_471' title='bbox 2415 2437 2552 2492; x_wconf 88' lang='lat' dir='ltr'>ergo</span> <span class='ocrx_word' id='word_1_472' title='bbox 2583 2424 2640 2474; x_wconf 89' lang='lat' dir='ltr'>et</span> <span class='ocrx_word' id='word_1_473' title='bbox 2670 2419 2979 2486; x_wconf 89' lang='lat' dir='ltr'>Dominica,</span> <span class='ocrx_word' id='word_1_474' title='bbox 3015 2423 3073 2474; x_wconf 88' lang='lat' dir='ltr'>et</span> <span class='ocrx_word' id='word_1_475' title='bbox 3102 2423 3256 2492; x_wconf 60' lang='lat' dir='ltr'>serta</span> <span class='ocrx_word' id='word_1_476' title='bbox 3282 2419 3427 2475; x_wconf 87' lang='lat' dir='ltr'>feria</span> <span class='ocrx_word' id='word_1_477' title='bbox 3457 2419 3632 2474; x_wconf 90' lang='lat' dir='ltr'>semel</span> <span class='ocrx_word' id='word_1_478' title='bbox 3662 2418 3723 2473; x_wconf 93' lang='lat' dir='ltr'>in</span> <span class='ocrx_word' id='word_1_479' title='bbox 3755 2421 3858 2473; x_wconf 87' lang='lat' dir='ltr'>Pa-</span> 
     </span>
    </p>
   </div>
   <div class='ocr_carea' id='block_1_68' title="bbox 2220 2489 3860 2585">
    <p class='ocr_par' dir='ltr' id='par_1_68' title="bbox 2220 2489 3860 2585">
     <span class='ocr_line' id='line_1_68' title="bbox 2220 2489 3860 2585; baseline -0.002 -16"><span class='ocrx_word' id='word_1_480' title='bbox 2220 2515 2354 2569; x_wconf 90' lang='lat' dir='ltr'>scha</span> <span class='ocrx_word' id='word_1_481' title='bbox 2405 2489 2513 2568; x_wconf 81' lang='lat' dir='ltr'>erit</span> <span class='ocrx_word' id='word_1_482' title='bbox 2563 2515 2756 2585; x_wconf 89' lang='lat' dir='ltr'>utique</span> <span class='ocrx_word' id='word_1_483' title='bbox 2811 2489 3191 2585; x_wconf 70' lang='lat' dir='ltr'>celebranda.l</span> <span class='ocrx_word' id='word_1_484' title='bbox 3217 2513 3275 2567; x_wconf 92' lang='lat' dir='ltr'><strong>Si</strong></span> <span class='ocrx_word' id='word_1_485' title='bbox 3323 2515 3517 2567; x_wconf 88' lang='lat' dir='ltr'>autem</span> <span class='ocrx_word' id='word_1_486' title='bbox 3570 2512 3860 2568; x_wconf 90' lang='lat' dir='ltr'>Dominici</span> 
     </span>
    </p>
   </div>
   <div class='ocr_carea' id='block_1_69' title="bbox 2221 2605 3858 2678">
    <p class='ocr_par' dir='ltr' id='par_1_69' title="bbox 2221 2605 3858 2678">
     <span class='ocr_line' id='line_1_69' title="bbox 2221 2605 3858 2678; baseline -0.001 -16"><span class='ocrx_word' id='word_1_487' title='bbox 2221 2609 2352 2677; x_wconf 91' lang='lat' dir='ltr'>diei,</span> <span class='ocrx_word' id='word_1_488' title='bbox 2385 2613 2442 2662; x_wconf 90' lang='lat' dir='ltr'>et</span> <span class='ocrx_word' id='word_1_489' title='bbox 2470 2613 2642 2662; x_wconf 67' lang='lat' dir='ltr'>sextae</span> <span class='ocrx_word' id='word_1_490' title='bbox 2669 2607 2826 2662; x_wconf 76' lang='lat' dir='ltr'>feriae</span> <span class='ocrx_word' id='word_1_491' title='bbox 2869 2623 2972 2678; x_wconf 91' lang='lat' dir='ltr'>per</span> <span class='ocrx_word' id='word_1_492' title='bbox 2997 2607 3248 2678; x_wconf 88' lang='lat' dir='ltr'>singulas</span> <span class='ocrx_word' id='word_1_493' title='bbox 3270 2605 3662 2662; x_wconf 89' lang='lat' dir='ltr'>hebdomadas</span> <span class='ocrx_word' id='word_1_494' title='bbox 3689 2623 3858 2678; x_wconf 72' lang='lat' dir='ltr'>repa~</span> 
     </span>
    </p>
   </div>
   <div class='ocr_carea' id='block_1_70' title="bbox 2221 2700 3857 2773">
    <p class='ocr_par' dir='ltr' id='par_1_70' title="bbox 2221 2700 3857 2773">
     <span class='ocr_line' id='line_1_70' title="bbox 2221 2700 3857 2773; baseline -0.001 -18"><span class='ocrx_word' id='word_1_495' title='bbox 2221 2702 2398 2756; x_wconf 86' lang='lat' dir='ltr'>randa</span> <span class='ocrx_word' id='word_1_496' title='bbox 2417 2702 2608 2773; x_wconf 81' lang='lat' dir='ltr'>imago</span> <span class='ocrx_word' id='word_1_497' title='bbox 2633 2705 2736 2772; x_wconf 88' lang='lat' dir='ltr'>est,</span> <span class='ocrx_word' id='word_1_498' title='bbox 2760 2701 3040 2756; x_wconf 88' lang='lat' dir='ltr'>dementis</span> <span class='ocrx_word' id='word_1_499' title='bbox 3066 2705 3147 2755; x_wconf 89' lang='lat' dir='ltr'>est</span> <span class='ocrx_word' id='word_1_500' title='bbox 3171 2700 3334 2755; x_wconf 91' lang='lat' dir='ltr'>bidui</span> <span class='ocrx_word' id='word_1_501' title='bbox 3352 2716 3523 2772; x_wconf 90' lang='lat' dir='ltr'>agere</span> <span class='ocrx_word' id='word_1_502' title='bbox 3545 2705 3857 2756; x_wconf 78' lang='lat' dir='ltr'>consuetu~</span> 
     </span>
    </p>
   </div>
   <div class='ocr_carea' id='block_1_71' title="bbox 2221 2794 3858 2866">
    <p class='ocr_par' dir='ltr' id='par_1_71' title="bbox 2221 2794 3858 2866">
     <span class='ocr_line' id='line_1_71' title="bbox 2221 2794 3858 2866; baseline 0 -16"><span class='ocrx_word' id='word_1_503' title='bbox 2221 2796 2414 2851; x_wconf 91' lang='lat' dir='ltr'>dinem</span> <span class='ocrx_word' id='word_1_504' title='bbox 2465 2795 2704 2850; x_wconf 86' lang='lat' dir='ltr'>Sabbato</span> <span class='ocrx_word' id='word_1_505' title='bbox 2762 2795 3163 2866; x_wconf 80' lang='lat' dir='ltr'>praetermisso,</span> <span class='ocrx_word' id='word_1_506' title='bbox 3225 2811 3355 2849; x_wconf 92' lang='lat' dir='ltr'>cum</span> <span class='ocrx_word' id='word_1_507' title='bbox 3403 2811 3518 2849; x_wconf 93' lang='lat' dir='ltr'>non</span> <span class='ocrx_word' id='word_1_508' title='bbox 3560 2794 3858 2866; x_wconf 89' lang='lat' dir='ltr'>disparem</span> 
     </span>
    </p>
   </div>
   <div class='ocr_carea' id='block_1_72' title="bbox 2221 2887 3862 2960">
    <p class='ocr_par' dir='ltr' id='par_1_72' title="bbox 2221 2887 3862 2960">
     <span class='ocr_line' id='line_1_72' title="bbox 2221 2887 3862 2960; baseline -0.001 -16"><span class='ocrx_word' id='word_1_509' title='bbox 2221 2889 2393 2944; x_wconf 92' lang='lat' dir='ltr'>habet</span> <span class='ocrx_word' id='word_1_510' title='bbox 2419 2905 2648 2944; x_wconf 88' lang='lat' dir='ltr'>causam</span> <span class='ocrx_word' id='word_1_511' title='bbox 2673 2906 2707 2944; x_wconf 88' lang='lat' dir='ltr'>a</span> <span class='ocrx_word' id='word_1_512' title='bbox 2727 2892 2882 2943; x_wconf 80' lang='lat' dir='ltr'>sexta</span> <span class='ocrx_word' id='word_1_513' title='bbox 2908 2888 3166 2944; x_wconf 90' lang='lat' dir='ltr'>videlicet</span> <span class='ocrx_word' id='word_1_514' title='bbox 3191 2887 3334 2943; x_wconf 89' lang='lat' dir='ltr'>feria</span> <span class='ocrx_word' id='word_1_515' title='bbox 3359 2887 3420 2942; x_wconf 92' lang='lat' dir='ltr'>in</span> <span class='ocrx_word' id='word_1_516' title='bbox 3443 2904 3557 2960; x_wconf 91' lang='lat' dir='ltr'>qua</span> <span class='ocrx_word' id='word_1_517' title='bbox 3579 2888 3862 2943; x_wconf 89' lang='lat' dir='ltr'>Dominus</span> 
     </span>
    </p>
   </div>
   <div class='ocr_carea' id='block_1_73' title="bbox 2222 2981 3872 3055">
    <p class='ocr_par' dir='ltr' id='par_1_73' title="bbox 2222 2981 3872 3055">
     <span class='ocr_line' id='line_1_73' title="bbox 2222 2981 3872 3055; baseline 0 -17"><span class='ocrx_word' id='word_1_518' title='bbox 2222 3000 2416 3054; x_wconf 89' lang='lat' dir='ltr'>passus</span> <span class='ocrx_word' id='word_1_519' title='bbox 2447 2986 2547 3051; x_wconf 90' lang='lat' dir='ltr'>est,</span> <span class='ocrx_word' id='word_1_520' title='bbox 2580 2983 2811 3055; x_wconf 90' lang='lat' dir='ltr'>quando</span> <span class='ocrx_word' id='word_1_521' title='bbox 2839 2985 2895 3038; x_wconf 91' lang='lat' dir='ltr'>et</span> <span class='ocrx_word' id='word_1_522' title='bbox 2925 2982 2997 3037; x_wconf 93' lang='lat' dir='ltr'>ad</span> <span class='ocrx_word' id='word_1_523' title='bbox 3022 2981 3234 3038; x_wconf 88' lang='lat' dir='ltr'>inferos</span> <span class='ocrx_word' id='word_1_524' title='bbox 3279 2982 3404 3052; x_wconf 89' lang='lat' dir='ltr'>fuit,</span> <span class='ocrx_word' id='word_1_525' title='bbox 3456 2988 3519 3037; x_wconf 91' lang='lat' dir='ltr'>ut</span> <span class='ocrx_word' id='word_1_526' title='bbox 3554 2983 3726 3038; x_wconf 87' lang='lat' dir='ltr'>tertia</span> <span class='ocrx_word' id='word_1_527' title='bbox 3768 2983 3872 3038; x_wconf 48' lang='lat' dir='ltr'>die.</span> 
     </span>
    </p>
   </div>
   <div class='ocr_carea' id='block_1_74' title="bbox 2221 3075 3860 3148">
    <p class='ocr_par' dir='ltr' id='par_1_74' title="bbox 2221 3075 3860 3148">
     <span class='ocr_line' id='line_1_74' title="bbox 2221 3075 3860 3148; baseline -0.001 -17"><span class='ocrx_word' id='word_1_528' title='bbox 2221 3093 2523 3148; x_wconf 86' lang='lat' dir='ltr'>resurgens</span> <span class='ocrx_word' id='word_1_529' title='bbox 2553 3077 2816 3132; x_wconf 88' lang='lat' dir='ltr'>redderet</span> <span class='ocrx_word' id='word_1_530' title='bbox 2861 3075 3119 3130; x_wconf 55' lang='lat' dir='ltr'>latinam</span> <span class='ocrx_word' id='word_1_531' title='bbox 3157 3079 3287 3148; x_wconf 90' lang='lat' dir='ltr'>post</span> <span class='ocrx_word' id='word_1_532' title='bbox 3327 3075 3640 3131; x_wconf 92' lang='lat' dir='ltr'>biduanam</span> <span class='ocrx_word' id='word_1_533' title='bbox 3684 3076 3860 3131; x_wconf 91' lang='lat' dir='ltr'>tristi-</span> 
     </span>
    </p>
   </div>
   <div class='ocr_carea' id='block_1_75' title="bbox 2171 3170 3860 3251">
    <p class='ocr_par' dir='ltr' id='par_1_75' title="bbox 2171 3170 3860 3251">
     <span class='ocr_line' id='line_1_75' title="bbox 2171 3170 3860 3251; baseline 0 -27"><span class='ocrx_word' id='word_1_534' title='bbox 2171 3225 2193 3251; x_wconf 42' lang='grc' dir='ltr'><strong>η</strong></span> <span class='ocrx_word' id='word_1_535' title='bbox 2222 3170 2358 3225; x_wconf 89' lang='lat' dir='ltr'>tiam</span> <span class='ocrx_word' id='word_1_536' title='bbox 2406 3171 2849 3241; x_wconf 73' lang='lat' dir='ltr'>prazcedentem.</span> <span class='ocrx_word' id='word_1_537' title='bbox 2893 3171 3015 3225; x_wconf 89' lang='lat' dir='ltr'>Non</span> <span class='ocrx_word' id='word_1_538' title='bbox 3063 3186 3200 3241; x_wconf 89' lang='lat' dir='ltr'>ergo</span> <span class='ocrx_word' id='word_1_539' title='bbox 3246 3186 3352 3225; x_wconf 88' lang='lat' dir='ltr'>nos</span> <span class='ocrx_word' id='word_1_540' title='bbox 3391 3185 3673 3240; x_wconf 87' lang='lat' dir='ltr'>negamus</span> <span class='ocrx_word' id='word_1_541' title='bbox 3701 3174 3860 3225; x_wconf 83' lang='lat' dir='ltr'>sexta</span> 
     </span>
    </p>
   </div>
   <div class='ocr_carea' id='block_1_76' title="bbox 2222 3262 3863 3336">
    <p class='ocr_par' dir='ltr' id='par_1_76' title="bbox 2222 3262 3863 3336">
     <span class='ocr_line' id='line_1_76' title="bbox 2222 3262 3863 3336; baseline 0 -18"><span class='ocrx_word' id='word_1_542' title='bbox 2222 3263 2366 3318; x_wconf 86' lang='lat' dir='ltr'>feria</span> <span class='ocrx_word' id='word_1_543' title='bbox 2389 3264 2792 3336; x_wconf 88' lang='lat' dir='ltr'>jejunandum,</span> <span class='ocrx_word' id='word_1_544' title='bbox 2823 3263 2919 3318; x_wconf 89' lang='lat' dir='ltr'>sed</span> <span class='ocrx_word' id='word_1_545' title='bbox 2937 3262 3178 3319; x_wconf 90' lang='lat' dir='ltr'>dicimus</span> <span class='ocrx_word' id='word_1_546' title='bbox 3207 3269 3263 3318; x_wconf 91' lang='lat' dir='ltr'>et</span> <span class='ocrx_word' id='word_1_547' title='bbox 3289 3263 3534 3319; x_wconf 87' lang='lat' dir='ltr'>Sabbato</span> <span class='ocrx_word' id='word_1_548' title='bbox 3555 3264 3667 3318; x_wconf 91' lang='lat' dir='ltr'>hoc</span> <span class='ocrx_word' id='word_1_549' title='bbox 3685 3279 3863 3335; x_wconf 90' lang='lat' dir='ltr'>agen-</span> 
     </span>
    </p>
   </div>
   <div class='ocr_carea' id='block_1_77' title="bbox 2221 3357 3860 3430">
    <p class='ocr_par' dir='ltr' id='par_1_77' title="bbox 2221 3357 3860 3430">
     <span class='ocr_line' id='line_1_77' title="bbox 2221 3357 3860 3430; baseline -0.001 -17"><span class='ocrx_word' id='word_1_550' title='bbox 2221 3358 2376 3426; x_wconf 86' lang='lat' dir='ltr'>dum,</span> <span class='ocrx_word' id='word_1_551' title='bbox 2405 3358 2539 3429; x_wconf 90' lang='lat' dir='ltr'>quia</span> <span class='ocrx_word' id='word_1_552' title='bbox 2568 3358 2740 3412; x_wconf 89' lang='lat' dir='ltr'>ambo</span> <span class='ocrx_word' id='word_1_553' title='bbox 2760 3357 2878 3413; x_wconf 92' lang='lat' dir='ltr'>dies</span> <span class='ocrx_word' id='word_1_554' title='bbox 2905 3357 3190 3412; x_wconf 89' lang='lat' dir='ltr'>tristitiam</span> <span class='ocrx_word' id='word_1_555' title='bbox 3205 3357 3492 3429; x_wconf 90' lang='lat' dir='ltr'>apostolis,</span> <span class='ocrx_word' id='word_1_556' title='bbox 3523 3358 3612 3413; x_wconf 89' lang='lat' dir='ltr'>vel</span> <span class='ocrx_word' id='word_1_557' title='bbox 3643 3357 3736 3413; x_wconf 90' lang='lat' dir='ltr'>his</span> <span class='ocrx_word' id='word_1_558' title='bbox 3756 3357 3860 3430; x_wconf 90' lang='lat' dir='ltr'>qui</span> 
     </span>
    </p>
   </div>
   <div class='ocr_carea' id='block_1_78' title="bbox 2219 3450 3859 3523">
    <p class='ocr_par' dir='ltr' id='par_1_78' title="bbox 2219 3450 3859 3523">
     <span class='ocr_line' id='line_1_78' title="bbox 2219 3450 3859 3523; baseline -0.001 -17"><span class='ocrx_word' id='word_1_559' title='bbox 2219 3451 2505 3506; x_wconf 88' lang='lat' dir='ltr'>Christum</span> <span class='ocrx_word' id='word_1_560' title='bbox 2533 3451 2710 3506; x_wconf 90' lang='lat' dir='ltr'>secuti</span> <span class='ocrx_word' id='word_1_561' title='bbox 2756 3453 2890 3506; x_wconf 91' lang='lat' dir='ltr'>sunt</span> <span class='ocrx_word' id='word_1_562' title='bbox 2925 3450 3269 3520; x_wconf 84' lang='lat' dir='ltr'>indixerunt,</span> <span class='ocrx_word' id='word_1_563' title='bbox 3309 3450 3406 3523; x_wconf 92' lang='lat' dir='ltr'>qui</span> <span class='ocrx_word' id='word_1_564' title='bbox 3437 3451 3530 3505; x_wconf 88' lang='lat' dir='ltr'>die</span> <span class='ocrx_word' id='word_1_565' title='bbox 3561 3450 3859 3506; x_wconf 89' lang='lat' dir='ltr'>Dominico</span> 
     </span>
    </p>
   </div>
   <div class='ocr_carea' id='block_1_79' title="bbox 2222 3544 3860 3617">
    <p class='ocr_par' dir='ltr' id='par_1_79' title="bbox 2222 3544 3860 3617">
     <span class='ocr_line' id='line_1_79' title="bbox 2222 3544 3860 3617; baseline 0 -17"><span class='ocrx_word' id='word_1_566' title='bbox 2222 3545 2514 3600; x_wconf 82' lang='lat' dir='ltr'>exhilarati</span> <span class='ocrx_word' id='word_1_567' title='bbox 2537 3562 2654 3599; x_wconf 93' lang='lat' dir='ltr'>non</span> <span class='ocrx_word' id='word_1_568' title='bbox 2680 3545 2861 3600; x_wconf 91' lang='lat' dir='ltr'>solum</span> <span class='ocrx_word' id='word_1_569' title='bbox 2883 3545 3072 3617; x_wconf 89' lang='lat' dir='ltr'>ipsum</span> <span class='ocrx_word' id='word_1_570' title='bbox 3086 3544 3510 3600; x_wconf 85' lang='lat' dir='ltr'>festivissimum</span> <span class='ocrx_word' id='word_1_571' title='bbox 3529 3560 3652 3600; x_wconf 90' lang='lat' dir='ltr'>esse</span> <span class='ocrx_word' id='word_1_572' title='bbox 3670 3546 3860 3600; x_wconf 54' lang='lat' dir='ltr'>voluev</span> 
     </span>
    </p>
   </div>
   <div class='ocr_carea' id='block_1_80' title="bbox 2220 3638 3856 3711">
    <p class='ocr_par' dir='ltr' id='par_1_80' title="bbox 2220 3638 3856 3711">
     <span class='ocr_line' id='line_1_80' title="bbox 2220 3638 3856 3711; baseline 0 -17"><span class='ocrx_word' id='word_1_573' title='bbox 2220 3642 2374 3708; x_wconf 91' lang='lat' dir='ltr'>runt,</span> <span class='ocrx_word' id='word_1_574' title='bbox 2402 3655 2598 3693; x_wconf 90' lang='lat' dir='ltr'>verum</span> <span class='ocrx_word' id='word_1_575' title='bbox 2623 3638 2796 3693; x_wconf 90' lang='lat' dir='ltr'>etiam</span> <span class='ocrx_word' id='word_1_576' title='bbox 2815 3655 2916 3710; x_wconf 89' lang='lat' dir='ltr'>per</span> <span class='ocrx_word' id='word_1_577' title='bbox 2939 3655 3136 3694; x_wconf 91' lang='lat' dir='ltr'>omnes</span> <span class='ocrx_word' id='word_1_578' title='bbox 3161 3638 3552 3695; x_wconf 88' lang='lat' dir='ltr'>hebdomadas</span> <span class='ocrx_word' id='word_1_579' title='bbox 3580 3638 3856 3711; x_wconf 50' lang='lat' dir='ltr'>frequen.</span> 
     </span>
    </p>
   </div>
   <div class='ocr_carea' id='block_1_81' title="bbox 2221 3732 2922 3788">
    <p class='ocr_par' dir='ltr' id='par_1_81' title="bbox 2221 3732 2922 3788">
     <span class='ocr_line' id='line_1_81' title="bbox 2221 3732 2922 3788; baseline 0 -1"><span class='ocrx_word' id='word_1_580' title='bbox 2221 3733 2458 3788; x_wconf 91' lang='lat' dir='ltr'>tandum</span> <span class='ocrx_word' id='word_1_581' title='bbox 2483 3749 2605 3786; x_wconf 93' lang='lat' dir='ltr'>esse</span> <span class='ocrx_word' id='word_1_582' title='bbox 2639 3732 2922 3787; x_wconf 82' lang='lat' dir='ltr'>dixerunt.</span> 
     </span>
    </p>
   </div>
   <div class='ocr_carea' id='block_1_82' title="bbox 2296 3825 3859 3900">
    <p class='ocr_par' dir='ltr' id='par_1_82' title="bbox 2296 3825 3859 3900">
     <span class='ocr_line' id='line_1_82' title="bbox 2296 3825 3859 3900; baseline -0.001 -17"><span class='ocrx_word' id='word_1_583' title='bbox 2296 3825 2344 3899; x_wconf 79' lang='grc'>1</span> <span class='ocrx_word' id='word_1_584' title='bbox 2363 3826 2417 3897; x_wconf 87' lang='lat'><strong>7</strong></span> <span class='ocrx_word' id='word_1_585' title='bbox 2433 3825 2480 3900; x_wconf 77' lang='grc'>1</span> <span class='ocrx_word' id='word_1_586' title='bbox 2515 3829 2576 3881; x_wconf 84' lang='grc' dir='ltr'>ν.</span> <span class='ocrx_word' id='word_1_587' title='bbox 2601 3829 2676 3884; x_wconf 89' lang='lat' dir='ltr'>De</span> <span class='ocrx_word' id='word_1_588' title='bbox 2698 3827 2981 3882; x_wconf 90' lang='lat' dir='ltr'>fermento</span> <span class='ocrx_word' id='word_1_589' title='bbox 2997 3843 3129 3882; x_wconf 89' lang='lat' dir='ltr'>vero</span> <span class='ocrx_word' id='word_1_590' title='bbox 3151 3826 3303 3898; x_wconf 91' lang='lat' dir='ltr'>quod</span> <span class='ocrx_word' id='word_1_591' title='bbox 3325 3826 3415 3882; x_wconf 91' lang='lat' dir='ltr'>die</span> <span class='ocrx_word' id='word_1_592' title='bbox 3435 3825 3736 3882; x_wconf 90' lang='lat' dir='ltr'>Dominico</span> <span class='ocrx_word' id='word_1_593' title='bbox 3755 3844 3859 3900; x_wconf 88' lang='lat' dir='ltr'>per</span> 
     </span>
    </p>
   </div>
   <div class='ocr_carea' id='block_1_83' title="bbox 2222 3920 3854 3993">
    <p class='ocr_par' dir='ltr' id='par_1_83' title="bbox 2222 3920 3854 3993">
     <span class='ocr_line' id='line_1_83' title="bbox 2222 3920 3854 3993; baseline 0.001 -19"><span class='ocrx_word' id='word_1_594' title='bbox 2222 3921 2412 3975; x_wconf 92' lang='lat' dir='ltr'>titulos</span> <span class='ocrx_word' id='word_1_595' title='bbox 2447 3921 2742 3990; x_wconf 89' lang='lat' dir='ltr'>mittimus,</span> <span class='ocrx_word' id='word_1_596' title='bbox 2776 3920 3062 3993; x_wconf 86' lang='lat' dir='ltr'>superﬂue</span> <span class='ocrx_word' id='word_1_597' title='bbox 3096 3938 3197 3975; x_wconf 91' lang='lat' dir='ltr'>nos</span> <span class='ocrx_word' id='word_1_598' title='bbox 3233 3922 3530 3976; x_wconf 89' lang='lat' dir='ltr'>consulere</span> <span class='ocrx_word' id='word_1_599' title='bbox 3576 3921 3854 3987; x_wconf 90' lang='lat' dir='ltr'>voluistis,</span> 
     </span>
    </p>
   </div>
   <div class='ocr_carea' id='block_1_84' title="bbox 2221 4014 3857 4070">
    <p class='ocr_par' dir='ltr' id='par_1_84' title="bbox 2221 4014 3857 4070">
     <span class='ocr_line' id='line_1_84' title="bbox 2221 4014 3857 4070; baseline -0.001 -1"><span class='ocrx_word' id='word_1_600' title='bbox 2221 4031 2354 4070; x_wconf 88' lang='lat' dir='ltr'>cum</span> <span class='ocrx_word' id='word_1_601' title='bbox 2380 4031 2578 4069; x_wconf 91' lang='lat' dir='ltr'>omnes</span> <span class='ocrx_word' id='word_1_602' title='bbox 2605 4015 2862 4070; x_wconf 74' lang='lat' dir='ltr'>Ecclesiae</span> <span class='ocrx_word' id='word_1_603' title='bbox 2877 4019 3076 4070; x_wconf 76' lang='lat' dir='ltr'>vestras</span> <span class='ocrx_word' id='word_1_604' title='bbox 3097 4014 3246 4069; x_wconf 89' lang='lat' dir='ltr'>intra</span> <span class='ocrx_word' id='word_1_605' title='bbox 3267 4014 3552 4069; x_wconf 81' lang='lat' dir='ltr'>civitatem</span> <span class='ocrx_word' id='word_1_606' title='bbox 3572 4018 3708 4069; x_wconf 90' lang='lat' dir='ltr'>sunt</span> <span class='ocrx_word' id='word_1_607' title='bbox 3726 4032 3857 4070; x_wconf 84' lang='lat' dir='ltr'>con-</span> 
     </span>
    </p>
   </div>
   <div class='ocr_carea' id='block_1_85' title="bbox 2223 4107 3854 4180">
    <p class='ocr_par' dir='ltr' id='par_1_85' title="bbox 2223 4107 3854 4180">
     <span class='ocr_line' id='line_1_85' title="bbox 2223 4107 3854 4180; baseline 0.001 -18"><span class='ocrx_word' id='word_1_608' title='bbox 2223 4107 2450 4174; x_wconf 70' lang='lat' dir='ltr'>stitutze,</span> <span class='ocrx_word' id='word_1_609' title='bbox 2470 4125 2712 4180; x_wconf 86' lang='lat' dir='ltr'>quarum</span> <span class='ocrx_word' id='word_1_610' title='bbox 2731 4108 3064 4180; x_wconf 83' lang='lat' dir='ltr'>presbyteri,</span> <span class='ocrx_word' id='word_1_611' title='bbox 3088 4108 3222 4180; x_wconf 90' lang='lat' dir='ltr'>quia</span> <span class='ocrx_word' id='word_1_612' title='bbox 3240 4108 3328 4163; x_wconf 93' lang='lat' dir='ltr'>die</span> <span class='ocrx_word' id='word_1_613' title='bbox 3347 4108 3468 4180; x_wconf 89' lang='lat' dir='ltr'>ipso</span> <span class='ocrx_word' id='word_1_614' title='bbox 3486 4113 3724 4180; x_wconf 88' lang='lat' dir='ltr'>propter</span> <span class='ocrx_word' id='word_1_615' title='bbox 3739 4109 3854 4180; x_wconf 79' lang='lat' dir='ltr'>plc-</span> 
     </span>
    </p>
   </div>
   <div class='ocr_carea' id='block_1_86' title="bbox 2222 4201 3854 4273">
    <p class='ocr_par' dir='ltr' id='par_1_86' title="bbox 2222 4201 3854 4273">
     <span class='ocr_line' id='line_1_86' title="bbox 2222 4201 3854 4273; baseline 0.001 -18"><span class='ocrx_word' id='word_1_616' title='bbox 2222 4202 2351 4255; x_wconf 92' lang='lat' dir='ltr'>bem</span> <span class='ocrx_word' id='word_1_617' title='bbox 2371 4201 2476 4255; x_wconf 88' lang='lat' dir='ltr'>sibi</span> <span class='ocrx_word' id='word_1_618' title='bbox 2499 4201 2776 4257; x_wconf 88' lang='lat' dir='ltr'>creditam</span> <span class='ocrx_word' id='word_1_619' title='bbox 2797 4201 3098 4256; x_wconf 90' lang='lat' dir='ltr'>nobiscum</span> <span class='ocrx_word' id='word_1_620' title='bbox 3124 4201 3427 4256; x_wconf 90' lang='lat' dir='ltr'>convenire</span> <span class='ocrx_word' id='word_1_621' title='bbox 3453 4218 3566 4255; x_wconf 91' lang='lat' dir='ltr'>non</span> <span class='ocrx_word' id='word_1_622' title='bbox 3590 4206 3854 4273; x_wconf 89' lang='lat' dir='ltr'>possunt,</span> 
     </span>
    </p>
   </div>
   <div class='ocr_carea' id='block_1_87' title="bbox 2221 4295 3855 4366">
    <p class='ocr_par' dir='ltr' id='par_1_87' title="bbox 2221 4295 3855 4366">
     <span class='ocr_line' id='line_1_87' title="bbox 2221 4295 3855 4366; baseline 0 -17"><span class='ocrx_word' id='word_1_623' title='bbox 2221 4295 2429 4351; x_wconf 90' lang='lat' dir='ltr'>idcirco</span> <span class='ocrx_word' id='word_1_624' title='bbox 2455 4295 2800 4350; x_wconf 90' lang='lat' dir='ltr'>fermentum</span> <span class='ocrx_word' id='word_1_625' title='bbox 2824 4313 2857 4349; x_wconf 89' lang='lat' dir='ltr'>a</span> <span class='ocrx_word' id='word_1_626' title='bbox 2883 4295 3049 4350; x_wconf 90' lang='lat' dir='ltr'>nobis</span> <span class='ocrx_word' id='word_1_627' title='bbox 3086 4296 3404 4350; x_wconf 86' lang='lat' dir='ltr'>confectum</span> <span class='ocrx_word' id='word_1_628' title='bbox 3435 4311 3537 4366; x_wconf 90' lang='lat' dir='ltr'>per</span> <span class='ocrx_word' id='word_1_629' title='bbox 3562 4297 3855 4366; x_wconf 74' lang='lat' dir='ltr'>acolythus</span> 
     </span>
    </p>
   </div>
   <div class='ocr_carea' id='block_1_88' title="bbox 2220 4389 3857 4461">
    <p class='ocr_par' dir='ltr' id='par_1_88' title="bbox 2220 4389 3857 4461">
     <span class='ocr_line' id='line_1_88' title="bbox 2220 4389 3857 4461; baseline 0 -17"><span class='ocrx_word' id='word_1_630' title='bbox 2220 4389 2521 4461; x_wconf 88' lang='lat' dir='ltr'>accipiunt,</span> <span class='ocrx_word' id='word_1_631' title='bbox 2549 4395 2613 4444; x_wconf 86' lang='lat' dir='ltr'>ut</span> <span class='ocrx_word' id='word_1_632' title='bbox 2638 4407 2696 4444; x_wconf 90' lang='lat' dir='ltr'>se</span> <span class='ocrx_word' id='word_1_633' title='bbox 2722 4407 2755 4444; x_wconf 90' lang='lat' dir='ltr'>a</span> <span class='ocrx_word' id='word_1_634' title='bbox 2786 4394 2976 4444; x_wconf 89' lang='lat' dir='ltr'>nostra</span> <span class='ocrx_word' id='word_1_635' title='bbox 3007 4389 3438 4458; x_wconf 88' lang='lat' dir='ltr'>communione,</span> <span class='ocrx_word' id='word_1_636' title='bbox 3473 4389 3724 4444; x_wconf 79' lang='lat' dir='ltr'>maxime</span> <span class='ocrx_word' id='word_1_637' title='bbox 3757 4389 3857 4444; x_wconf 89' lang='lat' dir='ltr'>illa</span> 
     </span>
    </p>
   </div>
   <div class='ocr_carea' id='block_1_89' title="bbox 2222 4482 3851 4556">
    <p class='ocr_par' dir='ltr' id='par_1_89' title="bbox 2222 4482 3851 4556">
     <span class='ocr_line' id='line_1_89' title="bbox 2222 4482 3851 4556; baseline -0.001 -18"><span class='ocrx_word' id='word_1_638' title='bbox 2222 4484 2312 4538; x_wconf 91' lang='lat' dir='ltr'>die</span> <span class='ocrx_word' id='word_1_639' title='bbox 2341 4501 2455 4538; x_wconf 90' lang='lat' dir='ltr'>non</span> <span class='ocrx_word' id='word_1_640' title='bbox 2475 4482 2734 4554; x_wconf 86' lang='lat' dir='ltr'>judicent</span> <span class='ocrx_word' id='word_1_641' title='bbox 2762 4487 3069 4554; x_wconf 83' lang='lat' dir='ltr'>separatos,</span> <span class='ocrx_word' id='word_1_642' title='bbox 3100 4483 3252 4554; x_wconf 91' lang='lat' dir='ltr'>quod</span> <span class='ocrx_word' id='word_1_643' title='bbox 3273 4500 3379 4556; x_wconf 91' lang='lat' dir='ltr'>per</span> <span class='ocrx_word' id='word_1_644' title='bbox 3403 4482 3701 4554; x_wconf 86' lang='lat' dir='ltr'>parochias</span> <span class='ocrx_word' id='word_1_645' title='bbox 3727 4483 3851 4537; x_wconf 82' lang='lat' dir='ltr'>fieri</span> 
     </span>
    </p>
   </div>
   <div class='ocr_carea' id='block_1_90' title="bbox 492 4574 3855 4670">
    <p class='ocr_par' dir='ltr' id='par_1_90' title="bbox 492 4574 3855 4670">
     <span class='ocr_line' id='line_1_90' title="bbox 492 4574 3855 4670; baseline 0 -41"><span class='ocrx_word' id='word_1_646' title='bbox 492 4575 760 4645; x_wconf 84' lang='lat' dir='ltr'>mysteria</span> <span class='ocrx_word' id='word_1_647' title='bbox 784 4574 1168 4645; x_wconf 89' lang='lat' dir='ltr'>nominentur,</span> <span class='ocrx_word' id='word_1_648' title='bbox 1195 4593 1308 4630; x_wconf 91' lang='lat' dir='ltr'>non</span> <span class='ocrx_word' id='word_1_649' title='bbox 1339 4577 1489 4632; x_wconf 90' lang='lat' dir='ltr'>inter</span> <span class='ocrx_word' id='word_1_650' title='bbox 1518 4577 1630 4632; x_wconf 90' lang='lat' dir='ltr'>alia</span> <span class='ocrx_word' id='word_1_651' title='bbox 1654 4593 1782 4648; x_wconf 74' lang='lat' dir='ltr'>quae</span> <span class='ocrx_word' id='word_1_652' title='bbox 1815 4580 1948 4632; x_wconf 90' lang='lat' dir='ltr'>ante</span> <span class='ocrx_word' id='word_1_653' title='bbox 1979 4593 2119 4649; x_wconf 67' lang='lat' dir='ltr'>prm-</span> <span class='ocrx_word' id='word_1_654' title='bbox 2141 4601 2196 4670; x_wconf 74' lang='grc' dir='ltr'>Ι)</span> <span class='ocrx_word' id='word_1_655' title='bbox 2223 4577 2426 4631; x_wconf 88' lang='lat' dir='ltr'>debere</span> <span class='ocrx_word' id='word_1_656' title='bbox 2453 4593 2569 4631; x_wconf 91' lang='lat' dir='ltr'>non</span> <span class='ocrx_word' id='word_1_657' title='bbox 2601 4581 2759 4648; x_wconf 90' lang='lat' dir='ltr'>puto,</span> <span class='ocrx_word' id='word_1_658' title='bbox 2792 4577 2922 4648; x_wconf 88' lang='lat' dir='ltr'>quia</span> <span class='ocrx_word' id='word_1_659' title='bbox 2953 4594 3066 4630; x_wconf 88' lang='lat' dir='ltr'>non</span> <span class='ocrx_word' id='word_1_660' title='bbox 3094 4576 3265 4648; x_wconf 91' lang='lat' dir='ltr'>longe</span> <span class='ocrx_word' id='word_1_661' title='bbox 3298 4576 3580 4648; x_wconf 87' lang='lat' dir='ltr'>portanda</span> <span class='ocrx_word' id='word_1_662' title='bbox 3607 4580 3743 4631; x_wconf 89' lang='lat' dir='ltr'>sunt</span> <span class='ocrx_word' id='word_1_663' title='bbox 3771 4594 3855 4631; x_wconf 86' lang='lat' dir='ltr'>sa-</span> 
     </span>
    </p>
   </div>
   <div class='ocr_carea' id='block_1_91' title="bbox 493 4668 2118 4743">
    <p class='ocr_par' dir='ltr' id='par_1_91' title="bbox 493 4668 2118 4743">
     <span class='ocr_line' id='line_1_91' title="bbox 493 4668 2118 4743; baseline 0.002 -22"><span class='ocrx_word' id='word_1_664' title='bbox 493 4668 790 4738; x_wconf 88' lang='lat' dir='ltr'>mittimus,</span> <span class='ocrx_word' id='word_1_665' title='bbox 841 4673 900 4725; x_wconf 90' lang='lat' dir='ltr'>ut</span> <span class='ocrx_word' id='word_1_666' title='bbox 939 4669 1076 4742; x_wconf 87' lang='lat' dir='ltr'>ipsis</span> <span class='ocrx_word' id='word_1_667' title='bbox 1105 4670 1387 4742; x_wconf 86' lang='lat' dir='ltr'>mysteriis</span> <span class='ocrx_word' id='word_1_668' title='bbox 1426 4670 1574 4726; x_wconf 92' lang='lat' dir='ltr'>viam</span> <span class='ocrx_word' id='word_1_669' title='bbox 1611 4670 1816 4725; x_wconf 91' lang='lat' dir='ltr'>futuris</span> <span class='ocrx_word' id='word_1_670' title='bbox 1853 4671 2118 4743; x_wconf 89' lang='lat' dir='ltr'>precibus</span> 
     </span>
    </p>
   </div>
   <div class='ocr_carea' id='block_1_92' title="bbox 490 4762 832 4834">
    <p class='ocr_par' dir='ltr' id='par_1_92' title="bbox 490 4762 832 4834">
     <span class='ocr_line' id='line_1_92' title="bbox 490 4762 832 4834; baseline 0.003 -17"><span class='ocrx_word' id='word_1_671' title='bbox 490 4762 832 4834; x_wconf 89' lang='lat' dir='ltr'>aperiamus.</span> 
     </span>
    </p>
   </div>
   <div class='ocr_carea' id='block_1_93' title="bbox 563 4856 2120 4929">
    <p class='ocr_par' dir='ltr' id='par_1_93' title="bbox 563 4856 2120 4929">
     <span class='ocr_line' id='line_1_93' title="bbox 563 4856 2120 4929; baseline 0.003 -20"><span class='ocrx_word' id='word_1_672' title='bbox 563 4858 647 4910; x_wconf 89' lang='lat' dir='ltr'><strong>III.</strong></span> <span class='ocrx_word' id='word_1_673' title='bbox 687 4858 768 4911; x_wconf 90' lang='lat' dir='ltr'>De</span> <span class='ocrx_word' id='word_1_674' title='bbox 807 4856 1214 4929; x_wconf 88' lang='lat' dir='ltr'>consignandis</span> <span class='ocrx_word' id='word_1_675' title='bbox 1253 4874 1386 4912; x_wconf 88' lang='lat' dir='ltr'>vero</span> <span class='ocrx_word' id='word_1_676' title='bbox 1416 4857 1730 4913; x_wconf 87' lang='lat' dir='ltr'>infantibus</span> <span class='ocrx_word' id='word_1_677' title='bbox 1755 4857 2120 4913; x_wconf 86' lang='lat' dir='ltr'>manifestum</span> 
     </span>
    </p>
   </div>
   <div class='ocr_carea' id='block_1_94' title="bbox 490 4950 2120 5023">
    <p class='ocr_par' dir='ltr' id='par_1_94' title="bbox 490 4950 2120 5023">
     <span class='ocr_line' id='line_1_94' title="bbox 490 4950 2120 5023; baseline 0.001 -19"><span class='ocrx_word' id='word_1_678' title='bbox 490 4953 576 5004; x_wconf 91' lang='lat' dir='ltr'>est</span> <span class='ocrx_word' id='word_1_679' title='bbox 601 4951 671 5004; x_wconf 90' lang='lat' dir='ltr'>ab</span> <span class='ocrx_word' id='word_1_680' title='bbox 695 4951 802 5005; x_wconf 89' lang='lat' dir='ltr'>alio</span> <span class='ocrx_word' id='word_1_681' title='bbox 827 4951 952 5005; x_wconf 83' lang='lat' dir='ltr'>ﬁeri</span> <span class='ocrx_word' id='word_1_682' title='bbox 979 4967 1149 5022; x_wconf 92' lang='lat' dir='ltr'>quam</span> <span class='ocrx_word' id='word_1_683' title='bbox 1184 4951 1253 5005; x_wconf 89' lang='lat' dir='ltr'>ab</span> <span class='ocrx_word' id='word_1_684' title='bbox 1285 4951 1550 5023; x_wconf 89' lang='lat' dir='ltr'>episcopo</span> <span class='ocrx_word' id='word_1_685' title='bbox 1593 4968 1709 5006; x_wconf 90' lang='lat' dir='ltr'>non</span> <span class='ocrx_word' id='word_1_686' title='bbox 1750 4950 1940 5006; x_wconf 91' lang='lat' dir='ltr'>licere.</span> <span class='ocrx_word' id='word_1_687' title='bbox 1980 4952 2120 5006; x_wconf 90' lang='lat' dir='ltr'>Nam</span> 
     </span>
    </p>
   </div>
   <div class='ocr_carea' id='block_1_95' title="bbox 491 5043 2120 5115">
    <p class='ocr_par' dir='ltr' id='par_1_95' title="bbox 491 5043 2120 5115">
     <span class='ocr_line' id='line_1_95' title="bbox 491 5043 2120 5115; baseline 0.002 -18"><span class='ocrx_word' id='word_1_688' title='bbox 491 5043 822 5115; x_wconf 88' lang='lat' dir='ltr'>presbyteri,</span> <span class='ocrx_word' id='word_1_689' title='bbox 861 5043 992 5098; x_wconf 89' lang='lat' dir='ltr'>licet</span> <span class='ocrx_word' id='word_1_690' title='bbox 1030 5044 1144 5099; x_wconf 93' lang='lat' dir='ltr'>sint</span> <span class='ocrx_word' id='word_1_691' title='bbox 1174 5045 1509 5113; x_wconf 86' lang='lat' dir='ltr'>sacerdotes,</span> <span class='ocrx_word' id='word_1_692' title='bbox 1541 5043 1900 5115; x_wconf 83' lang='lat' dir='ltr'>pontificatus</span> <span class='ocrx_word' id='word_1_693' title='bbox 1929 5047 2120 5100; x_wconf 90' lang='lat' dir='ltr'>tamen</span> 
     </span>
    </p>
   </div>
   <div class='ocr_carea' id='block_1_96' title="bbox 490 5137 2121 5209">
    <p class='ocr_par' dir='ltr' id='par_1_96' title="bbox 490 5137 2121 5209">
     <span class='ocr_line' id='line_1_96' title="bbox 490 5137 2121 5209; baseline 0.003 -20"><span class='ocrx_word' id='word_1_694' title='bbox 490 5137 709 5207; x_wconf 90' lang='lat' dir='ltr'>apicem</span> <span class='ocrx_word' id='word_1_695' title='bbox 738 5153 856 5191; x_wconf 91' lang='lat' dir='ltr'>non</span> <span class='ocrx_word' id='word_1_696' title='bbox 875 5137 1106 5206; x_wconf 90' lang='lat' dir='ltr'>habent,</span> <span class='ocrx_word' id='word_1_697' title='bbox 1140 5138 1262 5194; x_wconf 68' lang='lat' dir='ltr'>haac</span> <span class='ocrx_word' id='word_1_698' title='bbox 1283 5143 1477 5194; x_wconf 89' lang='lat' dir='ltr'>autem</span> <span class='ocrx_word' id='word_1_699' title='bbox 1504 5137 1866 5209; x_wconf 85' lang='lat' dir='ltr'>pontiﬁcibus</span> <span class='ocrx_word' id='word_1_700' title='bbox 1882 5138 2014 5192; x_wconf 90' lang='lat' dir='ltr'>solis</span> <span class='ocrx_word' id='word_1_701' title='bbox 2031 5139 2121 5194; x_wconf 83' lang='lat' dir='ltr'>de-</span> 
     </span>
    </p>
   </div>
   <div class='ocr_carea' id='block_1_97' title="bbox 493 5228 2120 5303">
    <p class='ocr_par' dir='ltr' id='par_1_97' title="bbox 493 5228 2120 5303">
     <span class='ocr_line' id='line_1_97' title="bbox 493 5228 2120 5303; baseline 0.003 -21"><span class='ocrx_word' id='word_1_702' title='bbox 493 5228 636 5298; x_wconf 91' lang='lat' dir='ltr'>beri,</span> <span class='ocrx_word' id='word_1_703' title='bbox 687 5232 753 5283; x_wconf 91' lang='lat' dir='ltr'>ut</span> <span class='ocrx_word' id='word_1_704' title='bbox 786 5229 876 5285; x_wconf 92' lang='lat' dir='ltr'>vel</span> <span class='ocrx_word' id='word_1_705' title='bbox 919 5231 1277 5303; x_wconf 82' lang='lat' dir='ltr'>consignant,</span> <span class='ocrx_word' id='word_1_706' title='bbox 1323 5233 1406 5286; x_wconf 89' lang='lat' dir='ltr'>vel</span> <span class='ocrx_word' id='word_1_707' title='bbox 1449 5229 1801 5303; x_wconf 90' lang='lat' dir='ltr'>paracletum</span> <span class='ocrx_word' id='word_1_708' title='bbox 1846 5230 2120 5301; x_wconf 88' lang='lat' dir='ltr'>Spiritum</span> 
     </span>
    </p>
   </div>
   <div class='ocr_carea' id='block_1_98' title="bbox 494 5322 2116 5391">
    <p class='ocr_par' dir='ltr' id='par_1_98' title="bbox 494 5322 2116 5391">
     <span class='ocr_line' id='line_1_98' title="bbox 494 5322 2116 5391; baseline 0.003 -15"><span class='ocrx_word' id='word_1_709' title='bbox 494 5322 737 5391; x_wconf 88' lang='lat' dir='ltr'>tradant,</span> <span class='ocrx_word' id='word_1_710' title='bbox 768 5341 886 5378; x_wconf 90' lang='lat' dir='ltr'>non</span> <span class='ocrx_word' id='word_1_711' title='bbox 912 5325 1098 5380; x_wconf 90' lang='lat' dir='ltr'>solum</span> <span class='ocrx_word' id='word_1_712' title='bbox 1120 5324 1472 5380; x_wconf 89' lang='lat' dir='ltr'>consuetudo</span> <span class='ocrx_word' id='word_1_713' title='bbox 1495 5323 1862 5379; x_wconf 89' lang='lat' dir='ltr'>ecclesiastica</span> <span class='ocrx_word' id='word_1_714' title='bbox 1881 5325 2116 5381; x_wconf 87' lang='lat' dir='ltr'>demon-</span> 
     </span>
    </p>
   </div>
   <div class='ocr_carea' id='block_1_99' title="bbox 491 5417 2117 5491">
    <p class='ocr_par' dir='ltr' id='par_1_99' title="bbox 491 5417 2117 5491">
     <span class='ocr_line' id='line_1_99' title="bbox 491 5417 2117 5491; baseline 0.002 -21"><span class='ocrx_word' id='word_1_715' title='bbox 491 5418 651 5484; x_wconf 89' lang='lat' dir='ltr'>strat,</span> <span class='ocrx_word' id='word_1_716' title='bbox 681 5433 881 5472; x_wconf 92' lang='lat' dir='ltr'>verum</span> <span class='ocrx_word' id='word_1_717' title='bbox 909 5418 1005 5472; x_wconf 90' lang='lat' dir='ltr'>illa</span> <span class='ocrx_word' id='word_1_718' title='bbox 1030 5419 1196 5474; x_wconf 91' lang='lat' dir='ltr'>lectio</span> <span class='ocrx_word' id='word_1_719' title='bbox 1211 5422 1452 5473; x_wconf 85' lang='lat' dir='ltr'>Actuum</span> <span class='ocrx_word' id='word_1_720' title='bbox 1471 5417 1858 5487; x_wconf 88' lang='lat' dir='ltr'>apostolorum</span> <span class='ocrx_word' id='word_1_721' title='bbox 1884 5436 2010 5491; x_wconf 61' lang='lat' dir='ltr'>quae</span> <span class='ocrx_word' id='word_1_722' title='bbox 2027 5436 2117 5474; x_wconf 84' lang='lat' dir='ltr'>as-</span> 
     </span>
    </p>
   </div>
   <div class='ocr_carea' id='block_1_100' title="bbox 488 5509 2117 5584">
    <p class='ocr_par' dir='ltr' id='par_1_100' title="bbox 488 5509 2117 5584">
     <span class='ocr_line' id='line_1_100' title="bbox 488 5509 2117 5584; baseline 0.002 -20"><span class='ocrx_word' id='word_1_723' title='bbox 488 5509 623 5566; x_wconf 91' lang='lat' dir='ltr'>serit</span> <span class='ocrx_word' id='word_1_724' title='bbox 650 5512 882 5566; x_wconf 90' lang='lat' dir='ltr'>Petrum</span> <span class='ocrx_word' id='word_1_725' title='bbox 909 5517 964 5567; x_wconf 93' lang='lat' dir='ltr'>et</span> <span class='ocrx_word' id='word_1_726' title='bbox 987 5513 1263 5567; x_wconf 87' lang='lat' dir='ltr'>Joannem</span> <span class='ocrx_word' id='word_1_727' title='bbox 1290 5525 1411 5566; x_wconf 89' lang='lat' dir='ltr'>esse</span> <span class='ocrx_word' id='word_1_728' title='bbox 1439 5509 1703 5580; x_wconf 91' lang='lat' dir='ltr'>directos,</span> <span class='ocrx_word' id='word_1_729' title='bbox 1744 5513 1840 5583; x_wconf 90' lang='lat' dir='ltr'>qui</span> <span class='ocrx_word' id='word_1_730' title='bbox 1863 5513 1989 5584; x_wconf 85' lang='lat' dir='ltr'>jam</span> <span class='ocrx_word' id='word_1_731' title='bbox 2017 5514 2117 5568; x_wconf 87' lang='lat' dir='ltr'>ba-</span> 
     </span>
    </p>
   </div>
   <div class='ocr_carea' id='block_1_101' title="bbox 485 5605 2119 5680">
    <p class='ocr_par' dir='ltr' id='par_1_101' title="bbox 485 5605 2119 5680">
     <span class='ocr_line' id='line_1_101' title="bbox 485 5605 2119 5680; baseline 0.002 -22"><span class='ocrx_word' id='word_1_732' title='bbox 485 5605 706 5676; x_wconf 91' lang='lat' dir='ltr'>ptizatis</span> <span class='ocrx_word' id='word_1_733' title='bbox 721 5605 1018 5661; x_wconf 88' lang='lat' dir='ltr'>traderent</span> <span class='ocrx_word' id='word_1_734' title='bbox 1031 5605 1302 5676; x_wconf 90' lang='lat' dir='ltr'>Spiritum</span> <span class='ocrx_word' id='word_1_735' title='bbox 1318 5609 1595 5660; x_wconf 86' lang='lat' dir='ltr'>sanctum.</span> <span class='ocrx_word' id='word_1_736' title='bbox 1616 5606 1754 5661; x_wconf 87' lang='lat' dir='ltr'>Nam</span> <span class='ocrx_word' id='word_1_737' title='bbox 1777 5607 2119 5680; x_wconf 89' lang='lat' dir='ltr'>presbyteris</span> 
     </span>
    </p>
   </div>
   <div class='ocr_carea' id='block_1_102' title="bbox 491 5697 2118 5773">
    <p class='ocr_par' dir='ltr' id='par_1_102' title="bbox 491 5697 2118 5773">
     <span class='ocr_line' id='line_1_102' title="bbox 491 5697 2118 5773; baseline 0.003 -22"><span class='ocrx_word' id='word_1_738' title='bbox 491 5715 588 5754; x_wconf 91' lang='lat' dir='ltr'>seu</span> <span class='ocrx_word' id='word_1_739' title='bbox 613 5703 771 5754; x_wconf 82' lang='lat' dir='ltr'>extra</span> <span class='ocrx_word' id='word_1_740' title='bbox 802 5697 1154 5769; x_wconf 87' lang='lat' dir='ltr'>episcopum,</span> <span class='ocrx_word' id='word_1_741' title='bbox 1199 5715 1298 5753; x_wconf 90' lang='lat' dir='ltr'>seu</span> <span class='ocrx_word' id='word_1_742' title='bbox 1342 5703 1622 5769; x_wconf 82' lang='lat' dir='ltr'>praesente</span> <span class='ocrx_word' id='word_1_743' title='bbox 1666 5700 1935 5773; x_wconf 91' lang='lat' dir='ltr'>episcopo</span> <span class='ocrx_word' id='word_1_744' title='bbox 1984 5718 2118 5756; x_wconf 87' lang='lat' dir='ltr'>cum</span> 
     </span>
    </p>
   </div>
   <div class='ocr_carea' id='block_1_103' title="bbox 490 5791 2120 5866">
    <p class='ocr_par' dir='ltr' id='par_1_103' title="bbox 490 5791 2120 5866">
     <span class='ocr_line' id='line_1_103' title="bbox 490 5791 2120 5866; baseline 0.004 -23"><span class='ocrx_word' id='word_1_745' title='bbox 490 5791 802 5860; x_wconf 91' lang='lat' dir='ltr'>baptizant,</span> <span class='ocrx_word' id='word_1_746' title='bbox 858 5791 1162 5846; x_wconf 85' lang='lat' dir='ltr'>chrismate</span> <span class='ocrx_word' id='word_1_747' title='bbox 1207 5791 1516 5862; x_wconf 85' lang='lat' dir='ltr'>baptizatos</span> <span class='ocrx_word' id='word_1_748' title='bbox 1557 5811 1773 5866; x_wconf 90' lang='lat' dir='ltr'>ungere</span> <span class='ocrx_word' id='word_1_749' title='bbox 1818 5796 1966 5861; x_wconf 88' lang='lat' dir='ltr'>licet,</span> <span class='ocrx_word' id='word_1_750' title='bbox 2016 5795 2120 5850; x_wconf 92' lang='lat' dir='ltr'>sed</span> 
     </span>
    </p>
   </div>
   <div class='ocr_carea' id='block_1_104' title="bbox 496 5882 2117 5956">
    <p class='ocr_par' dir='ltr' id='par_1_104' title="bbox 496 5882 2117 5956">
     <span class='ocr_line' id='line_1_104' title="bbox 496 5882 2117 5956; baseline 0.006 -22"><span class='ocrx_word' id='word_1_751' title='bbox 496 5882 650 5952; x_wconf 87' lang='lat' dir='ltr'>quod</span> <span class='ocrx_word' id='word_1_752' title='bbox 697 5884 768 5936; x_wconf 83' lang='lat' dir='ltr'>ab</span> <span class='ocrx_word' id='word_1_753' title='bbox 811 5883 1076 5953; x_wconf 88' lang='lat' dir='ltr'>episcopo</span> <span class='ocrx_word' id='word_1_754' title='bbox 1126 5884 1297 5940; x_wconf 83' lang='lat' dir='ltr'>fuerit</span> <span class='ocrx_word' id='word_1_755' title='bbox 1340 5891 1747 5956; x_wconf 84' lang='lat' dir='ltr'>consecratum,</span> <span class='ocrx_word' id='word_1_756' title='bbox 1781 5903 1900 5944; x_wconf 85' lang='lat' dir='ltr'>non</span> <span class='ocrx_word' id='word_1_757' title='bbox 1930 5891 2117 5944; x_wconf 88' lang='lat' dir='ltr'>tamen</span> 
     </span>
    </p>
   </div>
   <div class='ocr_carea' id='block_1_105' title="bbox 2221 4670 3854 4742">
    <p class='ocr_par' dir='ltr' id='par_1_105' title="bbox 2221 4670 3854 4742">
     <span class='ocr_line' id='line_1_105' title="bbox 2221 4670 3854 4742; baseline -0.001 -17"><span class='ocrx_word' id='word_1_758' title='bbox 2221 4674 2527 4738; x_wconf 89' lang='lat' dir='ltr'>cramenta,</span> <span class='ocrx_word' id='word_1_759' title='bbox 2557 4687 2661 4725; x_wconf 92' lang='lat' dir='ltr'>nec</span> <span class='ocrx_word' id='word_1_760' title='bbox 2686 4687 2788 4725; x_wconf 92' lang='lat' dir='ltr'>nos</span> <span class='ocrx_word' id='word_1_761' title='bbox 2820 4687 2921 4742; x_wconf 90' lang='lat' dir='ltr'>per</span> <span class='ocrx_word' id='word_1_762' title='bbox 2947 4671 3269 4726; x_wconf 76' lang='lat' dir='ltr'>cmmeteria</span> <span class='ocrx_word' id='word_1_763' title='bbox 3289 4671 3507 4725; x_wconf 89' lang='lat' dir='ltr'>diversa</span> <span class='ocrx_word' id='word_1_764' title='bbox 3527 4670 3854 4726; x_wconf 86' lang='lat' dir='ltr'>constitutis</span> 
     </span>
    </p>
   </div>
   <div class='ocr_carea' id='block_1_106' title="bbox 2220 4763 3854 4837">
    <p class='ocr_par' dir='ltr' id='par_1_106' title="bbox 2220 4763 3854 4837">
     <span class='ocr_line' id='line_1_106' title="bbox 2220 4763 3854 4837; baseline 0 -17"><span class='ocrx_word' id='word_1_765' title='bbox 2220 4764 2562 4837; x_wconf 86' lang='lat' dir='ltr'>presbyteris</span> <span class='ocrx_word' id='word_1_766' title='bbox 2586 4765 2948 4831; x_wconf 87' lang='lat' dir='ltr'>destinamus,</span> <span class='ocrx_word' id='word_1_767' title='bbox 2999 4768 3060 4818; x_wconf 91' lang='lat' dir='ltr'>ut</span> <span class='ocrx_word' id='word_1_768' title='bbox 3080 4770 3136 4819; x_wconf 89' lang='lat' dir='ltr'>et</span> <span class='ocrx_word' id='word_1_769' title='bbox 3156 4763 3471 4837; x_wconf 87' lang='lat' dir='ltr'>presbyteri</span> <span class='ocrx_word' id='word_1_770' title='bbox 3499 4780 3702 4820; x_wconf 87' lang='lat' dir='ltr'>eorum</span> <span class='ocrx_word' id='word_1_771' title='bbox 3721 4781 3854 4820; x_wconf 87' lang='lat' dir='ltr'>con-</span> 
     </span>
    </p>
   </div>
   <div class='ocr_carea' id='block_1_107' title="bbox 2221 4857 3510 4930">
    <p class='ocr_par' dir='ltr' id='par_1_107' title="bbox 2221 4857 3510 4930">
     <span class='ocr_line' id='line_1_107' title="bbox 2221 4857 3510 4930; baseline 0.002 -19"><span class='ocrx_word' id='word_1_772' title='bbox 2221 4857 2588 4913; x_wconf 83' lang='lat' dir='ltr'>ﬁciendorum</span> <span class='ocrx_word' id='word_1_773' title='bbox 2610 4859 2705 4930; x_wconf 92' lang='lat' dir='ltr'>jus</span> <span class='ocrx_word' id='word_1_774' title='bbox 2732 4859 2976 4913; x_wconf 87' lang='lat' dir='ltr'>habeant</span> <span class='ocrx_word' id='word_1_775' title='bbox 3003 4863 3173 4930; x_wconf 91' lang='lat' dir='ltr'>atque</span> <span class='ocrx_word' id='word_1_776' title='bbox 3203 4858 3510 4914; x_wconf 89' lang='lat' dir='ltr'>liccntiam.</span> 
     </span>
    </p>
   </div>
   <div class='ocr_carea' id='block_1_108' title="bbox 2289 4951 3850 5022">
    <p class='ocr_par' dir='ltr' id='par_1_108' title="bbox 2289 4951 3850 5022">
     <span class='ocr_line' id='line_1_108' title="bbox 2289 4951 3850 5022; baseline 0.003 -18"><span class='ocrx_word' id='word_1_777' title='bbox 2289 4952 2370 5005; x_wconf 85' lang='lat' dir='ltr'>VI.</span> <span class='ocrx_word' id='word_1_778' title='bbox 2402 4953 2479 5006; x_wconf 90' lang='lat' dir='ltr'>De</span> <span class='ocrx_word' id='word_1_779' title='bbox 2512 4952 2598 5006; x_wconf 92' lang='lat' dir='ltr'>his</span> <span class='ocrx_word' id='word_1_780' title='bbox 2626 4969 2756 5006; x_wconf 91' lang='lat' dir='ltr'>vero</span> <span class='ocrx_word' id='word_1_781' title='bbox 2787 4951 3101 5022; x_wconf 85' lang='lat' dir='ltr'>baptizatis,</span> <span class='ocrx_word' id='word_1_782' title='bbox 3132 4951 3226 5022; x_wconf 90' lang='lat' dir='ltr'>qui</span> <span class='ocrx_word' id='word_1_783' title='bbox 3259 4957 3456 5022; x_wconf 89' lang='lat' dir='ltr'>postea</span> <span class='ocrx_word' id='word_1_784' title='bbox 3489 4967 3522 5004; x_wconf 88' lang='lat' dir='ltr'>a</span> <span class='ocrx_word' id='word_1_785' title='bbox 3561 4951 3850 5008; x_wconf 66' lang='lat' dir='ltr'>daemonio</span> 
     </span>
    </p>
   </div>
   <div class='ocr_carea' id='block_1_109' title="bbox 2219 5045 3850 5118">
    <p class='ocr_par' dir='ltr' id='par_1_109' title="bbox 2219 5045 3850 5118">
     <span class='ocr_line' id='line_1_109' title="bbox 2219 5045 3850 5118; baseline 0.002 -19"><span class='ocrx_word' id='word_1_786' title='bbox 2219 5050 2314 5099; x_wconf 89' lang='lat' dir='ltr'>aut</span> <span class='ocrx_word' id='word_1_787' title='bbox 2342 5045 2472 5100; x_wconf 89' lang='lat' dir='ltr'>vitio</span> <span class='ocrx_word' id='word_1_788' title='bbox 2489 5046 2699 5118; x_wconf 90' lang='lat' dir='ltr'>aliquo,</span> <span class='ocrx_word' id='word_1_789' title='bbox 2725 5051 2823 5100; x_wconf 90' lang='lat' dir='ltr'>aut</span> <span class='ocrx_word' id='word_1_790' title='bbox 2848 5049 3080 5116; x_wconf 87' lang='lat' dir='ltr'>peccato</span> <span class='ocrx_word' id='word_1_791' title='bbox 3103 5045 3540 5112; x_wconf 87' lang='lat' dir='ltr'>interveniente,</span> <span class='ocrx_word' id='word_1_792' title='bbox 3564 5046 3850 5117; x_wconf 81' lang='lat' dir='ltr'>arripiun-</span> 
     </span>
    </p>
   </div>
   <div class='ocr_carea' id='block_1_110' title="bbox 2221 5138 3851 5211">
    <p class='ocr_par' dir='ltr' id='par_1_110' title="bbox 2221 5138 3851 5211">
     <span class='ocr_line' id='line_1_110' title="bbox 2221 5138 3851 5211; baseline 0.002 -20"><span class='ocrx_word' id='word_1_793' title='bbox 2221 5141 2330 5204; x_wconf 88' lang='lat' dir='ltr'>tur,</span> <span class='ocrx_word' id='word_1_794' title='bbox 2361 5139 2618 5211; x_wconf 78' lang='lat' dir='ltr'>quaesivit</span> <span class='ocrx_word' id='word_1_795' title='bbox 2667 5139 2890 5194; x_wconf 90' lang='lat' dir='ltr'>dilectio</span> <span class='ocrx_word' id='word_1_796' title='bbox 2934 5143 3050 5206; x_wconf 88' lang='lat' dir='ltr'>tua,</span> <span class='ocrx_word' id='word_1_797' title='bbox 3099 5139 3202 5193; x_wconf 89' lang='lat' dir='ltr'>sia</span> <span class='ocrx_word' id='word_1_798' title='bbox 3230 5138 3561 5210; x_wconf 87' lang='lat' dir='ltr'>presbytero</span> <span class='ocrx_word' id='word_1_799' title='bbox 3597 5139 3688 5194; x_wconf 90' lang='lat' dir='ltr'>vel</span> <span class='ocrx_word' id='word_1_800' title='bbox 3728 5140 3851 5195; x_wconf 87' lang='lat' dir='ltr'>dia-</span> 
     </span>
    </p>
   </div>
   <div class='ocr_carea' id='block_1_111' title="bbox 2221 5232 3851 5304">
    <p class='ocr_par' dir='ltr' id='par_1_111' title="bbox 2221 5232 3851 5304">
     <span class='ocr_line' id='line_1_111' title="bbox 2221 5232 3851 5304; baseline 0.002 -19"><span class='ocrx_word' id='word_1_801' title='bbox 2221 5249 2363 5286; x_wconf 91' lang='lat' dir='ltr'>cono</span> <span class='ocrx_word' id='word_1_802' title='bbox 2415 5233 2634 5304; x_wconf 90' lang='lat' dir='ltr'>possint</span> <span class='ocrx_word' id='word_1_803' title='bbox 2682 5237 2781 5288; x_wconf 88' lang='lat' dir='ltr'>aut</span> <span class='ocrx_word' id='word_1_804' title='bbox 2826 5232 3071 5287; x_wconf 88' lang='lat' dir='ltr'>debeant</span> <span class='ocrx_word' id='word_1_805' title='bbox 3125 5232 3468 5303; x_wconf 89' lang='lat' dir='ltr'>consignari,</span> <span class='ocrx_word' id='word_1_806' title='bbox 3515 5233 3670 5303; x_wconf 91' lang='lat' dir='ltr'>quod</span> <span class='ocrx_word' id='word_1_807' title='bbox 3719 5234 3851 5304; x_wconf 88' lang='lat' dir='ltr'>hoc,</span> 
     </span>
    </p>
   </div>
   <div class='ocr_carea' id='block_1_112' title="bbox 2223 5325 3856 5399">
    <p class='ocr_par' dir='ltr' id='par_1_112' title="bbox 2223 5325 3856 5399">
     <span class='ocr_line' id='line_1_112' title="bbox 2223 5325 3856 5399; baseline 0.001 -20"><span class='ocrx_word' id='word_1_808' title='bbox 2223 5325 2328 5380; x_wconf 91' lang='lat' dir='ltr'>nisi</span> <span class='ocrx_word' id='word_1_809' title='bbox 2355 5326 2649 5399; x_wconf 90' lang='lat' dir='ltr'>episcopus</span> <span class='ocrx_word' id='word_1_810' title='bbox 2677 5326 3035 5398; x_wconf 72' lang='lat' dir='ltr'>praeceperit,</span> <span class='ocrx_word' id='word_1_811' title='bbox 3067 5342 3182 5381; x_wconf 89' lang='lat' dir='ltr'>non</span> <span class='ocrx_word' id='word_1_812' title='bbox 3211 5325 3361 5382; x_wconf 88' lang='lat' dir='ltr'>licet.</span> <span class='ocrx_word' id='word_1_813' title='bbox 3382 5326 3520 5380; x_wconf 83' lang='lat' dir='ltr'>Nam</span> <span class='ocrx_word' id='word_1_814' title='bbox 3547 5327 3629 5381; x_wconf 87' lang='lat' dir='ltr'>eis</span> <span class='ocrx_word' id='word_1_815' title='bbox 3650 5343 3856 5383; x_wconf 89' lang='lat' dir='ltr'>manus</span> 
     </span>
    </p>
   </div>
   <div class='ocr_carea' id='block_1_113' title="bbox 2219 5419 3851 5492">
    <p class='ocr_par' dir='ltr' id='par_1_113' title="bbox 2219 5419 3851 5492">
     <span class='ocr_line' id='line_1_113' title="bbox 2219 5419 3851 5492; baseline 0.002 -19"><span class='ocrx_word' id='word_1_816' title='bbox 2219 5420 2563 5491; x_wconf 90' lang='lat' dir='ltr'>imponenda</span> <span class='ocrx_word' id='word_1_817' title='bbox 2592 5420 2829 5475; x_wconf 91' lang='lat' dir='ltr'>omnino</span> <span class='ocrx_word' id='word_1_818' title='bbox 2866 5437 2978 5475; x_wconf 90' lang='lat' dir='ltr'>non</span> <span class='ocrx_word' id='word_1_819' title='bbox 3011 5424 3114 5488; x_wconf 90' lang='lat' dir='ltr'>est,</span> <span class='ocrx_word' id='word_1_820' title='bbox 3144 5419 3249 5474; x_wconf 88' lang='lat' dir='ltr'>nisi</span> <span class='ocrx_word' id='word_1_821' title='bbox 3278 5419 3572 5492; x_wconf 91' lang='lat' dir='ltr'>episcopus</span> <span class='ocrx_word' id='word_1_822' title='bbox 3599 5421 3851 5477; x_wconf 87' lang='lat' dir='ltr'>auctori-</span> 
     </span>
    </p>
   </div>
   <div class='ocr_carea' id='block_1_114' title="bbox 2221 5513 3857 5587">
    <p class='ocr_par' dir='ltr' id='par_1_114' title="bbox 2221 5513 3857 5587">
     <span class='ocr_line' id='line_1_114' title="bbox 2221 5513 3857 5587; baseline 0.002 -21"><span class='ocrx_word' id='word_1_823' title='bbox 2221 5517 2396 5568; x_wconf 89' lang='lat' dir='ltr'>tatem</span> <span class='ocrx_word' id='word_1_824' title='bbox 2425 5513 2646 5568; x_wconf 91' lang='lat' dir='ltr'>dederit</span> <span class='ocrx_word' id='word_1_825' title='bbox 2668 5514 2723 5568; x_wconf 94' lang='lat' dir='ltr'>id</span> <span class='ocrx_word' id='word_1_826' title='bbox 2752 5513 3020 5583; x_wconf 90' lang='lat' dir='ltr'>faciendi,</span> <span class='ocrx_word' id='word_1_827' title='bbox 3040 5518 3105 5568; x_wconf 90' lang='lat' dir='ltr'>ut</span> <span class='ocrx_word' id='word_1_828' title='bbox 3128 5517 3321 5568; x_wconf 89' lang='lat' dir='ltr'>autem</span> <span class='ocrx_word' id='word_1_829' title='bbox 3341 5513 3457 5581; x_wconf 85' lang='lat' dir='ltr'>ﬁat,</span> <span class='ocrx_word' id='word_1_830' title='bbox 3485 5513 3742 5587; x_wconf 89' lang='lat' dir='ltr'>episcopi</span> <span class='ocrx_word' id='word_1_831' title='bbox 3774 5520 3857 5570; x_wconf 91' lang='lat' dir='ltr'>est</span> 
     </span>
    </p>
   </div>
   <div class='ocr_carea' id='block_1_115' title="bbox 2219 5607 3857 5679">
    <p class='ocr_par' dir='ltr' id='par_1_115' title="bbox 2219 5607 3857 5679">
     <span class='ocr_line' id='line_1_115' title="bbox 2219 5607 3857 5679; baseline 0.002 -19"><span class='ocrx_word' id='word_1_832' title='bbox 2219 5607 2497 5678; x_wconf 87' lang='lat' dir='ltr'>imperare</span> <span class='ocrx_word' id='word_1_833' title='bbox 2525 5613 2589 5662; x_wconf 92' lang='lat' dir='ltr'>ut</span> <span class='ocrx_word' id='word_1_834' title='bbox 2618 5624 2824 5662; x_wconf 89' lang='lat' dir='ltr'>manus</span> <span class='ocrx_word' id='word_1_835' title='bbox 2859 5607 2938 5662; x_wconf 91' lang='lat' dir='ltr'>eis</span> <span class='ocrx_word' id='word_1_836' title='bbox 2977 5608 3064 5662; x_wconf 89' lang='lat' dir='ltr'>vel</span> <span class='ocrx_word' id='word_1_837' title='bbox 3104 5625 3136 5662; x_wconf 92' lang='lat' dir='ltr'>a</span> <span class='ocrx_word' id='word_1_838' title='bbox 3168 5607 3520 5679; x_wconf 87' lang='lat' dir='ltr'>presbytero,</span> <span class='ocrx_word' id='word_1_839' title='bbox 3554 5611 3612 5663; x_wconf 90' lang='lat' dir='ltr'>et</span> <span class='ocrx_word' id='word_1_840' title='bbox 3637 5626 3669 5662; x_wconf 91' lang='lat' dir='ltr'>a</span> <span class='ocrx_word' id='word_1_841' title='bbox 3697 5614 3857 5665; x_wconf 71' lang='lat' dir='ltr'>caete-</span> 
     </span>
    </p>
   </div>
   <div class='ocr_carea' id='block_1_116' title="bbox 2218 5701 3856 5773">
    <p class='ocr_par' dir='ltr' id='par_1_116' title="bbox 2218 5701 3856 5773">
     <span class='ocr_line' id='line_1_116' title="bbox 2218 5701 3856 5773; baseline 0.002 -18"><span class='ocrx_word' id='word_1_842' title='bbox 2218 5701 2296 5755; x_wconf 91' lang='lat' dir='ltr'>ris</span> <span class='ocrx_word' id='word_1_843' title='bbox 2328 5701 2544 5755; x_wconf 90' lang='lat' dir='ltr'>clericis</span> <span class='ocrx_word' id='word_1_844' title='bbox 2581 5701 2927 5773; x_wconf 86' lang='lat' dir='ltr'>imponatur.</span> <span class='ocrx_word' id='word_1_845' title='bbox 2973 5703 3116 5757; x_wconf 89' lang='lat' dir='ltr'>Nam</span> <span class='ocrx_word' id='word_1_846' title='bbox 3155 5702 3444 5773; x_wconf 90' lang='lat' dir='ltr'>quomodo</span> <span class='ocrx_word' id='word_1_847' title='bbox 3475 5701 3536 5758; x_wconf 90' lang='lat' dir='ltr'>id</span> <span class='ocrx_word' id='word_1_848' title='bbox 3564 5701 3694 5758; x_wconf 86' lang='lat' dir='ltr'>ﬁeri</span> <span class='ocrx_word' id='word_1_849' title='bbox 3737 5704 3856 5759; x_wconf 89' lang='lat' dir='ltr'>sine</span> 
     </span>
    </p>
   </div>
   <div class='ocr_carea' id='block_1_117' title="bbox 2220 5793 3851 5868">
    <p class='ocr_par' dir='ltr' id='par_1_117' title="bbox 2220 5793 3851 5868">
     <span class='ocr_line' id='line_1_117' title="bbox 2220 5793 3851 5868; baseline 0.001 -20"><span class='ocrx_word' id='word_1_850' title='bbox 2220 5811 2433 5866; x_wconf 89' lang='lat' dir='ltr'>magno</span> <span class='ocrx_word' id='word_1_851' title='bbox 2464 5793 2654 5850; x_wconf 90' lang='lat' dir='ltr'>labore</span> <span class='ocrx_word' id='word_1_852' title='bbox 2684 5795 2914 5867; x_wconf 90' lang='lat' dir='ltr'>poterit,</span> <span class='ocrx_word' id='word_1_853' title='bbox 2943 5798 3009 5850; x_wconf 89' lang='lat' dir='ltr'>ut</span> <span class='ocrx_word' id='word_1_854' title='bbox 3033 5795 3206 5866; x_wconf 89' lang='lat' dir='ltr'>longe</span> <span class='ocrx_word' id='word_1_855' title='bbox 3235 5795 3570 5850; x_wconf 89' lang='lat' dir='ltr'>constitutus</span> <span class='ocrx_word' id='word_1_856' title='bbox 3609 5812 3851 5868; x_wconf 87' lang='lat' dir='ltr'>energu-</span> 
     </span>
    </p>
   </div>
   <div class='ocr_carea' id='block_1_118' title="bbox 2221 5889 3856 5965">
    <p class='ocr_par' dir='ltr' id='par_1_118' title="bbox 2221 5889 3856 5965">
     <span class='ocr_line' id='line_1_118' title="bbox 2221 5889 3856 5965; baseline -0.001 -20"><span class='ocrx_word' id='word_1_857' title='bbox 2221 5905 2422 5945; x_wconf 87' lang='lat' dir='ltr'>menus</span> <span class='ocrx_word' id='word_1_858' title='bbox 2451 5889 2522 5945; x_wconf 85' lang='lat' dir='ltr'>ad</span> <span class='ocrx_word' id='word_1_859' title='bbox 2554 5890 2882 5965; x_wconf 82' lang='lat' dir='ltr'>episcopum</span> <span class='ocrx_word' id='word_1_860' title='bbox 2923 5889 3256 5960; x_wconf 78' lang='lat' dir='ltr'>deducatur,</span> <span class='ocrx_word' id='word_1_861' title='bbox 3296 5906 3420 5947; x_wconf 86' lang='lat' dir='ltr'>cum</span> <span class='ocrx_word' id='word_1_862' title='bbox 3460 5889 3503 5946; x_wconf 88' lang='lat' dir='ltr'>si</span> <span class='ocrx_word' id='word_1_863' title='bbox 3538 5889 3665 5946; x_wconf 81' lang='lat' dir='ltr'>talis</span> <span class='ocrx_word' id='word_1_864' title='bbox 3699 5907 3856 5950; x_wconf 71' lang='lat' dir='ltr'>casus</span> 
     </span>
    </p>
   </div>
  </div>
