4034 6342
240 349 352 401 697

1492 335 1966 403 DECRETALIUM
2005 343 2390 404 COLLECTIO.

3510 356 3612 408 698

241 457 298 508 ei
328 456 388 509 in
442 455 648 512 itinere
677 457 969 528 acciderit,
1014 461 1080 514 ut
1130 473 1232 514 nec
1258 457 1397 513 ferri
1422 458 1494 513 ad
1527 458 1877 530 episcopum,
1902 470 1962 543 Α
2050 459 2102 512 4.
2137 459 2213 512 De
2258 457 2524 512 uxoribus
2559 457 2914 526 clericorum,
2954 461 3021 512 ut
3054 458 3365 529 virginibus
3401 461 3617 515 socien-

240 565 356 602 nec
383 550 583 604 referri
610 551 683 605 ad
710 568 810 606 sua
840 552 1004 606 facile
1044 552 1266 624 possit?

316 643 429 698 VII.
460 644 539 698 De
571 645 975 715 paenitentibus
1001 662 1134 701 vero
1164 645 1263 718 qui
1290 644 1403 700 sive
1434 662 1501 700 ex
1527 643 1881 716 gravioribus

242 737 590 805 commissis,
637 738 752 793 sive
793 756 860 794 ex
891 740 1197 795 levioribus
1223 738 1619 811 paenitentiam
1651 742 1878 809 gerunt,

242 830 288 883 si
317 831 480 885 nulla
505 831 850 887 interveniat
878 833 1180 904 aegritudo,
1216 833 1412 904 quinta
1437 832 1581 887 feria
1610 837 1744 886 ante
1772 833 1880 886 Pa-

242 924 383 978 scha
402 924 483 978 eis
513 926 918 981 remittendum
939 928 1218 982 Romanae
1242 925 1505 980 Ecclesiae
1531 925 1881 980 consuetudo

241 1017 624 1073 demonstrat.
647 1020 931 1074 Caeterum
948 1020 1019 1074 de
1037 1021 1286 1092 pondere
1305 1019 1637 1074 aestimando
1655 1018 1881 1073 delicto-

239 1126 378 1164 rum
404 1111 712 1167 sacerdotis
738 1116 822 1166 est
851 1113 1129 1183 judicare,
1162 1118 1228 1168 ut
1255 1112 1516 1167 attendat
1553 1111 1625 1165 ad
1656 1111 1877 1165 confes-

241 1204 470 1258 sionem
503 1205 848 1276 paenitentis,
876 1209 932 1260 et
957 1207 1027 1261 ad
1061 1207 1228 1262 ﬂetus
1248 1209 1422 1278 atque
1450 1206 1734 1276 lacrymas
1762 1221 1881 1259 cor-

239 1298 506 1368 rigentis,
536 1316 601 1353 ac
643 1304 765 1353 tum
788 1299 993 1370 jubere
1038 1299 1268 1368 dimitti,
1315 1316 1447 1354 cum
1496 1298 1703 1352 viderit
1745 1315 1876 1352 con-

235 1407 453 1460 gruam
480 1392 933 1448 satisfactionem.
928 1361 1122 1541 faue
1150 1393 1196 1448 si
1225 1392 1353 1464 quis
1384 1392 1442 1446 in
1475 1392 1880 1462 aegritudinem

238 1485 529 1541 inciderit.
565 1489 736 1541 atque
782 1503 923 1541 usau
983 1487 1056 1540 ad
1087 1486 1540 1541 desnerationem
1570 1485 1878 1541 devenerit.

238 1485 529 1553 inciderit,
565 1489 736 1558 atque
782 1485 964 1558 usque‘
983 1487 1056 1540 ad
1087 1486 1540 1558 desperationem
1570 1485 1878 1552 devenerit,

239 1578 292 1631 ei
335 1582 423 1633 est
452 1583 584 1635 ante
625 1585 855 1650 tempus
890 1581 1116 1635 Paschse
1151 1580 1547 1648 relaxandum,
1572 1595 1642 1634 ne
1676 1579 1745 1634 de
1775 1595 1877 1633 sae-

237 1671 369 1726 culo
393 1672 609 1744 absque
639 1673 1044 1729 communione
1073 1674 1344 1728 discedat.

310 1767 446 1823 VJII.
476 1766 624 1821 Sane
661 1767 932 1838 quoniam
962 1765 1031 1822 de
1059 1768 1164 1821 hoc
1194 1766 1361 1821 sicuti
1389 1765 1459 1820 de
1489 1765 1709 1820 caeteris
1735 1783 1874 1821 con-

1981 555 2092 621 tur,
2125 557 2180 606 et
2205 552 2517 606 secundam
2547 568 2662 606 non
2697 541 2904 606 ducant
2922 568 3186 607 uxorem.

2054 649 2104 699 5.
2137 647 2207 699 Ut
2231 645 2277 699 si
2298 645 2469 699 laicus
2495 644 2722 699 viduam
2748 644 2993 713 duxerit,
3024 645 3258 700 clericus
3285 662 3400 701 non
3423 647 3539 702 fiat.

2054 742 2104 792 6.
2148 740 2218 793 Ut
2265 738 2501 792 clericus
2561 755 2678 792 non
2741 740 2816 793 sit
2866 739 2964 810 qui
3016 739 3325 794 secundam
3375 757 3614 796 uxorem

1982 831 2225 886 duxerit.

2053 929 2104 978 7.
2135 925 2206 979 Ut
2234 924 2464 980 alterius
2489 924 2757 980 clericum
2796 926 2988 981 nullus
3019 927 3315 999 episcopus
3341 928 3609 984 ordinare

1979 1022 2239 1090 usurpet.

2053 1115 2105 1166 8.
2135 1113 2204 1166 Ut
2233 1126 2344 1165 non
2377 1111 2802 1183 rebaptizentur
2824 1112 2921 1184 qui
2939 1129 2972 1166 a
3002 1114 3322 1169 Novatianis
3351 1115 3437 1170 vel
3462 1117 3612 1170 Mon-

1980 1205 2233 1260 tensibus
2260 1205 2517 1260 veniunt.

2052 1303 2105 1354 9.
2133 1300 2205 1354 Ut
2231 1298 2554 1354 sacerdotes
2591 1304 2650 1355 et
2685 1300 2866 1355 levitas
2896 1317 3025 1356 cum
3061 1300 3398 1357 mulieribus
3429 1302 3610 1358 cohae-

1981 1409 2105 1449 rere
2127 1409 2241 1447 non
2269 1393 2537 1448 debeant!

2056 1490 2139 1541 10.
2173 1488 2242 1541 Ut
2270 1487 2604 1557 monachus,
2635 1487 2684 1541 si
2701 1486 2939 1542 clericus
2965 1488 3146 1543 factus
3171 1489 3361 1557 fuerit,
3393 1507 3604 1563 propo-

1980 1580 2152 1635 situm
2180 1596 2346 1634 suum
2381 1596 2602 1634 servare
2633 1580 2862 1635 debeat.

2055 1677 2140 1728 11.
2189 1675 2259 1728 Ut
2311 1689 2380 1727 ex
2433 1673 2743 1728 curialibus
2791 1673 3026 1728 clericus
3080 1690 3198 1728 non
3243 1675 3339 1730 fiat
3376 1681 3609 1747 propter

1982 1767 2296 1838 voluptates
2325 1783 2468 1839 quas
2493 1785 2527 1822 a
2547 1768 2772 1823 diabolo
2801 1767 3060 1823 inventas
3082 1767 3350 1824 exhibere
3370 1772 3611 1841 compel-

237 1859 430 1914 sulere
458 1859 635 1914 voluit
668 1861 893 1915 dilectio
927 1863 1042 1931 tua,
1076 1860 1284 1932 adjecit
1311 1860 1482 1915 etiam
1517 1859 1664 1914 ﬁlius
1688 1876 1871 1929 meus,
1893 1842 1951 1914 B
1975 1861 2128 1915 litur.

234 1953 594 2022 Caelestinus,
631 1953 935 2021 diaconus,
977 1953 1039 2008 in
1069 1953 1309 2026 epistola
1341 1971 1444 2008 sua
1465 1969 1584 2008 esse
1613 1970 1647 2006 a
1673 1957 1769 2008 tua
1795 1955 1875 2008 di-

235 2046 486 2102 lectione
523 2047 770 2118 positum
797 2047 941 2103 illud
969 2048 1124 2120 quod
1165 2047 1222 2102 in
1254 2048 1497 2119 apostoli
1526 2047 1713 2102 Jacobi
1741 2046 1871 2119 Epi-

235 2141 382 2195 stola
409 2142 796 2212 conscriptum
831 2146 916 2197 est
945 2160 958 2196 :
1014 2162 1041 2191 «
1077 2141 1403 2196 lnﬁrmatur
1429 2142 1557 2213 quis
1588 2142 1645 2196 in
1674 2141 1874 2196 vobis?

229 2234 472 2288 inducat
506 2234 890 2306 presbyteros,
935 2240 990 2290 et
1021 2237 1188 2291 orent
1225 2252 1397 2306 super
1426 2252 1560 2290 eum
1591 2241 1872 2308 ungentes

236 2344 374 2382 eum
406 2328 536 2382 oleo
566 2329 626 2382 in
649 2329 880 2384 nomine
905 2328 1128 2384 Domini
1147 2347 1164 2400 ;
1200 2333 1256 2384 et
1282 2329 1461 2385 oratio
1481 2329 1618 2384 fidei
1639 2330 1875 2385 salvabit

232 2421 555 2489 inﬁrmum,
610 2426 667 2476 et
717 2422 1010 2478 suscitabit
1060 2422 1224 2477 illum
1274 2423 1574 2491 Dominus,
1622 2428 1679 2478 et
1725 2424 1770 2478 si
1812 2423 1872 2478 in

233 2515 480 2587 peccatis
499 2516 690 2583 fuerit,
710 2516 1074 2572 remittentur
1094 2517 1147 2572 ei
1167 2517 1297 2586 (Jac.
1327 2533 1379 2587 ν,
1404 2518 1488 2585 14,
1517 2521 1622 2587 15).
1649 2537 1675 2570 ››
1708 2518 1872 2581 Quod

233 2625 352 2663 non
378 2614 467 2664 est
494 2609 733 2664 dubium
761 2610 832 2664 de
855 2609 1115 2665 ﬁdelibus
1136 2610 1544 2682 aegrotantibus
1564 2610 1762 2682 accipi,
1785 2611 1872 2667 vel

233 2702 487 2774 intelligi
515 2703 744 2771 debere,
779 2703 875 2774 qui
910 2707 1100 2758 sancto
1130 2703 1252 2760 oleo
1280 2705 1601 2759 chrismatis
1629 2705 1871 2775 perungi

235 2802 498 2867 possunt,
538 2797 688 2867 quod
732 2797 803 2852 ab
845 2798 1107 2868 episcopo
1153 2798 1496 2868 confectum,
1540 2815 1654 2853 non
1688 2799 1870 2853 solum

233 2890 646 2958 sacerdotibus,
684 2891 781 2945 sed
819 2892 1084 2946 omnibus
1126 2893 1208 2946 uti
1241 2891 1572 2947 Christianis
1616 2891 1764 2962 licet,
1809 2892 1868 2946 in

231 2999 354 3050 sua,
400 2987 500 3037 aut
533 3000 766 3038 suorum
807 2986 1140 3040 necessitate
1180 2985 1530 3056 inungendo.
1583 2988 1869 3042 Caeterum

233 3077 375 3132 illud
405 3077 759 3148 superﬂuum
786 3078 1044 3133 videmus
1075 3079 1381 3149 adjectum,
1414 3083 1476 3134 ut
1506 3079 1576 3132 de
1609 3079 1869 3151 episcopo

2049 1957 2133 2010 l2.
2167 1955 2242 2009 De
2277 1954 2591 2026 virginibus
2620 1955 2812 2024 sacris,
2843 1956 2887 2009 si
2919 1956 3093 2027 lapsae
3134 1955 3367 2021 fuerint,
3405 1963 3470 2012 ut
3509 1974 3607 2028 pu-

1973 2047 2116 2103 blice
2155 2049 2474 2119 nupserint.

2049 2144 2131 2197 13.
2167 2143 2247 2197 De
2277 2142 2590 2213 virginibus
2629 2159 2743 2196 non
2764 2142 2976 2211 velatis,
3005 2143 3053 2197 si
3083 2143 3455 2199 deviaverint.

2047 2237 2392 2291 lNNOCENTlUS
2407 2237 2700 2292 VICTORICO
2717 2236 2982 2308 episcopo
2997 2236 3445 2309 Rothomagensi
3466 2239 3607 2294 salu~

1973 2331 2111 2382 tem.

2043 2421 2158 2477 Etsi
2186 2422 2310 2491 tibi,
2344 2423 2523 2476 frater
2545 2423 2893 2490 charissime,
2922 2439 3027 2494 pro
3057 2423 3261 2478 merito
3299 2427 3356 2478 et
3387 2425 3602 2481 honore

1973 2515 2273 2570 sacerdotii
2303 2532 2415 2587 quo
2444 2515 2760 2586 plurimum
2788 2517 2984 2587 polles,
3031 2516 3253 2572 vivendi
3283 2521 3340 2572 et
3365 2518 3602 2574 docendi

1973 2609 2357 2664 ecclesiasticae
2383 2609 2597 2680 regulae
2623 2613 2762 2664 nota
2791 2613 2924 2664 sunt
2951 2609 3162 2677 omnia,
3192 2627 3380 2682 neque
3404 2616 3488 2667 est
3507 2613 3606 2666 ali-

1970 2703 2110 2774 quid
2149 2703 2300 2774 quod
2332 2702 2401 2757 de
2432 2703 2604 2757 sacris
2623 2703 2958 2758 lectionibus
2979 2703 3082 2756 tibi
3099 2703 3287 2758 minus
3301 2706 3600 2761 collectum

1972 2813 2095 2850 esse
2113 2796 2390 2865 videatur,
2410 2801 2600 2852 tamen
2620 2797 2757 2868 quia
2773 2798 3042 2852 Romanae
3062 2797 3320 2852 Ecclesiae
3339 2815 3600 2853 normam

1973 2896 2140 2961 atque
2167 2891 2566 2945 auctoritatem
2599 2907 2947 2962 magnopere
2981 2893 3294 2962 postulasti,
3327 2894 3600 2948 voluntati

1969 2989 2082 3038 tuae
2115 3000 2336 3038 morem
2360 2984 2670 3039 admodum
2697 3000 2905 3055 gerens
2937 2984 3005 3038 de
3040 2985 3212 3056 gestis
3230 2985 3377 3053 vita,
3406 2991 3462 3041 et
3483 3004 3600 3042 mo-

1970 3094 2097 3132 rum
2139 3078 2519 3149 probabilium
2559 3078 2888 3148 disciplinas
2933 3095 3187 3133 annean
3220 3079 3422 3134 litteris
3459 3082 3601 3135 meis

236 3170 566 3243 ambigatur
591 3171 741 3242 quod
771 3172 1111 3244 presbyteris
1138 3173 1308 3227 licere
1350 3189 1469 3228 non
1495 3173 1732 3227 dubium
1761 3177 1864 3228 est.
1889 3213 1944 3286 Ο
1970 3173 2119 3241 misi,
2149 3189 2250 3243 per
2285 3189 2423 3243 quas
2452 3171 2750 3226 advertant
2791 3173 3171 3227 Ecclesiarum
3203 3174 3457 3244 regionis
3503 3192 3596 3228 ve~

237 3266 371 3286 \’-_--
427 3265 631 3286 :J-:_---
695 3267 749 3286 J-
802 3266 1138 3286 _-i-,L__1-,_,‘_
1185 3267 1383 3286 lli-1",--
1440 3271 1513 3286 --L
1591 3267 1699 3286 __,_!,
1765 3268 1842 3286 xm?
1972 3271 2091 3286 -1_---
2131 3266 2319 3286 _-__-I2
2366 3266 2557 3286 _____'L-__
2605 3267 2769 3286 --1.___
2816 3270 2861 3286 ,ι
2894 3266 3102 3286 __-_-_If_
3148 3267 3456 3286 nlui-13,”-
3578 3285 3581 3286 ,

236 3266 379 3319 Nam
427 3265 637 3320 idcirco
688 3267 756 3321 de
801 3266 1141 3338 presbyteris
1177 3267 1393 3321 dictum
1433 3271 1535 3335 est,
1581 3267 1715 3338 quia
1757 3268 1869 3339 cpi-

233 3359 387 3429 scopi
427 3359 895 3430 occupationibus
927 3360 1050 3414 aliis
1096 3359 1379 3431 impediti,
1411 3361 1484 3415 ad
1512 3377 1713 3415 omnes
1742 3361 1864 3415 lan-

236 3453 540 3525 guidosire
560 3470 678 3508 non
698 3457 952 3526 possunt.
975 3457 1257 3511 Caterum
1285 3454 1329 3508 si
1352 3455 1649 3526 episcopus
1670 3458 1867 3526 postea

237 3547 479 3618 dignum
511 3548 664 3603 ducit
703 3548 950 3621 aliquem
991 3566 1023 3602 a
1063 3565 1122 3604 se
1150 3547 1516 3616 visitandum,
1557 3552 1614 3603 et
1639 3549 1866 3604 benedi-

237 3657 364 3695 cere
394 3644 452 3695 et
478 3643 717 3712 tangere
752 3642 1058 3697 chrismate
1092 3642 1215 3696 sine
1255 3641 1617 3698 cunctatione
1654 3645 1861 3714 potest,

236 3734 397 3805 cujus
426 3739 509 3789 est
536 3735 727 3805 ipsum
769 3735 1018 3791 chrisma
1044 3720 1508 3807 conﬂcere.fNa1n
1533 3735 1860 3807 paenitenti-

235 3793 341 3882 bus
366 3827 512 3882 illud
540 3793 705 3883 fundi
725 3846 839 3884 non
859 3833 1064 3901 potest,
1095 3830 1227 3902 quia
1253 3793 1434 3901 gebus
1451 3793 1867 3885 est‘sacramen-

235 3921 296 3976 ti.
331 3923 477 3976 Nam
506 3921 709 3993 quibus
745 3922 964 3994 reliqua
1009 3927 1362 3978 sacramenta
1389 3929 1690 3994 negantur,
1723 3940 1863 3994 quo-

233 4015 405 4070 modo
431 4031 615 4070 unum
637 4032 818 4088 genus
836 4033 1004 4086 posse
1023 4019 1261 4089 putatur
1282 4017 1564 4072 concedi?
1592 4018 1685 4072 His
1705 4033 1861 4089 ergo,

234 4109 408 4164 frater
432 4109 782 4178 charissime,
815 4110 1081 4165 omnibus
1109 4127 1235 4182 qua:
1262 4115 1359 4166 tua
1386 4111 1609 4165 dilectio
1637 4111 1814 4166 voluit
1833 4127 1865 4165 a

234 4203 399 4258 nobis
417 4203 640 4275 exponi,
665 4208 833 4275 prout
847 4204 1134 4275 potuimus
1152 4205 1498 4276 respondere
1522 4205 1861 4273 curavimus,

237 4303 296 4352 ut
319 4297 564 4352 Ecclesia
582 4302 677 4352 tua
689 4298 1003 4353 Romanam
1016 4298 1492 4354 consuetudinem
1505 4316 1537 4353 a
1550 4315 1664 4370 qua
1694 4299 1865 4370 origi-

238 4408 371 4447 nem
395 4391 570 4461 ducit,
614 4408 840 4447 servare
871 4393 1055 4449 valeat
1093 4395 1265 4464 atque
1291 4392 1590 4448 custodire.
1624 4393 1864 4465 Reliqua

237 4501 367 4540 vero
396 4501 527 4557 quae
558 4485 722 4540 scribi
753 4486 834 4540 fas
862 4503 979 4541 non
1009 4489 1152 4554 erat,
1185 4502 1316 4540 cum
1343 4486 1592 4554 affueris,
1626 4486 1864 4542 interro~

1967 3271 2098 3320 strae
2129 3266 2324 3336 populi
2357 3266 2561 3336 quibus
2603 3267 2772 3320 rebus
2809 3270 2866 3320 et
2891 3266 3106 3337 regulis
3146 3267 3595 3323 Christianorum

1966 3359 2080 3413 vita
2117 3359 2174 3412 in
2214 3376 2316 3413 sua
2351 3360 2736 3430 cujuscunque
2782 3359 3132 3430 professione
3185 3361 3386 3414 debeat
3423 3363 3601 3416 conti-

1967 3452 2092 3506 neri
2139 3452 2431 3523 qualisque
2485 3457 2738 3506 servetur
2797 3452 2855 3505 in
2906 3452 3060 3506 urbis
3117 3454 3308 3507 Romae
3353 3455 3597 3509 ecclesiis

1967 3545 2275 3616 disciplina.
2311 3545 2429 3598 Erit
2458 3545 2775 3598 dilectionis
2809 3549 2923 3598 tua:
2949 3561 3052 3616 per
3080 3546 3271 3616 plebes
3298 3546 3592 3614 finitimas,

1966 3642 2022 3692 et
2051 3639 2480 3693 consacerdotes
2508 3643 2734 3692 nostros
2757 3639 2857 3709 qui
2879 3638 2936 3691 in
2966 3638 3075 3692 illis
3103 3639 3433 3710 regionibus
3458 3657 3589 3712 pro-

1964 3732 2101 3804 priis
2146 3733 2393 3787 ccclesiis
2431 3731 2760 3803 prmsident,
2803 3731 3135 3803 regularum
3188 3734 3340 3788 hunc
3381 3733 3595 3789 librum

1966 3827 2125 3897 quasi
2137 3826 2517 3892 didasculum,
2533 3828 2702 3897 atque
2716 3825 3059 3880 monitorem
3071 3826 3266 3882 sedulo
3278 3827 3591 3898 insinuare,

1963 3926 2029 3976 ut
2056 3924 2111 3975 et
2138 3923 2360 3975 nostros
2391 3936 2751 3992 cognoscere,
2786 3926 2842 3975 et
2872 3921 2942 3974 ad
2968 3919 3139 3974 ﬁdem
3177 3921 3591 3978 conﬂuentium

1966 4031 2150 4070 mores
2178 4015 2404 4069 valeant
2432 4013 2677 4070 docendi
2697 4014 2992 4069 sedulitate
3017 4014 3290 4070 formare.
3311 4019 3424 4070 Aut
3443 4019 3596 4072 enim
3628 4013 3639 4086 Ῐ

1965 4109 2325 4181 propositum
2351 4126 2518 4163 suum
2544 4125 2616 4163 ex
2638 4109 2741 4162 hac
2768 4112 2964 4163 nostra
2995 4110 3334 4181 congruenti
3355 4111 3594 4167 lectione

1965 4209 2326 4274 cognoscent,
2358 4209 2454 4258 aut
2473 4203 2520 4256 si
2541 4203 2678 4272 quid
2702 4203 2890 4257 adhuc
2909 4202 3283 4272 desideratur,
3313 4204 3480 4259 facile
3501 4222 3598 4277 po-

1967 4300 2158 4352 terunt
2195 4313 2260 4352 ex
2299 4296 2389 4350 his
2414 4297 2560 4350 bona
2595 4295 2911 4350 imitatione
2942 4297 3222 4366 supplere.
3260 4297 3598 4368 Incipiamus

1966 4406 2122 4461 ergo,
2166 4389 2472 4460 adjuvante
2516 4391 2628 4444 Deo
2674 4395 2731 4443 et
2773 4394 2962 4444 sancto
2987 4389 3085 4443 Dei
3117 4391 3368 4460 apostolo
3403 4393 3591 4457 Petro,

1964 4499 2068 4554 per
2099 4499 2272 4554 quem
2301 4487 2355 4537 et
2397 4483 2750 4553 apostolatus
2793 4485 2850 4537 et
2878 4481 3231 4553 episcopatus
3265 4483 3325 4537 in
3373 4485 3593 4541 Christo

243 4579 356 4652 gati
380 4579 696 4650 poterimus
723 4579 965 4636 edicere.
995 4580 1114 4635 Erit
1132 4583 1325 4636 autem
1352 4580 1577 4634 Domini
1597 4580 1865 4651 potentiae
1885 4584 1944 4656 D
1967 4577 2135 4648 coepit
2160 4576 2478 4643 exordium,
2502 4581 2563 4630 ut
2577 4575 2845 4648 quoniam
2862 4592 3010 4646 saepe
3030 4577 3221 4658 plures
3235 4587 3595 4635 emerserunt

243 4673 415 4728 etiam
445 4673 502 4729 id
530 4690 856 4744 procurare,
888 4676 955 4728 ut
983 4677 1041 4727 et
1078 4677 1235 4728 tuam
1285 4673 1614 4744 Ecclesiam,
1661 4677 1719 4728 et
1763 4674 1868 4730 cle-

241 4766 384 4822 ricos
405 4771 633 4822 nostros
657 4767 753 4839 qui
783 4767 886 4822 sub
916 4770 1015 4822 tuo
1046 4767 1332 4839 pontiﬁcio
1358 4767 1562 4821 divinis
1589 4767 1867 4822 famulan-

244 4864 331 4916 tur
357 4861 577 4929 ofticiis,
615 4861 760 4916 bene
797 4862 1079 4929 instituas,
1111 4865 1168 4916 et
1208 4861 1330 4915 aliis
1369 4861 1614 4916 formam
1651 4861 1867 4916 tribuas

244 4973 415 5028 quam
444 4957 690 5012 debeant
716 4956 952 5012 imitari.
990 4959 1130 5012 Data
1172 4974 1262 5012 xiv
1289 4957 1672 5012 Kalendarum
1701 4957 1864 5028 Apri-

243 5049 329 5119 lis,
384 5050 748 5120 Theodeosio,
796 5054 1048 5122 Augusto
1090 5052 1314 5123 septies,
1361 5050 1603 5106 Palladio
1650 5052 1734 5121 IV,
1783 5052 1866 5107 CC

244 5143 588 5200 consulibus.
633 5183 636 5186 .

245 5240 513 5308 Incipiunt
540 5240 785 5310 capitula
812 5241 1052 5310 ejusdem
1076 5242 1150 5297 ad
1195 5243 1519 5297 Victoricum
1544 5243 1864 5312 episcopum.

316 5337 364 5388 1.
386 5333 548 5398 Quod
563 5338 718 5388 extra
733 5335 1135 5390 conscientiam
1160 5334 1582 5407 metropolitani
1603 5351 1718 5390 non
1739 5338 1870 5389 sunt

248 5427 546 5482 ordinandi
577 5427 843 5499 episcopi.

310 5525 364 5576 2.
402 5522 478 5576 De
515 5521 603 5576 his
649 5522 747 5593 qui
775 5525 903 5593 post
945 5523 1295 5593 baptismum
1325 5523 1620 5595 cingulum
1652 5521 1870 5577 militia!

247 5615 520 5671 saecularis
558 5621 922 5686 acceperunt,
957 5633 1070 5671 non
1106 5616 1311 5673 debere
1340 5616 1413 5671 ad
1450 5616 1746 5672 clericatus
1785 5632 1870 5671 or-

248 5725 375 5764 nem
402 5708 649 5764 admitti.

315 5808 366 5859 3.
396 5803 473 5858 De
490 5803 670 5858 causis
689 5803 1027 5861 clericorum
1053 5821 1179 5878 quae
1201 5805 1258 5860 in
1277 5805 1562 5876 provincia
1578 5803 1732 5876 juste
1755 5822 1870 5860 non

248 5897 539 5968 liniuntur,
568 5902 634 5952 ut
658 5897 727 5952 ab
757 5900 1062 5971 apostolica
1093 5901 1222 5956 sede
1250 5901 1653 5956 terminentur.

1967 4688 2148 4727 causae
2186 4688 2316 4743 quae
2357 4670 2417 4724 in
2460 4669 2761 4741 aliquantis
2785 4685 2903 4724 non
2939 4673 3105 4724 erant
3129 4687 3326 4738 causae,
3355 4672 3457 4726 sed
3483 4674 3592 4728 cri-

1967 4766 2138 4833 mina,
2162 4768 2225 4818 ut
2250 4765 2320 4819 de
2339 4767 2542 4820 caetero
2565 4763 2888 4818 sollicitudo
2907 4762 3294 4834 situnicuique
3313 4766 3594 4822 sacerdoti

1966 4860 2022 4914 in
2057 4877 2156 4914 sua
2179 4858 2422 4914 Ecclesia
2444 4874 2640 4913 curam
2664 4857 2759 4928 huj
2770 4857 2992 4912 usmodi
3020 4857 3252 4926 habere,
3285 4858 3430 4916 sicut
3457 4861 3593 4916 bea-

1965 4959 2056 5010 tus
2120 4954 2419 5026 Apostolus
2465 4954 2670 5008 Paulus
2718 4951 3006 5023 praedicat,
3062 4952 3238 5007 talem
3293 4953 3595 5010 Ecclesiam

1966 5051 2082 5105 Deo
2110 5048 2485 5103 exhibendam
2511 5063 2629 5102 non
2658 5067 2685 5095 ‹‹
2713 5046 3022 5101 habentem
3049 5046 3358 5115 maculam,
3380 5053 3479 5104 aut
3497 5066 3592 5106 ru-

1970 5160 2101 5214 gam
2129 5144 2144 5214 (
2171 5143 2308 5213 Eph.
2338 5158 2390 5209 v,
2421 5145 2531 5213 27),
2557 5163 2583 5189 ››
2617 5156 2690 5195 ne
2714 5139 2952 5210 alicujus
2970 5139 3249 5195 morbidae
3273 5141 3388 5196 ovis
3404 5144 3596 5200 afﬂatu

1968 5237 2314 5292 conscientia
2331 5239 2521 5290 nostra
2548 5234 2934 5290 contaminata
2951 5233 3213 5289 violetur.
3241 5238 3481 5309 Propter
3502 5256 3598 5294 eos

1968 5347 2106 5402 ergo
2138 5330 2234 5402 qui
2262 5331 2348 5385 vel
2375 5327 2702 5400 ignorantia
2717 5327 2804 5382 vel
2829 5327 3043 5383 desidia
3067 5345 3183 5384 non
3207 5332 3410 5386 tenent
3429 5333 3603 5389 eccle-

1970 5424 2252 5478 siasticam
2297 5423 2674 5493 disciplinam,
2724 5425 2783 5476 et
2835 5423 3016 5477 multa
3051 5440 3165 5478 non
3201 5427 3603 5496 praesumenda

1968 5522 2344 5589 praesumunt,
2363 5522 2514 5572 recte
2533 5516 2848 5587 postulasti,
2870 5517 3002 5571 utin
3015 5517 3124 5571 illis
3137 5520 3394 5590 partibus
3409 5519 3592 5572 istius-

1969 5611 2122 5668 modi
2161 5627 2335 5682 quam
2363 5616 2521 5666 tenet
2550 5610 2794 5666 Ecclesia
2820 5611 3077 5667 Romana
3104 5611 3290 5666 forma
3324 5614 3596 5679 servetur,

1973 5723 2085 5762 non
2125 5705 2274 5778 quod
2314 5721 2457 5760 nova
2505 5708 2788 5776 praecepta
2830 5705 3022 5777 aliqua
3071 5706 3453 5775 imperentur,
3498 5707 3597 5760 sed

1971 5819 2037 5857 ea
2069 5818 2196 5874 quae
2234 5817 2335 5872 per
2377 5799 2653 5855 desidiam
2689 5799 3014 5870 aliquorum
3061 5799 3315 5868 neglecta
3347 5803 3496 5866 sunt,
3529 5800 3597 5853 ab

1972 5895 2234 5951 omnibus
2259 5894 2547 5950 observari
2573 5893 2882 5965 cupiamus,
2914 5907 3042 5963 quae
3075 5895 3263 5947 tamen
3291 5893 3602 5965 apostolica
