4034 6370
426 358 526 410 699

1323 347 1605 405 APPEND.
1648 347 1734 402 AD
1772 348 1932 402 SEC.
1976 347 2064 401 IX.
2097 375 2166 384 ——
2203 345 2448 401 lSlDORI
2486 339 2910 400 MERCATORIS

3691 339 3796 391 700

421 467 479 518 et
507 464 739 516 Patrum
769 459 1069 514 traditione
1110 461 1243 512 sunt
1275 457 1593 512 constituta.
1634 455 1921 527 Scriptum
1965 459 2049 508 est
2070 465 2130 537 Α
2149 453 2268 519 ﬁat,
2296 453 2430 524 quia
2466 453 2740 523 scriptum
2762 457 2864 506 est.
2901 472 2929 500 ‹‹
2948 449 3124 504 Unius
3147 448 3341 503 uxoris
3369 447 3554 501 virum
3583 446 3629 514 (1
3653 447 3794 498 Tim.

428 572 673 627 namque
705 555 777 608 ad
802 551 1323 607 Thessalonicenses
1369 549 1639 617 secundo,
1681 554 1735 603 et
1763 549 1832 602 ad
1875 549 2056 604 Timo-

431 651 653 717 theum,
688 647 940 719 apostolo
967 646 1134 699 Paulo
1160 647 1428 698 monente
1462 661 1474 696 :
1527 664 1554 691 ‹‹
1585 643 1758 709 State,
1780 645 1840 696 et
1864 647 2054 698 tenete

432 743 764 797 traditiones
785 743 1005 794 nostras
1035 755 1178 809 quas
1215 737 1556 792 tradidimus
1604 736 1761 789 vobis
1801 736 1912 789 sive
1957 753 2059 809 per

431 836 688 898 verbum,
739 834 853 886 sive
895 849 998 902 per
1029 832 1331 902 epistolam
1374 830 1448 900 (11
1478 830 1658 884 Thess.
1693 847 1751 894 ιι,
1786 829 1889 901 14).
1922 829 1975 911 η)
1997 830 2059 882 ll-

429 929 528 983 lud
556 931 708 981 certe
735 932 896 980 tuam
923 926 1092 979 debet
1110 928 1365 978 mentem
1391 923 1786 977 vehementius
1808 922 2057 976 excitare

433 1027 494 1076 ut
520 1023 588 1075 ab
620 1020 776 1074 omni
802 1019 928 1072 labe
951 1018 1141 1072 saeculi
1168 1017 1328 1071 istius
1359 1016 1629 1070 immunis
1659 1021 1792 1070 ante
1812 1015 1908 1070 Dei
1931 1033 2062 1069 con—

431 1120 686 1186 spectum
721 1118 779 1167 et
803 1129 1032 1166 securus
1061 1110 1380 1165 invenieris.
1435 1130 1462 1161 «
1497 1109 1596 1165 Cui
1628 1111 1874 1164 multum
1908 1110 2061 1163 enim

434 1209 684 1263 creditur
718 1207 844 1277 plus
872 1206 941 1260 ab
988 1222 1054 1259 eo
1091 1205 1334 1276 exigitur
1380 1205 1526 1272 (Luc.
1568 1220 1665 1270 XII,
1695 1204 1805 1274 48).
1841 1225 1867 1253 ››
1912 1205 2060 1273 Ergo

435 1302 710 1373 quoniam
749 1317 863 1354 non
911 1315 1015 1370 pro
1064 1298 1229 1352 nobis
1274 1300 1521 1363 tantum,
1564 1297 1658 1351 sed
1710 1313 1812 1367 pro
1851 1297 2062 1367 populo

436 1395 639 1450 Christi
681 1394 944 1464 cogimur
981 1397 1250 1462 praestare
1292 1391 1595 1457 rationem,
1647 1390 1853 1444 idcirco
1897 1390 2061 1444 disci-

434 1489 593 1560 plina
619 1487 720 1541 Dei
742 1486 1088 1540 sanctiﬁcare
1126 1485 1403 1556 populum
1429 1488 1487 1537 et
1513 1483 1743 1538 erudire
1773 1483 2062 1538 debemus.

435 1581 724 1646 Quosdam
741 1580 895 1635 enim
910 1578 1112 1633 asseris
1137 1578 1412 1632 exstitisse
1441 1577 1539 1647 qui
1560 1580 1768 1632 statuta
1783 1577 2066 1647 majorum

435 1689 553 1727 non
581 1673 863 1738 tenentes,
887 1668 1202 1722 castitatem
1221 1666 1477 1721 Ecclesiae
1498 1683 1596 1720 sua
1619 1665 2066 1737 praasumptione

438 1765 670 1832 violant,
703 1762 898 1834 p0puli
925 1762 1180 1816 favorem
1211 1763 1535 1831 sequentes,
1573 1763 1630 1813 et
1659 1760 1756 1814 Dei
1783 1759 2067 1829 judicium

2156 564 2234 613 ιιι,
2254 549 2326 615 2);
2353 567 2378 598 ››
2411 551 2469 600 et
2487 547 2723 600 iterum:
2757 565 2783 593 ››
2818 544 3151 599 Sacerdotes
3173 539 3739 606 meisemelnubant;
3768 560 3794 585 n

2158 646 2215 694 et
2242 640 2411 694 alibi:
2447 661 2474 689 «
2499 639 2830 694 Sacerdotes
2853 638 2969 691 mei
2998 654 3115 692 non
3146 637 3369 691 nubant
3392 634 3660 705 amplius.
3694 654 3721 680 »

2228 736 2305 788 Ac
2333 750 2405 787 ne
2436 734 2507 787 ab
2528 731 2810 804 aliquibus
2831 731 3188 786 existimetur
3205 733 3333 784 ante
3353 727 3729 798 baptismum,
3756 725 3800 778 si

2160 832 2302 886 forte
2328 831 2453 902 quis
2479 830 2698 901 accepit
2714 845 2974 898 uxorem,
3003 833 3056 882 et
3079 846 3146 883 ea
3168 827 3236 882 de
3265 826 3472 880 saeculo
3495 825 3801 879 recedente

2158 926 2392 979 alteram
2408 924 2650 991 duxerit,
2664 927 2720 977 et
2737 923 2944 978 dixerit
2959 923 3017 976 in
3032 921 3314 992 baptismo
3327 936 3448 975 esse
3469 917 3774 972 dimissum
3785 961 3798 984 ,

2159 1018 2290 1072 satis
2311 1023 2516 1072 errata
2544 1017 2762 1088 regula,
2791 1016 2927 1088 quia
2946 1016 3006 1069 in
3032 1015 3318 1085 baptismo
3348 1016 3576 1084 peccata
3598 1011 3798 1065 dimit-

2163 1115 2380 1178 tuntur,
2411 1127 2529 1165 non
2555 1113 2916 1180 acceptarum
2941 1125 3187 1163 uxorum
3214 1123 3486 1162 numerus
3515 1105 3801 1171 aboletur,

2161 1220 2292 1259 curn
2322 1205 2520 1275 utique
2547 1220 2688 1258 uxor
2713 1220 2780 1258 ex
2810 1203 2953 1274 legis
2981 1205 3267 1274 praecepto
3300 1201 3559 1266 ducatur,
3591 1199 3648 1252 in
3681 1202 3805 1251 tan-

2164 1302 2287 1351 tum
2314 1297 2466 1352 utin
2513 1297 2776 1368 paradiso
2819 1313 2950 1351 cum
2996 1298 3258 1366 parentes
3295 1293 3536 1348 humani
3573 1291 3808 1364 generis

2157 1396 2565 1467 jungerentur,
2599 1395 2670 1448 ab
2688 1395 2809 1465 ipso
2837 1394 3079 1449 Domino
3107 1393 3221 1448 sint
3237 1391 3540 1459 benedicti,
3570 1393 3628 1444 et
3655 1390 3808 1445 Salo-

2165 1507 2301 1543 mon
2325 1489 2512 1544 dicat:
2552 1508 2578 1539 «
2607 1491 2653 1541 A
2682 1489 2792 1543 Deo
2825 1488 3245 1559 praeparabitur
3283 1487 3401 1541 viro
3433 1502 3577 1539 uxor
3623 1485 3808 1542 (Pror.

2167 1600 2282 1651 XIX,
2309 1585 2388 1651 14)
2402 1602 2449 1637 .n
2466 1584 2648 1647 Quam
2673 1583 2921 1636 formam
2943 1581 3116 1636 etiam
3138 1580 3454 1636 sacerdotes
3474 1595 3678 1634 omnes
3697 1594 3812 1632 ser-

2167 1694 2298 1731 vare
2329 1694 2461 1730 usus
2487 1676 2608 1746 ipse
2647 1677 2999 1730 demonstrat
3030 1675 3311 1730 Ecclesia.
3342 1674 3488 1730 Satis
3513 1671 3674 1726 enim
3707 1671 3807 1725 ab-

2168 1771 2402 1825 surdum
2424 1773 2507 1824 est
2525 1769 2771 1841 aliquem
2791 1769 3025 1823 credere
3046 1785 3282 1823 uxorem
3306 1771 3436 1822 ante
3457 1766 3811 1838 baptismum

438 1876 556 1913 non
602 1857 888 1911 timentes.
914 1857 1060 1924 Ergo
1091 1870 1162 1908 ne
1192 1853 1414 1908 silentio
1461 1856 1652 1907 nostro
1679 1853 2069 1908 existimemur
2088 1837 2144 1910 Β
2169 1868 2456 1934 acceptam
2497 1837 3002 1933 post—baptismum
3034 1879 3147 1916 non
3181 1861 3514 1932 computari,
3534 1837 3680 1913 deum
3710 1858 3810 1911 bc-

439 1953 528 2006 his
557 1951 806 2022 prmbere
844 1963 1207 2014 consensum,
1257 1948 1499 2001 Domino
1546 1946 1768 2002 dicente
1800 1964 1904 2017 per
1932 1963 2064 2017 pro-

441 2047 712 2118 phetam;
774 2043 1055 2096 «videbas
1094 2041 1284 2095 furem
1325 2045 1380 2095 et
1432 2041 1700 2094 currebas
1743 2057 1874 2094 cum
1921 2057 2006 2107 eo,
2035 2062 2063 2088 »

443 2140 608 2204 (Psal.
641 2155 781 2206 xmx,
818 2140 900 2207 18)
930 2137 1050 2189 haec
1080 2138 1214 2189 sunt
1240 2151 1368 2205 qua
1391 2135 1864 2205 deincepsintuiti
1896 2133 2069 2188 divini

433 2232 652 2302 judicii,
694 2247 923 2285 omnem
965 2228 1308 2283 catholicum
1348 2229 1680 2300 episc0pum
1719 2227 1949 2298 expedit
1973 2244 2066 2281 cu-

444 2326 674 2382 stodire.

516 2421 643 2474 CAP.
672 2422 713 2473 Ι.
761 2418 1035 2486 Primum,
1061 2420 1126 2470 ut
1153 2419 1311 2470 extra
1341 2415 1746 2470 conscientiam
1774 2417 2069 2486 metropo-

443 2514 606 2569 litani
627 2512 879 2583 episcopi
897 2511 1087 2566 nullus
1105 2509 1316 2564 audeat
1333 2508 1596 2564 ordinare
1612 2509 1959 2580 episc0pum.
1979 2510 2068 2564 ln-

443 2615 670 2679 tegrum
695 2606 848 2661 enim
875 2610 959 2659 est
970 2603 1253 2674 judicium
1275 2603 1426 2673 quod
1443 2603 1818 2674 plurimorum
1838 2606 2069 2656 senten-

444 2703 536 2756 tiis
562 2701 944 2768 conﬁrmatur,
967 2715 1072 2752 nec
1090 2715 1238 2752 unus
1257 2697 1556 2768 episcopus
1573 2696 1833 2752 ordinare
1853 2713 2070 2768 prmsu-

447 2801 566 2851 mat
591 2795 938 2865 episcopum,
975 2809 1048 2845 ne
1083 2792 1355 2845 furtivum
1390 2791 1710 2861 praestitum
1735 2790 2074 2844 beneﬁcium

445 2889 724 2957 videatur,
771 2889 876 2941 hoc
930 2886 1085 2939 enim
1136 2888 1194 2938 et
1231 2884 1476 2954 synodus
1517 2883 1742 2938 Nicaena
1786 2882 2077 2937 constituit

449 2989 618 3053 atque
650 2979 920 3034 deﬁnivit.

524 3077 587 3130 ll.
616 3072 915 3128 Constituit
944 3071 1112 3126 etiam
1145 3075 1316 3141 atque
1347 3071 1603 3125 deﬁnivit
1634 3088 1647 3125 :
1697 3070 1755 3126 Si
1787 3071 1912 3142 quis
1951 3074 2078 3142 post

452 3167 849 3224 remissionem
875 3170 1235 3237 peccatorum
1249 3165 1545 3235 cingulum
1564 3165 1782 3219 militiae
1800 3165 2079 3220 saecularis

451 3263 734 3332 habuerit,
769 3260 843 3314 ad
873 3260 1200 3314 clericatum
1237 3258 1460 3312 admitti
1479 3259 1710 3313 omnino
1747 3275 1864 3313 non
1891 3260 2076 3314 debet.

528 3361 614 3414 ΙΙΙ.
659 3356 714 3411 Si
755 3371 882 3427 quae
922 3358 1116 3408 autem
1147 3369 1327 3407 causae
1375 3353 1459 3407 vel
1499 3354 1890 3408 contentiones
1929 3354 2081 3408 inter

449 3451 680 3508 clericos
700 3450 789 3504 vel
814 3449 960 3503 inter
985 3448 1152 3501 laicos
1172 3451 1291 3501 tam
1319 3447 1626 3519 superioris
1649 3448 1875 3518 gradus,
1905 3463 2078 3518 quam

452 3547 625 3602 etiam
653 3542 936 3598 inferioris
960 3542 1175 3596 fuerint
1201 3547 1431 3608 exortae,
1452 3541 1670 3613 placuit
1687 3547 1751 3596 ut
1765 3543 2080 3596 secundum

454 3641 730 3713 synodum
779 3637 1065 3692 Nicwnam
1110 3635 1468 3707 congregatis
1522 3635 1786 3690 omnibus
1827 3636 2080 3706 ejusdem

451 3734 760 3809 provinciae
791 3731 1070 3803 episcopis
1094 3730 1377 3800 judicium
1404 3730 1767 3798 terminetur,
1798 3746 1902 3784 nec
1916 3729 2082 3783 alicui

451 3832 638 3896 liceat,
670 3827 793 3882 sine
811 3824 1148 3896 praejudicio
1177 3827 1368 3877 tamen
1396 3824 1666 3877 Romanae
1687 3822 1968 3892 Ecclesiae,
1993 3823 2084 3877 cui

455 3926 518 3980 in
542 3921 806 3977 omnibus
837 3918 1039 3986 causis,
1074 3916 1315 3970 debetur
1340 3918 1654 3971 reverentia
1680 3916 1970 3987 custodiri,
1994 3933 2081 3972 re-

457 4017 604 4072 lictis
639 4013 729 4067 his
775 4009 1163 4065 sacerdotibus
1206 4009 1304 4080 qui
1333 4010 1392 4063 in
1429 4010 1629 4065 eadem
1671 4010 1959 4082 provincia
1989 4011 2084 4064 Dei

457 4107 726 4168 Ecclesias
754 4109 898 4159 nutu
924 4104 1112 4158 divino
1135 4103 1475 4174 gubernant,
1518 4104 1591 4158 ad
1622 4105 1757 4159 alias
1789 4105 2085 4159 convolare

458 4201 797 4277 provincias,
815 4202 912 4253 aut
929 4198 1169 4252 aliarum
1187 4197 1606 4268 provinciarum
1624 4199 1782 4270 prius
1803 4199 2086 4270 episcopo-

458 4315 588 4354 rum
609 4295 887 4368 judicium
909 4292 1170 4364 experiri.
1193 4291 1354 4355 Quod
1378 4292 1424 4345 si
1450 4293 1575 4364 quis
1605 4293 1749 4348 forte
1779 4310 2088 4365 prmsump-

461 4391 616 4460 serit,
645 4390 714 4443 ab
743 4387 928 4443 ofﬁcio
957 4387 1092 4440 cleri
1113 4385 1407 4440 submotus
1430 4389 1488 4440 et
1506 4386 1846 4457 injuriarum
1868 4405 1996 4443 reus
2015 4389 2086 4442 ab

459 4485 725 4541 omnibus
749 4481 1052 4554 judicetur.
1083 4479 1136 4535 Si
1170 4485 1359 4534 autem
1391 4481 1629 4551 majores
1658 4498 1841 4536 causas
1872 4482 1933 4536 in
1961 4499 2085 4537 me-

2162 1956 2412 2012 nedictio
2442 1972 2569 2026 quas
2601 1972 2704 2026 per
2730 1956 3081 2010 sacerdotem
3113 1971 3285 2025 super
3307 1954 3589 2008 nubentes
3617 1951 3810 2022 impo-

2165 2051 2344 2118 nitur,
2377 2066 2496 2104 non
2525 2049 2828 2103 materiam
2873 2047 3244 2120 delinquendi
3286 2045 3528 2113 dedisse,
3572 2045 3677 2099 sed
3701 2045 3817 2099 for-

2169 2159 2322 2197 mam
2365 2142 2610 2198 tenuisse
2656 2143 2801 2212 legis
2833 2159 2866 2196 a
2893 2143 3011 2196 Deo
3053 2141 3366 2213 antiquitus
3401 2140 3676 2193 institutae
3709 2139 3810 2192 do-

2171 2242 2386 2291 ceatur.
2421 2235 2587 2300 Quod
2615 2235 2658 2288 si
2700 2251 2812 2290 non
2844 2240 3075 2306 putatur
3103 2251 3248 2290 uxor
3278 2250 3396 2288 esse
3423 2231 3817 2303 computanda

2173 2347 2302 2400 quas
2343 2333 2476 2384 ante
2521 2329 2871 2399 baptismum
2911 2329 3079 2383 ducta
3125 2333 3228 2396 est,
3278 2344 3414 2399 ergo
3439 2343 3547 2382 nec
3581 2326 3686 2380 ﬁlii
3717 2325 3816 2396 qui

2173 2429 2303 2478 ante
2321 2423 2670 2494 baptismum
2693 2421 2868 2493 geniti
2898 2425 3027 2475 sunt
3055 2438 3158 2492 pro
3190 2421 3299 2474 ﬁlis
3325 2421 3632 2475 habentur.

2247 2515 2438 2588 172
2473 2517 2580 2570 Vll.
2630 2517 2697 2570 Ut
2742 2516 2811 2570 de
2852 2515 3039 2569 aliena
3075 2514 3323 2570 Ecclesia
3351 2513 3620 2569 clericum
3652 2513 3812 2568 ordi-

2175 2627 2334 2678 nare,
2376 2617 2473 2664 aut
2491 2609 2752 2680 judicare
2781 2610 2968 2662 nullus
2999 2613 3256 2680 usurpet,
3289 2607 3397 2662 nisi
3430 2608 3554 2678 ejus
3591 2608 3810 2678 episco-

2172 2721 2279 2776 pus
2342 2703 2610 2775 precibus
2668 2706 2929 2757 exoratus
2996 2702 3304 2757 concedere
3360 2701 3603 2756 voluerit
3661 2701 3818 2771 quod

2175 2798 2348 2853 etiam
2379 2797 2607 2851 Nicaena
2631 2796 2852 2850 videtur
2877 2796 3128 2868 synodus
3144 2795 3454 2850 continere.
3488 2795 3758 2864 Abjectus
3786 2812 3817 2848 a

2175 2909 2280 2946 sua
2311 2891 2561 2946 Ecclesia
2586 2889 2844 2956 clericus,
2876 2890 2945 2944 ab
2972 2891 3151 2944 altera
3181 2906 3297 2944 non
3328 2888 3670 2960 suscipiatur
3708 2889 3815 2942 Ec-

2177 2987 2365 3040 clesia.

2249 3081 2378 3135 Vlll.
2401 3079 2472 3133 Ut
2491 3078 2784 3133 venientes
2803 3093 2835 3131 a
2863 3076 3182 3131 Novatianis
3200 3077 3284 3130 vel
3307 3075 3694 3130 Montensibus
3715 3092 3821 3147 per

2099 3191 2383 3282 Cmanus
2432 3176 2654 3226 tantum
2713 3170 3134 3241 impositionem
3195 3170 3610 3241 suscipiantur,
3686 3170 3820 3240 quia

2181 3267 2439 3340 quamvis
2453 3266 2522 3320 ab
2545 3264 2847 3334 haereticis,
2881 3270 3074 3318 tamen
3104 3264 3163 3318 in
3191 3263 3399 3319 Christi
3424 3263 3659 3318 nomine
3686 3267 3822 3317 sunt

2181 3360 2470 3432 baptizati,
2500 3363 2714 3431 praeter
2741 3375 2836 3412 eos
2864 3359 2961 3429 qui
2993 3359 3136 3412 forte
3162 3357 3373 3412 anobis
3402 3358 3473 3412 ad
3499 3357 3622 3412 illos
3643 3362 3824 3412 trans-

2181 3460 2376 3510 euntes
2401 3453 2735 3525 rebaptizati
2779 3457 2928 3507 sunt.
2977 3451 3063 3520 Hi,
3106 3451 3153 3505 si
3179 3451 3571 3523 resipiscentes
3613 3455 3672 3505 et
3695 3452 3816 3505 rui-

2184 3566 2315 3603 nam
2348 3565 2512 3602 suam
2550 3547 2866 3617 cogitantes
2911 3546 3100 3600 redire
3143 3545 3466 3612 maluerint,
3506 3544 3610 3599 sub
3645 3545 3820 3616 longa

2183 3642 2532 3715 poenitentiae
2559 3640 2940 3695 satisfactione
2968 3638 3307 3694 admittendi
3339 3642 3490 3693 sunt.

2253 3739 2337 3792 IX.
2358 3738 2636 3791 Praeterea
2654 3735 2804 3806 quod
2825 3734 3063 3805 dignum
3083 3738 3138 3788 et
3155 3733 3426 3804 pudicum
3443 3733 3816 3788 ethonestum

2186 3835 2271 3886 est
2298 3836 2494 3885 tenere
2537 3828 2782 3884 Ecclesia
2817 3828 3050 3882 omnino
3076 3827 3264 3897 debet,
3310 3831 3371 3881 ut
3411 3826 3734 3882 sacerdotes
3767 3831 3822 3880 et

2184 3925 2364 3979 levitae
2395 3940 2524 3976 cum
2559 3922 2830 3976 uxoribus
2855 3938 2971 3976 non
3003 3920 3365 3987 misceantur,
3400 3919 3534 3991 quia
3561 3920 3820 3974 ministe-

2186 4019 2250 4072 rii
2308 4015 2625 4088 quotidiani
2658 4013 3086 4070 necessitatibus
3129 4019 3500 4086 occupantur,
3546 4013 3824 4085 scriptum

2186 4119 2270 4166 est
2283 4112 2462 4165 enim:
2493 4132 2520 4158 «
2541 4109 2725 4165 Sancti
2740 4112 2940 4177 estote,
2955 4108 3230 4180 quoniam
3243 4111 3300 4163 et
3311 4124 3419 4180 ego
3433 4123 3561 4162 sum
3573 4114 3821 4173 sanctus,

2186 4205 2454 4262 Dominus
2487 4205 2627 4258 Deus
2661 4208 2844 4258 vester
2879 4205 3021 4274 (Leu.
3055 4219 3131 4270 x1,
3162 4203 3268 4272 44).
3306 4221 3333 4254 ››
3402 4201 3596 4256 Namsi
3624 4201 3824 4272 priscis

2187 4299 2537 4371 temporibus
2569 4299 2637 4352 de
2663 4298 2876 4368 templo
2907 4297 3002 4351 Dei
3036 4296 3355 4351 sacerdotes
3375 4311 3528 4349 anno
3548 4295 3687 4349 vicis
3707 4311 3824 4349 suae

2186 4412 2302 4449 non
2351 4392 2738 4458 discedebant,
2783 4392 2927 4446 sicut
2978 4389 3048 4445 de
3095 4389 3361 4444 Zacharia
3411 4389 3677 4460 legimus,
3721 4406 3827 4443 nec

2190 4489 2426 4543 domum
2459 4503 2618 4541 suam
2644 4485 2878 4540 omnino
2906 4484 3233 4556 tangebant,
3256 4483 3463 4554 quibus
3482 4482 3681 4554 utique
3698 4500 3826 4555 pro-

461 4581 620 4635 dium
648 4577 862 4632 fuerint
887 4575 1186 4641 devolutae,
1215 4574 1286 4627 ad
1309 4574 1504 4628 sedem
1525 4576 1917 4646 apostolicam,
1945 4577 2089 4630 sicut
2107 4585 2166 4656 D
2190 4583 2318 4654 pter
2345 4581 2548 4636 sobolis
2579 4579 2993 4634 successionem
3020 4577 3214 4632 uxoris
3233 4593 3370 4631 usus
3392 4578 3580 4631 fuerat
3605 4577 3827 4631 relaxa‘

461 4672 712 4746 synodus
729 4670 942 4738 statuit,
975 4672 1032 4722 et
1047 4669 1211 4723 beata
1231 4669 1586 4723 consuetudo
1605 4670 1782 4741 exigit
1806 4675 1934 4741 post
1945 4669 2090 4739 judi-

460 4768 614 4824 cium
645 4763 961 4837 episeopale
994 4762 1331 4817 referantur.

535 4865 621 4917 lV.
653 4862 724 4914 Ut
751 4858 1053 4912 mulierem
1079 4856 1306 4910 viduam
1337 4857 1572 4911 clericus
1602 4873 1715 4910 non
1754 4856 1923 4910 ducat
1948 4873 2088 4910 uxo-

464 4974 607 5024 rem,
639 4955 772 5025 quia
800 4953 1071 5022 scriptum
1116 4955 1230 5004 est:
1274 4970 1301 5002 «
1335 4951 1608 5006 Sacerdos
1647 4966 1884 5004 uxorem
1916 4949 2090 5019 virgi-

466 5068 598 5108 nem
624 5047 882 5119 accipiat,
905 5061 1019 5099 non
1037 5044 1282 5112 viduam,
1307 5061 1421 5097 non
1447 5044 1688 5114 ejectam
1711 5043 1916 5110 (Ezech.
1947 5059 2088 5112 XLIV,

466 5149 577 5216 22),
610 5163 636 5195 »
661 5143 856 5213 utique
887 5139 986 5211 qui
1015 5139 1082 5193 ad
1123 5138 1500 5192 sacerdotium
1530 5138 1723 5192 labore
1752 5153 1853 5190 suo
1885 5140 1940 5190 et
1967 5137 2093 5191 vitae

466 5239 744 5312 probitate
771 5234 1078 5302 contendit,
1110 5249 1308 5288 cavere
1330 5232 1519 5299 debet,
1547 5247 1616 5284 ne
1637 5231 1740 5284 hoc
1761 5229 2092 5300 praejudicio

466 5331 780 5404 impeditus
811 5328 1107 5400 pervenire
1133 5343 1249 5381 non
1283 5325 1479 5396 possit.

538 5429 601 5480 V.
647 5427 716 5479 Ut
747 5425 792 5478 si
822 5423 946 5495 quis
979 5422 1207 5476 viduam
1234 5419 1365 5473 licet
1400 5418 1578 5471 laicus
1609 5417 1831 5470 duxerit
1855 5433 2092 5472 uxorem

469 5539 564 5577 seu
588 5524 718 5574 ante
733 5517 1104 5589 baptismum,
1123 5530 1222 5566 seu
1237 5517 1361 5582 post
1379 5510 1728 5580 baptismum
1742 5553 1754 5576 ,
1774 5527 1886 5565 non
1897 5510 2095 5565 admit-

467 5622 622 5670 tatur
650 5613 724 5667 ad
750 5614 983 5676 clerum,
1013 5607 1146 5678 quia
1178 5605 1381 5659 eodem
1409 5603 1632 5657 videtur
1660 5604 1788 5659 vitio
1818 5606 2091 5674 exclusus,

468 5709 526 5763 in
552 5706 832 5777 baptismo
855 5703 1009 5757 enim
1037 5699 1275 5754 crimina
1298 5697 1685 5768 remittuntur,
1711 5715 1825 5753 non
1850 5705 2095 5770 acceplae

470 5800 663 5855 uxoris
687 5796 1035 5853 consortium
1065 5792 1370 5847 relaxatur.

543 5898 633 5952 Vl.
663 5898 739 5950 Ne
774 5896 820 5948 is
857 5893 956 5965 qui
988 5890 1296 5946 secundam
1341 5891 1564 5946 duxerit
1594 5908 1834 5947 uxorem
1864 5890 2097 5944 clericus

2189 4681 2298 4746 tus,
2323 4675 2454 4747 quia
2477 4693 2542 4729 ex
2565 4675 2678 4728 alia
2697 4674 2871 4744 tribu,
2904 4678 2961 4727 et
2979 4677 3189 4744 praeter
3209 4688 3277 4726 ex
3301 4671 3518 4725 semine
3545 4673 3734 4725 Aaron
3755 4671 3826 4725 ad

2193 4769 2566 4823 sacerdotium
2631 4768 2820 4821 nullus
2892 4767 3079 4820 fuerat
3150 4768 3466 4836 praeceptus
3530 4765 3823 4832 accedere,

2191 4867 2406 4934 quanto
2432 4862 2615 4932 magis
2640 4861 2699 4916 hi
2728 4860 3046 4916 sacerdotes
3071 4859 3161 4913 vel
3180 4859 3362 4913 levita:
3391 4855 3724 4929 pudicitiam
3755 4873 3824 4912 ex

2193 4956 2282 5010 die
2322 4955 2696 5010 ordinationis
2747 4971 2862 5008 suae
2906 4969 3129 5007 servare
3175 4952 3442 5020 debeant,
3485 4951 3691 5021 quibus
3737 4951 3826 5004 vel

2192 5049 2588 5118 sacerdotium,
2618 5048 2705 5102 vel
2733 5046 3114 5102 ministerium
3145 5045 3266 5100 sine
3292 5044 3644 5099 successione
3677 5050 3763 5098 est
3799 5045 3825 5098 ?

2193 5145 2305 5198 Nec
2337 5143 2588 5214 praeterit
2613 5142 2730 5197 dies
2761 5158 2874 5212 qua
2899 5142 2982 5194 vel
3022 5158 3053 5193 a
3092 5138 3374 5194 sacriﬁciis
3409 5137 3635 5203 divinis,
3673 5139 3758 5192 vel
3795 5155 3828 5191 a

2193 5237 2548 5309 baptismatis
2579 5236 2765 5290 ofﬁcio
2793 5238 3014 5289 vacent.
3042 5235 3184 5288 Nam
3229 5233 3276 5286 si
3313 5233 3512 5287 beatus
3538 5232 3828 5301 apostolus

2194 5331 2396 5385 Paulus
2425 5330 2496 5385 ad
2533 5328 2854 5385 Corinthios
2903 5328 3139 5399 scripsit,
3189 5326 3382 5381 dicens
3412 5343 3425 5379 :
3477 5347 3503 5373 ‹‹
3534 5325 3828 5381 Abstinete

2197 5442 2290 5478 vos
2321 5425 2390 5479 ad
2434 5427 2656 5494 tempus
2693 5428 2756 5477 ut
2794 5423 3001 5476 vacetis
3045 5420 3285 5475 orationi
3326 5421 3368 5486 (1
3395 5422 3514 5476 Cor.
3551 5435 3647 5487 vn,
3692 5420 3766 5488 5),
3801 5439 3826 5470 ι)

2195 5523 2251 5572 et
2278 5519 2382 5572 hoc
2422 5519 2617 5589 utique
2645 5517 2803 5572 laicis
2832 5515 3122 5588 pracepit,
3147 5515 3327 5568 multo
3349 5513 3534 5582 magis
3561 5513 3827 5567 sacerdo-

2197 5612 2278 5662 tes
2310 5607 2513 5676 quibus
2540 5611 2596 5660 et
2611 5606 2830 5674 orandi,
2855 5610 2910 5659 et
2931 5603 3286 5658 sacriﬁcandi
3307 5603 3448 5672 juge
3475 5601 3728 5655 ofﬁcium
3747 5607 3830 5656 est

2197 5717 2424 5772 semper
2445 5699 2734 5754 debebunt
2759 5699 2829 5752 ab
2852 5697 3180 5768 hujusmodi
3207 5695 3489 5750 consortio
3521 5695 3826 5750 abstinere.

2197 5794 2360 5858 Quod
2393 5793 2441 5848 si
2479 5793 2895 5847 contaminatus
2919 5791 3090 5846 fuerit
3117 5809 3148 5844 a
3179 5789 3390 5844 carnali
3419 5789 3823 5860 concupiscenc

2195 5888 2296 5958 tia,
2323 5904 2436 5959 quo
2465 5887 2681 5959 pudore
2712 5886 3024 5941 sacriﬁcare
3059 5884 3369 5958 usurpabit,
3406 5887 3502 5938 aut
3537 5899 3650 5956 qua
3688 5900 3824 5940 con-
