4034 6310
160 309 256 361 701

1418 300 1889 362 DECRETALIUM
1929 300 2315 363 COLIJECTIO.

3443 310 3544 368 70:2

162 412 424 483 scientia,
466 429 647 484 quove
707 413 909 468 merito
962 412 1217 469 exaudiri
1276 429 1335 468 se
1387 414 1607 469 credit?
1664 415 1806 469 Cum
1827 421 2189 500 Acesserant
2226 415 2370 471 dixit
2402 434 2429 468 ί(
2460 432 2552 471 eas
2582 415 2795 470 habere
2840 416 3379 472 condemnationem
3415 421 3549 489 quia

159 507 380 561 dictum
403 507 475 561 sit
500 526 513 561 :
538 508 790 561 «Omnia
808 507 1018 562 munda
1038 507 1289 577 mundis,
1315 508 1692 579 coinquinatis
1709 526 1803 562 au-

160 602 280 653 tem
314 602 374 652 et
419 599 738 654 inﬁdelibus
768 600 911 654 nihil
953 600 1235 655 mundum
1266 602 1391 668 (Tit.
1425 617 1462 669 Ι,
1505 602 1605 671 15).
1637 621 1664 649 ››
1698 601 1803 655 Sed

159 692 311 746 forte
353 693 528 746 licere
563 693 672 748 hoc
699 693 895 761 credit,
935 693 1071 765 quia
1112 693 1387 765 scriptum
1419 697 1539 748 est:
1571 715 1597 743 «
1628 694 1803 748 Unius

159 786 355 839 uxoris
400 787 607 853 virum,
642 806 668 837 »
699 804 816 841 non
855 787 1224 859 permanenti
1252 787 1310 841 in
1349 787 1805 858 concupiscentia

160 880 479 950 generandi
517 880 677 948 dixit,
713 880 808 935 sed
829 884 1066 951 propter
1083 881 1336 935 futuram
1365 880 1801 935 continentiam.

158 973 358 1044 Neque
373 973 527 1027 enim
543 973 793 1043 integros
805 990 1041 1044 corpore
1055 989 1170 1028 non
1186 973 1541 1044 admisit,qui
1551 973 1806 1028 ait:«Vel-

161 1065 280 1119 lem
329 1070 525 1119 autem
571 1083 771 1120 omnes
818 1083 937 1120 esse
1001 1066 1142 1119 sicut
1184 1069 1243 1120 et
1286 1082 1392 1138 ego
1446 1067 1491 1137 (Ι
1540 1069 1658 1123 Cor.
1707 1083 1802 1133 vn,

166 1158 309 1227 17).»
339 1158 504 1222 Quod
530 1159 780 1230 apertius
797 1159 1061 1225 declarat,
1085 1158 1280 1213 dicens
1305 1176 1317 1213 :
1348 1181 1374 1208 ‹‹
1396 1159 1708 1223 Quiautem
1745 1159 1803 1212 in

161 1266 337 1304 carne
380 1257 532 1321 sunt,
569 1253 679 1305 Deo
716 1253 939 1322 placere
985 1268 1102 1305 non
1144 1255 1417 1323 possunt;
1462 1268 1559 1305 vos
1612 1257 1805 1307 autem

160 1344 221 1398 in
249 1358 423 1400 carne
452 1361 568 1399 non
594 1346 746 1412 estis,
784 1345 883 1399 sed
910 1344 969 1398 in
999 1344 1203 1416 spiritu
1234 1346 1402 1416 (Rom.
1437 1362 1551 1413 vni,
1582 1349 1634 1413 8,
1668 1347 1740 1417 9).
1773 1366 1800 1394 »

234 1439 294 1491 X.
329 1439 405 1491 De
433 1439 725 1493 monachis
751 1438 848 1509 qui
880 1438 977 1492 diu
1006 1444 1297 1493 morantes
1337 1439 1396 1492 in
1424 1438 1802 1507 monasteriis,

162 1531 209 1585 si
226 1537 428 1602 postea
453 1532 523 1585 ad
555 1531 848 1586 clericatus
870 1532 1135 1586 ordinem
1163 1533 1549 1604 pervenerint,
1571 1549 1689 1587 non
1709 1533 1804 1587 de-

161 1625 300 1679 bere
327 1641 421 1679 eos
450 1642 482 1679 a
512 1625 697 1696 priore
726 1625 1018 1697 proposito
1055 1626 1299 1680 deviare.
1328 1628 1439 1681 Aut
1464 1626 1640 1696 enim,
1664 1626 1809 1680 sicut

161 1717 221 1771 in
254 1719 600 1773 monasterio
629 1719 753 1788 fuit,
784 1724 840 1774 et
870 1719 1023 1789 quod
1053 1719 1151 1773 diu
1195 1720 1456 1788 servavit,
1496 1721 1553 1773 in
1581 1719 1807 1774 meliori

1902 510 2153 583 primam
2190 510 2362 565 fidem
2406 509 2624 565 irritam
2669 510 2927 565 fecerunt
2970 511 3013 580 (1
3057 513 3192 565 Tim.
3243 528 3296 580 v,
3355 515 3460 581 12),
3519 536 3545 561 ››

1904 609 2116 675 quanto
2146 604 2335 674 potius
2377 603 2625 674 virgines
2653 620 2779 673 quae
2808 602 3012 674 prioris
3050 603 3442 674 promissionis
3480 605 3550 659 ﬁ-

1904 698 2032 752 dem
2051 697 2290 750 minime
2312 697 2707 751 servaverunt!
2731 698 2857 751 Haec
2898 696 3087 768 itaque
3122 698 3343 767 regula,
3376 698 3553 753 frater

1905 791 2257 858 charissime,
2310 790 2357 843 si
2407 790 2583 861 plena
2626 790 2914 861 vigilantia
2958 791 3129 844 fuerit
3170 791 3238 844 ab
3282 792 3550 846 omnibus

1904 884 2006 937 Dei
2040 883 2425 937 sacerdotibus
2451 883 2747 952 custodita,
2780 884 3018 937 cessabit
3049 884 3308 952 ambitio,
3334 884 3546 939 dissen-

1905 977 1986 1030 sio
2016 976 2397 1047 conquiescct,
2418 977 2662 1031 haereses
2689 981 2747 1030 et
2762 977 3068 1031 schismata
3092 994 3207 1031 non
3226 981 3542 1048 emergent,

1904 1071 2089 1124 locum
2140 1087 2252 1124 non
2284 1069 2520 1140 accipiet
2551 1069 2804 1124 diabolus
2845 1071 3132 1139 saeviendi,
3168 1072 3265 1125 sed
3294 1071 3550 1126 manebit

1905 1162 2271 1229 unanimitas,
2330 1162 2597 1234 iniquitas
2643 1169 2909 1235 superata
2957 1164 3283 1231 calcabitur,
3343 1164 3549 1220 veritas

1906 1257 2183 1328 spirituali
2208 1258 2427 1311 fervore
2454 1256 2739 1327 ﬂagrabit,
2771 1273 2881 1327 pax
2906 1257 3211 1327 przedicata
3229 1258 3388 1311 labiis
3410 1275 3544 1312 cum

1904 1352 2192 1405 voluntate
2239 1349 2416 1403 animi
2459 1349 2850 1419 concordabit,
2917 1349 3246 1421 implebitur
3298 1351 3547 1406 edictum

1907 1443 2164 1514 apostoli,
2202 1463 2227 1495 «
2256 1447 2318 1496 ut
2346 1443 2646 1496 unanimes
2673 1459 2850 1496 unum
2884 1443 3191 1497 sentientes
3216 1460 3548 1514 permanea-

1906 1553 2035 1591 mus
2063 1536 2120 1590 in
2147 1536 2389 1603 Christo,
2411 1536 2553 1589 nihil
2574 1553 2677 1607 per
2695 1537 3123 1591 contentionem
3156 1537 3337 1606 nobis,
3362 1555 3547 1609 neque

1905 1648 2010 1702 per
2062 1631 2295 1684 inanem
2344 1629 2589 1700 gloriam
2628 1630 2980 1685 vindicantes
3037 1632 3198 1701 (Phil.
3253 1647 3311 1698 n,
3357 1634 3487 1703 2-3),
3520 1652 3545 1680 ››

1902 1740 2022 1778 non
2044 1724 2391 1790 hominibus,
2422 1722 2524 1777 sed
2542 1724 2658 1778 Deo
2688 1726 2882 1777 nostro
2922 1724 3198 1778 Salvatori
3242 1724 3548 1795 placentes,

164 1812 352 1882 gradu
382 1812 596 1883 positus
621 1812 878 1868 amittere
899 1830 1017 1867 non
1047 1813 1250 1879 debet;
1280 1818 1378 1867 aut
1403 1813 1449 1866 si
1484 1804 1883 1885 corruptus,B
1910 1840 1937 1867 ‹‹
1988 1818 2077 1871 cui
2131 1822 2215 1872 est
2260 1818 2452 1871 honor
2506 1821 2563 1871 et
2607 1816 2788 1888 gloria
2834 1817 2892 1870 in
2944 1818 3149 1871 saecula
3193 1818 3548 1872 saeculorum.

163 1910 367 1977 postea
385 1906 722 1977 baptizatur,
745 1912 801 1961 et
828 1906 887 1960 in
920 1908 1267 1960 monasterio
1298 1908 1524 1974 sedens,
1558 1907 1629 1960 ad
1651 1908 1810 1961 cleri-

164 2003 330 2053 catus
367 1999 629 2054 ordinem
674 2000 943 2055 accedere
983 2000 1242 2068 voluerit,
1293 2017 1532 2055 uxorem
1571 2001 1808 2055 omnino

163 2093 379 2147 habere
422 2109 539 2146 non
570 2094 797 2164 poterit,
839 2092 974 2164 quia
1008 2110 1111 2147 nec
1142 2094 1402 2149 benedici
1445 2111 1575 2149 cum
1601 2111 1809 2165 sponsa

162 2191 354 2257 potest
375 2186 501 2256 jam
548 2191 682 2241 ante
721 2192 1044 2259 corruptus.
1072 2189 1207 2251 Quae
1253 2187 1437 2241 forma
1468 2192 1720 2242 servatur
1748 2187 1808 2242 in

165 2279 410 2334 clericis.
453 2279 686 2335 Maxime
715 2295 845 2334 cum
888 2285 1047 2334 vetus
1092 2280 1291 2351 regula
1335 2280 1441 2334 hoc
1486 2281 1715 2351 habeat,
1743 2285 1809 2335 ut

165 2374 427 2445 quisquis
454 2379 750 2445 corruptus
777 2373 1091 2445 baptizatus
1121 2374 1356 2428 clericus
1382 2391 1502 2430 esse
1516 2375 1805 2443 voluisset,

166 2468 451 2539 spondeat
474 2483 711 2522 uxorem
741 2467 979 2522 omnino
1007 2484 1119 2521 non
1149 2467 1375 2522 ducere.

238 2562 327 2616 XI.
358 2563 645 2616 Praeterea
687 2561 1016 2632 frequenter
1040 2562 1271 2632 quidam
1303 2578 1370 2616 ex
1399 2561 1663 2616 fratribus
1700 2578 1803 2615 no-

166 2654 297 2709 stris
328 2654 592 2722 curiales,
632 2655 721 2709 vel
759 2654 1104 2726 quibuslibet
1146 2655 1384 2726 publicis
1422 2655 1807 2710 functionibus

167 2754 475 2819 occupatos
505 2748 731 2803 clericos
758 2749 943 2802 facere
971 2749 1340 2818 contendunt,
1372 2750 1576 2819 quibus
1612 2754 1807 2820 postea

164 2841 352 2911 major
376 2840 608 2895 tristitia
639 2857 769 2896 cum
791 2841 861 2895 de
894 2841 1224 2897 revocandis
1256 2843 1337 2895 eis
1356 2841 1570 2913 aliquid
1593 2842 1663 2896 ab
1693 2842 1804 2896 im-

164 2941 431 3007 peratore
458 2935 785 3006 prmcipitur
822 2952 998 3007 quam
1025 2936 1207 3007 gratia
1235 2936 1484 2990 nascitur
1508 2937 1576 2989 de
1607 2935 1802 2991 ascito.

163 3030 398 3083 Constat
441 3028 595 3083 enim
635 3045 733 3082 eos
761 3029 820 3082 in
853 3028 988 3100 ipsis
1016 3029 1226 3083 muniis
1269 3030 1443 3084 etiam
1487 3031 1805 3100 voluptates

167 3122 466 3192 exhibere,
491 3139 630 3194 quas
659 3140 692 3177 a
717 3122 944 3178 diabolo
976 3123 1238 3177 inventas
1276 3139 1396 3178 esse
1427 3141 1538 3177 non
1569 3123 1804 3177 dubium

168 3220 274 3283 est,
299 3221 356 3271 et
376 3216 645 3270 ludorum
676 3216 762 3270 vel
782 3232 1089 3270 munerum
1118 3217 1506 3288 apparatibus,
1535 3220 1635 3269 aut
1658 3233 1803 3287 prae-

168 3326 312 3377 esse,
341 3312 442 3364 aut
475 3310 710 3364 forsitan
751 3311 1044 3365 interesse.
1073 3310 1157 3364 Sit
1186 3313 1339 3364 certe
1367 3310 1426 3363 in
1456 3310 1806 3381 exemplum,

168 3406 229 3458 et
256 3403 581 3458 sollicitudo
601 3407 658 3458 et
682 3404 910 3458 tristitia
935 3404 1178 3458 fratrum
1207 3420 1378 3475 quam
1411 3420 1560 3475 saepe
1583 3404 1813 3474 protuli-

166 3512 302 3549 mus
332 3494 680 3565 imperatore
701 3500 1001 3566 praesente,
1026 3512 1153 3550 cum
1172 3512 1273 3566 pro
1297 3495 1383 3548 his
1408 3496 1613 3565 saepius
1640 3511 1807 3565 roga-

166 3604 384 3655 remus,
417 3604 592 3659 quam
616 3588 738 3659 ipse
765 3588 1059 3644 nobiscum
1084 3588 1297 3660 positus
1323 3588 1655 3659 cognovisti.
1684 3587 1812 3651 Qui-

167 3683 276 3737 bus
303 3699 421 3737 non
437 3683 621 3737 solum
644 3682 944 3737 inferiores
965 3683 1152 3737 clerici
1173 3700 1241 3737 ex
1268 3682 1588 3748 curialibus,
1610 3698 1811 3736 verum

169 3776 349 3831 etiam
387 3776 447 3830 in
496 3777 810 3831 sacerdotio
855 3777 1149 3832 constituti
1188 3777 1392 3848 ingens
1441 3775 1701 3830 molestia
1750 3781 1812 3831 ut

169 3871 553 3925 redderentur
576 3870 847 3926 instabat.

242 3965 354 4020 ΧἩ.
396 3966 561 4032 Item,
597 3980 725 4036 qua:
750 3964 969 4019 Christo
1010 3964 1378 4036 spiritualiter
1416 3965 1660 4031 nubunt,
1699 3967 1756 4019 et
1779 3980 1812 4018 a

170 4059 465 4114 sacerdote
490 4059 767 4126 velantur,
799 4059 843 4112 si
874 4064 1072 4130 postea
1109 4059 1428 4130 nupserint,
1459 4059 1548 4112 vel
1585 4057 1809 4130 publice

169 4153 261 4207 vel
305 4153 522 4208 occulte
563 4156 842 4224 corruptae
885 4151 1116 4221 fuerint,
1152 4169 1267 4207 non
1303 4168 1397 4206 eas
1434 4151 1811 4206 admittendas

173 4264 297 4302 esse
318 4246 393 4301 ad
418 4247 698 4317 agendam
728 4246 1145 4318 paenitentiam,
1174 4246 1284 4299 nisi
1312 4246 1358 4300 is
1390 4245 1481 4299 cui
1521 4262 1579 4299 se
1602 4246 1808 4315 junxe-

172 4346 310 4397 rant
334 4342 405 4396 de
447 4341 555 4395 hac
580 4340 695 4395 vita
733 4341 1058 4395 decesserit.
1104 4340 1159 4395 Si
1186 4341 1341 4394 enim
1369 4340 1436 4394 de
1483 4339 1812 4393 hominibus

173 4436 303 4491 haec
328 4436 477 4490 ratio
516 4435 848 4503 custoditur,
882 4456 909 4484 ‹‹
943 4439 1004 4489 ut
1043 4450 1396 4506 qumcunque
1436 4434 1655 4488 vivente
1693 4433 1811 4487 viro

1827 3171 1881 3245 C

1908 1913 2087 1965 Amen
2123 1912 2292 1982 (Rom.
2327 1927 2439 1979 xv1,
2485 1912 2594 1981 27).
2643 1933 2668 1959 ››
2721 1911 2927 1964 Datum
2969 1911 3071 1964 sub
3100 1911 3189 1965 die
3228 1928 3300 1965 xv
3344 1911 3547 1966 Kalen-
3585 1928 3589 1933 ·

1909 2005 2010 2059 das
2051 2005 2255 2071 Martii,
2300 2005 2564 2071 Honorio,
2623 2007 2879 2074 Augusto
2936 2008 2995 2057 et
3060 2004 3241 2059 Aristo
3302 2005 3549 2059 consuli-

1910 2099 2037 2152 bus.

1979 2217 2108 2269 Item
2137 2214 2367 2285 epistola
2405 2213 2649 2297 ejusdem.
2670 2214 2743 2266 ad
2780 2214 3114 2283 Emperium
3154 2214 3474 2269 Tolosanum

2562 2299 2885 2353 epzscopum.

1984 2384 2030 2433 1.
2064 2379 2142 2432 De
2166 2376 2494 2432 innocentia
2526 2377 2888 2431 sacerdotum
2920 2378 3005 2431 vel
3037 2378 3386 2434 levitarum..

1977 2476 2030 2526 '2.
2063 2472 2139 2526 De
2179 2471 2266 2525 his
2295 2470 2398 2542 qui
2420 2474 2548 2541 post
2584 2470 2928 2541 baptismum
2958 2471 3114 2525 omni
3155 2477 3417 2542 tempore
3458 2471 3543 2527 ins

1906 2565 2271 2621 continentia)
2284 2563 2666 2634 voluptatibus
2682 2568 2815 2618 sunt
2841 2564 3038 2633 dediti,
3060 2569 3115 2619 et
3135 2565 3192 2618 in
3212 2566 3414 2620 ultimo
3432 2584 3549 2637 poe—

1907 2658 2212 2715 nitentiam
2240 2662 2503 2729 poscunt.

1976 2752 2028 2803 3.
2077 2749 2154 2801 De
2201 2746 2755 2801 administratoribus
2805 2747 2890 2801 vel
2929 2746 3216 2817 judicibus
3266 2749 3548 2803 smeulari-

1906 2842 2030 2896 bus.

1977 2937 2028 2990 4.
2057 2935 2218 2997 Quod
2267 2934 2371 2988 viri
2399 2951 2529 2988 cum
2576 2933 2846 2988 adulteris
2873 2933 3141 2988 uxoribus
3179 2950 3296 2989 non
3341 2952 3545 2990 conve-

1908 3029 2091 3084 niant.

1981 3127 2031 3178 ὅ.
2063 3123 2222 3187 Quod
2242 3121 2339 3194 qui
2369 3137 2564 3193 preces
2592 3122 2673 3175 vel
2696 3118 2937 3174 crimina
2964 3121 3195 3189 dictant,
3227 3121 3552 3178 habeantur

1913 3217 2217 3271 immunes.

1984 3310 2200 3373 6.0uod
2222 3309 2280 3363 bi
2298 3309 2395 3380 qui
2426 3307 2814 3362 intercedente
2834 3308 3077 3378 repudio
3107 3308 3411 3364 divortium
3424 3326 3553 3381 per-

1910 3405 2185 3470 tulerunt,
2226 3403 2273 3456 si
2306 3419 2364 3456 se
2392 3401 2604 3473 nuptiis
2629 3401 2752 3455 aliis
2773 3402 3112 3471 junxerunt,
3155 3402 3396 3457 adulteri
3431 3419 3549 3458 esse

1911 3500 2320 3551 monstrantur.

1980 3595 2032 3644 7.
2055 3590 2162 3654 Qui
2191 3589 2320 3643 libri
2345 3588 2403 3642 in
2432 3605 2649 3642 canone
2680 3587 3044 3659 recipiantur.

1985 3686 2341 3752 lNNOCENTUS,
2404 3683 2696 3752 Exurenio,
2745 3682 3009 3753 episcopo
3049 3682 3350 3749 Tolosano,
3399 3680 3548 3737 salu-

1909 3783 2047 3833 tem.
2074 3762 2400 3832 Consulenti
2421 3775 2545 3845 tibi,
2578 3776 2754 3830 frater
2780 3775 3128 3845 charissima,
3153 3776 3287 3846 quid
3321 3776 3389 3831 de
3421 3794 3548 3847 pro-

1908 3871 2095 3944 posita
2115 3871 2300 3943 specie
2336 3886 2686 3941 unaquaque
2714 3869 3011 3936 sentirem,
3038 3884 3144 3939 pro
3171 3875 3337 3941 captu
3375 3869 3549 3925 intel-

1912 3966 2163 4038 ligentiae
2191 3981 2335 4019 meae
2364 3980 2492 4036 qua)
2522 3968 2655 4018 sunt
2677 3964 2795 4017 visa
2822 3963 3095 4035 respondi
3145 3962 3283 4034 quid
3313 3980 3556 4035 sequen-

1914 4060 2072 4127 dum,
2104 4060 2193 4113 vel
2216 4058 2350 4130 quid
2383 4058 2581 4113 docilis
2608 4058 2752 4112 ratio
2778 4058 3171 4129 persuaderet,
3199 4058 3290 4112 vel
3315 4058 3558 4114 auctori-

1913 4157 1995 4208 tas
2023 4153 2283 4208 lectionis
2314 4151 2664 4218 ostenderet,
2695 4152 2786 4205 vel
2813 4151 3093 4205 custodita
3126 4151 3299 4205 series
3327 4157 3554 4224 tempo-

1911 4263 2040 4302 rum
2070 4246 2504 4300 demonstraret.
2530 4246 2595 4298 Et
2617 4245 2845 4315 quidem
2864 4244 3092 4299 dilectio
3114 4246 3211 4298 tua
3228 4245 3556 4301 institutum

1912 4345 2102 4395 secuta
2133 4338 2528 4410 prudentium,
2559 4337 2630 4390 ad
2678 4337 2872 4391 sedem
2926 4338 3294 4407 apostolicam
3340 4339 3556 4393 referre

1912 4437 2112 4492 maluit
2148 4435 2283 4507 quid
2315 4436 2383 4489 de
2426 4435 2595 4489 rebus
2620 4434 2804 4488 dubiis
2851 4434 3135 4490 custodire
3164 4435 3416 4502 deberet,
3449 4453 3553 4507 po-

176 4530 342 4585 alteri
384 4529 646 4601 nupserit
682 4529 958 4584 habeatur
1004 4529 1262 4583 adultera
1311 4528 1476 4599 (Rom.
1518 4545 1615 4595 v11,
1664 4531 1737 4599 3),
1782 4548 1809 4577 ›)
1833 4545 1891 4616 D
1916 4532 2026 4586 tius
2070 4546 2242 4602 quam
2293 4528 2663 4599 usurpatione
2706 4534 3053 4599 praesumpta
3081 4546 3209 4600 quae
3251 4528 3356 4582 sibi
3396 4529 3551 4584 vide-

178 4616 283 4678 nec
323 4622 377 4678 ei
406 4623 642 4695 agendae
675 4623 1021 4694 poenitentia:
1051 4622 1277 4677 licentia
1305 4621 1663 4689 concedatur,
1707 4621 1814 4675 nisi

179 4734 326 4773 unus
356 4732 429 4773 ex
454 4718 535 4772 eis
572 4716 870 4773 defunctus
907 4715 1097 4787 fuerit,
1145 4722 1360 4788 quanto
1392 4715 1574 4786 magis
1620 4716 1688 4769 de
1719 4714 1816 4768 illa

176 4812 430 4867 tenenda
483 4814 587 4882 est,
633 4827 764 4883 quae
803 4817 935 4866 ante
978 4809 1288 4865 immortali
1335 4825 1393 4865 se
1422 4826 1627 4880 sponso
1677 4825 1812 4863 con-

173 4907 471 4978 junxerat,
518 4912 576 4962 et
609 4913 805 4980 postea
856 4908 928 4962 ad
981 4909 1258 4964 humanas
1306 4907 1531 4979 nuptias
1580 4907 1816 4962 transire

183 5001 357 5073 elegit
378 5002 391 5057 l
1102 5008 1113 5011 “

251 5096 384 5151 ΧΠΙ.
416 5097 514 5151 Hae
542 5113 677 5151 vero
701 5112 828 5168 quae
851 5098 1097 5153 necdum
1128 5114 1286 5151 sacro
1315 5095 1599 5151 velamine
1628 5099 1813 5163 tectae,

180 5195 375 5246 tamen
405 5191 465 5246 in
491 5191 784 5263 proposito
803 5191 1066 5263 virginali
1086 5208 1307 5263 semper
1326 5208 1385 5245 se
1414 5190 1819 5246 simulaverunt

182 5300 540 5357 permanere,
556 5285 687 5342 licet
700 5287 896 5341 velata:
913 5289 1025 5341 non
1042 5285 1325 5353 fuerint,si
1337 5285 1482 5340 forte
1498 5283 1815 5355 nupserint,

182 5380 270 5436 his
298 5380 527 5452 agenda
565 5380 855 5453 aliquanto
884 5384 1140 5451 tempore
1168 5378 1503 5451 poenitentia
1540 5380 1643 5448 est,
1687 5377 1821 5447 quia

185 5477 416 5549 sponsio
445 5490 647 5530 earum
692 5491 725 5530 a
751 5475 990 5529 Domino
1030 5474 1349 5529 tenebatur.
1389 5473 1446 5528 Si
1489 5470 1641 5527 enim
1674 5470 1821 5525 inter

186 5572 450 5627 homines
488 5572 630 5626 solet
668 5571 837 5625 honre
880 5569 1013 5624 ﬁdei
1044 5573 1365 5623 contractus
1408 5567 1562 5622 nulla
1601 5565 1819 5621 ratione

188 5666 655 5737 dissolvi,quanto
670 5665 856 5736 magis
874 5664 979 5719 ista
1004 5663 1335 5735 pollicitatio
1361 5679 1532 5735 quam
1560 5677 1691 5715 cum
1707 5661 1823 5714 Deo

187 5760 537 5834 pepigerunt
579 5760 721 5815 solvi
768 5759 887 5815 sine
935 5758 1183 5814 vindicta
1225 5773 1341 5811 non
1390 5755 1642 5829 poterit?
1680 5755 1824 5808 Nam

191 5854 240 5912 si
261 5856 550 5932 apostolus
582 5856 786 5910 Paulus
823 5870 954 5929 qua:
983 5870 1017 5908 a
1063 5851 1351 5928 proposito
1391 5848 1679 5907 viduitatis
1709 5846 1820 5904 dis~

1914 4630 2112 4680 rentur
2139 4623 2208 4678 de
2229 4622 2467 4693 singulis
2495 4622 2776 4676 obtinere.
2812 4622 2926 4676 Cur
2950 4621 3104 4676 enim
3139 4620 3324 4692 magis
3340 4622 3555 4692 puden-

1914 4721 2052 4774 dum
2079 4720 2349 4788 putemus
2377 4714 2589 4769 discere
2610 4714 2822 4785 aliquid
2848 4730 3021 4785 quam
3038 4713 3272 4768 omnino
3291 4715 3506 4771 nescire
3523 4716 3551 4771 Τ

1912 4812 2050 4867 Mihi
2070 4827 2295 4883 quoque
2323 4809 2428 4880 ipsi
2461 4808 2529 4863 de
2561 4808 2865 4862 collatione
2907 4808 3164 4863 docilitas
3208 4809 3443 4875 accedit,
3491 4813 3557 4864 ut

1914 4904 2279 4978 perscrutatis
2297 4902 2608 4957 rationibus
2620 4902 2688 4957 ad
2719 4902 3007 4973 proposita
3033 4902 3385 4974 respondere
3398 4921 3554 4958 com-

1915 5002 2116 5072 pellar,
2164 5014 2348 5069 eoque
2395 4998 2459 5052 fit
2502 4999 2568 5050 ut
2618 5012 2845 5067 semper
2888 4994 3100 5067 aliquid
3158 4995 3416 5051 addiscat
3457 4997 3555 5070 qui

1916 5093 2239 5166 postulatur
2284 5098 2345 5147 ut
2382 5091 2593 5145 doceat.
2644 5091 3043 5160 Proponantur
3082 5089 3260 5161 igitur
3307 5090 3553 5163 singula,

1918 5186 2325 5259 subjiciamque
2351 5200 2706 5255 responsum.

1991 5283 2122 5337 CAP.
2157 5283 2196 5335 l.
2234 5277 2580 5350 Proposuisti
2607 5276 2745 5348 quid
2790 5277 2860 5332 de
2906 5276 2995 5330 his
3021 5276 3305 5332 observari
3336 5279 3556 5350 debeat,

1918 5392 2062 5447 quos
2083 5375 2142 5428 in
2172 5372 2414 5429 diaconii
2441 5370 2779 5438 ministerio,
2802 5373 2899 5425 aut
2926 5370 2984 5424 in
3008 5371 3190 5426 ofﬁcio
3220 5374 3560 5446 presbyterii

1918 5470 2128 5541 positos
2166 5467 2585 5521 incontinentes
2634 5481 2775 5533 esse,
2815 5469 2913 5519 aut
2945 5463 3117 5520 fuisse
3163 5468 3418 5537 generati
3459 5467 3560 5521 filii

1919 5562 2312 5634 prodiderunt.
2337 5561 2417 5614 De
2440 5559 2527 5612 his
2557 5561 2614 5613 et
2640 5557 2960 5613 divinarum
2985 5559 3179 5631 legum
3202 5566 3285 5614 est
3309 5559 3555 5630 discipli-

1920 5673 2015 5723 na,
2049 5658 2106 5710 et
2134 5655 2319 5709 beatas
2360 5652 2768 5708 recordationis
2807 5652 2912 5707 viri
2949 5653 3129 5709 Siricii
3155 5653 3400 5723 episcopi
3430 5669 3555 5706 mo-

1921 5751 2044 5807 nita
2071 5748 2353 5805 evidentia
2382 5749 2792 5813 commearunt,
2825 5751 2887 5801 ut
2913 5747 3329 5801 incontinentes
3354 5745 3415 5799 in
3441 5746 3560 5801 offi-

1924 5845 2021 5901 ciis
2051 5844 2259 5900 talibus
2299 5842 2485 5915 positi,
2532 5840 2691 5895 omni
2723 5839 3094 5897 ecclesiastico
3127 5839 3341 5893 honore
3366 5840 3556 5913 priva-
