4034 6302
528 241 629 298 703

1419 235 1698 296 ΑΡΡΕΝΙ).
1741 240 1829 296 ΑΒ
1868 243 2027 297 διΕΟ.
2072 241 2158 296 1X.
2191 269 2260 281 —
2300 230 2550 297 lSIDORI
2587 239 3013 297 MERCATORIS

3812 241 3914 295 ’704

533 353 738 404 rentur
758 367 776 419 ;
807 365 910 404 nec
938 348 1318 404 admittantnr
1336 348 1409 402 ad
1439 349 1550 403 tale
1581 349 1985 419 ministerium,
2018 349 2170 420 quod
2190 362 2250 434 Α
2270 351 2501 422 poribus
2518 350 2732 404 crewa
2754 348 3174 421 persecutiones
3197 351 3407 420 essent,
3431 365 3534 403 nec
3553 350 3916 403 communio-

525 444 643 498 sola
671 443 1028 498 continentia
1060 445 1282 513 oportet
1319 441 1568 512 impleri.
1601 443 1694 496 Est
1726 443 1881 496 enim
1908 449 2067 497 vetns
2096 443 2169 497 ad

525 538 762 592 modum
774 553 948 590 sacra:
963 535 1104 606 legis
1117 535 1425 590 auctoritas
1433 535 1555 605 jam
1573 535 1709 590 inde
1725 536 1794 589 ab
1807 536 1968 590 initio
1991 542 2170 591 custo-

528 631 664 697 dita,
707 630 858 700 quod
905 629 962 682 in
995 629 1209 700 templo
1239 645 1391 682 anno
1431 628 1564 682 vicis
1595 646 1712 684 suae
1741 629 1998 684 habitare
2029 648 2170 701 pras-

523 724 671 794 cepti
698 729 830 777 sunt
857 722 1196 790 sacerdotes,
1226 727 1289 776 nt
1321 723 1630 777 servientes
1660 722 1832 777 sacris
1865 724 2162 778 oblationi-

520 817 646 884 bus,
675 833 844 887 puros
865 819 922 870 et
951 817 1020 870 ab
1052 816 1209 870 omni
1237 816 1364 870 labe
1401 817 1701 871 mundatos
1726 817 1830 872 sibi
1879 818 2166 873 vindicent

520 909 710 964 divina
736 909 1031 981 mysteria,
1067 926 1252 981 neque
1281 926 1380 964 eos
1422 908 1496 964 ad
1527 910 1801 964 sacriﬁcia
1840 911 1922 965 fas
1953 911 2024 964 sit
2061 911 2159 965 ad-

521 1004 690 1070 mitti,
710 1003 805 1074 qui
829 1006 1090 1058 exercent
1106 1004 1192 1058 vel
1214 1020 1344 1058 cum
1368 1021 1541 1057 uxore
1559 1005 1783 1058 carnale
1807 1005 2160 1059 consortium

519 1097 652 1168 quia
685 1097 958 1168 scriptum
987 1103 1100 1152 est:
1147 1120 1174 1147 ‹‹
1203 1097 1391 1152 Sancti
1417 1101 1618 1165 estote,
1653 1098 1784 1168 quia
1815 1103 1870 1152 et
1896 1115 2002 1169 ego
2031 1115 2158 1152 san-

521 1197 642 1244 ctus
673 1207 820 1258 sum,
851 1189 1132 1244 Dominus
1163 1191 1309 1245 Deus
1345 1197 1529 1246 vester
1565 1195 1687 1246 Leo.
1720 1208 1792 1258 x1,
1827 1194 1934 1259 44).
1967 1213 1994 1241 ››
2036 1193 2160 1259 Qui-

520 1283 625 1338 bus
655 1285 850 1354 utique
875 1290 1114 1356 prepter
1154 1284 1362 1339 sobolis
1389 1285 1800 1339 successionem
1831 1285 1998 1340 uxori
2025 1303 2158 1340 usus

518 1378 702 1432 fuerat
725 1378 1031 1445 relaxatus,
1063 1378 1194 1448 quia
1221 1395 1286 1432 ex
1313 1378 1424 1433 alia
1456 1379 1627 1446 tribu,
1661 1382 1720 1432 et
1746 1384 1956 1449 praeter
1980 1396 2047 1434 ex
2078 1397 2158 1435 se-

521 1471 679 1524 mine
703 1475 887 1525 Aaron
914 1471 986 1524 ad
1014 1472 1391 1526 sacerdotium
1414 1472 1604 1525 nullus
1628 1473 1816 1526 fuerat
1841 1476 2155 1544 praeceptus

521 1563 808 1631 accedere,
845 1569 1056 1634 quanto
1080 1565 1267 1635 magis
1293 1565 1352 1617 hi
1389 1565 1706 1619 sacerdotes
1727 1566 1812 1618 vel
1837 1566 2020 1619 levitaa
2049 1584 2150 1636 pu-

519 1656 777 1711 dicitiam
823 1673 892 1712 ex
923 1657 1015 1711 die
1063 1657 1436 1712 ordinationis
1483 1675 1600 1712 sua:
1649 1675 1870 1713 servare
1916 1659 2148 1730 debent,

2271 444 2358 497 nis
2399 461 2667 498 concessa
2700 443 2938 497 facilitas
2996 443 3262 498 homines
3314 443 3384 497 de
3444 442 3910 497 reconciliatione

2270 554 2498 592 securos
2542 554 2657 591 non
2688 542 2983 591 revocaret
3009 554 3041 590 a
3079 538 3260 607 lapsu,
3290 540 3495 608 negata
3515 536 3725 590 merito
3752 553 3906 590 com-

2269 631 2463 685 munio
2506 637 2609 698 est,
2659 647 2928 684 concessa
2971 631 3322 700 paenitentia,
3348 647 3420 683 ne
3452 633 3634 683 totum
3677 630 3910 700 penitus

2267 729 2590 794 negaretur,
2626 729 2682 778 et
2713 724 3003 778 duriorem
3035 740 3154 778 esse
3183 723 3577 777 remissionem
3606 723 3746 777 fecit
3769 729 3912 776 tem-

2265 819 2415 887 poris
2461 818 2625 872 ratio.
2671 818 2776 872 Sed
2823 821 3126 887 postquam
3169 817 3441 870 Dominus
3482 820 3677 872 nostcr
3707 833 3907 887 pacem

2267 911 2524 964 Ecclesiis
2551 911 2668 964 suis
2694 910 2944 964 reddidit
2962 911 3079 980 jam
3108 910 3344 980 depulso
3376 915 3613 979 terrore,
3644 926 3906 964 commu-

2262 1003 2491 1057 nionem
2523 1003 2658 1058 dare
2685 1003 3025 1057 abeuntibus
3058 1003 3289 1073 placuit,
3323 1008 3379 1057 et
3407 1009 3641 1074 propter
3671 1003 3904 1056 Domini

2261 1096 2729 1163 misericordiam,
2779 1097 2914 1166 quia
2975 1096 3238 1150 viaticum
3311 1096 3670 1166 proiecturis,
3727 1103 3787 1150 et
3833 1112 3905 1148 ne

2262 1190 2548 1243 Novatiani
2578 1181 2829 1243 hmiietici
2869 1190 3130 1259 negantis
3156 1189 3406 1256 veniam,
3451 1189 3820 1260 asperitatem
3851 1194 3903 1241 et

2259 1283 2532 1337 duritiam
2577 1282 2845 1353 subsequi
2897 1282 3210 1336 videamur.
3263 1282 3552 1337 Tribuitur
3595 1300 3736 1352 ergo
3772 1299 3904 1336 cum

2257 1376 2594 1446 poenitentia
2609 1382 2856 1430 extrema
2867 1377 3284 1445 communio,ut
3299 1377 3557 1430 homines
3568 1376 3906 1446 hujusmodi

2256 1471 2340 1524 vel
2360 1470 2420 1523 in
2446 1469 2726 1540 supremis
2747 1471 2883 1539 suis,
2913 1470 3284 1540 permittente
3302 1471 3594 1525 Salvatore
3621 1473 3848 1538 nostro,
3872 1488 3903 1521 a

2256 1567 2531 1634 perpetuo
2563 1564 2731 1617 exitio
2763 1563 3141 1617 vindicentur.

2327 1655 2374 1727 1
2393 1655 2518 1728 '73
2549 1658 2639 1711 lll.
2663 1657 2972 1720 Quaesitum
2994 1657 3168 1711 etiam
3201 1663 3285 1712 est
3314 1673 3485 1728 super
3511 1655 3618 1722 his,
3651 1655 3753 1726 qui
3775 1661 3904 1726 post

521 1747 728 1819 quibus
757 1750 843 1803 vel
874 1749 1275 1817 sacerdotium,
1314 1750 1399 1804 vel
1441 1749 1822 1806 ministerium
1867 1753 1988 1806 sine
2031 1769 2153 1807 suc-
2178 1752 2234 1822 B
2258 1750 2612 1821 baptismum
2639 1749 3212 1819 ,administraverunt,
3256 1757 3310 1804 et
3337 1753 3438 1804 aut
3462 1753 3751 1803 tormenta
3786 1750 3906 1802 sola

519 1842 770 1897 cessione
798 1848 899 1898 est.
956 1844 1065 1898 Nec
1113 1844 1366 1914 praeterit
1395 1843 1514 1898 dies
1542 1861 1670 1916 quae
1698 1846 1782 1899 vel
1812 1863 1844 1898 a
1873 1846 2157 1900 sacriﬁciis

521 1935 746 2004 divinis,
800 1937 886 1990 vel
945 1953 978 1990 a
1029 1937 1384 2008 baptismatis
1435 1938 1618 1992 ofﬁcio
1674 1943 1892 1994 vacent.
1937 1941 2078 1994 Nam
2111 1942 2156 1994 si

517 2030 718 2084 beatus
740 2031 941 2084 Paulus
969 2030 1255 2102 apostolus
1272 2032 1343 2086 ad
1367 2030 1691 2087 Corinthios
1711 2033 1903 2087 scribit
1931 2035 2150 2089 dicens:

519 2143 546 2174 α
576 2123 868 2178 Abstinete
901 2141 999 2178 vos
1030 2124 1102 2178 ad
1130 2129 1356 2197 tempus
1385 2129 1446 2179 ut
1478 2126 1686 2180 vacetis
1711 2127 1952 2182 orationi
1969 2128 2010 2196 (1
2034 2129 2152 2184 Cor.

517 2233 612 2285 vn,
639 2219 711 2286 ὅ),
744 2238 770 2265 »
814 2221 870 2272 et
896 2217 1006 2272 hoc
1032 2215 1227 2290 utique
1255 2218 1410 2273 laicis
1434 2220 1722 2291 praecepit,
1753 2220 1933 2275 multo
1971 2222 2154 2294 magis

517 2310 857 2378 sacerdotes,
885 2311 1092 2383 quibus
1118 2315 1174 2366 et
1201 2313 1396 2368 orandi
1428 2317 1485 2368 et
1524 2313 1874 2368 sacriﬁcandi
1896 2315 2036 2386 juge
2068 2316 2151 2369 of-

516 2403 712 2458 ﬁcium
731 2409 833 2472 est,
850 2421 1078 2476 semper
1093 2405 1384 2461 debebunt
1397 2406 1493 2478 huj
1506 2407 1724 2462 usmodi
1737 2409 2023 2463 consortio
2034 2409 2155 2463 abs-

516 2497 718 2552 tinere.
765 2498 924 2562 Quod
955 2499 1001 2552 si
1036 2499 1451 2554 contaminatus
1479 2501 1652 2555 fuerit
1689 2502 1904 2556 carnali
1943 2518 2152 2557 concu-

518 2591 816 2661 piscentia,
839 2609 953 2664 quo
983 2593 1203 2664 pudore
1232 2593 1546 2649 sacriﬁcare
1567 2595 1887 2666 usurpabit,
1919 2602 2015 2651 aut
2040 2613 2154 2668 qua

516 2685 863 2739 conscientia
909 2702 1092 2757 quove
1139 2687 1345 2741 merito
1376 2688 1631 2742 exaudiri
1673 2705 1733 2742 se
1775 2689 1970 2757 credit,
2021 2707 2151 2743 cum

517 2777 731 2831 dictum
752 2779 823 2832 sit
845 2795 858 2832 :
885 2800 912 2827 «
941 2779 1152 2834 Omnia
1169 2781 2042 2854 mundamundis,coinquinatis
2056 2800 2152 2838 au-

517 2874 635 2924 tem
669 2877 724 2924 et
749 2871 1076 2926 inﬁdelibus
1103 2873 1246 2926 nihil
1273 2874 1598 2928 mundum?
1626 2875 1754 2946 (Tit.
1784 2892 1822 2943 ι,
1855 2879 1959 2945 l5.)
1985 2898 2012 2926 »
2043 2878 2152 2932 Sed

517 2963 756 3018 fortasse
786 2963 895 3018 hoc
923 2963 1089 3020 licere
1119 2966 1316 3036 credit,
1335 2966 1466 3037 quia
1482 2968 1756 3039 scriptum
1785 2974 1868 3024 est
1891 2988 1904 3025 :
1927 2993 1953 3020 «
1978 2972 2151 3025 Unius

518 3057 705 3110 uxoris
749 3057 933 3112 virum
982 3060 1029 3129 (Ι
1051 3061 1185 3113 Tim.
1221 3076 1302 3128 III,
1332 3064 1406 3131 2).
1452 3083 1478 3108 »
1523 3062 1646 3117 Non
1693 3065 2048 3133 permanenti
2092 3066 2149 3120 in

513 3150 963 3222 concupiscentia
990 3153 1303 3223 generandi
1329 3154 1434 3209 hoc
1463 3154 1615 3225 dicit,
1641 3157 1739 3212 sed
1760 3164 1996 3230 propter
2013 3175 2146 3214 con-

513 3244 815 3298 tinentiam
834 3246 1105 3300 futuram.
1127 3247 1320 3319 Neque
1336 3248 1488 3302 enim
1508 3249 1758 3322 integros
1779 3269 2014 3324 corpore
2029 3271 2147 3309 non

512 3338 742 3393 admisit
766 3339 865 3411 qui
887 3341 967 3394 ait
994 3358 1006 3394 :
1061 3362 1088 3390 ‹‹
1123 3341 1331 3395 Vellem
1359 3359 1560 3398 omnes
1602 3349 1792 3400 autem
1823 3348 1902 3401 sic
1931 3364 2048 3403 esse
2071 3349 2144 3403 si-

507 3435 605 3487 cut
633 3439 689 3487 et
714 3449 821 3504 ego
866 3434 915 3504 (Ι
943 3436 1060 3492 Cor.
1092 3451 1186 3502 vn,
1222 3435 1294 3504 7).
1327 3455 1355 3486 »
1401 3436 1559 3500 Quod
1607 3440 1859 3510 apertius
1902 3442 2150 3497 declarat

506 3526 732 3580 dicens:
771 3548 797 3575 ‹‹
829 3526 934 3590 Qui
965 3532 1157 3582 autem
1185 3528 1242 3582 in
1275 3545 1446 3585 carne
1477 3535 1610 3586 sunt
1639 3533 1752 3588 Deo
1777 3536 2000 3605 placere
2029 3553 2146 3591 non

505 3623 760 3690 possunt,
787 3637 885 3675 vos
907 3625 1096 3675 autem
1116 3623 1238 3692 jam
1268 3640 1381 3678 non
1405 3624 1536 3679 estis
1562 3625 1620 3678 in
1636 3643 1823 3698 carne,
1842 3630 1940 3684 sed
1956 3630 2017 3684 in
2039 3631 2148 3702 spi-

506 3713 618 3766 ritu
642 3711 808 3774 (Rom.
828 3730 942 3781 vm,
968 3717 1143 3783 8-9),»
1177 3721 1233 3771 et
1253 3717 1324 3771 ad
1344 3717 1648 3774 habentem
1669 3721 1814 3776 ﬁlios
1838 3739 1956 3777 non
1977 3740 2147 3795 gene-

507 3809 733 3860 rantem
758 3806 921 3873 dixit,
947 3807 1042 3861 sed
1073 3823 1140 3862 ea
1167 3809 1336 3879 plane
1364 3809 1556 3881 dispar
1586 3816 1642 3868 et
1667 3813 1845 3868 divisa
1865 3819 2144 3873 sententia

510 3902 610 3952 est.
645 3899 783 3952 Nam
817 3899 863 3952 si
889 3899 1089 3970 aliquis
1113 3901 1299 3956 forma
1339 3902 1435 3957 illa
1460 3905 1845 3963 ecclesiasticae,
1876 3910 2004 3965 vita:
2040 3928 2140 3982 pa-

508 3988 666 4058 riter,
699 3996 756 4045 et
779 3989 1094 4062 disciplinae
1125 4010 1253 4064 quas
1282 3995 1352 4048 ab
1387 3997 1649 4069 episcopo
1676 4000 1871 4056 Siricio
1911 4005 1983 4058 ad
2006 4023 2138 4076 pro-

506 4083 717 4138 vincias
764 4086 1099 4141 commeavit
1137 4104 1254 4142 non
1285 4090 1619 4160 probabitur
1673 4096 2010 4167 pervenisse,
2051 4101 2141 4155 his

499 4178 903 4259 ignorantibus
939 4180 1104 4235 venia
1130 4182 1474 4253 remittetur,
1505 4185 1583 4240 ita
1629 4191 1692 4242 ut
1717 4189 1786 4244 de
1813 4195 2014 4248 caetero
2035 4212 2137 4266 pe-

503 4272 654 4332 nitus
693 4271 973 4344 incipiant
1000 4274 1300 4346 abstinere,
1335 4282 1392 4331 et
1416 4277 1492 4332 ita
1519 4281 1728 4351 gradus
1763 4300 1891 4339 suos
1925 4287 1985 4342 in
2009 4267 2136 4361 qui-

504 4365 610 4420 bus
632 4365 844 4422 inventi
889 4367 1118 4438 fuerint,
1161 4371 1240 4424 sic
1289 4375 1596 4441 retentant,
1625 4381 1686 4431 ut
1725 4377 1805 4433 eis
1827 4397 1944 4436 non
1973 4383 2140 4439 liceat

503 4459 576 4513 ad
593 4459 816 4530 potiora
837 4462 1219 4518 conscendere
1239 4482 1256 4534 ;
1283 4465 1489 4536 quibus
1505 4470 1703 4525 tamen
1719 4471 1995 4530 beneﬁcio
2018 4495 2136 4538 esse

501 4553 685 4620 debet,
728 4555 884 4625 quod
916 4555 1068 4611 hunc
1097 4556 1284 4626 ipsum
1317 4559 1500 4614 locum
1543 4579 1716 4634 quem
1751 4569 2001 4626 retinent
2025 4592 2140 4631 non

497 4646 788 4704 amittunt.
822 4648 878 4703 Si
913 4649 1009 4720 qui
1050 4656 1240 4706 autem
1268 4653 1436 4708 scisse
1475 4656 1722 4713 formam
1755 4662 1979 4720 vivendi
2006 4669 2136 4723 mis-

497 4757 616 4794 sam
657 4758 691 4794 a
736 4740 928 4796 Siricio
973 4743 1342 4815 deteguntur,
1383 4764 1570 4819 neque
1589 4753 1781 4808 statim
1807 4760 2140 4830 cupiditates

497 4831 752 4888 libidinis
779 4834 1069 4906 abjecisse,
1099 4836 1180 4893 illi
1210 4844 1344 4894 sunt
1383 4843 1572 4896 modis
1610 4847 1874 4904 omnibus
1900 4854 2135 4911 submo-

498 4926 686 4995 vendi,
708 4929 844 4998 quia
872 4935 1002 5000 post
1025 4930 1478 4989 admonitionem
1496 4939 1780 5008 cognitam
1808 4917 2140 5016 praeponen-

498 5019 632 5074 dam
651 5021 910 5076 arbitrati
945 5030 1078 5079 sunt
1111 5027 1480 5097 voluptatem.

575 5115 634 5166 ll.
684 5115 749 5168 Et
781 5116 887 5170 hoc
928 5119 1232 5189 quaesitum
1279 5125 1381 5188 est,
1430 5123 1568 5193 quid
1610 5125 1678 5180 de
1720 5128 1799 5181 eis
1850 5131 2135 5192 observari

495 5210 773 5278 oporteat,
806 5210 903 5280 qui
938 5218 1062 5282 post
1090 5213 1435 5284 baptismum
1467 5218 1625 5272 omni
1656 5223 1911 5294 tempore
1938 5226 2130 5284 incon-

496 5300 751 5354 tinentiae
794 5303 1172 5375 voluptatibus
1208 5306 1381 5362 dediti
1439 5310 1496 5364 in
1543 5317 1793 5368 extremo
1845 5319 1955 5374 ﬁne
2008 5323 2132 5379 vitae

494 5411 610 5448 suae
636 5395 1025 5465 paenitentiam
1053 5399 1226 5453 simul
1254 5406 1311 5454 et
1333 5403 1848 5464 reconciliationem
1881 5430 2134 5472 commu-

492 5488 680 5542 nionis
733 5495 1067 5562 exposcunt.
1118 5494 1191 5546 De
1232 5493 1318 5546 his
1357 5495 1670 5553 observatio
1724 5505 1877 5573 prior
1915 5509 2127 5584 durior,

491 5582 774 5652 posterior
800 5583 1218 5640 interveniente
1250 5587 1635 5647 misericordia
1664 5594 1997 5657 inclinatior
2024 5582 2126 5661 est.

490 5677 632 5728 Nam
655 5676 1003 5730 consuetudo
1031 5678 1187 5746 prior
1210 5681 1414 5750 tenuit,
1434 5689 1920 5750 utconcederetur
1947 5701 2126 5768 poeni-

493 5767 691 5835 tentia,
722 5770 818 5824 sed
840 5772 1170 5827 communio
1192 5781 1518 5848 negaretur.
1542 5782 1682 5838 Nam
1705 5802 1833 5843 cum
1855 5767 1963 5844 illis
1988 5795 2129 5849 tem-

2257 1849 2657 1909 exercuerunt,
2687 1849 2784 1897 aut
2815 1843 2985 1900 etiam
3011 1844 3310 1915 capitalem
3347 1845 3636 1914 protulere
3667 1848 3899 1896 senten-

2258 1937 2415 2003 tiam,
2461 1938 2601 1991 nihil
2644 1939 2714 1991 de
2759 1937 2846 1990 his
2893 1938 3114 2008 legibus
3163 1955 3195 1991 a
3244 1937 3555 2008 majoribus
3594 1936 3899 1991 deﬁnitum

2257 2036 2361 2084 est.
2392 2032 2761 2085 Meminerant
2803 2031 2956 2085 enim
3007 2047 3039 2084 a
3068 2033 3181 2086 Deo
3228 2035 3537 2101 potestates
3581 2031 3682 2084 has
3725 2030 3899 2084 fuisse

2257 2141 2568 2191 concessas,
2603 2131 2659 2179 et
2696 2131 2930 2194 propter
2957 2125 3263 2179 vindictam
3305 2125 3610 2179 noxiorum
3641 2123 3898 2194 gladium

2255 2218 2425 2272 fuisse
2466 2218 2832 2288 permissum,
2880 2223 2936 2272 et
2965 2218 3062 2272 Dei
3110 2219 3433 2272 ministrum
3462 2234 3582 2273 esse
3610 2218 3813 2272 datum
3844 2219 3901 2270 in

2256 2312 2583 2382 hujusmodi
2648 2312 2950 2366 vindicem.
3001 2313 3300 2376 Quomodo
3373 2329 3509 2383 ergo
3574 2311 3896 2382 reprelien-

2256 2407 2455 2460 derent
2497 2406 2708 2460 factum
2778 2407 2929 2476 quod
2984 2413 3211 2461 auctore
3279 2408 3391 2461 Deo
3459 2406 3721 2460 viderent
3776 2423 3897 2460 esse

2255 2516 2583 2552 concessum
2606 2500 2632 2552 ‘?
2660 2501 2738 2553 De
2784 2500 2870 2553 his
2917 2517 3055 2571 ergo
3086 2501 3164 2554 ita
3193 2506 3256 2554 ut
3285 2501 3562 2554 hactenus
3607 2503 3898 2553 servatum

2254 2598 2355 2658 est,
2407 2593 2484 2646 sic
2526 2593 2859 2661 habeamus,
2914 2611 2983 2649 ne
3037 2599 3134 2647 aut
3177 2593 3537 2664 disciplinam
3609 2596 3895 2655 evertere,

2252 2690 2350 2738 aut
2383 2690 2583 2740 contra
2625 2687 3021 2742 auctoritatem
3069 2688 3298 2742 Domini
3334 2687 3525 2741 venire
3565 2685 3896 2740 videamur.

2253 2779 2390 2850 Ipsis
2439 2784 2630 2834 autem
2675 2781 2735 2835 in
2759 2782 2983 2836 ratione
3026 2781 3316 2836 reddenda
3360 2787 3522 2852 gesta
3566 2796 3671 2834 sua
3697 2778 3898 2833 omnia

2252 2874 2648 2930 servabuntur.

2322 2969 2406 3022 1V.
2438 2969 2503 3022 Et
2542 2968 2685 3022 illud
2715 2968 3099 3024 desideratum
3141 2972 3229 3023 est
3281 2965 3430 3034 sciri,
3481 2985 3582 3021 cur
3625 2983 3891 3022 commu-

2252 3061 2508 3116 nicantes
2522 3062 2627 3116 viri
2652 3079 2782 3116 cum
2797 3063 3069 3118 adulteris
3087 3062 3358 3117 uxoribus
3384 3079 3502 3116 non
3516 3060 3892 3125 conveniant,

2255 3171 2384 3209 cum
2414 3172 2444 3208 e
2473 3161 2675 3210 contra
2702 3173 2903 3211 uxores
2934 3157 2991 3211 in
3021 3157 3309 3211 consortio
3335 3156 3726 3211 adulterorum
3745 3155 3896 3209 viro-

2249 3265 2378 3303 rum
2405 3265 2639 3305 manere
2669 3251 2988 3306 videantur.
3036 3252 3221 3322 Super
3250 3252 3355 3305 hoc
3403 3249 3728 3306 Christiana
3755 3249 3891 3303 reli-

2250 3343 2342 3414 gio
2385 3343 2729 3398 adulterium
2757 3345 2817 3398 in
2847 3349 3084 3416 utroque
3133 3362 3273 3399 sexu
3305 3345 3428 3416 pari
3477 3344 3702 3398 ratione
3749 3361 3890 3397 con-

2249 3437 2502 3505 demnat,
2549 3439 2648 3493 sed
2695 3439 2844 3494 viros
2896 3456 3027 3494 suos
3092 3440 3357 3495 mulieres
3424 3455 3539 3492 non
3592 3439 3760 3492 facile
3817 3437 3890 3490 de

2244 3533 2520 3586 adulterio
2564 3539 2848 3600 accusant,
2897 3537 2953 3588 et
2983 3551 3100 3588 non
3139 3535 3351 3588 habent
3378 3531 3612 3588 latentia
3651 3538 3893 3603 peccata

2244 3625 2574 3695 vindictam,
2604 3627 2707 3681 viri
2728 3632 2924 3682 autem
2950 3628 3186 3684 liberius
3209 3645 3413 3683 uxores
3431 3627 3720 3681 adulteras
3735 3626 3890 3698 apud

2245 3720 2564 3775 sacerdotes
2591 3722 2813 3776 deferre
2841 3728 3269 3777 consueverunt.
3293 3724 3358 3776 Et
3379 3721 3508 3776 ideo
3524 3720 3886 3789 mulieribus,

2242 3813 2470 3884 prodito
2502 3831 2698 3870 earum
2737 3815 2996 3886 crimine,
3037 3815 3365 3872 communio
3407 3815 3750 3886 denegatur,
3800 3813 3886 3866 vi-

2240 3923 2435 3962 rorum
2454 3913 2645 3964 autem
2653 3952 2668 3978 ,
2687 3911 2897 3966 latente
2912 3911 3240 3980 commisso,
3259 3927 3371 3966 non
3398 3909 3556 3963 facile
3577 3909 3884 3980 quisquam

2243 4018 2313 4056 ex
2338 4003 2751 4074 suspicionibus
2788 4005 3122 4071 abstinetur,
3152 4004 3251 4076 qui
3287 4004 3483 4075 utique
3521 4002 3886 4056 submovebi-

2241 4099 2354 4167 tur,
2388 4097 2434 4150 si
2461 4097 2582 4168 ejus
2601 4098 2881 4171 ﬂagitium
2907 4100 3227 4171 detegatur.
3255 4100 3400 4154 Cum
3427 4113 3563 4168 ergo
3578 4113 3686 4168 par
3709 4113 3884 4150 causa

2240 4190 2330 4260 sit,
2380 4190 2669 4246 interdum
2718 4194 3056 4265 probatione
3109 4199 3360 4250 cessante
3410 4192 3674 4247 vindicta
3729 4191 3881 4246 ratio

2240 4285 2614 4356 conquiescit.

2309 4380 2368 4432 V.
2409 4380 2550 4436 Illud
2576 4380 2750 4436 etiam
2775 4383 3042 4438 sciscitari
3067 4382 3296 4438 voluisti
3324 4399 3397 4437 an
3422 4398 3622 4453 preces
3648 4380 3877 4436 dictan-

2240 4472 2389 4527 tibus
2432 4475 2677 4530 liberum
2731 4477 3094 4548 concedatur,
3169 4477 3366 4550 utique
3419 4479 3550 4548 post
3607 4474 3894 4546 baptismi

2241 4570 2741 4638 regenerationem
2760 4588 2794 4626 a
2813 4571 3163 4643 principibus
3181 4587 3410 4643 poscere
3431 4576 3680 4626 mortem
3707 4570 3885 4624 alicu-

2233 4661 2330 4732 jus
2357 4663 2440 4716 vel
2481 4665 2824 4735 sanguinem
2870 4666 2940 4721 de
2970 4671 3170 4721 reatu:
3211 4682 3386 4738 quam
3415 4682 3538 4721 rem
3585 4664 3882 4736 principes

2239 4771 2535 4828 nunquam
2569 4759 2689 4814 sine
2715 4759 3044 4832 cognitione
3076 4761 3411 4829 concedunt,
3440 4759 3540 4815 sed
3562 4759 3635 4814 ad
3652 4760 3882 4831 judices

2239 4853 2543 4908 commissa
2603 4854 2724 4925 ipsa
2787 4856 2876 4909 vel
2955 4855 3194 4910 crimina
3275 4871 3502 4926 semper
3549 4855 3879 4921 remittunt,

2241 4951 2302 5001 ut
2323 4965 2504 5004 causa“:
2531 4951 2776 5021 cognita:
2821 4951 3217 5021 vindicentur;
3252 4967 3379 5022 qua;
3410 4965 3538 5004 cum
3580 4949 3881 5020 quaesitori

2237 5044 2447 5098 fuerint
2489 5045 2771 5115 delegata,
2817 5048 2915 5099 aut
2955 5045 3259 5115 absolutio,
3304 5049 3405 5099 aut
3443 5042 3742 5098 damnatio
3768 5060 3876 5115 pro

2237 5139 2452 5208 negotii
2513 5141 2786 5211 qualitate
2843 5141 3150 5210 profertur,
3191 5145 3248 5195 et
3297 5141 3433 5194 dum
3497 5140 3697 5208 legum
3772 5155 3871 5192 an-

2235 5231 2462 5287 ctoritas
2508 5234 2567 5288 in
2619 5235 2912 5307 improbos
2956 5242 3266 5307 exercetur,
3317 5237 3427 5292 erit
3463 5237 3710 5292 dictator
3758 5238 3871 5291 im-

2237 5328 2448 5383 munis.

2309 5423 2390 5478 Vl.
2441 5425 2516 5479 De
2547 5426 2634 5481 his
2678 5427 2850 5482 etiam
2883 5429 3175 5500 requisivit
3217 5430 3443 5486 dilectio
3483 5433 3604 5501 tua,
3649 5430 3749 5503 qui
3783 5432 3867 5486 in-

2234 5517 2583 5574 terveniente
2626 5523 2861 5592 repudio
2892 5523 2987 5577 alii
3023 5541 3081 5578 se
3111 5524 3479 5580 matrimonio
3504 5527 3867 5597 copularunt,

2233 5626 2376 5680 quos
2396 5611 2455 5666 in
2476 5618 2713 5685 utraque
2730 5622 2892 5686 parte
2913 5618 3201 5674 adulteros
3227 5636 3346 5674 esse
3368 5620 3740 5676 manifestum
3764 5629 3864 5677 est.

2231 5703 2337 5768 Qui
2385 5722 2517 5761 vero
2547 5708 2634 5762 vel
2678 5725 2854 5766 uxore
2897 5711 3120 5768 vivente
3171 5714 3451 5786 (quamvis
3499 5715 3862 5773 dissociatqu

2227 5798 2483 5855 videatur
2511 5817 2630 5858 esse
2659 5805 3011 5878 conjugium)
3033 5807 3105 5862 ad
3138 5809 3308 5864 aliam
3341 5810 3602 5883 copulam
3628 5812 3862 5868 festina-
