4034 6302
147 341 256 394 705

1405 335 1881 396 DECRETALIUM
1919 337 2305 396 COLLECTIO.

3435 341 3536 398 706

145 451 304 516 runt,
341 464 534 520 neque
563 451 798 520 possunt
825 449 1066 504 adulteri
1101 465 1216 504 non
1255 451 1454 520 videri,
1497 451 1789 506 intantum
1810 464 1869 536 Α
1890 451 2054 521 quasi
2083 449 2376 521 ignoranti
2401 448 2663 518 dicimus,
2687 449 2786 505 sed
2813 447 2874 504 in
2903 443 3026 504 aliis
3047 445 3282 505 forsitan
3303 465 3540 520 occupa-

148 543 320 596 etiam
347 543 438 598 hae
455 559 736 614 personae,
757 543 961 614 quibus
979 545 1125 600 tales
1141 545 1426 616 conjuncti
1447 551 1598 614 sunt,
1617 545 1790 601 etiam

149 635 292 707 ipsa}
340 637 686 691 adulterium
733 637 1082 692 commisisse
1129 639 1447 706 videantur,
1478 640 1790 694 secundum

147 730 292 784 illud
319 731 478 802 quod
496 731 744 802 legimus
773 732 828 786 in
855 733 1157 804 Evangelio
1182 749 1192 786 :
1217 733 1320 796 Qui
1353 733 1634 788 dimiserit
1655 751 1790 788 uxo-

147 841 276 878 rem
304 841 468 878 suam
497 829 554 879 et
575 826 795 880 duxerit
817 828 1006 894 aliam,
1039 828 1359 882 mcechatur
1379 829 1566 897 (Marc.
1590 845 1645 894 x,
1685 831 1786 898 Η).

151 917 430 972 Similiter
454 940 482 968 «
497 925 549 974 et
565 919 967 989 quidimissam
987 921 1555 990 duxerit,m(echatur
1575 923 1787 982 (Matth.

147 1029 202 1082 v,
235 1015 344 1082 32),
373 1035 400 1061 η
430 1015 488 1066 et
505 1013 636 1066 ideo
661 1015 802 1068 tales
827 1031 1028 1068 omnes
1049 1032 1083 1069 a
1114 1015 1518 1070 communione
1535 1015 1788 1072 ﬁdelium

149 1106 540 1160 abstinendos.

223 1201 302 1254 De
331 1200 661 1270 parentibus
693 1205 910 1272 autem,
953 1207 1052 1256 aut
1088 1204 1158 1258 de
1193 1204 1532 1276 propinquis
1565 1221 1786 1273 eorum,

149 1294 294 1347 nihil
317 1293 434 1348 tale
471 1294 638 1348 statui
669 1300 875 1366 potest,
929 1296 1038 1350 nisi
1077 1297 1399 1353 incentores
1427 1298 1606 1353 illiciti
1652 1317 1786 1354 con-

149 1387 308 1440 sortii
329 1387 501 1442 fuisse
529 1388 892 1459 detegantur.

219 1481 330 1535 VII.
358 1481 464 1545 Qui
502 1499 636 1536 vero
667 1483 794 1537 libri
835 1483 1189 1554 recipiantur
1212 1486 1270 1539 in
1317 1503 1531 1542 canone
1566 1493 1785 1543 sancta-

147 1591 278 1628 rum
335 1575 751 1646 Scripturarum
789 1577 974 1631 brevis
1026 1595 1286 1634 annexus
1343 1581 1611 1636 ostendit.
1661 1583 1788 1636 Haec

145 1669 284 1721 sunt
337 1684 474 1739 ergo
535 1685 663 1739 qua:
709 1670 1034 1726 desiderata
1083 1673 1306 1727 moneri
1355 1691 1492 1728 voce
1543 1674 1784 1742 voluisti,

145 1761 323 1832 Moysi
367 1761 498 1816 libri
546 1767 598 1830 ὅ,
653 1763 712 1816 id
754 1769 838 1819 est
887 1766 1133 1836 Genesis,
1183 1767 1425 1834 Exodus,
1487 1768 1782 1835 Levitieus,

1891 548 1976 598 tos
2003 544 2152 599 istud
2182 544 2389 599 oblitos
2425 561 2524 600 vos
2554 561 2678 600 esse
2711 544 2973 600 dicimus.

1963 639 2004 694 Ι.
2050 638 2156 702 Qui
2195 639 2372 708 igitur
2417 642 2642 710 partem
2689 639 2986 709 cujuslibet
3041 638 3206 710 digiti
3256 637 3362 693 sibi
3419 639 3537 710 ipse

1889 733 2080 786 volens
2115 732 2372 800 abscidit,
2414 733 2566 788 hunc
2597 733 2666 786 ad
2713 733 2928 788 clerum
2975 749 3224 788 canones
3271 749 3386 787 non
3433 733 3533 787 ad-

1893 826 2148 880 mittunt.
2195 826 2296 880 Cui
2325 843 2458 880 vero
2504 843 2638 880 casu
2673 827 2866 898 aliquo
2911 827 3220 897 contigerit
3260 827 3400 880 dum
3440 829 3542 880 aut

1891 919 2050 992 operi
2077 919 2285 984 rustico
2313 937 2510 974 curam
2531 921 2833 991 impendit,
2869 925 2966 975 aut
2996 920 3210 991 aliquid
3239 921 3449 974 faciens
3476 936 3536 974 se

1891 1030 2006 1067 non
2051 1019 2250 1083 sponte
2289 1014 2586 1084 percussit,
2621 1015 2726 1068 hos
2773 1030 3026 1068 canones
3073 1013 3434 1084 praecipiunt,
3481 1018 3540 1066 et

1891 1107 2128 1161 clericos
2169 1107 2294 1160 ﬁeri
2316 1125 2333 1176 ;
2363 1113 2420 1162 et
2449 1107 2492 1160 si
2519 1107 2578 1160 in
2606 1107 2758 1162 clero
2793 1107 3005 1162 fuerint
3035 1107 3249 1178 reperti
3287 1123 3404 1160 non
3429 1106 3532 1160 ab-

1883 1200 2026 1271 jicit.
2055 1202 2116 1254 ln
2141 1200 2251 1254 illis
2271 1201 2426 1254 enim
2447 1201 2708 1255 voluntas
2721 1201 2978 1270 judicata
2999 1206 3100 1268 est,
3125 1217 3252 1270 quae
3275 1200 3378 1254 sibi
3394 1216 3534 1254 ausa

1889 1294 2064 1349 fuerit
2089 1294 2306 1348 ferrum
2343 1293 2594 1364 injicere.
2623 1296 2786 1358 Quod
2815 1294 3028 1348 scilicet
3056 1297 3112 1347 et
3141 1295 3234 1348 alii
3261 1294 3316 1348 id
3341 1294 3530 1348 facere

1890 1387 2131 1442 dubitari
2155 1405 2272 1442 non
2293 1388 2492 1458 possit,
2509 1388 2566 1442 in
2586 1388 2697 1442 illis
2721 1405 2852 1442 vero
2869 1405 3033 1442 casus
3051 1387 3278 1442 veniam
3299 1387 3530 1442 moruit.

1959 1483 2018 1535 Il.
2051 1483 2126 1538 De
2158 1481 2401 1552 digamis
2428 1484 2622 1536 autem
2649 1497 2757 1536 nec
2783 1481 3000 1536 consuli
3021 1481 3216 1536 debuit
3243 1481 3392 1551 quod
3419 1497 3539 1534 ma-

1889 1575 2090 1629 nifesta
2111 1575 2278 1629 lectio
2297 1575 2370 1628 sit
2399 1575 2675 1646 Apostoli,
2700 1595 2728 1628 (ι
2759 1575 2930 1630 unius
2949 1574 3141 1628 uxoris
3167 1574 3387 1642 virum;
3417 1593 3446 1626 ι)
3465 1574 3536 1628 ad

1887 1669 2264 1723 sacerdotium
2311 1669 2426 1722 sive
2453 1669 2522 1722 ad
2571 1669 2900 1723 clericatum
2949 1668 3176 1722 admitti
3227 1667 3452 1733 debere,
3485 1671 3542 1721 et

1887 1763 2036 1818 hanc
2059 1762 2240 1832 ipsam
2266 1767 2455 1817 tamen
2488 1763 2534 1816 si
2561 1763 2843 1833 virginem
2871 1762 3106 1832 accepit.
3136 1763 3276 1815 Nam
3305 1777 3369 1814 ea
3400 1775 3530 1832 quae

147 1855 408 1922 Numeri,
437 1856 984 1928 Deuteronomium;
1017 1877 1242 1914 necnon
1273 1867 1330 1915 et
1352 1863 1482 1916 Jesu
1525 1863 1695 1928 Nave,
1727 1853 1862 1924 etB
1885 1856 2152 1910 habuerit
2192 1860 2323 1910 ante
2373 1857 2575 1923 virum,
2617 1856 2750 1910 licet
2791 1856 3090 1910 defunctus
3137 1855 3228 1922 sit,
3267 1858 3456 1908 tamen
3489 1854 3536 1908 si

146 1949 434 2014 Judicum,
491 1955 548 2004 et
599 1951 928 2022 Regnorum
989 1954 1117 2008 libri
1169 1957 1451 2026 quatuor;
1504 1955 1672 2010 simul
1731 1961 1788 2010 et

147 2043 324 2108 Ruth,
359 2044 774 2114 Prophetarum
817 2047 947 2100 libri
994 2048 1262 2103 sedecim.
1300 2049 1622 2104 Salomonis
1655 2049 1788 2103 libri

150 2131 424 2203 quinque,
471 2135 848 2203 Psalterium;
897 2137 1039 2192 item
1089 2139 1454 2196 historiarum
1499 2141 1600 2196 Job
1647 2141 1789 2195 liber

151 2246 322 2300 unus,
351 2233 552 2287 Esther
575 2250 744 2302 unus,
767 2235 962 2289 Judith
985 2253 1155 2306 unus,
1175 2239 1624 2293 Machabaeorum
1652 2239 1785 2307 duo,

149 2325 338 2378 Esdraz
381 2325 516 2396 duo,
563 2329 1033 2399 Paralipomenon
1066 2331 1199 2386 duo.
1239 2334 1378 2386 Item
1411 2333 1547 2387 Novi
1595 2335 1787 2388 Testa-

151 2403 334 2472 mbnti
378 2421 816 2491 Evangeliorum
857 2423 986 2478 libri
1028 2431 1308 2494 quatuor;
1351 2427 1504 2480 Pauli
1555 2425 1790 2497 apostoli

153 2513 418 2582 Epistolas
471 2515 574 2580 14;
625 2515 884 2586 Epistolas
927 2519 1176 2586 Joannis,
1217 2523 1500 2591 quatuor;
1533 2522 1791 2593 Epistolas

151 2605 304 2660 Petri
335 2607 500 2674 duas;
547 2609 794 2679 Epistola
832 2612 990 2665 Judze
1012 2631 1028 2681 ;
1077 2613 1326 2683 Epistola
1363 2615 1594 2686 Jacobi;
1623 2619 1789 2672 Actus

153 2701 584 2770 apostolorum;
638 2705 1004 2775 Apocalypsis
1039 2708 1290 2762 Joannis.
1332 2709 1548 2764 Caetera
1597 2716 1790 2765 autem

154 2811 280 2864 quae
325 2795 432 2849 sub
481 2796 714 2850 nomine
761 2799 1004 2866 Mathite,
1053 2801 1169 2854 sive
1207 2802 1396 2856 Jacobi
1443 2803 1703 2873 minoris,
1737 2810 1794 2858 et

149 2889 252 2941 sub
279 2889 516 2943 nomine
539 2890 710 2958 Petri,
743 2895 799 2944 et
822 2894 1075 2960 Joannis,
1104 2911 1232 2965 quae
1257 2913 1289 2949 a
1317 2898 1562 2967 quodam
1594 2899 1790 2954 Leutio

153 2982 362 3052 scripta
387 2989 536 3050 sunt,
583 2985 666 3038 vel
697 2986 801 3040 sub
845 2987 1074 3042 nomine
1101 2990 1360 3057 Andr-etc,
1391 3009 1520 3062 qua:
1545 3009 1578 3046 a
1603 2994 1790 3048 Nexo-

153 3075 380 3130 charide
448 3079 505 3130 et
541 3077 790 3133 Leonida
845 3081 1219 3153 philosophis,
1286 3089 1342 3138 et
1393 3087 1497 3140 sub
1559 3087 1792 3142 nomine

149 3169 398 3236 Thomas,
446 3175 504 3224 et
533 3171 578 3224 si
619 3189 746 3243 quae
789 3181 920 3229 sunt
959 3177 1066 3230 alia
1097 3195 1214 3232 non
1245 3179 1432 3234 solum
1485 3197 1598 3234 non
1639 3182 1786 3252 aspi-

1886 1950 2093 2004 clerico
2123 1953 2316 2020 postea
2351 1949 2524 2004 fuerit
2552 1951 2830 2021 c0pulata,
2879 1949 3116 2004 clericus
3146 1949 3242 2019 qui
3285 1965 3414 2003 eam
3447 1965 3536 2002 ac-

1885 2043 2102 2115 ceperit
2145 2061 2264 2099 esse
2299 2061 2412 2098 non
2459 2044 2686 2114 poterit,
2734 2043 2868 2114 quia
2911 2043 2970 2097 in
3016 2044 3140 2114 lege
3171 2045 3400 2096 cautum
3451 2047 3535 2096 est

1890 2159 1916 2186 ‹‹
1953 2155 2068 2192 non
2101 2138 2355 2204 viduam,
2386 2153 2500 2192 non
2527 2138 2807 2208 abjectam
2837 2159 2863 2186 ››
2895 2137 3108 2192 habere
3137 2151 3303 2208 posse
3329 2136 3530 2206 conju-

1888 2248 2021 2302 gem
2049 2232 2426 2286 sacerdotem.

1961 2326 2045 2380 llI.
2077 2327 2151 2380 De
2178 2325 2332 2380 laicis
2359 2342 2488 2378 vero
2521 2325 2721 2395 religio
2753 2329 2850 2378 tua
2878 2325 3162 2379 consuluit
3191 2341 3332 2396 quos
3361 2341 3526 2378 cano-

1889 2435 1988 2473 nes
2041 2419 2306 2473 ordinare
2351 2419 2672 2490 prohibeat.
2729 2421 2958 2474 Certum
3013 2425 3097 2473 est
3138 2418 3372 2490 quidem
3427 2419 3533 2472 hoc

1891 2511 2116 2583 regulas
2146 2512 2546 2567 ecclesiasticas
2575 2513 2887 2579 continere,
2936 2513 3031 2566 sed
3067 2529 3178 2566 non
3209 2511 3287 2566 ita
3334 2511 3532 2566 deﬁni-

1890 2611 2014 2660 tum
2061 2611 2162 2672 est,
2221 2609 2282 2660 ut
2329 2607 2397 2660 de
2465 2605 2732 2661 omnibus
2787 2606 2858 2658 sit
2917 2606 3076 2678 laicis
3135 2605 3528 2660 constitutum.

1890 2703 2083 2771 Neque
2113 2701 2266 2754 enim
2313 2701 2502 2754 clerici
2529 2699 2702 2766 nasci,
2737 2705 2794 2753 et
2835 2715 2950 2754 non
2991 2700 3118 2754 ﬁeri
3145 2704 3398 2770 possunt,
3428 2699 3529 2752 sed

1893 2799 2188 2870 designata
2207 2803 2339 2853 sunt
2367 2814 2594 2868 genera,
2627 2798 2696 2851 de
2721 2797 2927 2869 quibus
2947 2798 3016 2851 ad
3047 2797 3380 2852 clericatum
3409 2815 3533 2868 per-

1891 2894 2083 2948 venire
2112 2909 2228 2947 non
2257 2896 2513 2964 possunt,
2543 2892 2600 2946 id
2642 2898 2744 2960 est,
2775 2893 2818 2946 si
2847 2893 2973 2963 quis
3000 2892 3180 2946 fidelis
3207 2891 3534 2946 militaverit

1894 2987 1938 3041 si
1992 2987 2118 3058 quis
2169 2987 2356 3040 tidelis
2413 3003 2608 3040 causas
2660 2987 2863 3058 egerit,
2925 2987 3028 3040 hoc
3089 2989 3172 3040 est
3223 2987 3535 3056 postulave-

1893 3080 1986 3148 rit,
2045 3081 2092 3134 si
2145 3080 2272 3152 quis
2313 3080 2493 3134 ﬁdelis
2547 3079 3048 3134 administraverit.
3108 3080 3182 3134 De
3227 3079 3533 3134 curialibus

1894 3178 2084 3228 autem
2105 3174 2406 3228 manifesta
2423 3173 2565 3228 ratio
2586 3177 2688 3240 est,
2713 3173 2983 3245 quoniam
3015 3177 3071 3227 et
3097 3173 3142 3227 si
3166 3173 3534 3227 inveniantur

385 3231 394 3236 ,
635 3231 654 3243 ,
1198 3231 1212 3232 κ
1284 3231 1432 3234 κ
1485 3231 1598 3234 __-_-
1642 3231 1760 3252 ᾐτ-
2677 3231 2687 3240 .
2729 3231 2749 3245 .

151 3259 373 3328 cienda,
403 3277 602 3314 verum
630 3263 804 3317 etiam
823 3265 1044 3320 noverit
1064 3285 1182 3323 esse
1212 3269 1558 3326 damnanda.
1589 3272 1788 3326 Datum
1811 3231 1865 3306 Ο
1891 3268 1986 3338 huj
1999 3268 2215 3322 usmodi
2239 3267 2341 3322 viri
2370 3267 2466 3338 qui
2499 3268 2748 3322 debeant
2775 3267 2962 3321 clerici
2989 3267 3133 3332 fieri,
3165 3271 3358 3320 tamen
3385 3283 3529 3338 quo-

151 3369 186 3407 x
231 3354 468 3410 Kalend.
541 3355 744 3426 Martii,
800 3359 1072 3416 Stilicone
1151 3368 1208 3416 et
1270 3364 1536 3419 Antemio
1586 3383 1786 3419 consu-

153 3447 316 3502 libus.

151 3558 400 3626 Epistola
455 3562 748 3616 Innocentii
782 3562 858 3616 ad
898 3565 1122 3619 Felicem
1173 3567 1539 3623 Nucerianum
1585 3558 1788 3641 cepisse-

888 3651 1043 3706 pum.

229 3737 276 3787 t.
311 3734 366 3789 Si
391 3734 520 3805 quis
543 3735 736 3790 volens
770 3741 994 3808 partem
1026 3740 1112 3794 sui
1140 3743 1388 3812 corporis
1414 3744 1792 3814 amputaverit

155 3823 390 3878 clericus
417 3841 538 3878 esse
569 3841 685 3881 non
717 3830 924 3898 potest,
947 3830 1146 3884 nolens
1171 3835 1362 3886 autem
1389 3837 1594 3904 potest.

223 3921 276 3972 2.
340 3919 502 3982 Quod
548 3919 764 3992 digami
827 3922 900 3976 ad
957 3924 1174 3979 clerum
1229 3927 1449 3982 admitti
1511 3946 1630 3984 non
1669 3947 1794 4001 pos-

157 4011 309 4062 sunt.

227 4106 277 4158 3.
331 4103 438 4167 Qui
469 4104 539 4158 de
569 4105 726 4161 laicis
767 4107 840 4162 ad
879 4109 1094 4164 clerum
1151 4128 1267 4166 non
1297 4111 1508 4169 debent
1557 4132 1787 4186 promo-

157 4213 293 4251 verl.

225 4298 276 4350 4.
333 4297 440 4362 Qui
489 4298 560 4352 de
589 4298 743 4354 laicis
785 4305 1020 4372 possunt
1046 4304 1235 4358 clerici
1283 4307 1427 4376 ﬁeri,
1474 4307 1567 4361 hic
1596 4312 1790 4379 aperte

155 4391 476 4446 concubina
504 4393 857 4464 prohibetur.

229 4489 280 4540 5.
311 4487 390 4539 De
421 4487 772 4560 temporibus
797 4489 855 4542 in
882 4491 1032 4544 clero
1063 4491 1454 4548 immorandis.

229 4581 604 4648 lNNOCE-NTIL'S,
638 4583 839 4652 FELICI,
874 4584 1139 4656 episcopo
1169 4587 1504 4643 Nuceriano.

225 4675 410 4730 Mirari
437 4693 554 4732 non
583 4693 880 4746 possumus
896 4679 1262 4734 dilectionem
1279 4687 1435 4736 tuam
1458 4683 1614 4754 sequi
1637 4683 1794 4736 insti-

157 4775 278 4824 tuta
301 4771 585 4841 majorum
613 4773 918 4844 omniaque
949 4791 1076 4845 quae
1105 4779 1344 4846 possunt
1369 4776 1620 4847 aliquam
1652 4777 1791 4831 reci-

157 4881 292 4935 pere
337 4865 747 4920 dubitationem
792 4868 860 4922 ad
893 4885 996 4922 nos
1035 4869 1199 4940 quasi
1223 4871 1291 4923 ad
1324 4876 1492 4940 caput
1522 4875 1692 4942 atque
1722 4871 1793 4926 ad

157 4959 379 5030 apicem
424 4959 776 5030 episcopatus
821 4963 1055 5032 referre,
1111 4970 1175 5018 ut
1223 4965 1480 5018 consulta
1537 4965 1798 5020 videlicet

159 5053 318 5106 sedes
359 5054 664 5124 apostolica
693 5072 760 5110 ex
799 5057 936 5127 ipsis
985 5058 1153 5112 rebus
1205 5059 1391 5112 dubiis
1433 5063 1652 5114 certum
1693 5060 1793 5114 ali-

159 5146 298 5216 quid
341 5147 669 5203 faciendum
701 5152 1052 5220 pronuntiet.
1101 5152 1268 5217 Quod
1312 5160 1369 5208 et
1407 5171 1513 5208 nos
1553 5155 1799 5209 libenter

161 5241 472 5312 accipimus
501 5247 556 5297 et
581 5243 946 5299 dilectionem
971 5250 1128 5300 tuam
1159 5264 1478 5303 memorem
1515 5265 1800 5304 canonum

161 5331 575 5402 approbamus.
611 5333 892 5404 Scripsisti
921 5353 1057 5407 ergo
1084 5337 1236 5409 quod
1267 5339 1484 5394 fervore
1523 5340 1654 5394 fidei
1684 5355 1798 5410 quo

161 5426 342 5495 polles
366 5431 425 5480 et
453 5443 649 5482 amore
670 5433 879 5484 sanctae
907 5432 1106 5501 plebis,
1134 5433 1218 5486 vel
1248 5433 1597 5504 reparaveris
1623 5435 1797 5489 eccle-

161 5521 270 5572 sias
299 5519 426 5588 Dei,
453 5521 542 5574 vel
579 5537 757 5576 novas
782 5540 1034 5595 quasque
1062 5527 1460 5596 construxeris,
1491 5528 1590 5582 sed
1625 5528 1684 5582 in
1715 5528 1804 5582 his

159 5625 306 5680 quos
332 5609 572 5664 clericos
617 5613 928 5667 constituas
973 5631 1086 5668 non
1133 5616 1361 5684 habere,
1395 5618 1616 5690 aliquos
1671 5635 1802 5672 vero

161 5703 420 5772 mutilos,
449 5705 672 5776 aliquos
697 5706 956 5778 digamos
994 5725 1133 5776 esse,
1177 5710 1250 5764 ad
1281 5713 1436 5782 quod
1486 5712 1805 5784 stupuimus

161 5799 514 5867 prudentem
571 5799 776 5870 virum,
823 5801 892 5855 de
935 5801 1022 5856 his
1061 5804 1302 5859 voluisse
1343 5807 1638 5860 consulere
1679 5823 1806 5878 quae

164 5897 439 5952 omnibus
477 5903 612 5954 sunt
655 5903 808 5954 certa
849 5901 1071 5956 ratione
1113 5907 1424 5974 comperta.
1485 5905 1634 5978 Ergo
1693 5923 1808 5960 non

581 5997 852 6061 PATROL.
908 5999 1135 6064 CXXX.

1890 3362 2046 3416 niam
2082 3361 2286 3432 smpius
2325 3361 2394 3414 ad
2434 3361 2650 3414 curiam
2699 3363 3052 3430 repetuntur,
3100 3359 3417 3414 cavendum
3459 3359 3530 3414 ab

1892 3456 1979 3509 his
2034 3461 2118 3510 est
2165 3458 2400 3525 prapter
2449 3454 2882 3509 tribulationem
2941 3470 3068 3524 quae
3116 3470 3266 3523 saepe
3327 3453 3396 3506 de
3441 3451 3531 3507 his

1891 3549 2154 3603 Ecclesiae
2182 3547 2467 3619 provenit.

1965 3645 2047 3696 ιν.
2081 3642 2224 3696 Laici
2249 3659 2398 3710 vero,
2423 3641 2516 3712 qui
2553 3641 2824 3696 habentes
2847 3657 3046 3696 uxores
3075 3641 3342 3712 baptizati
3373 3643 3526 3708 sunt,

1893 3755 1957 3791 ac
1985 3737 2028 3788 si
2055 3753 2110 3790 se
2143 3736 2604 3801 instituerunt,ut
2633 3734 2829 3805 opinio
2857 3751 3052 3789 eorum
3083 3736 3140 3789 in
3171 3735 3326 3789 nullo
3356 3734 3525 3788 vacil-

1891 3831 1988 3896 let,
2011 3835 2074 3884 ut
2097 3835 2194 3883 aut
2220 3829 2434 3883 clericis
2453 3828 2634 3899 juncti
2663 3828 2796 3895 sint,
2816 3833 2914 3883 aut
2940 3829 3300 3883 monasteriis
3325 3846 3390 3883 ex
3415 3844 3530 3900 quo

1891 3924 2160 3996 baptizati
2212 3924 2324 3977 sint
2366 3922 2658 3990 haeserint,
2707 3922 2754 3976 si
2803 3940 2916 3977 non
2965 3922 3364 3990 concubinam,
3415 3939 3530 3978 non

1891 4025 2152 4097 pellicem
2176 4022 2458 4089 noverint,
2495 4022 2542 4075 si
2569 4023 2629 4076 in
2661 4021 2926 4076 omnibus
2954 4021 3222 4094 operibus
3261 4021 3530 4093 vigilave-

1892 4119 2152 4186 rint,non
2171 4110 2553 4188 prohibentur
2569 4115 2902 4187 hujusmodi
2921 4117 2994 4171 ad
3008 4117 3302 4172 clericatus
3323 4120 3534 4172 sortem

1893 4213 2125 4268 assumi.

1963 4309 2026 4361 ν.
2061 4309 2142 4362 lta
2167 4323 2300 4360 sane
2336 4309 2394 4359 ut
2421 4304 2478 4357 in
2506 4321 2604 4358 eos
2635 4307 2892 4374 tempora
2920 4320 2952 4356 a
2977 4303 3284 4374 majoribus
3319 4303 3532 4358 consti-

1893 4405 2013 4456 tuta
2057 4403 2373 4466 serventur,
2423 4414 2524 4452 nec
2574 4396 2686 4450 cito
2719 4396 2961 4466 quilibet
3009 4399 3204 4462 lector,
3247 4397 3357 4451 cito
3401 4413 3530 4451 aco‘

1893 4496 2059 4566 lytus,
2089 4495 2197 4548 cito
2223 4493 2512 4558 diaconus,
2536 4491 2644 4546 cito
2675 4491 2932 4545 sacerdos
2963 4491 3078 4557 fiat,
3107 4490 3238 4562 quia
3261 4491 3320 4545 in
3347 4491 3530 4546 mino-

1811 4589 2050 4681 Dribus
2095 4587 2292 4642 ofﬁciis
2331 4586 2378 4638 si
2419 4585 2516 4639 diu
2541 4583 2854 4654 perdurent
2895 4588 2950 4638 et
2995 4584 3108 4638 vita
3137 4601 3336 4638 eorum
3380 4583 3530 4655 pari-

1895 4688 1984 4736 ter
2030 4685 2088 4736 et
2129 4679 2397 4751 obsequia
2433 4678 2892 4749 comprobantur,
2937 4683 2996 4732 ut
3042 4679 3114 4732 ad
3157 4678 3532 4734 sacerdotium

1894 4777 2126 4849 posthac
2168 4773 2410 4829 emensis
2457 4772 2868 4843 stipendiorum
2900 4771 3119 4826 meritis
3153 4772 3401 4840 veniant,
3429 4789 3534 4828 nec

1895 4869 2228 4944 prmripiant
2252 4868 2407 4940 quod
2432 4867 2546 4922 vita
2573 4867 2805 4938 probata
2831 4871 3086 4921 meretur
3098 4867 3374 4938 accipere.
3394 4869 3540 4933 Quo-

1893 4963 2052 5019 niam
2093 4981 2229 5036 ergo
2276 4965 2430 5018 certa
2482 4959 2821 5016 deﬁnitione
2873 4964 3248 5014 monstratum
3303 4967 3386 5016 est
3437 4963 3536 5034 qui

1897 5059 2138 5114 debeant
2156 5057 2382 5112 admitti
2405 5056 2570 5128 quive
2595 5053 2908 5125 reprobari,
2929 5071 2994 5108 ex
3010 5055 3096 5109 his
3113 5055 3376 5110 omnibus
3393 5073 3538 5128 quos

1897 5153 2051 5208 videt
2091 5151 2348 5223 dignatio
2381 5153 2478 5204 tua
2503 5165 2618 5203 non
2661 5163 2824 5218 posse
2869 5149 3180 5218 reprobari,
3212 5150 3424 5220 eligere
3449 5152 3542 5207 de-

1897 5247 2058 5302 bebis
2091 5263 2234 5318 quos
2269 5244 2496 5299 clericos
2522 5242 2716 5296 facias.
2755 5241 2814 5297 Si
2841 5243 2997 5296 enim
3041 5244 3255 5297 nullam
3293 5245 3536 5316 gratiam

1901 5341 2226 5396 hominibus
2246 5343 2345 5393 aut
2367 5337 2703 5392 beneﬁcium
2724 5339 2992 5407 praestare
3021 5337 3280 5406 velimus,
3297 5339 3442 5394 tales
3459 5340 3544 5393 in-

1899 5435 2097 5490 venire
2127 5449 2448 5506 possumus,
2500 5431 2570 5485 de
2601 5447 2845 5502 quorum
2887 5432 3278 5503 assumptione
3315 5449 3418 5488 nec
3449 5434 3538 5486 in-

1902 5545 2128 5584 currere
2161 5545 2264 5582 nec
2293 5527 2623 5582 erubescere
2650 5526 2952 5580 valeamus.

1903 5652 1976 5704 De
1997 5649 2079 5702 his
2108 5648 2204 5716 qui
2229 5648 2285 5698 in
2311 5645 2645 5714 presbyterio
2674 5643 2810 5711 ﬁlios
2839 5648 3158 5708 genuerunt,
3187 5649 3245 5694 ut
3271 5643 3338 5696 ab
3367 5645 3539 5712 ofﬁcio

2525 5729 2804 5768 remo-rear:
2815 5721 2920 5768 tur.

1977 5815 2332 5868 iNNOCENTlL‘S
2377 5810 2595 5864 ΜΑχιδίο
2627 5811 2683 5862 et
2726 5808 2937 5862 δεητιιο
2967 5806 3242 5877 episcopis
3283 5823 3391 5878 per
3421 5807 3538 5864 Bri-

1907 5907 2033 5962 tios.

3113 6003 3184 6060 ἓζι
