4034 6302
523 328 627 381 707

1419 323 1701 378 APPEND.
1740 323 1829 377 AD
1865 323 2024 378 SEO.
2070 321 2157 377 IX.
2184 350 2255 362 —
2292 321 2536 379 ISIDORI
2571 322 2996 379 MERCATORIS

3794 325 3903 379 708

591 432 1111 488 Ecclesiasticorum
1139 446 1422 486 canonum
1438 446 1643 485 norma
1671 430 1812 484 nulli
1841 446 1962 485 esse
1987 430 2154 486 debet
2174 443 2232 516 Α
2254 432 2538 487 volumine
2564 432 2886 486 litterarum
2929 435 3253 486 nostrarum
3282 429 3676 502 conspexerim
3716 435 3903 486 retra-

524 526 819 598 incognita
837 525 1134 591 sacerdoti,
1156 525 1288 596 quia
1313 524 1512 579 nesciri
1538 524 1658 578 Ι]ωο
1677 542 1710 578 a
1728 524 1995 595 pontifice
2016 525 2153 579 satis

526 625 611 676 est
639 621 994 687 indecorum,
1026 619 1273 674 maxime
1308 635 1434 673 cum
1468 635 1501 672 a
1530 618 1684 672 laicis
1714 618 1995 690 religiosis
2020 618 2153 673 viris

519 716 730 769 sciatur
750 717 807 767 et
834 712 1209 768 custodienda
1234 729 1353 766 esse
1391 712 1651 766 ducatur.
1699 713 1890 782 Nuper
1914 711 2152 782 quidem

520 806 930 863 Maximilianus
949 805 1097 861 ﬁlius
1123 810 1316 861 noster
1342 822 1519 877 agens
1546 806 1607 860 in
1632 807 1798 861 rebus
1825 806 2155 877 hujusmodi

520 902 746 973 qualem
774 900 1066 972 querelam
1094 900 1378 969 detulerit,
1402 899 1716 971 libelliejus
1740 900 1918 954 serius
1934 915 2157 955 annexa

519 996 789 1050 declarat.

589 1089 695 1153 Qui
723 1089 842 1143 zelo
864 1088 997 1143 fidei
1029 1091 1086 1143 et
1110 1087 1422 1159 disciplinae
1451 1088 1654 1143 ductus
1678 1104 1797 1142 non
1820 1086 2034 1159 patitur
2063 1088 2154 1142 Ec-

520 1184 751 1247 clesiam
782 1182 960 1254 pollui
987 1182 1058 1236 ab
1084 1182 1334 1252 indignis
1362 1182 1726 1253 presbyteris,
1759 1198 1898 1252 quos
1925 1183 1985 1235 in
2017 1198 2157 1252 prae-

520 1277 768 1348 sbyterio
811 1276 959 1331 ﬁlios
1002 1276 1201 1330 asserit
1228 1291 1592 1346 procreasse:
1637 1275 1789 1346 quod
1818 1293 1935 1331 non
1986 1275 2156 1330 licere

519 1382 866 1439 exponerem
914 1365 1022 1419 nisi
1068 1382 1295 1419 nossem
1325 1368 1568 1419 vestram
1618 1365 1986 1436 prudentiam
2016 1364 2155 1436 legis

520 1462 692 1532 totius
734 1460 942 1515 habere
969 1459 1249 1513 notitiam.
1300 1460 1369 1513 Et
1393 1458 1545 1526 ideo,
1576 1459 1777 1514 fratres
1817 1459 2153 1526 charissimi,

517 1555 696 1610 libelli
727 1553 823 1626 qui
867 1553 1152 1623 subjectus
1180 1556 1267 1606 est
1312 1556 1505 1608 tenore
1548 1560 1868 1624 perspecto,
1923 1570 2017 1607 eos
2057 1551 2155 1624 qui

517 1649 652 1703 talia
672 1653 1029 1720 perpetrasse
1064 1647 1352 1715 dicuntur,
1378 1646 1654 1717 jubebitis
1681 1648 1741 1701 in
1768 1647 1954 1702 medio
1979 1648 2153 1701 collo-

518 1742 656 1812 cari,
678 1741 1050 1812 discussisque
1070 1741 1481 1811 objectionibus
1501 1756 1629 1812 quae
1652 1740 1788 1811 ipsis
1814 1741 2155 1812 presbyteris

2253 525 2436 580 ctabo.
2467 526 2642 580 Grave
2667 542 2781 579 non
2812 526 3065 596 oportuit
3086 525 3265 580 videri
3300 525 3570 595 piissimis
3607 527 3906 580 mentibus

2253 618 2448 673 vestris
2468 620 2853 689 cujuscunque
2883 618 3173 673 retractari
3193 618 3497 689 judicium,
3525 620 3661 690 quia
3693 620 3904 673 veritas

2256 713 2535 783 exagitata
2565 713 2771 782 saepius
2798 713 2985 783 magis
3029 712 3370 784 splendescit
3396 713 3452 766 in
3484 714 3632 777 luce,
3679 718 3737 767 et
3766 731 3902 784 per-

2257 806 2774 861 niciesrevocatain
2798 806 3084 877 judicium
3112 808 3337 877 gravius
3354 812 3408 861 et
3423 807 3544 861 sine
3566 807 3906 877 pmnitentia

2256 902 2694 956 condemnatur.
2726 902 2867 954 Nam
2898 901 3114 955 fructus
3135 900 3358 955 divinus
3384 905 3471 955 est
3486 901 3773 971 justitiam
3805 918 3906 953 sae-

2256 995 2383 1065 pius
2403 993 2452 1066 1
2468 994 2595 1065 74
2627 993 2930 1061 recenseri,
2952 994 3156 1048 fratres
3181 994 3516 1062 charissimi,
3536 1011 3739 1049 verum
3761 993 3907 1049 illud

2256 1088 2420 1142 video
2442 1088 2682 1143 movisse
2700 1087 2920 1142 animos
2936 1091 3149 1142 vestros
3166 1087 3319 1158 quod
3339 1087 3399 1141 in
3420 1087 3614 1141 multis
3637 1088 3906 1141 Bubalius

2256 1198 2405 1251 saepe
2459 1181 2693 1235 fallaciis
2747 1181 3138 1252 deprehensus
3213 1181 3483 1252 objecerit
3546 1182 3903 1252 exemplaria

2255 1274 2518 1329 ﬁctarum
2546 1275 2709 1345 quasi
2737 1291 2771 1329 a
2796 1272 2956 1328 nobis
2988 1274 3331 1340 litterarum,
3365 1291 3494 1328 cum
3524 1292 3626 1345 pro
3658 1291 3900 1329 consuc-

2255 1369 2456 1424 tudine
2480 1368 2729 1423 hominis
2755 1369 2897 1423 nihil
2926 1369 3075 1439 quod
3104 1369 3383 1440 perferret
3404 1369 3524 1439 jam
3546 1369 3661 1423 fide
3688 1370 3905 1441 dignis-

2255 1463 2466 1517 simum
2496 1462 2801 1517 videretur.
2835 1461 2949 1517 Sed
2976 1463 3206 1516 sileatur
3234 1479 3403 1516 omne
3421 1463 3545 1533 jam
3573 1463 3643 1517 de
3668 1464 3767 1517 tali
3796 1480 3898 1517 ne-

2258 1557 2410 1629 gotio
2467 1573 2751 1625 murmur,
2801 1559 2858 1609 et
2912 1555 3151 1610 convicti
3199 1555 3409 1610 diaboli
3461 1556 3568 1627 ipsi
3613 1557 3905 1610 anhelitus

2255 1651 2721 1721 comprimantur.
2748 1650 2882 1720 Subj
2894 1651 3158 1704 unximus
3177 1653 3372 1703 autem
3396 1650 3482 1703 his
3505 1650 3731 1721 priores
3754 1650 3903 1705 litte-

2257 1762 2364 1813 ras,
2391 1761 2531 1816 quas
2550 1761 2652 1815 per
2673 1747 3019 1799 memoratos
3050 1742 3341 1814 episcOpos
3368 1743 3733 1811 miseramus,
3770 1744 3898 1816 qui-

517 1837 939 1908 impinguntur,
961 1835 1007 1889 si
1034 1834 1274 1890 convicti
1300 1834 1532 1903 fuerint,
1553 1852 1586 1888 a
1612 1835 1942 1892 sacerdotali
1963 1851 2152 1889 remo-
2176 1819 2231 1891 Β
2255 1839 2359 1893 bus
2388 1839 2467 1893 ita
2492 1838 2751 1909 plenaria
2772 1854 3043 1891 sensuum
3072 1841 3402 1891 nostrorum
3428 1839 3717 1892 sententia
3748 1838 3899 1892 desi-

518 1935 755 1986 veantur
783 1929 992 1996 officio,
1011 1930 1144 2001 quia
1172 1928 1269 2000 qui
1296 1928 1477 1983 sancti
1502 1945 1619 1983 non
1644 1932 1795 1996 sunt,
1824 1931 2018 1983 sancta
2037 1932 2152 1983 tra-

519 2027 675 2080 ctare
698 2040 812 2079 non
842 2028 1099 2095 possunt,
1116 2025 1284 2094 atque
1316 2022 1483 2077 alieni
1511 2022 1828 2077 efficiantur
1851 2041 1885 2077 a
1910 2022 2157 2077 ministe-

516 2118 602 2173 rio
631 2118 783 2190 quod
827 2117 1066 2172 vivendo
1107 2116 1298 2171 illicite
1343 2116 1690 2187 polluerunt.
1724 2116 1995 2171 Miramur
2032 2117 2154 2170 haec

519 2229 715 2266 eorum
743 2210 1101 2266 dissimulare
1144 2210 1439 2281 episcopos
1463 2215 1529 2265 ut
1555 2214 1652 2265 aut
1689 2210 2013 2278 connivere,
2058 2212 2157 2264 aut

516 2300 734 2357 nescire
759 2316 878 2355 esse
906 2299 1098 2354 illicita
1115 2298 1469 2369 judicentur.

696 2448 851 2517 Quod
868 2449 1244 2520 pamitentiam
1269 2449 1451 2520 nullus
1478 2448 1552 2503 ad
1580 2449 1781 2504 clerum
1801 2451 1976 2519 possit

1213 2519 1453 2575 admitti.

586 2639 950 2695 INNOCENTIUS
974 2638 1233 2704 AGAPITO,
1261 2637 1577 2693 MACEDONIO
1607 2640 1663 2692 et
1686 2636 1976 2691 Mannum
2003 2634 2152 2707 epis-

517 2733 671 2805 copis
695 2730 909 2803 Apulis.

589 2826 760 2881 Mulla
797 2824 855 2878 in
882 2823 1171 2895 provincia
1200 2827 1401 2878 contra
1440 2840 1692 2878 canones
1723 2822 2152 2891 ecclesiasticos,

516 2921 852 2990 decretaque
874 2917 1160 2988 majorum
1187 2917 1450 2988 usurpari
1468 2934 1501 2971 a
1530 2916 1813 2989 plurimis,
1838 2920 1893 2971 et
1924 2916 2152 2971 relatio-

518 3031 618 3070 nes
663 3011 1018 3067 diversorum
1065 3014 1121 3065 et
1168 3011 1566 3081 suggestiones
1618 3010 1904 3064 ﬁdissimaa
1946 3010 2150 3064 retule-

518 3110 671 3176 runt,
697 3122 823 3178 qua:
848 3105 1076 3176 quidem
1103 3107 1330 3175 possent
1349 3103 1509 3158 facile
1535 3103 1802 3173 resecari,
1834 3103 1877 3157 si
1910 3103 2153 3174 episcopi

518 3202 578 3257 in
610 3200 697 3255 his
723 3217 841 3255 non
870 3198 1263 3254 invenirentur
1292 3202 1569 3252 auctores.
1601 3197 1709 3261 Qui
1730 3198 1864 3251 dum
1893 3202 1992 3251 aut
2010 3198 2150 3251 ami-
2174 3200 2229 3273 Ο

519 3296 600 3351 cis
630 3298 729 3349 aut
778 3293 1216 3364 obsequentibus
1262 3292 1506 3362 gratiam
1546 3295 1817 3363 praestare
1869 3291 2149 3359 nituntur,

516 3388 858 3462 religionem
887 3387 1118 3453 violant,
1167 3386 1509 3457 ordinesque
1549 3390 1942 3457 corrumpunt,
1986 3402 2048 3439 ac
2074 3386 2152 3440 sic

517 3484 708 3540 evenit
739 3486 804 3537 ut
841 3481 1064 3551 indigni
1100 3480 1312 3552 quique
1351 3481 1597 3535 honores
1624 3480 1935 3551 suscipiant
1983 3480 2154 3533 eccle-

516 3578 789 3643 siasticos,
833 3581 888 3630 et
929 3574 1307 3628 admittantur
1335 3574 1402 3627 ad
1448 3575 1685 3639 clerum,
1718 3572 1815 3645 qui
1870 3590 1976 3627 nec
2006 3573 2155 3627 inter

515 3673 687 3727 laicos
718 3669 946 3742 quidem
998 3667 1240 3738 dignum
1284 3667 1469 3722 locum
1508 3667 1720 3722 habere
1772 3669 2149 3735 mererentur,

515 3765 684 3820 sicuti
719 3764 777 3817 in
811 3779 963 3817 nunc
1008 3762 1141 3816 dato
1178 3760 1339 3815 nobis
1389 3761 1581 3816 libello
1616 3765 1998 3816 monstratum
2046 3764 2151 3815 est.

517 3858 831 3915 Modestum
873 3855 1187 3927 quemdam
1232 3856 1427 3909 multis
1458 3854 1786 3909 criminibus
1816 3856 2150 3924 involutum,

519 3957 755 4026 propter
781 3966 908 4021 quae
935 3949 1113 4003 etiam
1154 3947 1547 4019 penitentiam
1575 3948 1755 4019 egisse
1786 3948 2006 4015 dicitur,
2040 3965 2154 4003 non

519 4046 704 4102 solum
755 4042 1023 4098 clericum
1064 4041 1347 4109 effectum,
1402 4041 1554 4113 quod
1594 4059 1712 4097 non
1769 4042 1919 4111 licet,
1957 4059 2153 4097 verum

520 4141 691 4196 etiam
719 4137 790 4193 ad
813 4137 1168 4209 episcopatus
1214 4136 1434 4207 apicem
1462 4152 1593 4191 eum
1626 4135 1867 4203 tradere,
1898 4152 2029 4191 cum
2060 4154 2151 4191 ca-

517 4250 698 4291 nones
723 4232 873 4304 apud
914 4230 1154 4285 Nicaeam
1197 4230 1485 4285 constituti
1517 4230 1856 4302 pcenitentes
1886 4230 2057 4285 etiam
2084 4229 2153 4285 ab

517 4328 730 4385 infimis
750 4325 952 4382 officiis
984 4324 1315 4379 clericorum
1337 4325 1660 4379 excludant.
1684 4325 1751 4379 Et
1774 4324 1923 4394 ideo,
1953 4324 2154 4379 fratres

519 4420 855 4487 charissimi,
888 4427 1182 4492 perspecto
1211 4424 1409 4473 tenore
1436 4418 1609 4473 libelli
1641 4434 1771 4473 eum
1791 4418 1987 4488 juhete
2014 4435 2156 4489 pra:-

521 4516 750 4583 sentari,
781 4531 845 4569 ac
872 4513 917 4567 si
948 4529 1079 4567 vere
1124 4511 1441 4568 constiterit
1467 4513 1640 4567 talem
1671 4513 1897 4584 qualem
1932 4512 2155 4566 libellus

519 4612 790 4679 affirmat,
822 4624 934 4662 non
966 4606 1150 4661 solum
1178 4606 1247 4661 ab
1271 4606 1597 4675 ambitione,
1621 4606 1720 4661 sed
1744 4606 1914 4661 etiam
1942 4624 1973 4660 ει
2002 4574 2233 4660 cleri-D

520 4709 675 4761 catus
706 4705 1072 4759 removeatur
1099 4700 1300 4755 ofﬁcio.

521 4850 597 4903 De
636 4844 865 4902 Bubalio
907 4846 958 4897 et
1003 4843 1277 4897 Tauriano
1321 4839 1596 4895 damnatis
1643 4857 1677 4894 a
1726 4841 2156 4911 provincialibus

593 4917 873 4988 episcopis,
914 4929 1140 4988 quorum
1182 4915 1501 4968 sententiam
1544 4912 1692 4966 sedes
1740 4914 2032 4982 apostolica
2071 4929 2156 4967 re-

597 4987 917 5043 tractatione
940 4987 1171 5040 curavit.

596 5125 955 5181 INNOCENTIUS
982 5121 1151 5186 Ruro,
1177 5118 1476 5185 GERONTIO,
1506 5118 1833 5185 Soraaomo,
1862 5118 2154 5189 FLAVIANO,

525 5219 866 5285 MACEDONIO,
920 5217 1220 5270 Paosnorio
1291 5216 1349 5265 et
1400 5213 1651 5278 Omsrso,
1714 5212 1991 5283 episcopis
2056 5230 2158 5285 per

525 5311 908 5369 Macedoniam
934 5307 1269 5363 constitutis.

596 5409 745 5462 Mora
766 5403 1233 5476 coepiscoporum
1262 5403 1588 5454 nostrorum
1621 5399 1941 5454 Maximiani
1969 5408 2025 5456 et
2046 5404 2150 5457 Eu-

528 5502 727 5569 menii,
771 5500 855 5552 vel
896 5497 1084 5568 potius
1135 5494 1528 5564 importunitas
1579 5496 1845 5565 temporis
1895 5497 2045 5563 fecit,
2095 5501 2158 5551 ut

528 5614 629 5652 vos
657 5591 938 5649 iterat-etis
979 5589 1049 5642 dc
1081 5587 1308 5641 Bubalio
1341 5591 1396 5640 rt
1437 5588 1708 5641 Tuuriano
1735 5590 2153 5661 querimoniam

528 5700 583 5746 et
608 5708 709 5745 nos
741 5689 948 5741 iterum
997 5682 1055 5736 in
1080 5680 1343 5735 homines
1395 5681 1805 5753 perditissimus
1832 5684 2152 5757 insurgere-

528 5802 674 5838 mus.
705 5780 832 5847 Sed,
863 5780 930 5833 ut
962 5791 1210 5848 possum,
1258 5775 1616 5846 paucioribus
1650 5778 1835 5833 verbis
1866 5782 2156 5833 tantorum

530 5878 805 5932 malorum
835 5869 1102 5924 imitabor
1126 5870 1543 5939 compendium,
1583 5873 1639 5924 et
1665 5872 1903 5926 strictim
1933 5888 2059 5942 quas
2099 5872 2158 5926 in

2256 1937 2432 2004 gnata
2450 1935 2550 2000 est,
2582 1937 2648 1986 ut
2677 1931 2818 1986 dum
2850 1931 3165 2002 relegeritis
3191 1930 3335 1986 nihil
3354 1931 3721 2002 ambiguum,
3756 1932 3901 1986 nihil

2253 2026 2665 2097 requirendum
2714 2025 2771 2079 in
2820 2026 2923 2079 hac
2978 2042 3145 2079 causa
3196 2025 3266 2079 de
3328 2028 3535 2079 caetero
3601 2026 3900 2096 repetatis.

2255 2122 2405 2175 Hanc
2429 2126 2621 2174 autem
2645 2119 2980 2191 paginulam
3016 2124 3272 2173 nostram
3301 2104 3596 2173 sellicitius
3616 2119 3904 2173 credenti-

2253 2214 2360 2269 bus
2404 2214 2509 2268 sibi
2565 2212 2843 2285 episcopis
2886 2213 3251 2284 relegendam
3302 2212 3530 2282 mittite,
3591 2216 3659 2267 ut
3718 2213 3904 2268 sciant

2253 2308 2577 2380 plenissime
2616 2307 2753 2379 quid
2804 2307 2875 2361 sit
2922 2307 2990 2361 de
3047 2306 3277 2361 Bubalio
3342 2310 3399 2361 et
3438 2307 3742 2362 Taurianio
3794 2324 3901 2361 cce-

2254 2402 2503 2474 terisque
2594 2400 3048 2473 pronuntiatum,
3114 2404 3180 2455 ut
3257 2403 3486 2455 servent
3564 2400 3664 2472 qui
3738 2401 3903 2473 digni

2252 2495 2638 2551 admonitione
2680 2500 2815 2549 sunt
2861 2511 3055 2549 cavere
3097 2511 3131 2548 a
3157 2494 3385 2565 talibus,
3422 2510 3495 2548 ne
3544 2494 3758 2548 talibus
3814 2512 3900 2548 so-

2254 2589 2496 2643 cientur.

2603 2663 2674 2715 De
2699 2662 2973 2714 inuasione
2991 2660 3265 2729 parochias
3293 2659 3540 2714 alterius.
3606 2734 3617 2747 ⁸

2329 2778 2675 2833 INNOCENTIUS
2708 2777 3015 2832 FLORENTIO
3049 2775 3309 2847 episcopo
3338 2775 3749 2831 Tiburtinensi.

2326 2872 2447 2925 Non
2476 2871 2653 2925 semel
2690 2870 2787 2923 scd
2815 2868 3117 2940 aliquoties
3149 2871 3357 2923 clamat
3389 2868 3680 2940 Scriptura
3708 2870 3904 2925 divina

2255 2964 2549 3019 transferri
2588 2982 2700 3018 non
2732 2966 2995 3033 oportere
3040 2962 3313 3018 terminos
3340 2980 3372 3017 a
3418 2963 3702 3034 prioribus
3736 2964 3901 3019 insti-

2257 3062 2426 3127 tutos,
2448 3058 2581 3129 quia
2602 3058 2757 3112 nefas
2784 3063 2886 3124 est,
2910 3058 2957 3111 si
2974 3056 3128 3129 quod
3150 3057 3296 3112 alter
3315 3074 3537 3128 semper
3554 3058 3899 3129 possederit,

2256 3154 2400 3207 alter
2426 3152 2674 3218 invadat,
2706 3151 2857 3222 quod
2888 3156 3044 3205 tuam
3078 3151 3395 3205 bonitatem
3420 3152 3599 3206 frater
3627 3158 3685 3207 et
3707 3154 3904 3224 coepi-

2255 3264 2456 3317 scopus
2489 3251 2680 3302 noster
2716 3247 2888 3300 Ursus
2930 3246 3126 3299 asserit
3169 3248 3545 3316 perpetrasse.
3592 3247 3737 3300 Nam
3786 3248 3899 3301 N0-

2254 3347 2587 3394 mentanam
2632 3340 2747 3395 sive
2793 3339 3157 3394 Faciliensem
3214 3339 3545 3410 parochiam
3604 3339 3682 3393 ad
3738 3357 3903 3394 suam

2254 3432 2537 3488 dioecesim
2555 3452 2586 3487 a
2602 3434 2912 3505 majoribus
2929 3433 3311 3505 pertinentem
3334 3432 3599 3487 invasisse
3624 3436 3703 3503 te,
3728 3439 3904 3505 atque

2253 3527 2365 3581 illic
2391 3528 2578 3581 divina
2606 3527 2915 3582 celebrasse
2947 3527 3221 3599 mysteria
3252 3526 3449 3581 eodem
3480 3543 3545 3580 ac
3576 3527 3893 3593 nesciente,

2255 3638 2367 3675 non
2397 3621 2515 3675 sine
2545 3621 2741 3676 dolore
2772 3625 3114 3692 conquestus
3140 3625 3241 3675 est.
3283 3619 3511 3692 Quodsi
3557 3636 3761 3674 verum
3791 3625 3895 3686 est,

2255 3731 2373 3769 non
2415 3714 2613 3769 leviter
2648 3719 2702 3769 te
2746 3714 3050 3769 incurrisse
3096 3730 3417 3785 cognoscas.
3456 3688 3618 3768 Unde
3648 3714 3697 3767 si
3731 3714 3901 3768 decli-

2252 3825 2393 3863 nare
2426 3808 2582 3879 cupis
2602 3812 2777 3862 tantae
2800 3808 3187 3879 usurpationis
3222 3807 3513 3876 invidiam,
3551 3807 3770 3861 nostris
3797 3807 3896 3861 lit-

2255 3903 2388 3956 teris
2415 3902 2772 3956 admonitum
2802 3908 2856 3957 te
2882 3902 3145 3957 convenit
3183 3901 3489 3956 abstinere.
3534 3902 3699 3955 Certe
3730 3901 3777 3955 si
3805 3901 3902 3955 ali-

2254 3996 2390 4068 quid
2417 3996 2516 4050 tibi
2546 3996 2727 4051 credis
2744 3996 2978 4067 justitiaa
3005 3995 3323 4067 suffragari,
3366 3995 3603 4066 integris
3626 3995 3899 4050 omnibus

2256 4094 2313 4145 et
2331 4090 2393 4144 in
2422 4090 2661 4162 pristino
2687 4094 2839 4145 statu
2853 4089 3375 4161 manentibus,post
3389 4088 3510 4143 dies
3538 4089 3899 4143 venerabiles

2254 4184 2482 4239 Paschaa
2499 4185 2691 4239 adesse
2719 4184 2967 4251 debebis,
2988 4190 3050 4239 ut
3076 4184 3402 4239 memoratis
3430 4182 3607 4254 possis
3624 4183 3898 4237 intentio-

2256 4279 2423 4334 nibus
2438 4279 2803 4350 respondere,
2828 4279 3318 4350 praesentibusque
3349 4278 3406 4332 in
3434 4277 3624 4331 medio
3659 4278 3901 4332 colloca~

2256 4373 2326 4427 tis
2353 4372 2492 4444 quid
2517 4372 2821 4444 antiquitas
2846 4376 2944 4426 aut
2969 4373 3175 4427 veritas
3200 4372 3410 4426 habeat
3439 4370 3821 4442 inquiramus.

2256 4486 2330 4538 De
2372 4498 2429 4537 eo
2472 4481 2627 4549 cujus
2674 4482 2739 4535 de
2782 4483 3096 4549 captivitate
3134 4495 3346 4533 reversa
3389 4483 3463 4532 est
3492 4493 3628 4532 umor
3675 4484 3737 4531 ut
3783 4495 3902 4533 eam

2446 4555 2693 4622 recipiat,
2722 4553 2895 4606 altera
2925 4568 3089 4621 quam
3119 4552 3350 4605 dumerat
3375 4550 3691 4619 repudiata.

2327 4659 2678 4712 INNOCENTIUS
2699 4657 2894 4710 Pnono.
2915 4654 3285 4711 Conturbatio
3301 4653 3557 4725 procellae
3576 4652 3899 4707 barbarica:

2256 4750 2507 4805 facultati
2544 4749 2688 4820 legis
2734 4749 2926 4803 intulit
2953 4765 3167 4802 casum.
3212 4748 3351 4802 Nam
3394 4747 3541 4801 bene
3590 4747 3899 4801 constituto

2255 4844 2619 4900 matrimonio
2663 4844 2812 4898 inter
2856 4843 3193 4898 Fortunium
3237 4845 3293 4896 et
3322 4842 3518 4896 Ursam
3558 4840 3900 4911 captivitatis

2256 4940 2514 4993 incursus
2530 4939 2740 4993 fecerat
2761 4954 3002 5005 naevum,
3028 4936 3134 4991 nisi
3153 4941 3347 4991 sancta
3365 4934 3663 5005 religionis
3684 4938 3900 4989 statuta

2258 5034 2638 5104 providerent.
2662 5036 2802 5089 Cum
2830 5031 2984 5085 enim
3012 5030 3071 5085 in
3106 5030 3428 5101 captivitate
3456 5028 3729 5101 praedicta
3762 5031 3901 5083 Ursa

2257 5127 2464 5182 mulier
2507 5130 2817 5195 teneretur,
2867 5124 3021 5180 aliud
3064 5124 3393 5196 conjugium
3430 5139 3562 5177 cum
3617 5124 3901 5178 Restituta

2258 5222 2559 5278 Fortunius
2588 5227 2933 5277 memoratus
2964 5222 3135 5275 inisse
3163 5220 3543 5291 cognoscitur.
3575 5220 3683 5274 Sed
3705 5219 3898 5274 favore

2256 5317 2483 5372 Domini
2498 5334 2723 5371 reversa
2750 5317 2887 5371 Ursa
2908 5316 3065 5370 adiit.
3087 5317 3153 5369 Et
3175 5315 3326 5369 nullo
3348 5314 3643 5369 diffidente
3664 5329 3896 5368 uxorem

2257 5429 2315 5466 se
2342 5411 2641 5466 memorati
2672 5427 2791 5465 esse
2824 5410 3139 5480 perdocuit.
3182 5408 3304 5472 Qua
3337 5408 3406 5463 de
3436 5424 3519 5477 re,
3555 5407 3794 5462 domine
3820 5407 3899 5461 tili

2256 5506 2461 5560 merito
2493 5505 2747 5569 illustris,
2784 5504 3083 5557 statuimus
3106 5503 3217 5557 ﬁde
3246 5502 3517 5556 catholica
3545 5502 3894 5573 suffragante

2256 5599 2395 5654 illud
2414 5617 2533 5655 esse
2556 5599 2892 5669 conjugium
2915 5598 3066 5669 quod
3096 5596 3359 5669 primitus
3376 5600 3494 5650 erat
3510 5596 3697 5667 gratia
3711 5595 3897 5651 divina

2257 5688 2580 5757 fundatum,
2616 5694 3075 5759 conventumque
3108 5686 3370 5741 secunda:
3412 5684 3669 5739 mulieris
3708 5686 3891 5757 priore

2257 5781 2579 5851 superstite,
2625 5797 2731 5834 nec
2779 5778 3021 5834 divortio
3064 5780 3283 5850 ejectaa,
3323 5778 3481 5832 nullo
3527 5780 3695 5849 pacto
3733 5792 3891 5849 posse

2258 5890 2377 5927 esse
2403 5873 2745 5944 legitimum.
