4034 6302
216 338 321 391 709

214 445 469 529 Epistula
510 448 811 529 famitiaris
854 450 929 507 ad
971 459 1188 529 sanctos
1233 457 1335 510 Dei
1376 460 1675 517 sacerdotes
1729 466 1843 519 Au-

284 517 485 604 relium
538 521 1032 593 Carthaginiensem,
1080 531 1131 581 et
1155 528 1516 596 Augustinum
1542 517 1849 604 Hipponen-

282 602 417 642 sem.

283 704 644 761 INNOCENTIUS
667 710 912 765 AURELIO
942 728 1005 767 ET
1029 716 1365 784 Accusrmo,
1395 717 1690 792 episcopis.

280 800 677 870 Acceptissimi
734 803 880 858 mihi
928 806 1197 862 Germani
1257 805 1702 885 c'ompresbyteri
1751 815 1847 870 illo

208 906 476 947 recursus
516 910 727 949 vacuus
766 897 949 952 officio
975 905 1169 956 nostro
1195 919 1313 957 esse
1348 920 1464 961 non
1493 906 1708 976 debuit,
1745 926 1848 980 per

206 984 410 1039 charos
436 987 592 1041 enim
617 989 863 1045 salutare
898 993 1258 1051 charissimos
1291 999 1541 1054 naturale
1568 1001 1843 1072 quodam-

206 1079 381 1133 modo
412 1081 576 1135 nobis
605 1083 829 1138 videtur
867 1089 924 1140 et
961 1104 1334 1161 consequens.
1378 1093 1634 1149 Gaudere
1671 1095 1846 1167 igitur

205 1170 264 1224 in
290 1173 538 1229 Domino
566 1182 807 1231 vestram
835 1182 1293 1255 germanitatem,
1323 1187 1718 1259 amantissimi,
1745 1207 1843 1244 cu-

207 1265 423 1336 pimus,
454 1274 513 1323 et
540 1287 645 1341 pro
674 1272 837 1326 nobis
862 1275 1029 1345 paria
1058 1278 1129 1332 ad
1161 1278 1461 1335 Dominum
1498 1285 1623 1336 vota
1646 1300 1845 1355 repen-

204 1358 343 1414 dere
369 1377 696 1432 precamur,
728 1366 862 1437 quia
909 1370 989 1438 (ut
1017 1370 1165 1426 bene
1198 1374 1394 1446 nostis)
1441 1377 1841 1433 communibus

204 1452 446 1508 alternis
467 1456 596 1527 plus
620 1458 841 1529 agimus
871 1463 1222 1519 orationibus
1254 1483 1424 1538 quam
1457 1469 1841 1542 singularibus

204 1550 308 1600 aut
330 1549 593 1620 privatis.

381 1658 456 1712 De
480 1660 693 1715 ratione
715 1663 968 1718 Paschali
995 1666 1069 1719 ad
1095 1668 1336 1723 eumdem
1354 1670 1658 1726 Aurelium.

272 1760 638 1818 INNOCENTIUS
676 1766 941 1822 Aoneuo.
969 1768 1272 1824 Charitatis
1320 1776 1529 1827 nostra
1582 1773 1839 1829 ofﬁcium

1449 349 1923 410 DECRETALIUM
1960 354 2347 415 COLLECTIO.

3479 369 3583 420 ’710

1870 477 1927 549 Α
1946 466 2284 537 magistrum
2310 466 2455 537 ﬁeri,
2488 467 2586 539 qui
2613 484 2911 541 nunquam
2939 469 3247 542 discipulus
3264 470 3410 528 fuit?
3438 476 3581 530 Eum

1922 630 1925 633 _
1948 576 2239 614 summum
2255 561 2380 615 ﬁeri
2401 562 2755 617 sacerdotem
2776 564 2872 634 qui
2894 580 3189 636 nunquam
3210 565 3270 620 in
3288 565 3385 622 illo
3404 568 3582 639 gradu

1950 653 2249 708 obsecutus
2267 654 2440 709 fuerit
2458 656 2754 712 sacerdoti.
2785 657 2995 729 Relege
3012 658 3415 729 praefectorum
3435 660 3582 716 litte-

1948 763 2058 817 ras,
2087 750 2143 801 et
2168 747 2295 802 vide
2315 765 2443 819 qua
2462 749 2601 804 falso
2630 751 2717 805 vel
2740 768 2842 822 pro
2869 755 3020 806 certo
3044 752 3374 808 sublimium
3394 758 3580 826 potes-

1949 842 2136 894 tatum
2160 841 2509 897 adnotentur
2535 844 2776 916 scriptis.
2809 845 3168 901 Perdidimus
3194 848 3448 917 profecto
3474 866 3581 904 nos

1946 933 2073 1004 ipsi,
2126 951 2232 989 nos
2274 935 2528 1008 inquam,
2580 938 2971 993 sanctimonia
3021 942 3422 1010 reverentiam,
3479 942 3578 1014 qui

1946 1026 2109 1099 quasi
2130 1028 2470 1085 vilissimum
2492 1030 2707 1102 aliquid
2730 1048 2985 1086 summos
3009 1033 3289 1089 efﬁcimus
3306 1036 3575 1091 sacerdo-

1945 1123 2049 1191 tes,
2077 1126 2141 1177 ut
2159 1121 2280 1193 jam
2306 1123 2542 1196 incipiat
2562 1125 2724 1196 quasi
2744 1127 2978 1180 noxium
3000 1126 3207 1199 aliquid
3232 1128 3473 1199 publicis
3494 1129 3577 1184 in-

1944 1214 2410 1272 terlocutionibus
2433 1219 2823 1274 condemnari.
2854 1221 3050 1275 Frater
3075 1221 3424 1291 charissime,
3454 1223 3577 1279 hac

1942 1310 2115 1365 velim
2134 1316 2339 1367 cuncta
2353 1312 2649 1367 recitauda
2663 1330 2767 1385 per
2783 1330 2983 1368 omnes
2997 1314 3287 1369 Africanas
3304 1317 3576 1372 Ecclesias

1943 1404 2153 1476 scripta
2180 1404 2407 1477 dirigas,
2456 1410 2511 1461 et
2543 1406 2663 1461 istis
2702 1411 3007 1462 connectas
3041 1425 3183 1480 quas
3211 1410 3576 1481 adjunximus

1942 1498 2158 1553 litteras
2180 1500 2602 1571 prafectorum,
2631 1503 2698 1556 ut
2713 1502 3012 1557 consilium
3033 1502 3103 1558 de
3124 1503 3210 1557 his
3231 1520 3357 1575 qua
3377 1503 3576 1576 inique

1941 1592 2264 1661 laudantur,
2279 1593 2706 1667 judiciumqne,
2735 1596 2782 1650 si
2804 1596 2941 1667 quid
2960 1597 3072 1651 tale
3093 1597 3320 1668 probari
3343 1598 3572 1668 poterit,

1941 1686 2060 1757 ﬁat,
2089 1691 2155 1741 ut
2175 1688 2465 1759 praterita
2495 1689 2663 1758 mala,
2693 1688 2739 1743 si
2760 1689 3075 1745 doceantur
3105 1690 3368 1760 admissa,
3399 1690 3577 1763 digna

1941 1781 2238 1836 severitate
2281 1786 2665 1851 coerceantur,
2726 1785 2785 1837 et
2839 1784 2907 1838 de
2957 1788 3163 1838 catero
3205 1788 3469 1840 caveatur
3506 1801 3577 1840 ne

201 1852 360 1906 nullo
418 1852 718 1912 intervallo
774 1859 1081 1931 dirimitur,
1129 1863 1300 1918 etiam
1343 1864 1388 1919 si
1418 1866 1615 1922 charta
1654 1868 1840 1923 nullos
1859 1857 1917 1929 B
1941 1874 2201 1929 Ecclesia
2230 1876 2493 1930 sanctitas
2519 1893 2623 1947 per
2639 1879 2895 1931 nostram
2913 1876 3146 1949 fatigata
3168 1877 3577 1950 negligentiam

199 1945 391 2016 apices
419 1947 603 2019 ferat;
634 1951 770 2006 vivit
798 1954 951 2009 enim
979 1956 1287 2026 spiritualis
1317 1960 1496 2031 gratia
1525 1962 1760 2016 alternis
1782 1963 1841 2017 in

201 2039 494 2109 cordibus,
524 2049 582 2098 et
607 2060 859 2101 amorem
903 2055 1164 2105 nostrum
1193 2052 1451 2107 confovet
1479 2055 1841 2111 sacerdotalis

199 2131 326 2203 ipsa
355 2136 609 2192 societas.
639 2140 783 2194 Cura
824 2158 983 2213 ergo,
1030 2150 1095 2199 ut
1125 2144 1365 2216 dignum
1409 2151 1512 2216 est,
1556 2149 1839 2205 unitatem

199 2228 463 2284 Ecclesia
492 2232 784 2288 custodiri.
827 2237 1096 2309 Idemque
1128 2256 1327 2294 omnes
1367 2242 1580 2312 pariter
1608 2247 1664 2298 et
1705 2258 1835 2300 sen-

197 2321 409 2377 tiamus
431 2329 488 2378 et
511 2328 973 2399 pronuntiemus,
996 2332 1172 2387 frater
1191 2335 1540 2391 charissime.
1568 2338 1678 2393 Has
1697 2354 1836 2410 ergo

198 2413 412 2470 litteras
433 2417 503 2472 de
528 2420 745 2476 ratione
768 2424 1027 2480 Paschali
1055 2427 1283 2482 alterius
1307 2428 1450 2498 (dico
1472 2429 1668 2503 futuri)
1697 2433 1836 2487 anni

195 2509 522 2582 perscripsi.
554 2515 698 2569 Nam
725 2532 856 2571 cum
885 2524 1016 2574 ante
1047 2521 1197 2575 diem
1230 2523 1595 2578 undecimum
1632 2526 1835 2581 Kalen-

197 2601 406 2658 darum
457 2606 737 2677 Aprilium
788 2611 955 2682 plena
1007 2614 1142 2668 luna
1207 2632 1297 2671 xv1
1351 2617 1654 2688 colligatur
1700 2619 1834 2691 (non

194 2697 497 2770 quippiam
546 2702 738 2757 minus
789 2705 892 2777 est)
946 2707 1200 2780 itemque
1247 2726 1377 2765 cum
1433 2712 1585 2767 diem
1616 2717 1748 2770 ante
1778 2732 1834 2770 Iv

194 2790 582 2849 Kalendarum
637 2799 966 2854 earumdem
1019 2802 1209 2857 veniat
1254 2820 1407 2874 χχιιι,
1461 2807 1731 2862 astimavi
1777 2826 1831 2863 xr

194 2884 584 2942 Kalendarum
648 2897 1100 2949 memoratarum
1172 2896 1265 2951 die
1339 2899 1482 2954 festa
1540 2901 1831 2957 Paschalia

191 2978 553 3050 celebranda,
581 2985 855 3054 quoniam
875 2987 936 3041 in
957 2988 1230 3060 vigesima
1256 2993 1423 3047 tertia
1441 2994 1580 3049 luna
1602 2996 1828 3051 nullum

192 3072 407 3128 Pascha
434 3091 685 3148 unquam
707 3085 836 3135 ante
863 3072 970 3136 hoc
990 3084 1200 3138 Pascha
1227 3085 1442 3142 factum
1472 3105 1593 3143 esse
1619 3106 1830 3161 cogno-

189 3166 418 3223 scimus.
444 3169 751 3227 Sententia
772 3192 914 3230 mea
933 3178 1353 3250 exposuiatque
1379 3182 1526 3236 edixi
1541 3186 1823 3239 tenorem.

1941 1968 2141 2039 perdat
2164 1968 2465 2040 privilegia
2489 1986 2617 2041 qua
2637 1973 2724 2024 est
2759 1987 2865 2041 per
2889 1970 3037 2025 viros
3067 1973 3421 2027 venerabiles
3451 1989 3578 2027 con-

1941 2065 2146 2117 secuta.
2181 2064 2327 2117 Deus
2356 2066 2409 2117 te
2440 2062 2785 2118 incolumem
2815 2065 3115 2120 custodiat.
3148 2066 3287 2121 Data
3313 2082 3367 2120 1v
3398 2083 3577 2121 nonas

1937 2155 2110 2225 Junii,
2141 2157 2285 2212 Julio
2304 2158 2368 2211 IV
2395 2159 2452 2211 et
2479 2157 2724 2212 Palladio
2755 2159 2799 2211 V
2824 2158 3175 2214 consulibus.

2275 2251 2368 2306 Ad
2385 2253 2660 2308 Iulianum
2684 2253 2915 2308 nobilem
2944 2254 3224 2321 feminam.

2007 2344 2303 2416 Singulare
2332 2346 2658 2401 membrum
2701 2346 2960 2401 Ecclesiae
2987 2352 3101 2401 tua
3125 2347 3420 2421 religionis
3446 2366 3573 2405 am-

1934 2438 2278 2509 plitudinem
2316 2439 2574 2507 existere,
2610 2444 2668 2495 et
2709 2457 2742 2493 a
2780 2440 2942 2494 nobis
2984 2443 3440 2499 reverentissime
3467 2444 3575 2500 coli

1936 2531 2070 2586 satis
2097 2536 2179 2586 est
2206 2533 2471 2587 omnibus
2494 2533 2859 2588 manifestum
2890 2551 2906 2603 ;
2953 2534 3012 2589 in
3058 2535 3184 2606 ipso
3213 2536 3368 2591 enim
3412 2537 3572 2609 apice
3662 2549 3669 2553 ’

1935 2625 2242 2681 nobilitatis
2284 2627 2463 2681 multo
2513 2626 2849 2682 nobiliorem
2904 2628 3157 2682 Ecclesia
3211 2629 3571 2687 devotionem

1930 2719 2237 2791 impendis,
2274 2725 2333 2775 et
2359 2720 2540 2792 magis
2566 2721 2693 2775 lata
2720 2720 2928 2777 Christi
2955 2722 3244 2793 agnitione
3270 2725 3570 2797 praeceptis

1932 2813 2053 2884 ejus
2074 2813 2457 2885 obtemperes,
2473 2817 2530 2869 et
2554 2814 2612 2868 in
2629 2814 2741 2869 ﬁde
2764 2815 2952 2886 potius
2966 2817 3213 2872 exsultas
3230 2835 3405 2889 quam
3428 2819 3572 2875 tanti

1932 2908 2159 2978 generis
2203 2907 2345 2963 ﬂore
2387 2908 2634 2980 jactaris.
2687 2909 2941 2964 Summa
2986 2909 3211 2966 virtutis
3261 2916 3347 2967 est
3375 2912 3569 2970 vicisse

1932 3001 2176 3073 gloriam
2196 3002 2403 3070 carnis,
2418 3006 2475 3057 et
2486 3018 2695 3073 magna
2706 3006 2784 3058 est
2804 3003 3007 3058 Christi
3021 3004 3204 3076 gratia
3216 3006 3569 3063 nobilitatem

1928 3095 2184 3151 moribus
2231 3112 2548 3167 superasse,
2592 3096 2823 3151 domina
2870 3097 3009 3166 ﬁlia,
3060 3099 3266 3155 merito
3310 3099 3563 3157 illustris.

1926 3190 2091 3245 Certa
2116 3190 2291 3261 igitur
2315 3190 2577 3260 existens,
2619 3190 3002 3263 dilectissime,
3055 3192 3226 3264 hujus
3254 3195 3387 3249 vita
3413 3210 3566 3267 qua-

1002 3236 1022 3248 ι
1256 3236 1277 3250 ι
1552 3236 1585 3237 π
1630 3236 1823 3239 νίν---η
1932 3236 2021 3244 υν-
2037 3236 2091 3245 --
2116 3236 2280 3261 -υ---υ
2317 3236 2577 3260 νων-νην,
2623 3236 3002 3263 νει-υννινυηηκν
3055 3236 3226 3264 -ι-διιυ
3265 3236 3387 3249 ἰννυ
3413 3236 3564 3267 ιιυινυ-

184 3261 304 3315 Jam
331 3263 654 3332 prudentia
681 3270 794 3322 tua
820 3269 948 3339 erit,
991 3288 1218 3327 consors
1258 3274 1403 3329 mihi
1448 3276 1647 3348 frater,
1695 3295 1825 3333 cum
1847 3236 1902 3311 Ο
1927 3300 2149 3355 cunque
2177 3286 2309 3337 sunt
2342 3284 2543 3355 spatia,
2574 3284 2801 3339 aternis
2844 3284 3159 3357 divinisque
3195 3286 3392 3342 ofﬁciis
3437 3288 3564 3344 illu-

187 3356 480 3411 unanimis
497 3363 553 3413 et
569 3363 1067 3420 consacerdotibus
1080 3368 1305 3436 nostris,
1327 3369 1474 3424 hanc
1492 3371 1676 3442 ipsam
1702 3390 1823 3429 rem

182 3446 241 3501 in
266 3450 490 3520 synodo
520 3454 940 3525 religiosissima
962 3463 1288 3530 retractare,
1319 3466 1386 3516 ut
1401 3463 1446 3517 si
1475 3464 1616 3519 nihil
1637 3465 1823 3538 dispo-

182 3541 379 3597 sitioni
408 3548 620 3601 nostra
654 3548 907 3622 insultat,
958 3554 1124 3609 nobis
1160 3555 1486 3627 plenissime
1514 3563 1820 3632 aperteque

181 3637 481 3708 rescribas,
512 3656 626 3712 quo
660 3642 1033 3703 deliberatam
1052 3650 1384 3706 Paschalem
1412 3653 1563 3708 diem
1578 3654 1705 3726 jam
1723 3654 1816 3709 lit-

184 3731 320 3785 teris
347 3737 482 3787 ante
519 3733 603 3805 (ut
637 3738 810 3793 moris
839 3742 940 3812 est)
983 3745 1388 3800 reservandam
1422 3764 1525 3803 suo
1555 3752 1816 3821 tempore

181 3825 587 3884 rescribamus.
640 3831 1178 3907 Compresbyterum
1232 3845 1425 3895 autem
1466 3843 1812 3899 archidiaco-

181 3934 319 3974 num
351 3923 611 3992 quamvis
661 3928 914 3983 noverim
947 3932 1103 4001 quod
1131 3933 1503 3991 libentissime
1547 3954 1613 3992 ac
1654 3955 1815 3996 more

180 4014 453 4085 suscipias
503 4023 793 4092 consueto,
850 4028 1044 4080 tamen
1098 4044 1169 4083 ex
1223 4028 1538 4086 abundanti
1588 4034 1812 4104 postulo

180 4109 373 4162 utrum
397 4126 529 4165 eum
554 4112 706 4169 inter
732 4120 861 4172 tuos
886 4118 1096 4176 habere
1126 4120 1398 4192 digneris.
1413 4108 1459 4210 Ι

217 4223 285 4279 Ut
321 4227 509 4284 nullus
557 4236 740 4287 contra
784 4236 1176 4294 ordinationem
1217 4254 1481 4298 canonum
1528 4247 1627 4314 ﬁat
1669 4249 1778 4316 epi-

882 4323 1092 4379 scopas.

243 4391 617 4451 Dilectissimo
642 4398 807 4454 fratri
831 4403 1073 4459 AURELIO
1102 4407 1482 4465 INNOCENTIUS.

244 4485 372 4549 Qua
398 4487 760 4564 indignitate,
790 4510 902 4567 qua
928 4498 1191 4554 molestia
1220 4503 1367 4556 male
1397 4506 1672 4560 tractetur
1698 4507 1804 4562 Ec-

172 4579 354 4651 clesia,
383 4583 782 4658 pracipueque
809 4591 1121 4663 episcopus,
1154 4595 1403 4668 relegam
1434 4598 1522 4652 vel
1548 4600 1798 4673 audiam,

171 4675 224 4727 et
252 4678 350 4729 tua
376 4676 700 4735 fraternitas
723 4681 869 4737 bene
883 4685 1057 4755 novit,
1077 4693 1133 4742 et
1154 4704 1262 4760 ego
1283 4696 1402 4746 tam
1419 4692 1627 4749 idonea
1639 4698 1799 4750 tanto

168 4766 351 4823 dolori
377 4771 552 4827 verba
577 4773 826 4833 invenire
870 4795 988 4835 non
1014 4798 1265 4852 possum,
1309 4785 1445 4841 dum
1496 4787 1659 4843 facile
1685 4789 1797 4844 im-

164 4868 461 4931 ponuntur
478 4882 703 4938 manus,
726 4871 863 4927 dum
880 4875 1241 4948 negligenter
1258 4896 1516 4935 summus
1538 4883 1798 4939 sacerdos

168 4956 416 5028 eligitur.
469 4962 609 5017 Ecce
659 4964 803 5020 facta
836 4972 920 5023 est
951 4971 1180 5040 querela
1224 4974 1448 5044 publica
1490 4992 1618 5047 qua
1662 4978 1798 5033 fecit

164 5065 394 5123 semper
421 5059 487 5109 ut
505 5059 794 5113 ommunis
821 5063 1116 5119 comnibus
1133 5067 1417 5123 trimenda
1443 5069 1515 5123 sit
1541 5087 1796 5128 reveren-

163 5142 257 5199 tia.
298 5147 392 5201 Sic
438 5149 626 5205 clerici
671 5154 1177 5214 ecclesiasticorum
1218 5162 1552 5233 dogmatum
1591 5166 1791 5221 nutriti

157 5239 244 5292 vel
289 5240 555 5298 honorati
601 5244 754 5302 intra
797 5250 1002 5306 altaria
1043 5255 1245 5310 Christi
1293 5264 1660 5331 respuuntur,
1714 5261 1792 5316 sic

160 5336 574 5401 pratereuntes
610 5350 1032 5415 promoventur,
1076 5351 1235 5420 quasi
1280 5353 1439 5407 nefas
1475 5353 1546 5407 sit
1574 5355 1643 5409 ad
1668 5355 1788 5426 pri-

161 5431 377 5483 matum
420 5446 527 5500 per
559 5434 820 5491 ordinem
859 5442 1171 5509 pervenire.
1218 5446 1359 5500 Nam
1388 5463 1517 5501 cum
1548 5447 1789 5503 involuti

160 5522 467 5578 mundanis
490 5526 751 5597 nexibus,
782 5533 999 5588 actibus
1020 5537 1107 5589 vel
1127 5539 1379 5594 moribus
1402 5542 1638 5613 abrupte
1655 5543 1789 5597 asci-

158 5619 391 5671 scuntur
419 5618 496 5673 ad
522 5622 663 5677 tanti
689 5625 993 5698 collegium
1030 5631 1350 5705 sacerdotii,
1385 5638 1443 5689 et
1471 5635 1550 5690 illi
1588 5637 1783 5692 viden—

154 5710 246 5763 tur
262 5714 577 5783 contemni,
600 5716 670 5771 de
694 5720 900 5789 quibus
919 5730 1248 5793 oportuerat
1270 5728 1423 5800 eligi,
1449 5733 1507 5784 et
1525 5731 1616 5787 isti
1637 5733 1784 5787 male

154 5800 475 5876 intromitti,
519 5810 616 5880 qui
655 5817 863 5882 prater
893 5818 1154 5873 ordinem
1183 5819 1531 5894 irrumpunt,
1562 5826 1781 5897 potius-

153 5911 323 5971 quam
380 5900 693 5974 eliguntur.
760 5906 939 5973 Quam
986 5912 1139 5967 enim
1200 5915 1473 5990 miserum
1525 5923 1611 5975 est
1652 5937 1780 5977 cum

1924 3380 2103 3433 strare
2133 3377 2432 3445 contende,
2462 3380 2528 3430 ut
2555 3378 2652 3448 qui
2683 3377 2965 3449 insignem
2993 3380 3048 3433 te
3072 3380 3337 3450 prastitit
3361 3381 3564 3438 reddat

1923 3469 2029 3525 sibi
2058 3487 2160 3542 per
2194 3471 2404 3525 sacula
2429 3471 2746 3526 clariorem.

2378 3568 2451 3620 De
2476 3565 2816 3620 Antiochena
2840 3567 3097 3621 Ecclesia.

1991 3658 2347 3713 INNOCENTIUS
2376 3660 2668 3715 Bommcro
2696 3659 3047 3732 presbytero.
3082 3661 3327 3717 Ecclesia
3363 3665 3557 3720 Antio-

1918 3752 2100 3807 chena
2118 3769 2290 3824 quam
2309 3752 2644 3826 priusquam
2660 3753 2733 3808 ad
2749 3754 2949 3809 urbem
2964 3756 3290 3826 perveniret
3307 3758 3551 3816 Romam

1916 3846 2114 3901 beatus
2154 3844 2443 3919 apostolus
2486 3849 2685 3903 Petrus
2732 3864 2835 3903 sua
2877 3849 3185 3920 prasentia
3234 3849 3551 3922 illustravit,

1915 3942 2069 3996 velut
2099 3958 2376 4013 germana
2403 3942 2663 3997 Ecclesia
2692 3943 2966 3999 Romana
2998 3944 3096 3999 diu
3134 3961 3192 4000 se
3227 3945 3299 4000 ab
3344 3947 3549 4003 eadem

1914 4035 2159 4091 alienam
2187 4053 2307 4092 esse
2335 4054 2451 4092 non
2498 4054 2663 4110 passa
2692 4041 2796 4094 est.
2849 4039 2991 4094 Nam
3026 4039 3225 4094 missis
3241 4040 3445 4112 legatis
3472 4042 3551 4098 ita

1912 4147 2108 4202 pacem
2136 4131 2439 4203 postulavit
2468 4137 2525 4187 et
2550 4132 2778 4201 meruit,
2808 4138 2869 4188 ut
2895 4133 3238 4206 Evagrianos
3266 4135 3382 4190 suis
3402 4136 3548 4192 ordi-

1911 4225 2079 4280 nibus
2103 4243 2165 4280 ac
2192 4225 2328 4281 locis
2356 4226 2694 4281 intemerato
2721 4226 3076 4283 ordinatione
3111 4245 3282 4299 quam
3309 4246 3540 4302 accepe-

1908 4323 2037 4374 rant
2119 4320 2428 4374 Memorato
2457 4320 2828 4391 susciperent,
2850 4325 2907 4375 et
2934 4321 3161 4376 Joannis
3188 4328 3396 4377 sancta
3420 4340 3542 4379 me-

1908 4413 2124 4484 moria,
2172 4414 2260 4467 vel
2306 4413 2556 4482 clericos,
2607 4414 2689 4468 vel
2740 4413 2909 4468 laicos
2954 4414 3015 4468 in
3045 4431 3221 4469 unum
3247 4416 3538 4487 colligeret

1905 4510 2076 4579 atque
2096 4509 2489 4579 congregaret,
2513 4507 2853 4578 promittens
2869 4506 3047 4579 ipsius
3069 4507 3308 4563 civitatis
3326 4510 3537 4581 episco-

1903 4618 2009 4674 pus
2030 4602 2214 4656 fratur
2233 4618 2399 4656 meus
2416 4601 2757 4670 Alexander,
2782 4600 3004 4655 etiamsi
3024 4601 3071 4655 si
3090 4601 3217 4672 quis
3231 4602 3372 4658 forte
3392 4605 3481 4658 vel
3501 4622 3534 4660 a

1902 4695 2083 4764 nobis,
2100 4695 2187 4750 vel
2210 4694 2441 4750 aliunde
2463 4695 2796 4767 posterioris
2817 4694 3185 4749 ordinationis
3201 4695 3275 4750 ad
3295 4697 3530 4753 eosdem

1900 4790 2134 4859 venerit,
2164 4806 2220 4845 se
2254 4790 2373 4845 sine
2405 4789 2791 4845 controversia
2811 4791 3194 4860 recepturum,
3222 4806 3287 4845 ac
3311 4808 3525 4847 nomen

1901 4884 2149 4957 episcopi
2176 4884 2480 4940 memorati
2509 4884 2661 4939 inter
2689 4883 3046 4955 quiescentes
3075 4883 3371 4956 episcopos
3391 4886 3528 4942 reci-

1896 4982 2172 5036 taturum.
2203 4979 2306 5036 Cui
2335 4979 2418 5033 rei
2446 4995 2548 5034 nos
2580 4978 2825 5043 noveris,
2853 4976 3153 5031 tradidisse
3174 4994 3396 5049 manus,
3421 4982 3531 5037 fra-

1895 5076 1985 5128 ter
2007 5074 2357 5142 charissime,
2389 5077 2445 5128 et
2471 5091 2567 5128 eos
2588 5072 2646 5127 in
2672 5076 2866 5127 nostra
2886 5070 3104 5127 viscera
3131 5073 3426 5145 recepisse,
3454 5092 3527 5132 ne

1896 5168 1992 5223 diu
2020 5169 2280 5224 membra
2304 5185 2433 5240 qua
2460 5167 2842 5240 requisierant
2869 5165 3170 5222 sanitatem
3203 5168 3273 5223 ab
3307 5169 3524 5227 unitate

1891 5263 2141 5334 corporis
2170 5262 2510 5316 haberentur
2537 5260 2743 5314 aliena.
2772 5261 2975 5316 Omnia
2999 5277 3133 5316 vero
3163 5277 3291 5332 qua
3313 5280 3417 5335 per
3438 5282 3524 5320 or-

1890 5356 2085 5411 dinem
2102 5362 2264 5427 gesta
2282 5358 2433 5422 sunt,
2458 5354 2605 5409 ﬁlius
2624 5370 2790 5409 meus
2806 5354 3077 5409 diaconus
3094 5356 3297 5413 Paulus
3316 5357 3521 5415 harum

1889 5449 2099 5504 scilicet
2127 5449 2372 5521 portitor
2390 5448 2734 5517 litterarum,
2766 5448 3057 5505 dilectioni
3086 5456 3287 5507 vestra
3311 5453 3522 5524 poterit

1888 5558 2177 5614 enarrare,
2201 5547 2263 5598 ut
2279 5548 2335 5599 et
2351 5542 2623 5615 gaudium
2644 5560 2953 5600 commune
2970 5546 3267 5601 nobiscum
3282 5545 3513 5613 habeas,

1887 5642 1943 5693 et
1972 5653 2070 5693 eos
2095 5637 2369 5694 informes
2396 5637 2493 5710 qui
2528 5652 2632 5710 pro
2666 5638 2835 5693 Attici
2872 5639 3128 5711 partibus
3164 5639 3511 5694 intervenire

1885 5735 2321 5788 consueverunt.

1934 5828 2025 5884 Ad
2050 5828 2427 5883 Alexandrum
2456 5828 2849 5884 Antiochenam
2880 5827 3187 5897 episwpum
3210 5823 3276 5879 de
3298 5842 3450 5895 pace.

1959 5923 2309 5977 [NNOCENTIUS
2328 5923 2655 5977 ALnnNDno
2672 5920 2952 5992 episcopo.
2973 5919 3151 5982 Quam
3169 5921 3332 5988 grata
3346 5918 3509 5993 mihi,
