4034 6314
458 363 553 418 ’711

1360 356 1641 414 APPEND.
1682 354 1770 411 AD
1805 354 1965 410 SEC.
2003 352 2090 408 1X.
2122 380 2191 392 —
2227 341 2467 409 lSIDORl
2500 338 2924 407 MERCATORIS

3724 348 3830 400 7t2

457 487 632 541 quam
658 470 774 540 pia,
806 485 980 540 quam
1010 466 1326 522 necessaria
1351 465 1558 535 legatio
1587 481 1619 518 a
1646 466 1744 518 tua
1769 462 2086 529 sanctitate,
2111 473 2332 547 Anum
2364 461 2743 522 laudaremus,
2791 473 3224 528 successumque
3261 456 3450 526 ipsum
3495 455 3628 510 ideo
3672 471 3827 527 pras-

457 565 637 618 frater
662 562 1010 628 charissime,
1059 561 1129 615 ad
1176 577 1282 614 nos
1320 559 1534 614 directa
1572 558 1760 625 fuerit,
1794 562 2084 628 gestorum

456 655 711 724 ipsorum
744 651 1118 723 replicatione
1161 666 1489 720 cognosces.
1532 648 1715 702 Voluit
1743 647 1892 701 enim
1925 663 2081 700 com-

456 748 752 819 presbyter
770 748 960 799 noster
980 744 1279 799 Cassianus
1298 744 1444 797 hanc
1464 742 1846 796 amicitiarum
1865 744 2081 794 nostra-

457 856 582 894 rum
615 839 946 910 paginulam
976 854 1080 909 per
1105 836 1630 907 compresbyterum
1656 839 1926 900 vestrum,
1946 835 2086 887 Pau-

453 936 568 988 lum
602 932 891 987 Nicolaum
920 932 1248 998 diaconum,
1296 935 1353 984 et
1400 932 1631 984 Petrum
1674 927 2084 982 subdiaconum

456 1027 601 1082 ﬁlios
628 1031 849 1080 nostros
878 1026 1041 1097 quasi
1067 1024 1347 1096 primitias
1377 1024 1532 1095 pacis
1556 1026 1764 1077 nostra;
1785 1020 2082 1075 conscribi.

457 1122 648 1177 Saluto
674 1120 867 1191 itaque
896 1125 952 1174 et
974 1122 1128 1173 tuam
1150 1118 1295 1172 mihi
1320 1118 1379 1171 in
1404 1116 1624 1172 Christo
1648 1115 2086 1187 germanitatem

457 1221 512 1270 et
541 1231 775 1269 omnem
802 1214 960 1267 illam
988 1229 1117 1284 quae
1146 1218 1336 1266 tecum
1375 1211 1520 1265 bene
1560 1210 1732 1264 sentit
1762 1208 2083 1275 Ecclesiam,

457 1325 692 1379 nosque,
725 1312 786 1361 ut
813 1306 1016 1374 facitis,
1044 1309 1101 1360 et
1121 1303 1496 1376 alloquamini
1521 1309 1652 1375 peto
1676 1302 1925 1357 crebrius
1945 1302 2089 1357 litte-

456 1404 554 1472 ris,
583 1406 642 1456 et
672 1400 1027 1471 frequentius
1057 1400 1125 1454 de
1157 1403 1338 1454 vestra
1366 1399 1544 1453 salute
1584 1396 1895 1451 lastiﬁcetis.
1928 1396 2089 1449 Dabit

456 1493 631 1558 enim,
664 1497 725 1546 ut
749 1491 995 1560 confido,
1025 1489 1297 1544 Dominus
1322 1488 1492 1543 totius
1519 1503 1621 1541 nos
1650 1484 1919 1557 praeteriti
1947 1488 2089 1539 tem-

456 1586 611 1657 poris
666 1585 961 1656 dispendia
1012 1583 1405 1638 amantissimo
1447 1581 1770 1636 litterarum
1809 1579 2085 1650 colloquio

458 1694 908 1750 recompensare.

676 1776 747 1827 De
777 1774 957 1827 Attico
984 1773 1225 1841 episcopo
1263 1770 1871 1840 Constantinopolitano.

538 1871 894 1923 tnxocenrws
913 1865 1226 1920 Mxxmmvo
1254 1864 1537 1936 episcopo.

528 1962 797 2016 Miramur
844 1959 1215 2032 prudentiam
1262 1962 1443 2024 tuam,
1491 1956 1698 2028 scripta
1732 1956 1802 2011 ad
1840 1954 2088 2010 Atticum

459 2055 786 2128 episeOpum
833 2051 1474 2124 ConstantinOpolitanaa
1518 2050 1675 2105 urbis
1719 2068 1752 2105 a
1802 2049 1984 2116 nobis,
2033 2053 2090 2102 et

459 2149 855 2221 prosecutione
908 2147 1143 2219 propria
1198 2151 1255 2200 et
1301 2146 1435 2201 dato
1489 2145 1697 2213 libello,
1755 2143 1852 2215 qui
1892 2142 2089 2197 subter

459 2260 713 2297 annexus
739 2247 840 2309 est,
870 2241 1154 2312 postulare
1202 2256 1235 2293 a
1260 2256 1370 2310 quo
1410 2255 1517 2293 nec
1560 2238 1758 2292 missas
1800 2238 1940 2291 ullas
1985 2236 2090 2290 sal-

464 2342 578 2392 tem
608 2336 869 2408 epistolas
895 2335 967 2389 ad
992 2351 1086 2388 vos
1113 2334 1200 2388 vel
1217 2333 1289 2387 ad
1315 2338 1560 2388 vestram
1582 2332 1863 2404 synodum
1891 2330 2087 2402 utique

460 2430 760 2502 protulisti.
796 2429 969 2500 idque
997 2446 1114 2483 non
1156 2427 1373 2499 petenti
1411 2427 1775 2481 tribuendum
1816 2426 2084 2491 aestimes,

459 2524 615 2596 quod
656 2523 814 2578 vides
860 2522 1292 2593 deprecantibus
1320 2521 1570 2575 discussa
1602 2520 1822 2575 ratione
1860 2535 2083 2574 conces-

456 2636 602 2674 sum.
643 2617 980 2675 Communio
1010 2616 1164 2670 enim
1196 2632 1473 2686 suspensa
1505 2614 2083 2669 restituitur-demon-

456 2713 655 2768 stranti
676 2728 890 2778 causas,
911 2711 1117 2782 quibus
1134 2710 1190 2764 id
1211 2709 1511 2777 acciderat,
1529 2709 1651 2778 jam
1672 2724 1793 2761 esse
1813 2708 2083 2775 detersas,

457 2811 515 2862 et
542 2805 827 2877 proﬁtenti
856 2803 1205 2858 conditiones
1226 2802 1379 2873 pacis
1406 2802 1688 2872 impletas.
1714 2800 1879 2866 Quod
1900 2816 2084 2871 neque

460 2900 615 2971 apud
640 2916 758 2966 vos,
790 2914 975 2968 neque
1001 2898 1153 2969 apud
1180 2913 1283 2950 nos
1310 2897 1392 2967 (ut
1421 2895 1677 2967 praedixi)
1706 2894 1923 2949 Atticus
1947 2894 2083 2948 mis-

459 2994 533 3047 sis
554 2992 838 3063 aliquibus
884 3006 1116 3045 suorum
1153 2991 1239 3044 vel
1269 2990 1455 3044 dicere
1495 2989 1691 3056 voluit,
1729 2989 1818 3042 vel
1844 2989 2084 3043 demon-

460 3092 639 3141 strare
673 3086 1041 3156 completum,
1073 3083 1557 3156 quemadmodum
1587 3083 1955 3137 Antiochense
1984 3084 2085 3137 Ec-

460 3180 645 3237 clesiae
719 3179 895 3233 frater
965 3183 1019 3232 et
1086 3177 1451 3248 coepiscopus
1518 3180 1705 3231 noster
1767 3176 2089 3231 Alexander

459 3273 942 3346 dignalegatione
959 3276 1017 3327 et
1038 3228 1373 3343 prosercutus
1385 3276 1469 3325 est
1496 3275 1552 3324 et
1566 3270 1845 3342 probavit.
1875 3270 2088 3335 Quibus
2108 3228 2163 3302 Ο

460 3367 750 3440 sigillatim
774 3366 1039 3421 omnibus
1066 3365 1262 3437 utique
1291 3366 1564 3420 interesse
1586 3365 1856 3437 dignatus
1876 3382 2084 3436 cogno-

456 3462 604 3532 visti,
647 3460 1139 3533 quemadmodum
1179 3459 1467 3530 sigillatim
1513 3460 1706 3513 omnia
1748 3459 2088 3530 scriptorum

456 3559 779 3612 nostrorum
802 3554 1152 3609 anteriorum
1174 3553 1280 3607 hac
1308 3552 1377 3607 de
1397 3569 1563 3607 causa
1587 3552 1897 3607 beatissimi
1917 3554 2083 3607 Joan-

459 3651 547 3705 nis
576 3648 871 3722 quondam
899 3648 1143 3719 episcopi
1174 3647 1353 3701 nostri
1382 3646 1760 3714 discusserim,
1791 3651 1854 3701 ut
1879 3647 1978 3717 qui
2007 3646 2088 3700 illi

458 3745 518 3799 in
549 3742 814 3799 omnibus
866 3742 999 3795 satis
1053 3740 1349 3794 evidenter
1398 3741 1763 3795 ostenderent
1809 3740 2085 3810 universa,

460 3854 588 3910 quae
609 3836 761 3906 apud
780 3834 1140 3889 Antiochiam
1158 3833 1282 3887 ﬁeri
1304 3834 1626 3902 debuerint,
1648 3833 1817 3888 fuisse
1838 3835 2087 3905 comple-

460 3934 539 3985 ta.
573 3930 827 3994 Quorum
856 3926 1165 3999 amplexati
1186 3943 1386 3999 pacem
1404 3928 1601 3999 utique
1630 3929 1799 3982 tidem
1828 3928 2086 3998 fecimus,

463 4029 521 4079 et
546 4039 760 4093 magno
794 4021 1018 4076 tramite
1053 4021 1319 4075 omnibus
1356 4021 1621 4075 eamdem
1655 4038 1827 4092 quam
1862 4027 2091 4094 praesto-

459 4117 596 4172 laris
623 4116 997 4183 ostendimus,
1038 4115 1083 4169 si
1126 4115 1291 4169 modo
1331 4132 1458 4185 qua:
1489 4116 1735 4171 discussa
1765 4122 1895 4171 sunt
1919 4123 2089 4190 atque

463 4211 766 4281 completa,
809 4210 980 4265 etiam
1010 4208 1118 4281 ipsi
1144 4225 1248 4281 pro
1295 4225 1394 4263 suo
1432 4210 1556 4264 loco
1590 4210 1783 4265 fecisse
1822 4211 1907 4265 vel
1941 4228 2092 4266 com-

460 4306 643 4378 plesse
669 4304 975 4376 aliquando
1004 4303 1467 4373 monstraverint,
1486 4305 2087 4378 communionemque,

462 4400 524 4449 ut
544 4395 655 4463 isti,
680 4394 965 4466 legatione
990 4390 1317 4448 solemniter
1335 4393 1613 4449 destinata
1637 4395 1741 4449 sibi
1766 4397 2092 4467 rogaverint

460 4488 767 4545 redhiberi.
785 4490 1184 4558 Exspectamus
1202 4503 1337 4559 ergo
1358 4495 1413 4543 et
1436 4488 1846 4559 professionem
1865 4507 2088 4545 memo-

462 4582 571 4639 rati
599 4584 666 4637 de
693 4582 992 4653 completis
1012 4582 1273 4636 omnibus
1291 4582 1735 4651 conditionibus,
1760 4602 1899 4656 quas
1915 4584 2092 4640 diver-

464 4679 538 4732 sis
571 4676 924 4748 temporibus
950 4676 1343 4755 praediximus,
1378 4681 1436 4731 et
1464 4678 1798 4748 petitionem
1835 4696 2091 4734 commu-

462 4772 671 4841 nionis,
713 4777 774 4827 ut
815 4773 966 4825 recte
994 4775 1050 4825 et
1077 4771 1296 4841 petenti
1337 4776 1394 4826 et
1427 4773 1695 4842 probanti
1728 4789 1785 4827 se
1826 4774 2092 4829 eamdem

463 4866 669 4921 mereri
687 4864 1006 4933 reddamus,
1031 4864 1207 4919 frater
1225 4864 1572 4921 charissime.
1590 4867 1728 4920 Nam
1743 4866 1812 4920 de
1829 4868 2093 4921 omnibus

462 4958 821 5031 plenissimas
840 4958 912 5013 ad
933 4964 1185 5013 sanctam
1205 4964 1535 5014 nostrorum
1559 4960 1798 5013 fratrum
1816 4960 2092 5031 synodum

464 5052 678 5109 dudum
708 5052 919 5108 litteras
943 5053 1263 5125 percepisti.

536 5170 630 5224 Ad
689 5172 1059 5226 ALEXANDRUM
1122 5170 1513 5225 Antiochenam
1573 5172 1892 5240 episcopum.
1952 5176 2024 5227 De

1182 5257 1338 5312 pace.

538 5335 587 5409 1
605 5334 729 5409 '75
752 5336 1055 5408 Apostolici
1074 5335 1275 5389 favoris
1298 5333 1481 5405 gratia
1503 5349 1717 5404 magno
1744 5335 1897 5406 pacis
1917 5354 2094 5410 usque

461 5432 532 5487 ad
560 5448 665 5486 nos
685 5431 891 5486 decore
921 5429 1289 5500 resplenduit,
1322 5430 1659 5498 tantumque
1685 5428 1826 5484 lucis
1856 5433 2090 5502 gaudio-

461 5541 709 5596 rumque
727 5524 949 5579 infulsit
978 5521 1256 5588 ﬁdelibus,
1287 5524 1368 5588 ut,
1397 5520 1647 5576 dicentes
1673 5524 1791 5578 Deo
1819 5526 2094 5582 maximas

462 5619 680 5687 laudes,
712 5618 957 5688 majores
984 5616 1188 5671 debere
1209 5632 1312 5669 nos
1338 5615 1640 5686 fateamur,
1664 5619 1905 5691 plusque
1921 5638 1954 5676 a
1973 5623 2092 5678 Deo

455 5712 755 5784 jocundati
783 5727 997 5778 sumus,
1029 5709 1201 5781 quod,
1242 5709 1501 5765 discussis
1529 5713 1795 5769 omnibus
1821 5716 2094 5771 lateribus

461 5806 755 5860 actionum
780 5806 895 5859 ture
922 5802 1309 5874 fraternitatis,
1343 5805 1423 5860 ita
1450 5809 1633 5861 totum
1668 5809 1879 5879 pietate
1904 5827 1968 5866 ac
1988 5828 2091 5882 pa-

462 5898 660 5955 tientia
702 5900 922 5971 gestum
968 5896 1357 5969 cognovimus,
1404 5902 1471 5956 ut
1523 5900 1582 5955 in
1612 5903 1875 5959 omnibus
1900 5905 2093 5961 Domi-

2187 557 2382 612 stitum
2408 555 2519 610 tuis
2562 553 2854 608 laboribus
2899 552 3212 619 videamus,
3263 551 3417 621 quod
3458 552 3578 603 tota
3617 548 3829 602 virtute

2185 650 2340 722 pacis
2365 652 2589 703 amator
2617 647 2863 701 existens
2889 662 3020 700 eam
3062 644 3396 715 requisitam
3425 642 3735 708 inveneris,
3772 646 3830 694 et

2186 745 2471 815 repertam
2505 757 2727 796 summa
2754 739 3031 793 charitate
3073 737 3321 791 tenueris
3376 754 3507 791 cum
3537 752 3681 806 erga
3708 751 3831 788 om-

2185 842 2434 892 nestum
2470 836 2757 907 praecipue
2802 833 2947 887 circa
2994 832 3120 886 illos
3153 831 3250 903 qui
3279 831 3565 902 quondam
3606 829 3829 883 Paulini

2188 937 2355 1003 atque
2381 929 2602 1001 Evagrii
2629 927 3033 998 episc0porum
3074 924 3272 980 censiti
3314 925 3541 978 fuerant
3566 922 3825 977 nomine.

2187 1026 2377 1079 Habeo
2419 1039 2709 1077 summum
2754 1026 3020 1076 votorum
3063 1036 3349 1087 meorum,
3401 1018 3552 1089 quod
3603 1017 3829 1088 antiqui

2189 1118 2335 1172 naevi
2353 1118 2619 1189 purgatio
2652 1116 2764 1170 tuis
2794 1115 3168 1185 temporibus,
3188 1112 3414 1183 tuisque
3444 1111 3663 1166 meritis
3693 1128 3825 1182 pro-

2187 1217 2441 1283 rogatur.
2472 1213 2724 1275 Quorum
2773 1210 2944 1263 etiam
2974 1209 3102 1262 illos
3146 1207 3405 1277 ejusdem
3447 1205 3702 1260 nominis
3727 1206 3830 1276 qui

2186 1306 2246 1360 in
2266 1305 2424 1359 Italia
2450 1304 2719 1358 meritum
2744 1303 3042 1357 clericatus
3075 1303 3430 1371 acceperant,
3455 1300 3651 1354 censui
3676 1299 3830 1353 bono

2188 1398 2392 1470 quietis
2429 1398 2673 1469 gratiam
2712 1397 2958 1450 retinere
2998 1400 3340 1465 susceptam.
3381 1396 3448 1448 Et
3471 1393 3605 1464 quia
3633 1396 3829 1447 noster

2187 1492 2612 1563 compresbyter
2637 1491 2951 1557 Cassianus,
2983 1494 3212 1561 gratum
3258 1487 3419 1542 duxit
3441 1493 3555 1542 tua:
3581 1488 3707 1541 fore
3737 1487 3824 1541 di-

2190 1587 2463 1659 gnationi,
2493 1585 2540 1639 si
2562 1602 2689 1639 meo
2714 1584 2956 1638 concilio
2986 1582 3045 1636 in
3074 1582 3298 1637 civitate
3325 1586 3507 1636 vestra
3526 1581 3828 1635 clericatus

2190 1681 2448 1735 ordinem
2481 1679 2664 1733 dicere
2706 1682 3068 1744 censeantur,
3118 1676 3287 1730 statui
3322 1680 3558 1747 propter
3583 1675 3828 1730 benevo-

2188 1775 2422 1829 lentiam
2447 1779 2603 1828 tuam
2628 1771 3017 1843 promissaque
3047 1770 3373 1835 memorati,
3405 1774 3467 1824 ut
3484 1770 3637 1823 inter
3661 1772 3828 1823 caste—

2108 1850 2164 1920 Β
2189 1885 2282 1923 ros
2301 1867 2622 1921 sacerdotes
2646 1866 3048 1936 ministrosque
3080 1865 3178 1935 qui
3203 1865 3263 1918 in
3302 1864 3529 1917 civitate
3558 1866 3696 1917 sunt
3718 1880 3823 1917 an-

2188 1968 2581 2027 numerentur,
2616 1961 2792 2014 frater
2831 1959 3180 2024 charissime,
3225 1957 3489 2011 libenter.
3538 1958 3827 2011 Praeterea

2187 2056 2255 2110 de
2284 2054 2560 2125 episcopis
2590 2053 2842 2124 Helpidio
2872 2056 3041 2123 atque
3071 2053 3219 2121 Papo
3247 2051 3489 2122 cognovi
3518 2050 3675 2121 quod
3697 2050 3821 2105 sine

2188 2148 2498 2221 quaestione
2526 2164 2654 2202 suas
2679 2147 2949 2201 Ecclesias
2978 2145 3458 2217 recuperaverint,
3483 2148 3539 2198 et
3568 2145 3823 2198 multum

2186 2243 2245 2296 in
2275 2242 2466 2314 gestis,
2496 2244 2557 2295 ut
2586 2240 2899 2311 subscripta
2919 2244 3214 2305 testantur,
3238 2238 3509 2293 sollicitus
3530 2237 3823 2309 inquisivi,

2186 2342 2382 2391 utrum
2406 2337 2466 2390 in
2490 2335 2755 2390 omnibus
2777 2339 2924 2388 esset
2944 2333 3364 2388 conditionibus
3385 2332 3735 2385 satisfactum
3764 2333 3828 2385 in

2187 2447 2353 2485 causa
2379 2430 2528 2485 beati
2559 2435 2616 2484 et
2646 2446 2772 2483 vere
2801 2430 2913 2483 Deo
2944 2428 3106 2498 digni
3136 2426 3439 2481 sacerdotis
3468 2426 3723 2480 Joannis.
3759 2427 3829 2479 Et

2186 2541 2316 2579 cum
2334 2541 2436 2595 per
2454 2524 2678 2594 singula
2696 2523 2928 2576 assertio
2948 2523 3273 2592 legatorum
3295 2538 3362 2575 ex
3382 2525 3510 2575 voto
3534 2520 3827 2590 completa

2187 2636 2303 2673 esse
2352 2619 2643 2684 fateretur,
2690 2617 2900 2688 gratias
2958 2633 3135 2686 agens
3190 2616 3304 2669 Deo
3349 2614 3828 2669 communionem

2186 2712 2447 2766 Ecclesia:
2488 2713 2688 2765 vestrae
2730 2711 2805 2765 ita
2844 2710 3053 2781 recepi,
3092 2713 3155 2763 ut
3185 2725 3303 2779 prae
3332 2726 3424 2763 me
3452 2709 3639 2762 feram
3684 2724 3825 2778 apo-

2187 2806 2397 2860 stolicae
2448 2805 2594 2859 sedis
2638 2804 3053 2874 condiscipulos
3094 2802 3308 2874 primos
3354 2801 3575 2855 dedisse
3601 2801 3827 2855 caeteris

2185 2900 2334 2954 viam
2365 2900 2538 2971 pacis,
2562 2899 2621 2953 in
2652 2916 2763 2969 qua
2790 2899 2981 2951 ﬁrmos
3012 2914 3128 2963 vos,
3173 2913 3383 2967 nosque
3404 2894 3634 2949 Domini
3658 2895 3825 2949 Chri-

2187 2993 2261 3048 sti
2298 2993 2373 3049 ita
2417 2992 2740 3063 benignitas
2784 2990 3197 3063 amplexabitur
3239 2994 3408 3060 atque
3446 2988 3824 3055 communiet,

2188 3093 2244 3142 et
2280 3086 2437 3142 nullo
2488 3087 2559 3141 de
2602 3091 2807 3143 cietero
2855 3085 3245 3149 titillamento,
3291 3084 3378 3136 vel
3408 3081 3514 3137 levi
3542 3083 3826 3153 cujusque

2187 3180 2571 3236 contentionis
2644 3180 2863 3251 pudore
2935 3179 3256 3249 pulsentur.
3345 3176 3561 3247 Scripta
3631 3180 3828 3231 autem

2187 3275 2354 3329 Attici
2400 3275 2664 3346 episcopi,
2695 3272 2969 3345 quoniam
3001 3288 3131 3326 eum
3167 3271 3363 3325 vestris
3407 3275 3541 3324 sunt
3563 3275 3829 3341 porrecta

2187 3369 2556 3440 suscepimus,
2594 3385 2665 3423 ne
2695 3384 2798 3439 per
2826 3370 3071 3421 vestram
3109 3365 3378 3436 injuriam
3410 3364 3505 3419 ille
3557 3364 3656 3435 qui
3687 3364 3829 3419 olim

2189 3480 2222 3518 a
2267 3464 2432 3518 nobis
2481 3479 2786 3533 suspensus
2833 3462 3018 3516 fuerat
3065 3459 3488 3531 repudiaretur,
3530 3461 3586 3513 et
3625 3463 3827 3513 tamen

2189 3557 2320 3612 satis
2339 3557 2563 3612 abunde
2590 3573 2718 3628 quae
2745 3556 2803 3610 in
2829 3556 2970 3610 actis
3000 3554 3322 3622 statuimus,
3353 3552 3492 3607 sicut
3514 3552 3829 3624 dignanter

2188 3652 2441 3721 relegere
2470 3641 3019 3722 proc11rabis,\quid
3067 3649 3125 3703 in
3181 3649 3302 3718 ejus
3332 3663 3579 3718 persona
3616 3647 3829 3701 debeat

2189 3745 2479 3811 custodiri,
2497 3746 2583 3800 vel
2609 3745 2653 3799 si
2670 3761 2774 3815 per
2791 3744 2983 3798 omnia
3007 3743 3206 3797 vestris
3227 3740 3475 3797 consiliis
3492 3740 3827 3812 actibusque

2189 3844 2306 3894 tam
2329 3839 2533 3894 sanctis
2554 3857 2612 3893 se
2633 3838 2918 3910 rogaverit
2934 3854 3055 3893 esse
3072 3852 3453 3903 communem,
3481 3838 3828 3906 praestentur

2189 3934 2310 3988 seni
2354 3933 2548 3988 favore
2590 3936 2778 3989 vestro
2829 3938 3134 4003 nostroque
3162 3930 3379 4002 judicio
3404 3929 3828 3984 communionis

2189 4031 2360 4099 atque
2378 4027 2694 4082 litterarum
2719 4045 2752 4082 a
2777 4028 2939 4082 nobis
2967 4026 3147 4098 gratia
3170 4030 3496 4097 prorogata.
3528 4023 3825 4094 Subscrip~

2190 4127 2386 4176 serunt
2415 4121 2662 4193 episcopi
2692 4125 2781 4176 20.
2809 4121 2984 4175 Italiae
3026 4121 3115 4176 24.

2319 4217 2566 4286 Eptstola
2591 4216 2828 4284 ejusdem
2857 4216 2932 4269 ad
2960 4215 3337 4270 Alexandrum
3366 4216 3694 4284 episcopum.

2269 4314 2315 4365 t.
2341 4309 2499 4374 Quod
2531 4310 2717 4380 prima
2743 4309 2904 4364 sedes
2930 4308 3081 4363 beati
3106 4308 3259 4363 Petri
3287 4307 3439 4379 apud
3465 4307 3827 4362 Antiochiam

2190 4421 2311 4459 esse
2342 4404 2712 4458 memoretur.

2260 4501 2313 4552 2.
2340 4497 2503 4561 Quod
2520 4514 2637 4552 non
2659 4502 2883 4569 oportet
2909 4497 3227 4552 secundum
3250 4496 3555 4552 constituta
3581 4496 3831 4567 impera-

2193 4596 2377 4646 torem
2407 4592 2547 4647 duos
2575 4608 2696 4646 esse
2729 4592 3057 4663 metropolis
3086 4591 3390 4662 episcopos.

2263 4690 2315 4742 3.
2351 4686 2515 4750 Quod
2541 4687 2880 4741 Arianorum
2909 4686 3097 4740 clerici
3130 4702 3247 4740 non
3272 4688 3405 4739 sunt
3430 4684 3752 4755 recipiendi
3773 4684 3832 4737 in

2194 4782 2308 4836 suis
2335 4781 2551 4849 ofﬁciis,
2594 4782 2854 4852 quamvis
2881 4797 3078 4836 eorum
3104 4780 3470 4850 baptismum,
3498 4779 3599 4850 qui
3629 4779 3830 4833 catho-

2192 4876 2331 4930 licus
2363 4881 2598 4943 constat,
2634 4876 2935 4930 conﬁrmet
2964 4874 3229 4929 Ecclesia.

2262 4972 2391 5026 CAP.
2433 4971 2472 5025 l.
2513 4971 2875 5025 INNOCENTIUS
2915 4973 3246 5024 ALEXANDRO
3274 4969 3558 5040 episcopo.
3590 4968 3660 5021 Et
3687 4983 3833 5021 onus

2195 5069 2251 5119 et
2276 5064 2461 5119 honor
2485 5064 2649 5120 nobis
2681 5082 2714 5121 a
2744 5070 2843 5120 tua
2869 5064 3227 5119 fraternitate
3249 5060 3547 5134 impositus
3568 5077 3830 5116 necessa-

2194 5158 2263 5212 rii
2286 5161 2554 5213 tractatus
2589 5176 2785 5214 causas
2812 5158 3055 5229 induxit,
3087 5175 3200 5231 quo
3235 5156 3439 5212 litteris
3467 5156 3554 5209 vel
3584 5172 3833 5210 commo-

2192 5252 2403 5307 nitorio
2448 5258 2649 5323 vestro,
2694 5260 2761 5308 ut
2787 5254 2882 5308 dat
2910 5254 3089 5308 sancti
3116 5253 3356 5324 Spiritus
3383 5250 3561 5322 gratia
3588 5266 3830 5321 respon-

2194 5346 2326 5401 dere
2384 5348 2680 5418 possimus.
2756 5349 3127 5402 Revolventes
3179 5348 3371 5418 itaque
3426 5344 3829 5399 auctoritatem

2194 5441 2434 5496 Niczenae
2462 5442 2684 5514 synodi,
2716 5457 2846 5512 qua:
2880 5459 2989 5496 una
3014 5441 3272 5496 omnium
3299 5456 3404 5511 per
3428 5438 3626 5492 orbem
3656 5441 3834 5492 terra-

2194 5552 2323 5589 rum
2350 5536 2592 5607 explicat
2620 5541 2870 5591 mentem
2919 5537 3293 5602 sacerdotum,
3347 5550 3473 5604 quas
3507 5532 3732 5587 censuit
3762 5530 3832 5585 de

2193 5630 2551 5685 Antiochena
2600 5631 2850 5685 Ecclesia
2902 5630 3117 5685 cunctis
3159 5628 3419 5683 ﬁdelibus
3462 5644 3533 5681 ne
3583 5625 3831 5680 dixerim

2194 5724 2579 5778 sacerdotibus
2605 5740 2726 5778 esse
2754 5724 3141 5779 necessarium
3172 5722 3478 5789 custodire,
3519 5737 3631 5792 qua
3662 5736 3833 5791 super

2193 5818 2479 5873 dimcesim
2531 5835 2692 5873 suam
2748 5819 3085 5891 praedictam
3143 5816 3443 5873 Ecclesiam
3495 5832 3611 5870 non
3660 5830 3832 5886 super

2193 5911 2443 5983 aliquam
2501 5912 2854 5984 provinciam
2904 5912 3366 5987 recognoscimus
3430 5909 3828 5969 constitutam.
