4034 6302
221 351 326 405 613

1447 355 1932 413 DECRETALIUM
1970 356 2358 416 COLLECTIO.

3496 358 3599 415 7H

217 458 381 511 Unde
411 457 760 513 advertimus
787 476 900 515 non
930 466 1045 516 tam
1075 478 1180 534 per
1204 462 1442 518 civitatis
1472 466 1848 535 magniﬁcen-
1875 475 1932 550 Α
1954 465 2045 520 Ad
2070 466 2311 522 Atticum
2354 469 2497 550 Bora?
2521 467 2857 550 episcopum,
2892 464 2956 520 de
2985 470 3187 549 Isancto
3228 466 3431 522 Joanne
3461 467 3596 524 Con-

215 552 365 605 tiam
394 552 503 607 hoc
532 553 685 607 idem
714 554 1075 623 attributum,
1096 573 1265 627 quam
1299 559 1451 629 quod
1480 560 1667 631 prima
1688 562 1859 632 primi

217 647 461 715 apostoli
493 648 655 701 sedes
679 664 800 702 esse
829 656 1199 718 monstratur,
1233 652 1329 706 ubi
1374 657 1430 707 et
1461 670 1674 708 nomen
1700 671 1856 711 acce-

213 739 303 811 pit
336 741 537 812 religio
581 741 895 797 Christiana
925 747 981 797 et
1022 761 1147 815 quae
1192 751 1535 801 conventum
1575 750 1856 819 apostolo-

216 850 351 887 rum
400 835 552 905 apud
590 851 646 889 se
678 836 801 889 ﬁeri
851 836 1289 892 celeberrimum
1341 840 1569 907 meruit,
1615 858 1857 913 quaeque

218 929 379 984 urbis
402 931 597 985 Romae
622 930 740 983 sedi
767 946 879 984 non
902 932 1146 997 cederet,
1168 932 1277 986 nisi
1308 933 1461 1004 quod
1488 934 1587 988 illa
1604 935 1662 989 in
1683 941 1860 991 trans—

214 1023 302 1078 itu
331 1025 577 1093 meruit;
625 1023 735 1079 ista
760 1028 1022 1096 suscepto
1064 1026 1218 1097 apud
1261 1040 1318 1081 se
1350 1032 1857 1102 consummatoque

221 1119 520 1189 gauderet.
560 1120 752 1191 Itaque
800 1120 1166 1189 arbitramur,
1208 1120 1386 1175 frater
1410 1123 1759 1191 charissime,
1792 1130 1857 1180 ut

216 1212 365 1266 sicut
403 1213 870 1283 metropolitanos
912 1214 1247 1268 auctoritate
1280 1214 1507 1269 ordinas
1554 1216 1852 1288 singulari,

215 1306 297 1360 sic
345 1310 401 1360 et
448 1311 679 1361 caeteros
735 1323 852 1361 non
896 1307 1017 1362 sine
1066 1308 1346 1379 permissu
1397 1310 1853 1383 conscientiaque

212 1402 313 1452 tua
342 1399 495 1454 sinas
540 1400 829 1472 episcopos
854 1401 1155 1472 procreari.
1204 1404 1265 1457 In
1298 1402 1503 1473 quibus
1531 1404 1681 1459 hunc
1728 1422 1851 1461 mo-

213 1493 353 1547 dum
383 1497 535 1548 recte
583 1494 847 1563 servabis,
878 1499 945 1549 ut
986 1495 1160 1565 longe
1206 1497 1420 1567 positos
1458 1497 1658 1553 litteris
1706 1500 1852 1555 datis

213 1587 471 1642 ordinari
522 1604 749 1642 censeas
775 1588 844 1642 ab
889 1590 977 1643 his
1027 1589 1127 1660 qui
1174 1606 1327 1644 nunc
1358 1607 1455 1645 eos
1492 1608 1593 1645 suo
1624 1595 1849 1649 tantum

203 1674 484 1736 brdinant
532 1681 832 1749 arbitratu,
882 1683 1095 1737 vicinos
1144 1688 1338 1739 autem
1389 1685 1435 1739 si
1493 1686 1741 1741 aestimas
1781 1689 1851 1743 ad

211 1792 419 1830 manus
464 1776 885 1847 impositionem
909 1782 1022 1831 tua:
1055 1777 1251 1848 gratiae
1294 1783 1504 1834 statuas
1533 1781 1847 1852 pervenire.

213 1869 473 1933 Quorum
506 1869 660 1924 enim
697 1874 751 1925 te
792 1871 1041 1925 maxima
1069 1876 1358 1943 exspectat
1400 1890 1533 1928 cura
1568 1876 1851 1948 praecipue

212 1967 378 2018 tuum
405 1964 613 2019 debent
637 1965 851 2019 mereri
876 1965 1181 2035 judicium.

287 2059 352 2113 ll.
404 2059 548 2113 Nam
586 2058 741 2130 quod
780 2059 1078 2114 sciscitaris
1119 2065 1310 2115 utrum
1339 2061 1528 2117 divisis
1569 2064 1852 2135 imperiali

200 2152 424 2225 judicio
468 2153 789 2223 provinciis,
829 2158 890 2208 ut
920 2154 1049 2208 duae
1093 2157 1441 2227 metrOpoles
1465 2158 1621 2225 ﬁant,
1668 2158 1711 2214 si
1739 2159 1850 2214 duo

208 2247 634 2319 metropolitani
674 2248 925 2319 episcopi
958 2247 1169 2303 debent
1216 2251 1517 2321 nominari,
1561 2269 1676 2307 non
1720 2270 1850 2308 vere

207 2340 393 2394 visum
440 2344 524 2395 est
550 2341 621 2394 ad
666 2341 1046 2396 mobilitatem
1086 2343 1487 2398 necessitatum
1534 2347 1852 2403 mundana-

207 2450 342 2488 rum
373 2433 469 2488 Dei
499 2434 804 2489 Ecclesiam
848 2437 1204 2505 commutari,
1238 2437 1593 2509 honoresque
1635 2444 1735 2494 aut
1764 2441 1845 2495 di-

205 2527 453 2583 visiones
495 2528 735 2598 perpeti,
771 2544 909 2599 quas
943 2545 1047 2600 pro
1077 2530 1190 2583 suis
1217 2531 1397 2585 causis
1426 2531 1702 2586 faciendis
1739 2534 1844 2611 du;

205 2621 358 2676 xerit
383 2621 712 2693 imperator.
745 2624 894 2693 Ergo
921 2623 1239 2678 secundum
1278 2625 1579 2695 pristinum
1612 2627 1843 2699 provin-

208 2716 427 2770 ciarum
470 2733 690 2771 morem
733 2718 1196 2788 metropolitanos
1241 2719 1538 2791 episcopos
1587 2722 1850 2776 convenit

204 2809 519 2864 nominari.
550 2811 786 2884 Cyprios
814 2828 946 2866 sane
994 2813 1196 2866 asseris
1224 2813 1362 2867 olim
1390 2814 1611 2869 Arianae
1642 2816 1843 2888 impie-

206 2904 341 2958 tatis
368 2906 625 2975 potentia
661 2906 926 2977 fatigatos
966 2922 1082 2960 non
1108 2908 1358 2962 tenuisse
1397 2908 1651 2964 Niczenos
1683 2928 1848 2966 cano-

203 3014 308 3052 nes
362 2998 422 3052 in
453 2998 783 3053 ordinandis
828 3000 930 3054 sibi
978 3001 1294 3071 episcopos,
1351 3008 1408 3057 et
1439 3020 1614 3075 usque
1660 3005 1845 3059 adhuc

204 3092 422 3147 habere
473 3099 905 3164 praesumptum,
961 3100 1024 3148 ut
1086 3111 1186 3149 suo
1242 3095 1518 3150 arbitratu
1581 3098 1847 3154 ordinent

204 3185 503 3241 nominem
546 3188 928 3242 consulentes.
977 3189 1248 3253 Quocirca
1292 3191 1699 3260 persuademus
1741 3193 1840 3263 eis,

201 3286 265 3333 ut
297 3283 504 3335 curent
524 3282 686 3351 juxta
733 3299 1012 3336 canonum
1045 3284 1213 3337 ﬁdem
1245 3284 1578 3339 catholicam
1622 3303 1841 3358 sapere,

200 3379 372 3444 atque
416 3390 596 3428 unum
624 3391 754 3429 cum
800 3377 1017 3430 caeteris
1049 3376 1259 3431 sentire
1296 3380 1621 3451 provinciis,
1669 3386 1731 3435 ut
1754 3398 1848 3452 ap-

203 3472 402 3538 pareat
440 3470 617 3522 sancti
659 3469 898 3540 Spiritus
932 3472 1139 3541 gratia,
1177 3472 1331 3544 ipsos
1375 3490 1600 3546 quoque
1628 3478 1688 3528 ut
1714 3492 1842 3529 0m-

203 3577 306 3615 nes
332 3562 603 3618 Ecclesias
625 3562 955 3633 gubernari.

277 3656 364 3709 Ill.
419 3655 652 3710 Arianos
695 3661 967 3727 praeterea
1012 3665 1355 3732 caeterosque
1392 3661 1611 3716 homini
1656 3669 1845 3734 pestes

204 3749 300 3821 qui
331 3766 530 3803 eorum
566 3750 741 3806 laicos
779 3769 1081 3807 conversos
1107 3755 1176 3808 ad
1225 3754 1526 3811 Dominum
1568 3756 1671 3810 sub
1708 3757 1842 3811 ima-

204 3844 338 3915 gine
371 3844 729 3915 pmnitentiae
776 3863 840 3900 ac
882 3848 1060 3901 sancti
1109 3849 1348 3918 Spiritus
1392 3850 1842 3907 sanctificatione

201 3955 303 4009 per
340 3954 544 3992 manus
592 3939 1020 4010 impositionem
1066 3924 1578 4036 suscipimus~ion
1620 3945 1844 4001 videtur

199 4031 437 4087 clericos
485 4049 685 4087 eorum
733 4036 1139 4089 consacerdotii
1165 4042 1263 4091 aut
1307 4031 1607 4094 ministerii
1650 4040 1839 4111 cujus-

199 4126 357 4196 piam
409 4126 613 4196 suscipi
668 4128 875 4182 debere
943 4130 1239 4200 dignitate,
1301 4133 1572 4203 quoniam
1636 4134 1841 4205 quibus

198 4219 381 4273 solum
453 4219 733 4290 baptisma
809 4227 996 4276 ratum
1062 4241 1181 4277 esse
1245 4227 1627 4295 permittimus
1689 4230 1838 4298 quod

198 4313 398 4383 utique
444 4313 504 4367 in
536 4315 769 4369 nomine
819 4317 1015 4383 Patris,
1068 4321 1122 4371 et
1158 4318 1302 4386 Filii,
1343 4323 1399 4373 et
1442 4320 1679 4391 Spiritus
1708 4338 1835 4375 san-

200 4408 275 4460 cti
328 4407 645 4478 perficitur,
693 4426 797 4463 nec
835 4411 1104 4481 Spiritum
1163 4416 1417 4467 sanctum
1479 4430 1574 4468 eos
1632 4415 1837 4470 habere

200 4516 266 4554 ex
334 4501 428 4555 illo
484 4501 852 4572 baptismate,
933 4505 1151 4576 illisque
1238 4507 1524 4577 mysteriis
1604 4508 1839 4563 arbitra-

2384 539 2866 609 stuntinozlolitano
2904 542 3166 609 episcopo.

2032 654 2370 725 Aggaudere
2392 654 2596 709 litteris
2625 655 3043 710 fraternitatem
3074 657 3230 709 tuam
3260 655 3330 709 de
3358 655 3599 725 receptis

1958 748 2197 813 Paulini,
2213 749 2302 801 vel
2330 748 2547 819 Evagrii
2563 749 2963 820 episcoporum
2984 748 3222 815 clericis,
3237 749 3596 820 populisque,
3622 808 3627 809 ,

1959 845 2015 896 et
2036 841 2103 895 de
2131 841 2401 896 restitutis
2446 842 2680 913 Helpido
2710 846 2882 914 atque
2912 844 3063 915 Papo
3090 842 3440 914 coepiscopis
3462 859 3593 914 per-

1959 934 2302 1003 censuimus,
2345 939 2402 989 et
2436 935 2525 989 vel
2554 952 2678 991 sero
2724 941 2971 1007 receptae
3014 937 3171 1008 pacis
3218 936 3459 1009 gratiam
3509 953 3596 991 re-

1957 1028 2149 1083 fovere
2184 1029 2492 1100 postposita
2541 1030 2695 1084 omni
2747 1030 3172 1102 contemptione
3224 1030 3593 1101 pervidimus.

1956 1121 2120 1176 Unde
2166 1123 2268 1177 has
2295 1124 2366 1177 ad
2409 1123 2945 1194 praestantissimum
2988 1125 3248 1193 fratrem,
3298 1128 3354 1178 et
3380 1123 3597 1195 coepis-

1956 1232 2163 1287 copum
2183 1221 2441 1271 nostrum
2458 1217 2843 1273 Alexandrum
2862 1218 3178 1273 reddendas
3195 1223 3305 1272 tua:
3320 1218 3589 1272 transmi-

1955 1309 2132 1364 simus
2161 1311 2832 1381 unanimitati,videlicet,
2851 1316 2917 1367 ut
2942 1312 2989 1366 si
3017 1329 3218 1366 omnes
3251 1311 3588 1380 inimicitiae,

1953 1403 2139 1457 omnis
2164 1404 2466 1473 aemulatio,
2514 1410 2630 1459 tam
2673 1405 2742 1460 de
2771 1406 3004 1460 nomine
3030 1404 3204 1459 sancti
3241 1405 3474 1460 Joannis
3500 1389 3615 1493 Mi-l

1953 1496 2117 1550 randi
2144 1497 2415 1568 episcopi,
2447 1515 2619 1569 quam
2656 1498 2727 1552 de
2760 1499 3026 1553 omnibus
3057 1498 3313 1569 ejusdem
3339 1515 3591 1553 commu-

1954 1590 2141 1645 nionis
2181 1591 2547 1662 participibus
2592 1609 2625 1646 a
2668 1597 2768 1647 tua
2793 1593 3153 1647 animositate
3186 1592 3458 1659 discessit,
3491 1592 3593 1646 has

1951 1689 2159 1739 nostras
2184 1684 2467 1739 societatis
2492 1685 2731 1757 recipias
2757 1687 2989 1752 litteras,
3028 1686 3202 1740 frater
3238 1684 3590 1753 charissime,

1950 1778 2125 1833 modo
2169 1784 2230 1832 ut
2256 1779 2467 1847 omnia,
2501 1796 2630 1851 quae
2672 1780 2759 1834 his
2794 1780 2931 1834 actis
2970 1780 3200 1834 ﬁrmata
3238 1783 3389 1847 sunt,
3436 1779 3591 1852 apud

1875 1848 1927 1920 Β
1952 1871 2320 1926 mediatorem
2349 1878 2607 1927 nostrum
2630 1873 2935 1927 amabilem
2952 1873 3334 1929 Alexandrum
3354 1887 3451 1927 ore
3467 1888 3594 1943 pro-

1949 1965 2094 2036 prio,
2123 1969 2188 2019 ut
2211 1966 2755 2034 communicantem,
2778 1968 3058 2033 convenit,
3079 1967 3326 2034 fatearis;
3348 1971 3408 2021 ut
3434 1966 3589 2020 enim

1952 2059 2118 2113 nobis
2149 2060 2271 2114 haec
2294 2059 2686 2115 unanimitatis
2727 2060 3131 2131 charitatisquc
3157 2077 3325 2114 causa
3348 2076 3586 2114 venera-

1948 2153 2079 2207 bilis
2122 2158 2224 2222 est,
2269 2154 2345 2208 sic
2389 2153 2633 2208 inhaeret
2679 2154 2934 2221 sollicita,
2987 2170 3061 2209 ne
3090 2153 3223 2225 quid
3267 2153 3585 2225 obliquum,

1949 2252 2049 2301 aut
2097 2248 2430 2303 succisivum
2475 2264 2592 2304 esse
2641 2248 2699 2303 in
2752 2264 3041 2321 quoquam
3073 2248 3323 2303 residere
3368 2263 3584 2319 cogno-

1948 2345 2152 2396 scatur.

2018 2461 2148 2514 Item
2178 2460 2406 2530 epistola
2432 2462 2729 2514 Innocentii
2749 2475 2910 2542 papa:
2943 2459 3017 2513 ad
3039 2460 3392 2515 Laurentium
3416 2461 3512 2529 Sy-

2482 2546 2711 2585 menscm
2749 2546 3049 2600 episcopum

2021 2627 2069 2678 1.
2102 2624 2174 2678 De
2210 2623 2529 2678 Bonosiacis
2556 2624 2706 2695 quod
2734 2623 2943 2679 Iudaeis
2980 2623 3092 2678 sint
3120 2624 3507 2695 comparandi.

2016 2720 2071 2773 2.
2124 2719 2199 2772 De
2247 2716 2614 2788 suscipiendis
2667 2717 2882 2771 clericis
2926 2734 3065 2789 quos
3117 2719 3369 2772 Bonosus
3419 2721 3579 2773 ante-

1947 2827 2119 2882 quam
2148 2811 2519 2866 damnaretur
2548 2810 2835 2866 ordinasse
2872 2811 3258 2883 cognoscitur.

2016 2907 2143 2960 CAP.
2174 2907 2216 2960 Ι.
2251 2906 2610 2960 Innocexnus
2651 2905 2984 2973 LAURENTIO,
3012 2904 3274 2975 episcopo
3299 2905 3579 2977 Symensi.

1946 2998 2056 3053 Diu
2082 2998 2269 3053 mirati
2297 3015 2491 3053 sumus
2518 2998 2835 3053 dilectionis
2863 3002 2973 3053 tuae
3004 2998 3207 3053 litteris
3232 2999 3391 3053 lectis
3410 2999 3584 3054 haere-

1943 3093 2083 3148 ticos
2109 3093 2329 3163 Fotoni,
2359 3109 2575 3147 venena
2605 3096 2902 3163 sectantes,
2933 3093 2991 3148 in
3018 3093 3300 3149 territorio
3327 3093 3580 3148 dilectio-

1943 3186 2032 3241 nis
2060 3190 2171 3241 tua:
2205 3204 2318 3241 non
2351 3188 2535 3242 solum
2577 3204 2721 3253 esse,
2753 3186 2849 3241 sed
2884 3188 3104 3258 publice
3152 3187 3257 3242 sibi
3291 3188 3582 3243 conventi-

1947 3282 2072 3335 cula
2115 3281 2174 3334 in
2207 3274 2527 3352 aliquorum
2572 3280 3018 3352 possessionibus
3052 3297 3397 3351 praeparare,
3446 3298 3579 3336 cum

1946 3373 2014 3427 de
2046 3377 2161 3428 toto
2190 3390 2333 3445 pene
2377 3374 2510 3428 orbe
2537 3390 2819 3445 nusquam
2858 3378 2976 3428 tam
3008 3374 3174 3428 multi
3217 3391 3392 3444 quam
3430 3375 3581 3446 apud

1943 3484 2045 3521 vos
2080 3467 2398 3538 delegerint
2444 3468 2719 3523 habitare.
2766 3469 3017 3532 Quorum
3046 3468 3320 3522 doctrinae
3346 3468 3579 3523 nefarias

1942 3567 2161 3630 auctor,
2210 3562 2420 3615 Marcus
2451 3560 2669 3615 dudum
2721 3561 2792 3616 de
2821 3562 2958 3615 urbe
3013 3561 3208 3632 pulsus
3241 3562 3578 3617 temeritatis

1942 3658 2099 3709 tanta
2135 3656 2335 3709 ductus
2366 3660 2452 3709 est
2488 3654 2742 3721 audacia,
2782 3660 2846 3709 ut
2872 3655 3122 3726 primum
3168 3655 3272 3709 sibi
3301 3656 3452 3710 inter
3478 3672 3576 3711 eos

1941 3748 2188 3803 vindicet
2233 3748 2440 3803 locum.
2488 3748 2597 3803 Sed
2640 3765 2714 3802 ne
2764 3748 3000 3803 ulterius
3046 3748 3430 3804 debacchandi
3480 3750 3577 3805 ha-

1942 3842 2117 3897 beant
2145 3842 2492 3911 facultatem,
2508 3847 2563 3897 et
2587 3842 2805 3896 animas
2824 3841 3165 3914 simplicium
3186 3859 3249 3897 ac
3270 3843 3578 3898 rusticano-

1942 3953 2074 3991 rum
2105 3953 2295 3991 secum
2315 3937 2375 3991 in
2402 3937 2746 4007 gehennam,
2764 3936 2855 3991 cui
2874 3936 3135 3991 destinati
3156 3940 3305 4005 sunt,
3324 3938 3574 4004 trahant,

1941 4034 2130 4085 actum
2179 4033 2263 4085 est
2313 4031 2578 4085 adversus
2629 4048 2722 4085 eos
2777 4048 2810 4085 a
2876 4030 3265 4086 defensoribus
3316 4024 3635 4114 Ecclesiae]

1941 4130 2168 4194 nostrae,
2217 4142 2330 4196 quo
2361 4142 2460 4179 eos
2488 4126 2702 4196 possint
2730 4126 3037 4197 expellere,
3070 4131 3133 4180 ut
3170 4127 3266 4198 qui
3291 4126 3576 4182 Christum

1941 4220 2121 4273 Deum
2165 4236 2234 4273 ex
2267 4219 2442 4273 Patris
2493 4219 2808 4273 substantia
2838 4224 2969 4274 ante
2998 4221 3204 4274 saecula
3243 4227 3456 4291 negant
3484 4238 3576 4292 ge-

1942 4312 2147 4379 nitum,
2172 4312 2228 4366 hi
2255 4329 2385 4366 cum
2411 4313 2634 4379 .ludmis,
2662 4313 2759 4384 qui
2780 4314 2900 4382 ejus
2926 4314 3191 4367 deitatem
3219 4319 3576 4385 negaverunt

1940 4412 1995 4461 et
2021 4423 2174 4460 nunc
2203 4422 2383 4476 usque
2406 4409 2637 4476 negant,
2670 4406 3033 4478 participium
3065 4407 3315 4462 habeant
3343 4392 3578 4463 damna-

1937 4501 2128 4555 tionis.
2156 4501 2336 4553 Tuum
2365 4503 2466 4565 est,
2509 4500 2687 4553 frater
2725 4500 3074 4569 charissime,
3127 4517 3255 4572 quas
3296 4506 3576 4574 prmcepta

196 4610 345 4662 mur,
375 4596 647 4666 quoniam
684 4613 813 4650 cum
841 4615 872 4650 a
899 4599 1174 4652 catholica
1206 4601 1317 4654 ﬁde
1357 4618 1556 4655 eorum
1583 4596 1915 4668 auctorcsD
1939 4598 2072 4649 sunt
2113 4611 2224 4647 Ποη
2275 4594 2505 4663 segnius
2548 4611 2741 4665 agere.
2774 4611 2847 4648 113
2891 4596 3116 4665 Ριθδεπι
3158 4595 3261 4650 tibi
3299 4596 3571 4651 creditam

196 4688 569 4755 discederent,
600 4691 1006 4759 perfectionem
1031 4693 1272 4764 Spiritus
1302 4712 1471 4764 quem
1499 4701 1839 4767 acceperant

194 4782 530 4837 amiserunt.
556 4783 693 4837 Nam
715 4802 821 4839 nec
852 4786 989 4841 dare
1011 4786 1134 4857 ejus
1162 4788 1572 4858 plenitudinem
1601 4798 1839 4860 possunt

197 4892 323 4946 quae
356 4876 605 4931 maxime
634 4877 694 4931 in
737 4878 1183 4935 ordinationibus
1212 4888 1498 4952 operatur,
1527 4899 1700 4954 quam
1735 4901 1840 4955 per

194 4970 503 5040 impietatis
547 4987 661 5025 suae
705 4973 1003 5043 perﬁdiam
1056 4975 1262 5045 potius,
1310 4993 1484 5059 quam
1516 4994 1618 5048 per
1664 4978 1836 5033 fidem

196 5063 461 5127 dixerim,
491 5065 885 5136 perdiderunt.
921 5069 1221 5132 Quomodo
1260 5070 1384 5124 fieri
1421 5076 1627 5142 potest,
1657 5078 1717 5128 ut
1746 5090 1839 5129 eo-

194 5174 340 5224 rum,
389 5158 663 5229 profanos
700 5162 1018 5215 sacerdotes
1069 5162 1270 5234 dignos
1298 5165 1502 5221 Christi
1529 5166 1839 5222 honoribus

142 5256 149 5266 '
192 5252 558 5318 arbitremur,
589 5269 832 5324 quorum
863 5254 1032 5310 laicos
1081 5257 1466 5328 imperfectos,
1494 5267 1557 5314 ut
1603 5262 1736 5330 dixi,
1766 5262 1839 5316 ad

193 5341 370 5395 sancti
400 5341 644 5412 Spiritus
668 5343 1116 5415 praecipiendam
1148 5348 1390 5417 gratiam
1413 5340 1541 5403 cum
1566 5351 1840 5420 poeniten-

192 5434 287 5488 tiae
311 5435 572 5505 imagine
599 5436 984 5507 recipiamus?
1009 5440 1257 5495 Gravitas
1284 5442 1477 5513 itaque
1500 5450 1595 5497 tua
1619 5445 1741 5499 haec
1767 5446 1840 5500 ad

194 5528 454 5582 notitiam
482 5529 979 5602 coepiscoporum,
1009 5534 1096 5587 vel
1120 5551 1222 5603 per
1250 5536 1551 5606 synodum,
1581 5539 1628 5592 si
1657 5545 1837 5609 potes,

194 5622 277 5675 vel
325 5638 431 5694 per
460 5638 664 5677 eorum
690 5624 1080 5680 recitationem
1115 5627 1285 5682 faciat
1311 5632 1631 5701 pervenire,
1662 5636 1728 5687 ut
1752 5650 1836 5701 ea,

196 5731 322 5786 quae
370 5715 492 5786 ipse
542 5720 660 5771 tam
707 5720 1024 5775 necessario
1076 5727 1476 5792 percunctatus
1530 5741 1588 5780 es
1628 5729 1685 5779 et
1737 5742 1842 5781 nos

198 5812 312 5864 tam
377 5809 671 5865 eliminata
736 5814 1157 5884 respondimus,
1228 5819 1519 5874 communi
1586 5820 1841 5876 omnium

197 5920 473 5962 consensu
502 5904 805 5983 studioque
833 5912 1155 5968 serventur.

1938 4688 2361 4743 dissimilatione
2388 4686 2596 4759 perdas
2619 4692 2676 4742 et
2701 4688 2936 4759 incipias
2960 4691 3071 4744 Deo
3101 4689 3169 4743 de
3190 4689 3424 4761 perditis
3448 4692 3575 4747 red-

1938 4782 2069 4836 dere
2096 4781 2390 4836 rationem.

2008 4877 2071 4931 Il.
2104 4877 2461 4931 Ixxocsnrws
2490 4877 2798 4945 MARTIANO,
2829 4875 3090 4947 episcopo
3134 4877 3431 4934 Naiﬁtano.
3478 4880 3576 4936 Su-

1940 4970 2152 5040 periori
2194 4973 2472 5041 tempore,
2513 4970 2563 5035 si
2594 4974 2789 5025 tamen
2833 4975 2985 5025 recte
3011 4973 3293 5041 recordor,
3332 4974 3578 5031 memini

1940 5080 2032 5117 me
2080 5070 2201 5118 tam
2262 5064 2331 5118 ad
2386 5064 2751 5119 dilectionem
2818 5066 2973 5118 tuam
3035 5081 3206 5136 quam
3256 5067 3327 5122 ad
3374 5068 3577 5124 fratres

1940 5158 2297 5229 coepiscopos
2310 5164 2535 5213 nostros
2561 5158 2790 5224 Rufum,
2815 5164 2869 5213 et
2884 5163 3117 5214 cmteros
3142 5160 3472 5232 hujusmodi
3492 5164 3579 5218 lit-

1939 5257 2092 5307 teras
2122 5254 2191 5307 de
2220 5252 2438 5307 clericis
2474 5252 2831 5307 Naifensibus
2869 5254 3266 5325 transmisisse,
3313 5257 3401 5311 his
3429 5258 3580 5314 vide-

1939 5346 2073 5401 licet
2100 5363 2227 5417 quaz
2246 5364 2303 5401 se
2323 5349 2454 5400 ante
2476 5346 2906 5402 damnationem
2928 5349 3137 5404 Bonosi
3158 5352 3482 5407 asserebant
3506 5354 3576 5407 ab

1941 5445 2147 5499 eodem
2198 5450 2316 5499 tam
2349 5445 2705 5516 presbyteros
2752 5456 2934 5518 'quam
2966 5448 3235 5506 diaconos
3274 5452 3574 5519 ordinatos,

1943 5542 2004 5592 ut
2042 5538 2107 5605 si,
2159 5539 2352 5593 relicto
2406 5542 2579 5610 atque
2628 5539 2902 5597 damnato
2940 5543 3062 5615 ejus
3117 5561 3325 5613 errore,
3372 5544 3580 5599 vellent

1939 5632 2200 5687 Ecclesiae
2247 5633 2521 5705 copulari,
2566 5633 2817 5690 libenter
2859 5637 3267 5709 reciperentur,
3307 5653 3380 5691 ne
3431 5637 3575 5691 forte

1941 5727 2039 5798 qui
2064 5730 2249 5781 essent
2291 5726 2451 5799 digni
2485 5719 2898 5800 recuperandae
2940 5732 3136 5785 salutis
3162 5730 3220 5784 in
3249 5729 3449 5784 eodem
3493 5747 3577 5785 er-

1941 5836 2068 5875 rore
2110 5819 2457 5892 deperirent.
2512 5822 2720 5878 Verum
2771 5840 2925 5878 nunc
2977 5823 3036 5879 in
3082 5823 3392 5877 Ravennati
3432 5824 3577 5881 urbe

1943 5914 2085 5973 mihi
2114 5914 2420 5972 constituto
2458 5920 2694 5993 propter
2719 5916 2957 5973 Romani
2981 5916 3179 5988 populi
3217 5917 3576 5976 necessitates
