4034 6312
480 326 585 380 715

1359 319 1647 375 APPEND.
1688 318 1778 373 AD
1815 316 1979 372 SEC.
2021 315 2110 370 1X.
2138 343 2208 357 -—-
2244 313 2484 372 lSIDORl
2518 314 2948 372 MERCATORIS

3749 326 3852 377 716

472 428 848 487 creberrimas
891 430 1229 495 Germanus,
1289 427 1385 499 qui
1433 427 1635 482 asserit
1686 442 1745 481 se
1798 442 1920 481 esse
1976 440 2103 497 pre-
2128 425 2501 509 Amentibus
2545 423 2753 479 nostris
2794 424 3133 493 indicerent,
3176 426 3543 499 facerentque
3588 445 3698 484 nos
3736 446 3853 485 non

475 525 790 596 sbyterum,
822 528 990 595 atque
1013 520 1366 592 Lupentinus
1390 520 1488 591 qui
1514 537 1574 575 se
1610 519 1917 575 diaconum
1947 519 2104 591 dicit,

471 620 789 674 multorum
832 616 1049 683 talium,
1081 614 1241 685 quasi
1284 614 1569 685 legatione
1596 616 1875 685 suscepta,
1918 630 2103 685 prece,

2207 518 2497 573 modicum
2519 518 2782 574 dubitare
2806 521 3003 573 utrum
3021 520 3189 575 aliter
3204 522 3541 591 putaremus
3561 539 3638 577 an
3665 522 3745 578 ita
3759 522 3853 577 illa

2209 615 2397 666 essent
2413 612 2601 683 posita
2627 613 3113 684 quemadmodum
3133 616 3540 685 personabant.
3560 617 3699 680 Quae
3720 633 3850 672 cum

470 713 600 768 fusa
628 711 850 767 dolores
892 708 1151 780 proprios
1195 708 1511 779 exprimere
1550 707 1915 779 gestiverunt,
1963 723 2111 762 asse—
2175 706 2414 785 (saepius
2439 706 2623 777 repeti
2655 706 2934 774 fecissem,
2964 707 3179 762 adverti
3220 709 3334 763 sedi
3367 710 3695 780 apostolicae
3726 711 3852 766 ﬁeri

471 810 666 863 rentes
690 803 977 876 siquidem
1004 801 1276 857 Ecclesias
1314 801 1373 855 in
1412 801 1730 857 dilectionis
1763 804 1873 855 tuae
1899 801 2104 856 consti-

470 905 623 957 tutas
638 897 923 971 parochiis
946 895 1211 963 retinere,
1230 894 1442 950 scilicet
1460 899 1618 951 tuam
1641 895 2109 951 communionem

475 1011 592 1050 non
631 991 879 1065 potuisse
932 989 1177 1056 mereri;
1248 988 1508 1045 videlicet
1554 1006 1620 1044 ea
1682 988 1922 1058 ratione,
1977 989 2110 1060 quia

471 1086 758 1145 Rusticius
795 1084 1027 1156 quidem
1070 1082 1308 1138 nomine
1337 1082 1534 1138 iterata
1574 1083 1932 1139 ordinatione
1974 1099 2105 1155 pre-

475 1180 788 1253 sbyterium
813 1177 1167 1250 suscepisset,
1205 1182 1262 1231 et
1288 1193 1405 1232 non
1434 1177 1541 1232 levi
1571 1176 1983 1250 impedimento
2016 1176 2104 1245 sit,

476 1278 614 1333 dum
645 1279 743 1330 aut
769 1272 848 1328 illi
887 1273 1081 1328 dolent
1104 1272 1323 1327 homini
1356 1272 1651 1326 hominem
1683 1272 1744 1326 in
1764 1271 2000 1326 ecclesia
2024 1287 2111 1326 re-

473 1371 708 1437 ctinere,
737 1372 837 1423 aut
863 1367 957 1422 ille
980 1366 1025 1421 si
1050 1383 1281 1439 peccare
1308 1365 1515 1421 debere
1544 1365 1603 1419 in
1631 1365 1766 1420 alios
1784 1365 2106 1433 arbitretur,

475 1460 969 1538 quemadmodum
1012 1460 1071 1515 in
1103 1478 1163 1515 se
1205 1459 1460 1531 agnoscit
1503 1476 1623 1515 esse
1675 1466 1990 1531 peccatum.
2043 1460 2111 1514 Et

475 1557 733 1633 quamvis
773 1556 846 1612 de
891 1555 1090 1611 eadem
1135 1571 1196 1609 re
1226 1553 1452 1627 plenius
1500 1553 1704 1609 litterae
1745 1570 1889 1609 meae
1928 1556 2107 1610 conti-

474 1655 672 1718 neant,
705 1667 844 1722 quas
874 1648 1136 1720 superius
1160 1646 1500 1715 memoravi,
1528 1650 1722 1701 tamen
1751 1663 1902 1702 nunc
1933 1648 2109 1703 etiam

474 1745 894 1803 admonendam
917 1742 1184 1797 duximus
1200 1741 1616 1797 fraternitatem
1638 1749 1817 1811 tuam,
1840 1747 1900 1797 ut
1919 1741 1967 1796 si
1979 1758 2109 1797 vere

2184 790 2502 871 1'injuriam,
2541 800 2610 854 ad
2641 817 2817 872 quam
2845 800 3047 856 relatio
3078 802 3238 872 quasi
3269 802 3342 857 ad
3370 807 3543 874 caput
3568 804 3849 859 Ecclesia-

2208 911 2337 949 rum
2369 894 2541 948 missa
2568 894 2852 962 currebat,
2885 895 3045 966 cujus
3068 895 3255 950 adhuc
3279 896 3337 950 in
3360 896 3703 969 ambiguum
3730 915 3853 952 sen-

2207 988 2386 1043 tentia
2431 988 2755 1044 duceretur.
2788 988 2947 1043 Unde
2984 989 3053 1044 de
3084 990 3291 1060 quibus
3328 990 3675 1061 jamdudum
3707 992 3848 1046 scri-

2207 1081 2384 1154 psisse
2413 1098 2507 1136 me
2534 1081 2792 1148 memini,
2827 1098 2981 1137 nunc
3009 1082 3219 1138 iterare
3244 1083 3489 1138 formam
3518 1085 3852 1156 augmentis

2211 1174 2652 1231 evidentioribus
2672 1174 2902 1247 gemina
2924 1176 3311 1246 percunctatio
3326 1181 3509 1232 vestra
3534 1178 3848 1250 compellit.

2281 1269 2412 1325 CAP.
2441 1270 2484 1324 Ι.
2518 1269 2626 1323 Eos
2656 1268 2753 1340 qui
2782 1268 2973 1324 viduas
2994 1270 3275 1342 accepisse
3300 1274 3696 1343 suggeruntur
3711 1288 3847 1326 uxo-

2211 1379 2299 1418 res
2320 1379 2434 1417 non
2460 1362 2643 1417 solum
2669 1363 2904 1417 clericos
2930 1363 3154 1418 effectos
3178 1365 3402 1435 agnovi,
3435 1381 3637 1419 verum
3668 1366 3849 1420 etiam

2210 1472 2388 1528 usque
2414 1456 2486 1511 ad
2511 1455 2719 1511 infulas
2744 1457 2956 1511 summi
2993 1457 3295 1513 sacerdotii
3322 1458 3666 1530 pervenisse,
3694 1459 3850 1530 quod

2210 1554 2408 1605 contra
2432 1549 2576 1622 legis
2609 1567 2729 1605 esse
2756 1555 3036 1623 pra'cepta
3063 1552 3254 1606 nullus
3271 1552 3520 1623 ignorat.
3546 1549 3695 1623 Nam
3716 1569 3849 1607 cum

2210 1645 2427 1716 Moyses
2451 1643 2744 1714 legislator
2768 1644 3024 1699 clamitet
3042 1661 3055 1699 :
3074 1663 3101 1696 «
3117 1644 3387 1700 Sacerdos
3400 1662 3640 1700 uxorem
3668 1646 3851 1718 virgi-

2211 1754 2344 1793 nem
2372 1737 2647 1809 accipiat;
2679 1755 2744 1792 ac
2769 1755 2842 1792 ne
2868 1738 3047 1792 inhoc
3069 1743 3356 1810 prmcepto
3382 1738 3597 1810 aliquid
3614 1743 3847 1810 putare-

473 1842 695 1898 constat
721 1838 941 1910 aliquos
968 1838 1099 1891 ante
1126 1834 1553 1891 damnationem
1583 1835 1789 1890 Bonosi
1816 1836 1885 1891 ab
1907 1836 2111 1892 eodem
2129 1813 2188 1885 Β
2211 1834 2304 1887 tur
2330 1830 2666 1901 ambiguum
2708 1830 2927 1887 addidit
2949 1847 3067 1886 non
3100 1831 3348 1900 viduam,
3390 1849 3577 1904 neque
3604 1832 3851 1903 ejectam

475 1934 1001 2004 ordinatos,postea
1028 1929 1269 1985 voluisse
1292 1929 1382 1985 vel
1411 1946 1565 1985 nunc
1593 1931 1736 1985 velle
1759 1930 1984 1997 reverti,
2012 1947 2110 1986 eos

475 2027 827 2099 recipiendos
858 2042 978 2080 esse
1023 2040 1337 2091 censemus,
1372 2022 1620 2079 maxime
1647 2040 1777 2079 cum
1809 2024 2111 2079 memorati

477 2124 732 2178 asserant
779 2137 837 2175 se
868 2120 1154 2174 intantum
1193 2117 1471 2173 anteriori
1515 2121 1771 2189 tempore
1821 2118 2112 2173 ordinatos

472 2220 539 2272 ut
570 2218 782 2270 sanctae
808 2211 1213 2269 recordationis
1235 2212 1421 2266 virum
1441 2211 1765 2267 Cornelium
1784 2211 2113 2283 episcopum

478 2261 539 2272 ...
571 2261 782 2270 νην-η
808 2261 1210 2269 ---η----ηπ
1247 2261 1421 2266 _---
1448 2261 1765 2267 _--_-____
1787 2261 2110 2283 Ὕπην-

422 2261 819 2432 [Ξγιιίῐηθοεὶε
860 2307 1040 2369 urbis,
1082 2322 1304 2360 necnon
1352 2307 1409 2360 et
1439 2305 1676 2361 fratrem
1725 2306 2110 2362 nostrumNi-

477 2407 653 2432 ,ηιμ-..Μ
682 2401 930 2432 ηιςηε-ηηη
956 2399 1256 2432 πηπηιιιῐηε
1282 2398 1451 2432 ruimus
1488 2403 1793 2432 nnmann+na
1849 2417 1974 2432 ηιιιηη
2005 2401 2106 2432 LA,

346 3296 444 3467 >

475 2407 655 2459 cctam
681 2401 930 2473 aliosque
956 2399 1259 2455 nonnullos
1282 2398 1452 2454 fuisse
1488 2403 1814 2471 praesentes,
1848 2417 1979 2455 cum
2004 2401 2108 2456 ho-

474 2497 708 2553 noribus
728 2511 869 2567 quos
920 2510 977 2549 se
1007 2494 1219 2548 habere
1253 2498 1705 2549 commemorant
1741 2497 2108 2566 augerentur.

474 2591 655 2658 Unde,
702 2590 879 2645 frater
927 2587 1276 2656 charissime,
1333 2587 1381 2641 si
1411 2604 1608 2642 eorum
1658 2588 1887 2644 assertio
1938 2588 2111 2644 ﬁdem

472 2683 676 2757 recipit
701 2683 839 2753 veri,
873 2681 1261 2753 suscipiendos
1287 2697 1406 2737 esse
1444 2681 1734 2753 ambigere
1777 2698 1893 2737 non
1918 2682 2108 2753 debes,

474 2794 614 2850 quos
657 2776 857 2831 tandiu
902 2775 1173 2830 Ecclesias
1203 2774 1308 2829 sibi
1347 2774 1588 2830 creditas
1626 2792 1825 2847 passus
1850 2780 1935 2831 est
1974 2771 2111 2831 reti;

470 2887 632 2929 nere.

581 2968 715 3022 Item
743 2963 970 3034 epistola
996 2962 1233 3031 ejusdem
1262 2963 1336 3018 ad
1360 2964 1629 3034 episcopos
1654 2964 2001 3018 Macedoniae.

549 3058 598 3110 l.
651 3054 722 3108 Ut
764 3051 811 3106 si
833 3051 1108 3121 sacerdos,
1144 3052 1234 3105 vel
1276 3050 1517 3123 quilibet
1564 3067 1631 3106 ex
1682 3052 1849 3121 clero,
1881 3054 2112 3110 viduam

476 3163 717 3204 uxorem
771 3145 1016 3216 duxerit,
1070 3146 1157 3200 vel
1207 3145 1467 3216 ejectam,
1522 3162 1691 3200 suum
1731 3146 1934 3217 perdat
1979 3149 2182 3260 ofﬁ-Cl

473 3258 648 3296 crum.

544 3338 596 3390 2.
630 3335 700 3391 Ut
722 3334 771 3389 si
812 3334 940 3406 quis
981 3333 1429 3389 catechumenus
1472 3332 1734 3388 habuerit
1757 3350 2020 3407 uxorem,
2054 3340 2111 3393 et

471 3429 738 3485 defuncta
763 3444 828 3484 ea
857 3432 985 3500 post
1018 3426 1365 3499 baptismum
1393 3426 1675 3499 acceperit
1708 3427 1970 3498 alteram,
2002 3431 2110 3485 cle-

469 3524 622 3580 ricus
649 3539 772 3578 esse
801 3539 920 3578 non
937 3521 1131 3595 possit.

539 3621 592 3674 3.
623 3617 783 3683 Quod
825 3633 940 3672 non
969 3615 1351 3672 admittantur
1378 3615 1571 3671 clerici
1603 3615 1674 3671 ab
1702 3616 1987 3673 haereticis
2016 3634 2107 3674 or-

468 3711 667 3768 dinati.

540 3805 733 3879 1'76
767 3807 818 3861 4.
846 3804 1026 3874 Quod,
1071 3802 1133 3858 in
1173 3802 1624 3858 ordinationibus
1652 3804 1891 3859 crimina
1919 3805 2007 3862 vel
2032 3806 2108 3861 vi-

467 3900 568 3967 tia,
594 3916 714 3954 non
738 3900 885 3954 bene
916 3897 1220 3953 credantur
1241 3895 1473 3951 auferri.

541 3997 593 4048 5.
619 3992 784 4057 Quod
809 3992 890 4062 hi,
931 3990 1030 4064 qui
1064 4007 1099 4045 a
1125 3991 1346 4045 Bonoso
1376 3989 1646 4045 haeretico
1675 3991 1922 4048 ordinati
1953 3999 2104 4066 sunt,

2212 1924 2416 1996 (Ezech.
2455 1941 2596 1993 XLIV,
2632 1922 2738 1997 32).
2777 1945 2805 1974 »
2853 1927 3061 1981 Contra
3088 1926 3237 1997 quod
3260 1928 3608 1997 praeceptum
3655 1925 3853 1982 divina

2213 2018 2543 2074 auctoritate
2558 2018 2863 2073 subnixum
2886 2019 3043 2073 nulla
3067 2018 3323 2074 defensio
3339 2019 3595 2074 mandati
3612 2020 3852 2075 alterius

2212 2112 2538 2185 opponitur,
2561 2112 2669 2167 nisi
2699 2112 3050 2168 consuetudo
3081 2118 3285 2183 vestra,
3308 2130 3455 2185 quae,
3480 2118 3543 2167 ut
3568 2113 3676 2184 ipsi
3702 2113 3851 2168 fate-

2213 2207 2377 2276 mini,
2409 2224 2474 2262 ex
2497 2206 2827 2279 ignorantia
2867 2207 2950 2277 (ut
2975 2206 3345 2263 verecundius
3375 2206 3603 2279 dicam),
3630 2224 3750 2261 non
3780 2224 3853 2262 ex

2211 2301 2514 2373 apostolica
2537 2300 2842 2356 traditione
2879 2304 2936 2356 et
2976 2300 3197 2356 ratione
3229 2301 3470 2372 integra,
3501 2304 3709 2355 statuta
3742 2305 3849 2356 est.

2211 2396 2320 2450 Nos
2339 2398 2532 2450 autem
2568 2411 2765 2450 omnes
2790 2394 2888 2466 qui
2918 2411 3018 2466 per
3043 2395 3336 2450 Orientem
3357 2394 3851 2466 Occidentemque

2211 2489 2484 2545 Ecclesias
2514 2489 2788 2561 regimus,
2812 2489 3033 2544 noverit
3054 2492 3241 2543 vestra
3267 2488 3492 2543 dilectio
3525 2489 3650 2543 haec
3680 2489 3850 2560 peni-

2210 2587 2300 2638 tus
2329 2600 2444 2638 non
2468 2583 2785 2652 admittere,
2824 2600 2929 2637 nec
2962 2583 3036 2638 ad
3061 2583 3327 2637 ultimum
3359 2581 3723 2637 ecclesiastici
3752 2599 3849 2636 or-

2213 2677 2359 2732 dinis
2403 2678 2597 2749 locum,
2646 2678 2789 2732 tales
2834 2694 3145 2749 assumere,
3177 2681 3235 2732 et
3277 2676 3320 2730 si
3346 2677 3563 2747 reperti
3607 2675 3848 2742 fuerint,

2212 2746 2605 2920 submovere!

2281 2867 2344 2920 ll.
2387 2863 2567 2920 Deind

2281 2867 2344 2920 ll.
2387 2863 2605 2921 Deinde
2646 2865 2881 2937 ponitur
2917 2882 3036 2920 non
3082 2865 3193 2920 dici
3240 2871 3499 2937 oportere
3544 2864 3852 2936 digamum

2211 2976 2342 3014 eum
2402 2959 2499 3031 qui
2562 2959 3007 3039 catechumenus
3055 2959 3324 3019 habuerit
3382 2961 3554 3030 atque
3594 2957 3855 3014 amiserit

2212 3069 2469 3122 uxorem,
2515 3053 2561 3107 si
2603 3060 2732 3125 post
2771 3053 3123 3125 baptismum
3164 3053 3334 3108 fuerit
3378 3053 3549 3108 aliam
3589 3052 3848 3118 sortitus,

2211 3164 2455 3219 eamque
2482 3146 2730 3218 primam
2771 3147 2955 3202 videri
2983 3164 3111 3219 quae
3149 3164 3295 3202 novo
3323 3146 3544 3201 homini
3586 3147 3853 3217 copulata

2209 3241 2301 3311 sit,
2329 3241 2463 3312 quia
2482 3240 2621 3296 illud
2639 3241 2971 3313 conjugium
2992 3244 3119 3314 post
3134 3240 3401 3313 baptismi
3419 3242 3849 3296 sacramentum

2210 3352 2340 3391 cum
2366 3336 2582 3390 caeteris
2595 3336 2929 3390 criminibus
2941 3336 3012 3390 sit
3025 3334 3471 3400 ablutum.Quod
3486 3351 3617 3389 cum
3641 3334 3715 3388 de
3734 3351 3852 3389 una

2209 3431 2408 3503 utique
2439 3428 2663 3497 dicitur,
2697 3432 2849 3484 certe
2876 3430 2921 3484 si
2950 3433 3067 3485 tres
3091 3430 3355 3484 habuerit
3379 3429 3439 3484 in
3465 3424 3658 3483 vetere
3689 3427 3847 3499 posi-

2207 3530 2299 3580 tus
2349 3523 2604 3591 homine,
2637 3540 2783 3578 uxor
2828 3524 2936 3578 erit
2982 3524 3104 3595 ejus
3149 3540 3276 3596 quae
3321 3528 3447 3595 post
3492 3522 3851 3593 baptismum

2209 3622 2416 3691 quarta
2441 3623 2542 3685 est,
2561 3618 2638 3671 sic
2668 3617 3177 3689 interpretantibus
3192 3618 3405 3689 prima:
3430 3616 3673 3688 virginis
3685 3632 3849 3687 aeque

2208 3729 2423 3767 nomen
2442 3711 2683 3783 accipiat
2704 3728 2833 3783 quae
2860 3716 3060 3782 quarto
3079 3712 3246 3766 ducta
3264 3713 3348 3767 est
3371 3711 3510 3766 loco.
3541 3711 3699 3780 Quis,
3721 3726 3847 3779 oro,

2208 3806 2361 3861 istud
2398 3822 2517 3861 non
2551 3804 2743 3860 videat
2780 3810 2975 3860 contra
3014 3804 3265 3877 Apostoli
3306 3821 3426 3860 esse
3464 3810 3845 3876 praeceptum,

2206 3900 2307 3971 qui
2321 3899 2401 3954 ait
2424 3916 2437 3954 :
2468 3920 2497 3949 «
2519 3898 2698 3953 Unius
2713 3898 2910 3959 uxoris
2937 3899 3121 3953 virum
3139 3911 3283 3970 opus
3302 3899 3425 3953 fieri
3445 3897 3804 3953 sacerdotem
3819 3898 3847 3952 τ

2207 3991 2338 4066 (Tit.
2369 4011 2406 4061 ι,
2448 3992 2522 4063 6.)
2557 4013 2585 4042 ››
2619 3992 2728 4047 Sed
2755 3992 3022 4063 objicitur
3067 3993 3219 4064 quod
3255 3993 3316 4046 in
3340 3992 3621 4063 baptismo
3657 3996 3846 4047 totum

464 4090 770 4159 propterea
796 4085 909 4141 sint
937 4084 1169 4157 recepti,
1200 4100 1273 4138 ne
1302 4082 1631 4139 scandalum
1665 4091 1987 4142 remaneret
2011 4089 2107 4143 Ec-
2154 4081 2180 4186 ί
2208 4086 2489 4160 quidquid
2508 4086 2568 4141 in
2594 4090 2784 4142 vetere
2812 4087 3041 4141 homine
3069 4092 3294 4158 gestum
3318 4089 3401 4140 est
3429 4085 3501 4139 sit
3525 4086 3731 4140 lotum.
3760 4084 3847 4139 Di-

467 4180 672 4236 clesiae.

537 4278 589 4329 6.
618 4273 778 4339 Quod
804 4274 864 4329 in
902 4273 1148 4330 Ecclesia
1186 4275 1484 4344 peccatum
1512 4273 1707 4344 populi
1735 4273 1982 4329 multum
2012 4291 2103 4330 so-

463 4369 578 4424 leat
597 4384 919 4424 remanere.

535 4467 587 4517 7.
642 4463 804 4528 Quod
856 4462 1192 4533 subreptum
1247 4459 1421 4514 fuerit
1470 4461 1791 4533 apostolicae
1851 4463 1991 4531 sedi,
2047 4468 2105 4518 et

2205 4182 2313 4237 cite
2344 4182 2507 4250 mihi,
2541 4198 2672 4236 cum
2702 4197 2837 4252 pace
2868 4186 3049 4236 vestra
3083 4181 3309 4252 loquor,
3337 4179 3581 4235 crimina
3608 4183 3843 4234 tantum

2207 4275 2574 4330 dimittuntur
2597 4275 2656 4330 in
2683 4275 2990 4347 baptismo,
3024 4293 3096 4329 an
3137 4279 3193 4330 et
3223 4274 3333 4329 alia
3364 4290 3492 4346 quas
3519 4274 3845 4329 secundum

2206 4369 2428 4424 Domini
2457 4372 2764 4441 praecepta,
2791 4387 2854 4424 ac
2877 4369 2977 4424 Dei
3004 4369 3261 4424 instituta
3276 4368 3681 4439 complentur?
3707 4385 3847 4423 uxo-

2203 4480 2325 4518 rem
2356 4464 2562 4519 ducere
2591 4463 2813 4518 crimen
2848 4469 2951 4532 est,
2982 4479 3177 4518 annon
3219 4466 3302 4518 est
3337 4462 3552 4517 crimen
3573 4462 3600 4516 ‘l
3642 4462 3699 4517 Si
3732 4462 3843 4517 cri-

464 4573 627 4613 suam
651 4556 712 4612 in
728 4556 934 4612 melius
963 4555 1303 4611 sententiam
1317 4557 1684 4612 commutarit
1697 4557 1928 4628 quando
1945 4557 2102 4613 dam-
2119 4560 2180 4632 D
2205 4574 2340 4613 men
2371 4563 2473 4627 est,
2496 4573 2634 4629 ergo
2665 4557 2922 4629 (praefata
2946 4557 3112 4612 venia
3142 4556 3401 4626 dixerim)
3426 4554 3533 4611 erit
3554 4559 3759 4610 auctor
3786 4557 3845 4611 in

459 4651 751 4707 nationem
780 4650 963 4707 Fotini
993 4648 1242 4705 rescidit.

532 4748 891 4803 lxsocemws
918 4747 1072 4801 RUFO
1103 4748 1160 4799 et
1185 4746 1438 4814 Eusemo,
1483 4748 1539 4799 et
1576 4744 1791 4799 caeteris
1822 4745 2101 4817 episcopis

458 4840 875 4908 Macedonibus,
899 4845 956 4896 et
986 4837 1258 4909 diaconis,
1282 4839 1343 4893 in
1370 4839 1611 4893 Domino
1639 4840 1899 4893 salutem.

532 4935 732 5006 Mag’na
758 4951 849 4989 me
879 4932 1186 5005 gratulatio
1218 4931 1418 4986 habuit
1435 4948 1586 5001 cum,
1621 4936 1749 5002 post
1775 4930 2101 4989 discrimina

458 5027 633 5083 totius
682 5029 768 5100 (ut
824 5028 903 5083 ita
933 5027 1196 5098 dixerim)
1225 5025 1446 5093 mundi,
1498 5024 1697 5079 Vitalis
1747 5024 2094 5082 archidiaco-

460 5137 567 5176 nus
586 5124 903 5176 vestrarum
920 5120 1165 5192 portitor
1186 5119 1511 5175 litterarum
1530 5134 1597 5171 ex
1614 5116 1722 5170 illis
1741 5117 2000 5186 partibus
2024 5121 2096 5175 ad

458 5230 564 5269 nos
595 5230 775 5286 usque
802 5213 1049 5272 directus
1092 5213 1342 5271 advenit.
1373 5212 1555 5276 Quem
1582 5227 1712 5265 cum
1740 5210 2091 5284 vidissemus,

454 5307 608 5364 illico
641 5313 701 5365 ut
723 5311 1041 5382 oportebat,
1093 5305 1448 5381 percunctati
1474 5305 1544 5360 de
1595 5305 1782 5359 vestro
1828 5307 1981 5360 statu
2007 5323 2095 5361 su-

456 5418 604 5458 mus.
638 5404 866 5475 Verum,
896 5404 993 5459 ubi
1020 5403 1336 5475 reperimus
1354 5415 1450 5453 vos
1475 5415 1543 5454 ex
1570 5398 1852 5454 sententia
1863 5398 2089 5471 degere,

453 5498 573 5554 Deo
603 5502 795 5554 nostro
846 5498 1046 5553 uberes
1078 5496 1288 5568 gratias
1328 5492 1642 5561 retulimus,
1679 5493 1830 5564 quod
1884 5510 1982 5549 vos
2013 5495 2092 5550 fa-

453 5593 638 5648 mulos
687 5609 819 5647 suos
849 5590 964 5645 suis
1000 5589 1273 5645 altaribus
1315 5587 1643 5655 servientes,
1674 5590 1732 5642 et
1754 5587 1814 5642 in
1842 5588 2091 5644 adversis

450 5688 665 5753 tuetur,
685 5690 744 5740 et
770 5684 830 5740 in
855 5682 1143 5756 prosperis
1170 5683 1491 5756 gubernare
1518 5682 1806 5754 dignatur.
1836 5682 1939 5748 Qui
1958 5699 2089 5738 cum

449 5778 778 5834 tradidisset
798 5778 1090 5849 epistolas,
1123 5794 1218 5833 eas
1244 5777 1491 5850 praecepi
1521 5776 1670 5833 illico
1698 5778 1999 5844 recenseri,
2028 5777 2089 5833 in

447 5868 653 5941 quibus
702 5870 884 5926 multa
929 5870 1113 5944 posita
1156 5888 1279 5927 esse
1317 5871 1577 5946 praavidi,
1608 5889 1733 5950 quae
1785 5878 2083 5947 stuporem

2203 4652 2367 4723 culpa
2407 4651 2523 4723 qui,
2558 4654 2621 4705 ut
2649 4650 2891 4717 crimina
2924 4651 3414 4707 committerentur
3452 4650 3513 4704 in
3555 4650 3841 4721 paradiso,

2202 4762 2332 4799 cum
2372 4745 2493 4816 ipse
2525 4760 2623 4799 eos
2664 4745 2955 4816 jungeret,
2983 4745 3299 4800 benedixit.
3320 4724 3398 4844 Fi
3443 4760 3575 4799 vero
3602 4760 3723 4798 non
3756 4748 3844 4799 est

2199 4839 2437 4909 crimen,
2471 4839 2607 4910 quia
2632 4838 2789 4910 quod
2807 4841 2954 4894 Deus
2973 4839 3166 4909 junxit
3202 4838 3361 4894 nefas
3388 4839 3459 4893 sit
3483 4838 3705 4893 crimen
3735 4855 3838 4909 ap-

2198 4933 2421 5004 pellari,
2452 4937 2508 4987 et
2537 4933 2809 4987 Salomon
2832 4932 3083 4988 addidit:
3119 4934 3382 4988 «etenim
3413 4950 3444 4986 a
3473 4932 3592 4986 Deo
3620 4949 3842 5003 praepa-

2198 5030 2359 5081 ratur
2387 5026 2507 5080 viro
2551 5043 2696 5080 uxor
2726 5026 2902 5098 (Prov.
2946 5044 3055 5094 XIX,
3102 5029 3205 5097 14).
3236 5049 3263 5078 ››
3319 5026 3616 5092 Quomodo
3657 5026 3841 5080 credit

2197 5119 2346 5175 inter
2371 5119 2613 5175 crimina
2639 5137 2759 5175 esse
2791 5120 3088 5175 dimissum
3116 5121 3268 5192 quod
3298 5124 3529 5177 auctore
3552 5121 3665 5174 Deo
3698 5120 3841 5191 legi-

2196 5216 2292 5268 tur
2318 5220 2774 5269 consummatum
2792 5215 2819 5269 ?
2856 5214 2992 5287 quid
3021 5215 3091 5269 de
3122 5216 3325 5270 talium
3369 5214 3501 5268 ﬁliis
3525 5230 3835 5285 percense-

2193 5308 2334 5363 tur‘?
2366 5308 2635 5381 Nunquid
2665 5325 2785 5363 non
2822 5313 2991 5363 erunt
3026 5307 3367 5364 admittendi
3399 5308 3461 5364 in
3487 5308 3839 5363 haereditatis

2194 5402 2501 5469 consortio,
2542 5403 2676 5475 quia
2704 5420 2769 5459 ex
2806 5420 2870 5458 ea
2899 5404 3143 5475 suscepti
3174 5407 3305 5459 sunt
3334 5420 3461 5474 quae
3491 5409 3623 5459 ante
3653 5402 3838 5476 bapti-

2194 5513 2381 5551 smum
2409 5496 2515 5551 fuit
2543 5514 2684 5551 uxor
2704 5497 2731 5553 ?
2780 5499 3073 5571 Eruntque
3100 5497 3449 5569 appellandi,
3490 5498 3703 5555 scilicet
3730 5519 3831 5557 na-

2190 5592 2424 5657 turales,
2456 5591 2541 5645 vel
2575 5591 2771 5661 spurii,
2798 5592 2932 5663 quia
2958 5609 3076 5647 non
3108 5608 3227 5646 esse
3268 5592 3597 5664 legitimum
3628 5598 3830 5651 matri-

2189 5684 2469 5754 monium,
2501 5684 2608 5739 nisi
2641 5686 2801 5751 illud,
2834 5689 2897 5741 ut
2928 5686 3087 5741 vobis
3111 5686 3356 5755 videtur,
3388 5687 3543 5759 quod
3568 5695 3695 5760 post
3729 5691 3827 5745 ba-

2188 5778 2463 5850 ptismum
2489 5779 2813 5834 assumitur.
2839 5782 2962 5852 Ipse
2993 5781 3267 5835 Dominus
3296 5798 3428 5836 cum
3451 5782 3833 5855 interrogare-

2188 5874 2283 5931 tur
2324 5890 2356 5929 a
2398 5871 2624 5945 Judaeis,
2670 5874 2716 5931 si
2756 5873 2953 5934 liceret
2990 5874 3278 5937 dimittere
3328 5892 3565 5939 uxorem
3605 5877 3823 5955 (Matth.
