4034 6298
194 340 302 391 ’717

1395 337 1869 398 DECRETALIUM
1908 342 2289 400 COLLECTlO.

3467 346 3568 398 718

196 461 312 513 xxx,
355 446 406 514 3)
451 450 625 516 atque
656 448 968 515 exponeret
995 444 1116 501 ﬁeri
1148 462 1267 501 non
1296 445 1527 516 debere,
1561 447 1785 505 addidit
1814 465 1827 503 :
1853 477 1911 551 Α
1930 449 2030 521 qui
2058 467 2090 504 a
2111 449 2509 506 benedictione
2535 448 2912 505 ordinationis
2927 447 3186 518 crimina,
3204 446 3293 503 vel
3320 447 3452 504 vitia
3466 466 3565 521 pu-

195 558 227 592 α
261 538 431 603 Quod
462 554 597 609 ergo
623 540 773 593 Deus
792 539 1002 610 junxit,
1023 540 1197 594 homo
1224 556 1340 595 non
1367 546 1589 611 separet
1613 543 1828 611 (Matth.

192 651 310 701 xui,
342 636 414 703 6).
436 653 464 684 ›)
480 636 557 687 Ac
572 649 646 687 ne
668 633 737 687 de
752 633 841 687 his
859 633 1079 687 locutus
1100 651 1220 688 esse
1242 634 1523 702 credatur,
1555 652 1681 707 quae
1705 642 1835 708 post

191 726 551 798 baptismum
575 728 907 796 sortiuntur,
943 728 1314 782 meminerint
1342 729 1450 784 hoc
1483 733 1540 782 et
1568 746 1601 784 a
1625 731 1833 786 Judaeis

194 821 638 892 interrogatum,
668 825 726 875 et
746 821 951 876 Judaeis
982 839 1105 877 esse
1138 839 1494 893 responsum.
1525 825 1744 893 Quaero,
1777 828 1835 880 et

197 915 473 970 sollicitus
505 930 718 989 quaero,
750 915 795 970 si
826 932 937 970 una
965 916 1281 987 eademque
1308 917 1381 971 sit
1411 934 1553 971 uxor
1582 918 1705 988 ejus
1731 918 1829 990 qui

197 1014 332 1064 ante
385 1008 828 1064 catechumenus
875 1011 1206 1081 susceperit,
1257 1017 1455 1083 postea
1508 1012 1581 1067 sit
1625 1012 1829 1081 ﬁdelis,

200 1102 464 1174 ﬁliosque
495 1119 564 1158 ex
591 1120 660 1158 ea
689 1120 820 1158 cum
849 1107 998 1158 esset
1026 1105 1474 1160 catechumenus
1504 1106 1830 1177 susceperit,

200 1214 269 1250 ac
311 1201 514 1268 postea
550 1196 693 1253 alios
732 1215 862 1252 cum
903 1198 1105 1266 ﬁdelis,
1137 1204 1334 1254 utrum
1364 1200 1477 1255 sint
1513 1200 1833 1272 appellandi

196 1290 424 1358 fratres,
458 1307 531 1344 an
567 1307 684 1344 non
711 1291 960 1346 habeant
980 1296 1178 1363 postea
1207 1292 1473 1347 defuncto
1502 1299 1665 1364 patre
1696 1294 1829 1348 her-

197 1383 485 1439 ciscundaa
528 1384 879 1439 hereditatis
925 1386 1296 1453 consortium,
1346 1387 1551 1459 quibus
1586 1386 1832 1443 ﬁliorum

194 1494 415 1533 nomen
454 1478 809 1550 regeneratio
847 1479 1156 1550 spiritualis
1192 1480 1444 1536 creditur
1478 1481 1773 1536 abstulisse
1803 1481 1856 1553 Ὑί

199 1576 371 1641 Quod
399 1593 531 1631 cum
560 1578 638 1633 ita
669 1578 882 1633 sentire
909 1585 1079 1653 atque
1097 1579 1361 1650 judicare
1385 1580 1694 1635 absurdum
1723 1584 1827 1647 est,

195 1688 327 1743 quae
359 1671 502 1727 ratio
536 1676 622 1727 est
647 1673 755 1727 hoc
801 1673 1019 1727 malum
1055 1674 1304 1741 defendi,
1348 1678 1407 1729 et
1439 1692 1616 1729 vacua
1647 1675 1830 1745 magis

198 1765 470 1836 opinione
500 1767 707 1836 jactari
746 1784 921 1838 quam
970 1767 1158 1839 aliqua
1188 1769 1519 1823 auctoritate
1549 1769 1827 1838 roborari,

1932 547 2130 599 tantur
2154 543 2385 614 auferri,
2409 544 2601 600 nullus
2638 544 2710 599 sit
2740 542 3091 615 poenitentiae
3123 544 3302 612 locus,
3343 544 3478 615 quia
3506 543 3567 600 id

1932 641 2115 708 potest
2138 641 2405 709 praestare
2425 637 2708 694 ordinatio
2728 637 2886 711 quod
2906 638 3080 709 longa
3099 636 3407 693 satisfactio
3423 654 3565 710 prae-

1932 737 2077 787 stare
2106 733 2412 788 consuevit.
2444 733 2553 789 Sed
2579 736 2788 788 nostra
2816 732 2910 787 lex
2939 731 3199 787 Ecclesiae
3227 736 3313 787 est
3334 732 3569 787 venien-

1931 825 2082 881 tibus
2107 826 2175 880 ab
2201 826 2484 881 haereticis
2511 825 2610 898 qui
2638 831 2833 881 tamen
2865 825 2978 880 illic
3009 825 3274 897 baptizati
3300 829 3435 880 sunt
3463 842 3567 896 per

1931 935 2138 974 manus
2166 919 2591 990 impositionem
2630 919 2833 974 laicam
2862 922 3088 975 tantum
3124 919 3374 974 tribuere
3403 918 3562 991 com‘i

1931 1013 2285 1082 munionem,
2307 1030 2411 1068 nec
2426 1030 2495 1068 ex
2515 1013 2602 1068 his
2617 1013 2870 1086 aliquem
2884 1013 2944 1068 in
2955 1013 3248 1070 clericatus
3260 1000 3559 1082 honorem,

1931 1107 2023 1161 vel
2048 1106 2343 1177 exiguum,
2375 1107 2707 1179 subrogare.
3414 1176 3419 1181 ι

2002 1202 2065 1255 V.
2097 1203 2170 1256 At
2194 1217 2326 1256 vero
2368 1200 2429 1255 hi
2469 1200 2569 1273 qui
2621 1218 2655 1256 a
2702 1202 2981 1257 catholica
3026 1201 3142 1256 ﬁde
3187 1202 3258 1257 ad
3301 1201 3562 1259 haresim

1929 1293 2298 1362 transierunt,
2326 1311 2468 1367 quos
2495 1311 2611 1350 non
2629 1295 2791 1351 aliter
2825 1298 3067 1367 oportet,
3097 1294 3207 1351 nisi
3225 1296 3563 1368 poenitentia

1959 1388 2160 1460 uscipi,
2179 1388 2333 1461 apud
2353 1405 2453 1444 vos
2469 1405 2588 1445 non
2608 1389 2796 1445 solum
2813 1389 3208 1462 paenitentiam
3223 1407 3339 1446 non
3359 1396 3559 1462 agunt,

1860 1405 2160 1527 /USClpl,
2179 1405 2333 1461 apud
2353 1405 2453 1444 vos
2469 1405 2588 1445 non
2608 1405 2796 1445 somm
2813 1405 3208 1462 paenitentiam
3223 1407 3339 1446 non
3359 1405 3559 1462 agunt,

1929 1499 2133 1538 verum
2165 1482 2335 1538 etiam
2366 1482 2587 1539 honore
2625 1483 3008 1539 cumulantur.
3041 1484 3147 1539 Sed
3176 1483 3350 1539 Anisii
3378 1501 3561 1556 quon-

1932 1577 2067 1632 dam
2094 1577 2286 1632 fratris
2330 1576 2509 1633 nostri
2550 1577 2914 1650 aliorumque
2959 1578 3314 1634 sacerdotum
3341 1594 3565 1633 summa

1931 1660 2411 1726 deliberatio-haec
2453 1671 2580 1742 fuit,
2624 1676 2688 1727 ut
2715 1688 2858 1743 quos
2888 1672 3143 1727 Bonosus
3183 1672 3563 1740 ordinaverat,

1928 1780 2002 1819 ne
2029 1781 2159 1819 cum
2177 1766 2379 1820 eodem
2405 1769 2794 1836 remanerent,
2835 1783 2899 1821 ac
2931 1765 3096 1821 ﬁeret
3137 1782 3252 1821 non
3281 1766 3568 1822 mediocre

194 1875 330 1913 cum
354 1876 471 1914 non
496 1861 672 1931 possit
690 1861 838 1916 inter
864 1865 1093 1932 peccata
1110 1862 1367 1933 deputari
1386 1863 1543 1933 quod
1568 1863 1653 1916 lex
1677 1880 1827 1934 prae-
1849 1852 1906 1924 B
1929 1859 2281 1929 scandalum,
2305 1860 2551 1915 ordinati
2574 1868 2954 1916 remanerent.
2975 1859 3225 1915 Vicimus
3246 1860 3326 1930 (ut
3343 1859 3567 1931 opinor)

198 1954 369 2024 cepit,
400 1959 456 2008 et
482 1956 629 2009 Deus
647 1955 856 2025 junxit,
888 1961 944 2010 et
958 1957 1047 2009 lex
1061 1956 1292 2026 junxit‘?
1323 1957 1610 2028 Numquid
1639 1957 1684 2011 si
1705 1957 1831 2029 quis

197 2049 647 2103 catechumenus
672 2050 972 2104 virtutibus
999 2050 1299 2117 studuerit,
1332 2050 1713 2107 humilitatem
1740 2068 1827 2107 se-

198 2146 364 2197 cutus
388 2144 577 2212 fuerit,
604 2144 945 2216 patientiam
969 2145 1237 2212 tenuerit,
1269 2147 1659 2217 eleemosynas
1679 2146 1828 2201 fece-

196 2236 291 2305 rit,
318 2236 491 2291 morti
513 2237 818 2293 destinatos
835 2239 1087 2309 qualibet
1108 2239 1330 2294 ratione
1351 2240 1642 2311 eripuerit,
1667 2240 1830 2294 adul-

198 2329 344 2385 teria
366 2332 742 2399 exhorruerit,
764 2333 1076 2387 castitatem
1097 2334 1362 2403 tenuerit,
1384 2351 1597 2406 quaero,
1619 2333 1665 2387 si
1685 2335 1828 2404 haec,

196 2441 330 2479 cum
354 2425 528 2481 fuerit
551 2426 729 2480 factus
746 2426 947 2494 ﬁdelis,
966 2427 1194 2492 amittit,
1215 2428 1345 2498 quia
1363 2444 1465 2499 per
1480 2428 1832 2498 baptismum

199 2522 386 2574 totum
436 2519 592 2591 quod
614 2523 778 2574 vetus
810 2520 980 2574 homo
1003 2525 1276 2592 gesserat,
1305 2524 1537 2592 putatur
1567 2522 1777 2576 auferri
1804 2522 1832 2576 ?

196 2612 552 2683 Aspiciamus
580 2613 853 2683 gentilem
885 2615 1180 2669 hominem
1214 2615 1537 2671 Cornelium
1569 2615 1834 2670 orationi-

195 2706 305 2760 bus
349 2711 522 2778 atque
559 2708 932 2779 eleemosynis
971 2725 1073 2779 per
1107 2709 1516 2764 revelationem
1558 2708 1829 2781 angelum

196 2802 544 2872 Petrumque
574 2801 759 2872 ipsum
773 2802 998 2857 vidisse.
1028 2802 1323 2874 Numquid
1352 2819 1457 2873 per
1478 2802 1831 2875 baptismum

196 2893 323 2949 haec
350 2893 435 2948 illi
463 2895 652 2949 ablata
679 2901 811 2950 sunt
837 2900 1067 2967 propter
1098 2913 1228 2968 quae
1258 2896 1309 2950 ei
1334 2897 1650 2967 baptismus
1674 2896 1828 2951 vide-

198 2994 295 3042 tur
320 3004 621 3043 concessus
646 2990 674 3044 ?
700 2990 758 3044 Si
774 2990 853 3044 ita
872 2990 1139 3059 creditur,
1162 2989 1302 3044 mihi
1325 2990 1554 3045 credite.
1578 2991 1696 3045 Non
1714 3007 1834 3046 mo-

199 3082 392 3136 dicum
414 3086 655 3147 erratur,
684 3083 820 3155 quia
844 3083 1120 3155 quidquid
1147 3084 1294 3138 bene
1318 3089 1543 3155 gestum
1563 3085 1752 3153 fuerit,
1778 3090 1834 3140 et

197 3176 519 3231 secundum
547 3180 831 3248 praecepta
870 3177 1078 3248 legalia
1104 3178 1475 3245 custoditum,
1508 3195 1618 3232 non
1648 3183 1831 3249 potest

194 3269 531 3325 facientibus
569 3271 845 3342 deperire.
888 3272 1227 3345 Nuptiarum
1275 3288 1413 3342 ergo
1443 3272 1666 3343 c0pula,
1700 3273 1832 3344 quia

198 3363 299 3418 Dei
326 3364 597 3419 mandato
618 3365 925 3436 perficitur,
957 3382 1074 3420 non
1096 3369 1283 3436 potest
1301 3366 1410 3420 dici
1437 3371 1749 3437 peccatum,
1776 3370 1831 3420 et

196 3458 245 3511 si
275 3461 574 3529 peccatum
593 3475 707 3513 non
730 3464 834 3526 est,
858 3460 989 3531 quia
1011 3459 1150 3514 solvi
1172 3460 1319 3513 inter
1342 3464 1570 3530 peccata
1593 3460 1828 3514 omnino

196 3568 317 3606 non
345 3552 531 3620 debet,
565 3552 790 3625 eritque
822 3554 1115 3624 integrum
1150 3553 1436 3607 mstimare
1470 3552 1683 3607 aboleri
1713 3570 1828 3607 non

196 3662 361 3718 posse
379 3647 604 3717 prioris,
628 3663 837 3701 nomen
868 3648 1081 3717 uxoris,
1124 3664 1255 3702 cum
1294 3664 1408 3701 non
1437 3647 1733 3702 dimissum
1761 3647 1832 3702 sit

198 3756 303 3812 pro
334 3744 582 3812 peccato,
610 3741 741 3813 quia
762 3758 830 3796 ex
857 3741 948 3797 Dei
977 3743 1051 3796 sit
1076 3743 1362 3797 voluntate
1389 3742 1754 3812 completum.

271 3836 356 3891 ΠΙ.
400 3836 646 3890 Ventum
687 3839 773 3890 est
795 3837 866 3891 ad
888 3835 1115 3892 tertiam
1144 3836 1541 3908 quaestionem,
1571 3852 1699 3907 qua!
1729 3851 1830 3907 pro

200 3931 287 3986 sui
313 3929 640 3985 difﬁcultate
668 3930 988 4001 longiorem
1011 3929 1187 4001 exigit
1215 3930 1675 4001 disputationem,
1698 3946 1829 3984 cum

202 4041 306 4079 nos
332 4024 588 4079 dicamus
619 4024 691 4078 ab
735 4024 1015 4079 haereticis
1059 4024 1369 4092 ordinatos,
1402 4025 1703 4078 vulnerum
1729 4041 1833 4095 per

202 4120 357 4174 illam
377 4135 581 4173 manus
606 4118 1027 4189 impositionem
1050 4119 1260 4173 habere
1289 4123 1473 4190 caput.
1505 4119 1608 4173 Ubi
1627 4120 1832 4172 vulnus

198 4213 437 4267 inﬁxum
463 4215 568 4279 est,
597 4213 881 4267 medicina
909 4218 992 4267 est
1016 4213 1357 4279 adhibenda,
1389 4229 1516 4283 quae
1540 4212 1714 4282 possit
1748 4229 1835 4265 re-

197 4308 387 4379 cipere
430 4307 756 4362 sanitatem.
799 4309 935 4372 Quae
987 4307 1198 4361 sanitas
1241 4310 1372 4378 post
1410 4307 1614 4360 vulnus
1642 4309 1834 4361 secuta

198 4403 320 4456 sine
344 4400 607 4456 cicatrice
638 4417 756 4455 esse
788 4418 903 4455 non
924 4401 1153 4473 poterit,
1178 4405 1346 4471 atque
1365 4400 1465 4455 ubi
1486 4399 1832 4471 paenitentiae

195 4495 517 4551 remedium
529 4495 916 4550 necessarium
930 4499 1032 4561 est,
1048 4495 1161 4549 illic
1175 4494 1545 4549 ordinationis
1558 4495 1832 4549 honorem

197 4590 384 4645 locum
399 4606 515 4644 non
534 4606 697 4661 posse
720 4589 953 4644 habere.
979 4590 1122 4644 Nam
1146 4589 1191 4642 si
1208 4593 1272 4642 ut
1291 4589 1498 4659 legitur
1521 4610 1547 4638 «
1575 4588 1729 4660 quod
1757 4593 1832 4642 te-
1848 4604 1910 4677 D

199 4684 390 4756 tigerit
419 4683 746 4738 immundus
779 4683 1147 4737 immundum
1172 4683 1278 4738 erit
1313 4683 1491 4749 (Num.
1524 4698 1632 4749 nx,
1655 4682 1769 4753 22),
1800 4701 1827 4733 »

196 4778 349 4849 quod
365 4777 416 4831 ei
436 4777 740 4844 tribuetur,
761 4777 1050 4848 quomodo
1072 4776 1354 4830 munditia
1372 4792 1436 4829 ac
1456 4776 1675 4846 puritas
1695 4791 1828 4829 con-

200 4873 378 4926 suevit
405 4871 662 4942 accipere
682 4871 710 4925 τ
739 4871 843 4927 Sed
873 4887 902 4925 e
930 4870 1217 4925 contrario
1248 4868 1517 4923 asseritur
1548 4885 1699 4939 eum,
1734 4869 1833 4941 qui

198 4965 478 5021 honorem
500 4964 705 5033 amisit,
730 4966 1008 5020 honorem
1026 4965 1162 5019 dare
1188 4981 1306 5018 non
1327 4979 1515 5035 posse,
1542 4980 1647 5017 nec
1669 4963 1832 5017 illum

195 5059 410 5130 aliquid
437 5058 737 5129 accepisse,
768 5059 903 5131 quia
930 5059 1072 5113 nihil
1102 5058 1161 5112 in
1190 5058 1358 5112 dante
1381 5060 1518 5124 erat,
1554 5057 1710 5128 quod
1733 5057 1831 5112 ille

192 5158 386 5226 posset
421 5152 694 5223 accipere.
721 5153 1162 5233 Acquiesci‘mus,
1203 5157 1260 5206 et
1291 5168 1489 5206 verum
1518 5156 1600 5206 est
1636 5169 1648 5206 :
1682 5156 1832 5207 certe

193 5248 289 5320 qui
306 5263 430 5302 non
445 5246 649 5301 habuit
667 5246 798 5303 dare
817 5264 936 5303 non
953 5247 1156 5318 potuit.
1184 5247 1615 5302 Damnationem
1638 5246 1832 5317 utique

196 5357 369 5413 quam
382 5340 602 5408 habuit,
616 5357 724 5412 per
740 5357 973 5412 pravam
990 5357 1196 5395 manus
1213 5339 1640 5412 impositionem
1656 5339 1830 5406 dedit,

194 5440 247 5490 et
257 5435 357 5507 qui
374 5434 660 5506 particeps
673 5434 909 5490 effectus
921 5437 1005 5490 est
1017 5434 1304 5503 damnato,
1325 5433 1616 5505 quomodo
1632 5433 1836 5490 debeat

195 5528 483 5584 honorem
503 5527 782 5600 accipere,
814 5528 1068 5583 invenire
1089 5545 1203 5582 non
1222 5544 1480 5599 possum.

264 5624 352 5678 IV.
374 5623 448 5677 At
466 5622 819 5677 diciturvera
839 5640 904 5678 ac
915 5621 1325 5694 justalegitimi
1342 5619 1644 5676 sacerdotis
1655 5619 1832 5674 bene-

1852 3227 1906 3301 C

1929 1953 2214 2024 ambigua.
2245 1956 2371 2009 Jam
2404 1970 2541 2026 ergo
2559 1955 2716 2027 quod
2737 1971 2840 2027 pro
2866 1954 3121 2010 remedio
3145 1972 3210 2010 ac
3229 1953 3566 2010 necessitate

1928 2047 2204 2118 temporis
2247 2051 2520 2103 statutum
2561 2052 2647 2103 est
2672 2051 2891 2104 constat
2932 2048 3197 2120 primitus
3224 2064 3341 2103 non
3365 2048 3562 2117 fuisse,

1930 2157 1993 2194 ac
2011 2140 2183 2196 fuisse
2208 2141 2436 2212 regulas
2464 2147 2703 2211 veteres,
2728 2159 2866 2214 quas
2890 2142 2960 2197 ab
2989 2142 3284 2214 apostolis,
3329 2143 3418 2196 vel
3436 2159 3568 2214 apo—

1930 2234 2141 2289 stolicis
2176 2235 2312 2290 viris
2344 2235 2577 2292 traditas
2612 2236 2861 2291 Ecclesia
2891 2236 3149 2291 Romana
3179 2236 3443 2304 custodit,
3475 2253 3570 2291 cu-

1931 2329 2371 2401 stodiendasque
2410 2330 2643 2385 mandat
2686 2330 2776 2385 his
2822 2330 2921 2402 qui
2947 2347 3076 2385 eam
3105 2330 3303 2385 audire
3338 2346 3569 2386 censue-

1933 2425 2089 2477 runt.
2142 2422 2255 2478 Sed
2295 2424 2598 2478 necessitas
2647 2424 2922 2495 temporis
2962 2422 3022 2477 id
3056 2422 3179 2477 ﬁeri
3214 2439 3567 2494 magnopere

1931 2516 2270 2587 postulabat.
2300 2517 2450 2587 Ergo
2488 2517 2640 2588 quod
2662 2517 2962 2571 necessitas
2988 2532 3093 2587 pro
3122 2516 3375 2571 remedio
3405 2533 3567 2588 repe-

1932 2610 2008 2665 rit
2030 2613 2285 2665 cessante
2328 2610 2681 2679 necessitate,
2727 2610 2896 2665 debet
2944 2610 3142 2681 utique
3171 2626 3384 2665 cessare
3410 2610 3564 2681 pari-

1932 2706 2019 2758 ter
2042 2703 2196 2774 quod
2220 2704 2482 2774 urgebat,
2510 2704 2647 2776 quia
2665 2703 2809 2757 alius
2828 2706 2912 2758 est
2939 2702 3081 2757 ordo
3111 2703 3421 2774 legitimus,
3449 2703 3562 2758 alia

1933 2799 2019 2861 est
2045 2796 2342 2868 usurpatio
2373 2813 2548 2868 quam
2573 2798 2643 2853 ad
2668 2813 2919 2869 praesens
2947 2801 3172 2868 tempus
3209 2797 3335 2851 ﬁeri
3360 2796 3563 2868 impel-

1930 2891 2013 2946 lit.
2044 2891 2153 2948 Sed
2182 2908 2428 2946 canones
2467 2891 2620 2962 apud
2655 2892 2903 2946 Nicaeam
2950 2890 3240 2946 constituti
3270 2891 3339 2946 de
3379 2892 3563 2945 Nova-

1930 2984 2096 3039 tianis
2121 2984 2248 3040 ﬁeri
2276 2985 2678 3057 permiserunt.
2720 2985 2880 3039 Prius
2911 2985 3004 3039 ille
3034 3001 3213 3039 canon
3244 3000 3279 3038 a
3308 2985 3566 3040 Patribus

1930 3079 2221 3134 institutus
2250 3079 2549 3150 ponendus
2578 3081 2682 3148 est,
2722 3083 2786 3135 ut
2820 3079 3101 3150 possimus
3127 3079 3444 3147 advertere,
3478 3080 3565 3133 vel

1932 3173 2090 3244 quid,
2118 3174 2208 3227 vel
2235 3173 2485 3244 qualiter
2509 3173 2580 3227 ab
2619 3172 2836 3227 eisdem
2875 3190 3106 3228 sensum
3141 3173 3211 3228 sit
3248 3172 3390 3227 illud
3415 3189 3565 3245 prm-

1932 3271 2177 3338 ceptum.
2194 3270 2271 3323 De
2286 3268 2392 3336 his,
2409 3267 2614 3338 inquit,
2632 3266 2728 3337 qui
2741 3267 3044 3321 nominant
3055 3267 3268 3338 seipsos
3281 3267 3563 3333 catharos,

1932 3361 1993 3414 id
2021 3366 2106 3415 est
2132 3362 2400 3428 mundos,
2433 3363 2490 3415 et
2526 3360 2834 3430 aliquando
2861 3360 3097 3415 veniunt
3122 3360 3197 3415 ad
3224 3361 3564 3415 catholicam

1932 3454 2262 3522 Ecclesiam,
2288 3454 2498 3526 placuit
2517 3459 2726 3508 sanctae
2741 3458 2797 3508 et
2810 3470 3034 3525 magan
3052 3454 3289 3526 synodo,
3310 3458 3391 3523 ut,
3414 3471 3567 3510 acce-

1930 3552 2027 3620 pta
2052 3565 2254 3603 manus
2279 3548 2662 3619 impositione,
2691 3547 2769 3602 sic
2796 3550 3067 3602 maneant
3085 3548 3147 3603 in
3174 3548 3344 3602 clero.
3368 3549 3563 3603 Possu-

1931 3660 2059 3697 mus
2083 3658 2214 3697 vero
2242 3643 2429 3697 dicere
2458 3641 2530 3695 de
2555 3642 2684 3697 solis
2702 3642 2793 3696 his
2811 3641 3136 3697 Novatianis
3161 3658 3281 3698 esse
3307 3658 3560 3714 praecep-

1932 3740 2074 3805 tum,
2116 3752 2220 3791 nec
2247 3736 2317 3790 ad
2360 3736 2600 3790 aliarum
2644 3737 2934 3791 haeresum
2978 3735 3212 3791 clericos
3250 3735 3557 3807 pertinere.

1932 3832 2075 3886 Nam
2099 3831 2145 3885 si
2164 3831 2362 3902 utique
2383 3831 2452 3885 de
2472 3830 2738 3886 omnibus
2758 3830 2837 3885 ita
2859 3829 3183 3899 deﬁnirent,
3211 3829 3562 3885 addidissent

1932 3942 1963 3978 a
1993 3924 2308 3979 Novatianis
2336 3924 2574 3996 aliisque
2604 3924 2886 3980 haereticis
2907 3928 3250 3980 revertentes
3276 3925 3482 3980 debere
3502 3925 3562 3980 in

1932 4035 2101 4074 suum
2130 4019 2388 4074 ordinem
2419 4019 2615 4091 recipi.
2665 4019 2827 4083 Quod
2865 4019 2911 4073 si
2932 4019 3010 4074 ita
3035 4022 3199 4087 esset,
3230 4020 3402 4075 etiam
3423 4018 3564 4074 illud

1931 4114 2198 4184 maxime,
2248 4114 2399 4185 quod
2444 4113 2512 4169 de
2551 4113 2907 4169 Paulianistis
2945 4113 3164 4168 dictum
3203 4117 3306 4181 est,
3352 4113 3565 4186 poterit

1933 4208 2275 4277 conﬁrmari,
2305 4225 2337 4261 a
2362 4208 2567 4279 quibus
2589 4208 2879 4262 venientes
2911 4208 3085 4263 etiam
3115 4207 3388 4280 baptizari
3415 4225 3559 4279 prte-

1933 4303 2238 4373 cipiuntur.
2276 4301 2679 4372 Numquidnam
2725 4318 2856 4356 cum
2882 4301 2951 4356 de
2976 4301 3331 4356 Paulianistis
3352 4301 3564 4372 jubent

1934 4413 2133 4451 omnes
2154 4395 2251 4467 qui
2278 4395 2346 4449 ab
2365 4394 2643 4449 haereticis
2658 4399 3040 4462 revertuntur,
3059 4398 3229 4449 erunt
3251 4395 3361 4450 hoc
3377 4412 3564 4450 exem-

1931 4489 2025 4560 plo
2054 4488 2419 4560 baptizandi?
2444 4489 2605 4552 Quod
2634 4504 2765 4542 cum
2794 4488 2984 4542 nullus
3014 4487 3223 4543 audeat
3257 4488 3461 4559 facere,
3490 4488 3560 4543 de

1931 4582 2068 4654 ipsis
2093 4586 2314 4637 tantum
2341 4598 2463 4636 esse
2488 4584 2842 4653 praeceptum
2864 4581 3009 4636 ratio
3033 4581 3158 4653 ipsa
3179 4582 3558 4637 demonstrat.

1933 4677 2185 4748 Denique
2209 4675 2521 4747 baptizatos
2548 4675 2656 4730 rite
2687 4676 2757 4730 ab
2786 4675 3127 4747 evangelista
3151 4674 3434 4746 Philippo,
3463 4677 3564 4730 Pe-

1930 4777 2069 4841 trus,
2102 4776 2157 4826 et
2180 4772 2416 4825 Joannes
2468 4769 2589 4824 sola
2640 4786 2842 4825 manus
2888 4768 3252 4841 impositione
3291 4786 3560 4825 consum-

1932 4868 2110 4921 mant.
2144 4865 2270 4921 Illos
2299 4881 2431 4918 vero
2466 4880 2610 4936 quos
2653 4864 2942 4936 apostolus
2974 4864 3176 4918 Paulus
3201 4863 3433 4919 Joannis
3462 4865 3560 4919 ba-

1933 4960 2195 5031 ptismate
2231 4959 2545 5031 baptizatos
2575 4961 2867 5029 repererat
2892 4956 3264 5028 interrogavit
3289 4978 3317 5007 «
3347 4974 3420 5013 an
3447 4959 3566 5031 Spi-

1932 5055 2107 5109 ritum
2122 5059 2381 5109 sanctum
2395 5053 2762 5124 accepissent,
2788 5072 2815 5102 »
2841 5051 3429 5124 respondentibusque
3455 5075 3483 5104 ‹‹
3508 5070 3568 5110 se

1932 5165 2006 5204 ne
2034 5148 2172 5203 illud
2199 5148 2433 5219 quidem
2458 5164 2669 5202 nomen
2701 5146 2942 5214 audisse,
2966 5145 3139 5218 jussit
3168 5162 3263 5201 eos
3289 5147 3567 5218 baptizari

1936 5242 2077 5314 (Act.
2108 5259 2216 5311 XIX,
2249 5245 2379 5311 2-6).
2411 5262 2438 5291 »
2484 5240 2692 5297 Videtis
2739 5257 2878 5312 ergo
2926 5244 3076 5296 recte
3108 5240 3423 5312 baptizatos
3469 5243 3567 5298 illo

1935 5337 2085 5392 dono
2114 5337 2317 5391 iterare
2344 5352 2463 5391 non
2492 5351 2678 5406 posse,
2706 5320 2765 5390 et
2792 5334 2959 5390 aliter
2994 5335 3111 5390 sola
3139 5352 3284 5408 aqua
3304 5337 3449 5393 lotos
3472 5337 3570 5392 ba-

1934 5431 2137 5502 ptizari
2173 5430 2232 5484 in
2258 5429 2491 5485 nomine
2517 5429 2719 5497 Patris,
2754 5432 2812 5484 et
2841 5428 2985 5499 Filii,
3017 5432 3075 5485 et
3100 5430 3344 5503 Spiritus
3366 5430 3565 5498 sancti,

1934 5525 2318 5580 necessarium
2360 5522 2672 5594 provideri.
2700 5525 2782 5578 Ita
2807 5529 2865 5580 et
2893 5524 2963 5580 de
2993 5524 3314 5580 Novatianis
3339 5528 3566 5579 tantum

1929 5618 2153 5690 jussum
2178 5634 2299 5674 esse
2326 5617 2516 5673 lucida
2540 5617 3001 5674 manifestatione
3026 5617 3362 5690 perlegitur.
3397 5614 3565 5679 Quod

198 5716 368 5770 dictio
409 5716 635 5771 auferre
682 5733 852 5772 omne
894 5716 1095 5772 vitium
1142 5716 1289 5787 quod
1329 5733 1362 5769 a
1406 5714 1604 5770 vitioso
1649 5714 1837 5769 fuerat
1935 5712 2147 5768 idcirco
2210 5712 2541 5768 distinctum
2602 5728 2724 5768 esse
2785 5713 2924 5785 ipsis
2993 5712 3210 5767 duabus
3257 5708 3571 5763 haeresibus

200 5809 493 5881 injectum.
547 5812 696 5881 Ergo
742 5810 787 5865 si
825 5811 905 5865 ita
946 5815 1049 5877 est,
1103 5809 1464 5881 applicentur
1497 5809 1569 5863 ad
1608 5807 1837 5863 ordines
1936 5807 2079 5863 ratio
2148 5806 2450 5862 manifesta
2528 5807 2798 5875 declarat,
2879 5806 3011 5878 quia
3075 5801 3430 5859 Paulianistas
3509 5803 3569 5858 in

197 5903 483 5987 sacrilegi,
534 5904 800 5976 adulteri,
849 5909 1021 5987 atque
1065 5903 1332 5965 omnium
1384 5902 1689 5963 criminum
1732 5902 1834 5982 rei,
1937 5901 2172 5963 nomine
2218 5901 2428 5973 Patris,
2483 5906 2541 5961 et
2587 5901 2750 5972 Filii,
2809 5905 2868 5956 et
2915 5896 3155 5977 Spiritus
3195 5896 3403 5969 sancti,
3461 5897 3572 5963 mi-
