4034 6294
438 330 546 385 719

1342 332 1624 387 ΑΡΡΕΝΙ).
1663 331 1751 387 AD
1788 327 1947 385 SEC.
1988 326 2077 383 IX.
2108 354 2182 367 -—
2216 325 2465 383 ISIDORI
2501 327 2926 384 MERCATORIS

3705 329 3815 386 720

435 437 594 494 nime
620 434 931 509 baptizant,
965 454 1068 493 nec
1090 438 1240 509 apud
1266 439 1400 493 istos
1426 439 1495 493 de
1525 438 1739 494 unitate
1766 437 2066 509 potestatis
2087 447 2148 522 Α
2167 436 2558 492 annitentibus
2582 439 2713 507 post
2738 436 3283 492 condemnationem
3306 453 3465 493 more
3487 438 3811 509 apostolico

438 532 663 599 divinae,
697 533 805 586 hoc
834 534 935 600 est,
963 532 1160 598 Patris,
1191 530 1332 599 Filii,
1356 537 1412 587 et
1433 532 1672 603 Spiritus
1692 532 1888 600 sancti,
1917 548 2069 604 quae-

435 626 547 682 stio
570 626 874 696 aliquando
898 625 1196 680 commoda
1220 630 1322 679 est.
1353 626 1422 680 Et
1450 625 1577 680 ideo
1597 626 1865 681 omnibus
1885 641 2070 697 segre-

441 720 584 791 gatis
609 721 726 775 haec
767 721 885 773 sola
914 720 1092 773 electa
1125 724 1229 787 est,
1263 720 1353 773 cui
1385 720 1536 774 istud
1573 721 1833 775 crederet
1864 736 2065 775 conce-

438 814 713 882 dendum,
753 812 887 884 quia
938 812 1081 867 nihil
1126 813 1187 867 in
1225 813 1427 881 Patris,
1465 817 1523 869 et
1560 814 1704 881 Filii,
1744 818 1801 868 et
1826 814 2069 884 Spiritus

438 908 616 962 sancti
673 910 1025 962 sacramento
1083 912 1361 979 peccaret.
1415 908 1469 963 Si
1520 909 1647 979 quis
1686 925 1821 963 vero
1862 907 1932 963 de
1957 907 2067 962 ﬁde

435 1001 711 1056 catholica
739 1002 810 1056 ad
836 1001 1095 1057 haeresim
1131 1002 1438 1071 transiens,
1463 1006 1561 1056 aut
1598 1002 1777 1056 ﬁdelis
1799 1003 1870 1057 ab
1897 1018 2065 1073 apos-

433 1096 572 1150 tasia
604 1099 986 1162 reverentens,
1007 1100 1064 1150 et
1090 1096 1433 1168 resipiscens
1449 1095 1631 1151 redire
1649 1096 1906 1163 voluerit,
1929 1112 2072 1151 nun-

434 1190 567 1262 quid
597 1188 798 1244 eadem
828 1190 1043 1265 ratione
1070 1190 1279 1261 poterit
1298 1190 1366 1244 ad
1391 1190 1605 1244 clerum
1635 1189 1880 1258 admitti,
1911 1190 2072 1260 cujus

435 1284 801 1339 commissum
831 1284 1064 1339 nonnisi
1109 1300 1211 1355 per
1240 1285 1475 1355 longam
1523 1283 1923 1355 pmnitentiam
1967 1301 2069 1354 po-

435 1376 568 1432 terit
589 1377 805 1432 aboleri
834 1378 862 1432 ?
887 1379 995 1433 Nec
1034 1382 1165 1449 post
1202 1377 1594 1449 paenitentiam
1636 1378 1903 1432 clericum
1946 1377 2069 1432 ﬁeri

433 1472 542 1544 ipsi
563 1488 810 1527 canones
835 1488 939 1527 sua
966 1472 1297 1527 auctoritate
1322 1472 1718 1544 permittunt?
1745 1472 1903 1527 Unde
1931 1488 2066 1527 con-

434 1569 542 1621 stat
559 1566 659 1637 qui
683 1566 753 1621 de
772 1566 1053 1621 catholica
1070 1566 1139 1621 ad
1165 1568 1447 1621 Bonosum
1469 1566 1820 1621 transierunt
1840 1567 2071 1621 damna-

433 1664 582 1729 tum,
612 1665 783 1731 atque
809 1660 957 1731 passi
983 1664 1135 1727 sunt,
1158 1664 1257 1715 aut
1275 1661 1579 1731 cupierunt
1602 1660 1673 1714 ab
1693 1660 1895 1715 eodem
1917 1659 2065 1714 ordi-

434 1753 581 1822 nari,
610 1769 727 1807 non
748 1753 1063 1824 oportuisse
1082 1752 1457 1808 ordinationis
1491 1754 1878 1809 ecclesiastica
1905 1752 2070 1808 susci-

2170 531 2567 601 subrogainus,
2591 531 2875 602 tantisque
2895 531 3093 605 vestris
3106 532 3516 587 assertionibus
3533 532 3812 605 vobisque

2170 629 2289 679 tam
2309 624 2494 692 bonis,
2521 628 2638 678 tam
2660 624 2846 679 charis
2861 603 2977 679 non
2994 626 3129 680 dare
3152 642 3516 693 consensum,
3537 627 3812 681 omnibus

2170 718 2365 774 durius
2400 718 2571 772 rebus
2603 718 2969 773 arbitramur.
3003 720 3109 774 Pro
3140 722 3326 774 vestra
3354 737 3491 791 ergo
3520 721 3813 792 approba-

2168 811 2345 881 tione,
2386 812 2588 866 fratres
2632 811 2971 881 charissimi,
3018 816 3076 867 et
3111 814 3418 880 sententia,
3450 831 3516 869 ac
3546 816 3807 886 postula-

2172 906 2330 961 tione
2358 905 2687 978 episcopum
2718 907 2987 961 Fotinum
3024 907 3318 962 Habetote.
3351 907 3592 963 Licitum
3620 914 3705 964 est
3726 910 3811 965 ita

2171 999 2532 1067 constituere,
2577 1004 2638 1055 ut
2679 1000 3092 1072 deprecamini,
3133 1004 3192 1056 et
3218 1006 3471 1057 nostram
3499 1003 3560 1057 in
3600 1003 3811 1058 melius

2169 1110 2497 1150 conversam
2523 1093 2867 1149 sententiam
2895 1094 3111 1164 labore,
3140 1096 3226 1150 vel
3252 1096 3577 1151 testimonio
3602 1101 3807 1153 nostro

2171 1192 2500 1259 compotem
2530 1187 2714 1243 verbis
2741 1187 3029 1259 suscipite.
3058 1191 3235 1260 Eque
3267 1190 3627 1245 Eustachium
3651 1208 3686 1245 a
3711 1207 3809 1246 me

2172 1281 2479 1353 saepissime
2513 1280 2947 1352 comprobatum
2984 1282 3164 1337 nolite
3210 1288 3537 1355 exspectare
3575 1290 3637 1339 ut
3683 1284 3807 1339 dia-

2169 1375 2316 1430 conii
2348 1374 2530 1447 gratia
2552 1376 2846 1447 spolietur.
2887 1376 3162 1432 Sollicitos
3188 1377 3342 1432 enim
3367 1394 3463 1433 vos
3488 1395 3593 1449 pro
3620 1380 3809 1434 salute

2169 1469 2413 1525 libenter
2437 1469 2627 1539 audio,
2656 1475 2854 1525 contra
2885 1476 3059 1542 caput
3084 1471 3259 1526 etiam
3285 1488 3344 1526 se
3365 1472 3693 1528 faciendum
3720 1478 3808 1528 est

2172 1579 2289 1618 non
2313 1562 2555 1618 libenter
2576 1562 2835 1617 admitto.
2876 1563 2977 1618 Cui
3007 1580 3244 1619 manum
3263 1566 3576 1637 porrigitis,
3604 1566 3804 1621 vobis-

2170 1673 2301 1712 cum
2330 1656 2578 1728 porrigo.
2629 1657 2731 1713 Cui
2776 1658 3026 1729 porrigo,
3065 1675 3294 1714 mecum
3332 1660 3631 1731 porrigite.
3674 1662 3808 1716 Haec

2171 1750 2325 1807 enim
2347 1750 2419 1805 ad
2442 1751 2769 1806 Corinthios
2791 1751 3099 1823 apostolica
3119 1755 3205 1807 est
3223 1753 3507 1808 declarata
3534 1754 3804 1825 benigni-

433 1864 571 1919 pere
601 1845 966 1917 dignitatem,
1009 1847 1109 1918 qui
1152 1847 1556 1902 communione
1596 1847 1855 1902 omnium
1888 1848 2068 1902 Eccle-
2089 1817 2147 1891 Β
2170 1847 2273 1911 tas,
2290 1844 2425 1899 utin
2444 1860 2558 1899 uno
2582 1844 2785 1916 spiritu
2807 1845 3041 1900 ductam
3057 1862 3121 1900 ac
3138 1846 3434 1902 reductam
3454 1848 3808 1919 sententiam

433 1942 649 1995 siarum
673 1939 955 2012 judicium
1005 1940 1355 2008 deserentes,
1400 1958 1560 1996 suam
1602 1941 1980 2012 spiritualiter
2007 1941 2068 1996 in
2167 1938 2307 1993 boni
2335 1954 2560 2010 semper
2585 1938 2979 1994 indiﬁ‘erenter
3010 1943 3325 2011 sequantur
3350 1939 3427 2011 (II
3442 1944 3562 1999 Cor.
3591 1958 3666 2010 Iv,
3694 1944 3806 2013 13).

433 2036 658 2090 Bonoso
696 2034 975 2089 unitatem
1016 2035 1370 2106 sequendam
1412 2052 1536 2090 esse
1593 2035 1899 2090 duxerunt.
1956 2036 2069 2091 Sed
2169 2035 2332 2100 Nam,
2359 2032 2561 2101 fateor,
2600 2033 2723 2087 haec
2749 2049 2842 2088 me
2876 2032 3129 2104 primum
3170 2049 3260 2088 res
3294 2034 3441 2090 bene
3468 2034 3638 2090 habet
3664 2052 3810 2107 erga

432 2129 639 2184 multos
688 2131 911 2183 constat
948 2128 1060 2183 vim
1104 2144 1299 2199 passos
1339 2133 1506 2200 atque
1552 2128 1788 2184 invitos.
1802 2132 2071 2184 attractos
2170 2125 2537 2180 Eustachium
2563 2125 2884 2193 diaconum,
2917 2128 3069 2197 quod
3095 2144 3199 2182 nec
3222 2130 3417 2182 contra
3442 2128 3619 2183 ﬁdem
3642 2130 3811 2200 quid-

434 2226 944 2295 repugnantesque
984 2222 1056 2277 ab
1096 2222 1297 2277 eodem
1339 2222 1651 2277 ordinatos.
1694 2223 1855 2279 Dicat
1902 2223 2066 2292 mihi,
2170 2235 2346 2291 quam
2371 2220 2590 2274 locutus
2620 2218 2710 2287 sit,
2758 2236 2862 2274 nec
2889 2221 3215 2292 loquentem
3244 2222 3557 2291 admiserit,
3590 2239 3699 2277 nec
3731 2223 3809 2278 ad

435 2316 586 2381 volo,
622 2316 877 2387 quisquis
900 2316 1008 2370 hoc
1032 2315 1233 2384 credit,
1269 2317 1314 2370 si
1341 2332 1458 2371 non
1488 2321 1614 2387 post
1642 2316 2069 2372 ordinationem
2169 2318 2416 2369 mortem
2464 2312 2685 2368 crimen
2715 2313 2951 2385 aliquod
2990 2314 3370 2385 commisisse,
3403 2317 3491 2371 vel
3524 2317 3807 2388 jactatum

437 2410 638 2465 Bonosi
670 2409 947 2476 interfuit,
968 2427 1095 2464 cum
1113 2410 1416 2466 conficeret
1435 2415 1815 2479 sacramenta,
1845 2412 1890 2465 si
1922 2428 2071 2467 com-
2171 2423 2428 2478 unquam
2448 2407 2535 2462 vel
2553 2406 2747 2462 ﬁctum
2770 2409 3162 2480 cognoverim.
3184 2412 3253 2465 Et
3272 2410 3405 2481 quia
3430 2410 3489 2465 in
3508 2410 3597 2465 his
3618 2411 3809 2466 salvus

434 2503 813 2558 municationi
841 2503 965 2575 ejus
990 2503 1359 2576 participatus
1382 2521 1496 2559 non
1523 2510 1626 2571 est,
1668 2506 1714 2559 si
1742 2506 1933 2561 statim
1960 2506 2071 2561 dis-
2170 2507 2273 2569 est,
2300 2501 2347 2555 si
2376 2517 2490 2572 quo
2511 2505 2675 2572 pacto
2695 2502 3152 2559 convcrsationes
3176 2504 3453 2559 amabiles
3472 2521 3589 2559 non
3611 2505 3805 2574 habet,

432 2598 639 2652 cedens
683 2597 753 2652 de
797 2598 921 2668 ejus
963 2597 1212 2669 pessimo
1250 2598 1622 2654 conciliabulo
1659 2600 1729 2654 ad
1769 2601 2070 2655 Ecclesiam
2168 2594 2467 2649 habendus
2506 2598 2611 2663 est,
2646 2600 2707 2649 ut
2733 2596 2922 2651 minus
2952 2614 3058 2668 pro
3089 2601 3348 2669 tempore
3388 2598 3647 2666 dilectus,
3689 2616 3809 2655 non

432 2691 618 2757 rediit,
683 2691 786 2745 iste
836 2691 964 2745 talis
1014 2694 1201 2763 potest
1243 2692 1454 2747 habere
1519 2693 1767 2747 colorem
1817 2693 2067 2764 aliquem
2169 2694 2233 2743 ut
2254 2688 2523 2744 inimicus
2551 2689 2884 2757 aestimatus,
2924 2691 3154 2746 diabolo
3180 2692 3238 2746 in
3271 2696 3552 2763 perpetuo
3582 2695 3807 2748 manci-

434 2784 829 2839 excusationis.
862 2786 1146 2840 Caeterum
1166 2786 1264 2857 qui
1284 2789 1416 2857 post
1442 2802 1662 2841 annum
1690 2791 1790 2842 aut
1809 2803 2066 2842 mensem
2168 2781 2413 2853 pandus.
2450 2785 2743 2855 Cognosco
2789 2784 2952 2838 illum
3003 2785 3158 2839 inter
3204 2785 3332 2840 illas
3370 2785 3695 2841 simultates
3742 2803 3809 2841 ac

433 2879 505 2933 ad
531 2878 837 2933 Ecclesiam
868 2879 1189 2946 redierunt,
1236 2879 1612 2951 intelligimus
1642 2897 1855 2952 eosque
1882 2881 1979 2952 qui
2008 2882 2069 2937 in
2167 2875 2424 2931 turbines
2453 2881 2650 2932 contra
2687 2878 3000 2933 multorum
3029 2878 3235 2947 studia,
3277 2896 3394 2934 non
3424 2879 3553 2935 dico
3583 2881 3801 2951 qualia,

433 2970 766 3026 catholicam
792 2978 1075 3027 noverant
1103 2989 1162 3028 se
1191 2978 1427 3045 propter
1452 2973 1584 3028 vitia
1612 2991 1711 3028 sua
1751 2991 1866 3030 non
1904 2991 2070 3046 posse
2171 2968 2396 3024 diversa
2432 2969 2694 3038 εθηδίδδθν
2747 2974 2804 3026 3t
2850 2988 2983 3025 cum
3040 2972 3173 3027 hinc
3218 2989 3312 3027 1‘08
3353 2990 3417 3028 ac
3452 2974 3809 3029 calamitates

435 3066 723 3137 suscipere
748 3064 1195 3135 ordinationem,
1226 3066 1436 3123 idcirco
1463 3068 1533 3123 ad
1565 3067 1727 3123 illum
1755 3069 2069 3140 perrexisse
2170 3063 2307 3134 ipsae
2329 3063 2649 3119 emendatae
2675 3064 2808 3134 sint,
2838 3065 3024 3120 adhuc
3048 3066 3342 3121 Dizoniani
3366 3072 3422 3122 et
3450 3066 3651 3122 Siriaci
3678 3069 3810 3123 sub-

435 3160 533 3231 qui
584 3158 815 3230 passim,
863 3162 921 3214 et
957 3159 1079 3215 sine
1128 3160 1241 3215 ulla
1288 3161 1636 3217 discussione
1685 3162 2144 3263 ordinationesc
2169 3157 2538 3213 diaconorum
2570 3175 2687 3213 non
2731 3159 2984 3230 potuisse
3019 3162 3171 3231 apud
3209 3178 3305 3215 vos
3338 3161 3809 3217 emendationem

437 3252 661 3307 illicitas
682 3252 948 3319 faciebat,
978 3253 1277 3310 credentes
1302 3272 1361 3311 se
1387 3272 1552 3327 posse
1579 3273 1681 3327 per
1706 3257 1875 3312 istam
1906 3257 2066 3313 insti-
2096 3251 2144 3263 ν’
2168 3251 2519 3307 reviviscere.
2551 3253 2925 3324 Compescite,
2956 3271 3171 3326 quaeso,
3192 3255 3264 3310 ab
3286 3256 3381 3311 illo
3400 3255 3808 3328 praedictisque

433 3345 720 3401 tutionem
754 3347 945 3401 locum
982 3347 1043 3402 in
1076 3348 1326 3404 Ecclesia
1365 3349 1646 3405 catholica
1685 3350 1957 3422 recipere,
1998 3350 2069 3407 de
2170 3361 2643 3418 quorumcunque
2667 3346 2870 3402 Videtis
2883 3348 3122 3415 animos,
3142 3365 3276 3404 sane
3295 3350 3612 3420 nonjustas
3634 3367 3810 3405 aemu-

433 3456 546 3512 qua
579 3442 746 3495 antea
774 3440 1169 3511 desperarent.
1213 3441 1372 3495 Nunc
1412 3441 1547 3496 illud
1591 3443 1746 3513 quod
1790 3448 2066 3515 superest,
2168 3439 2429 3509 lationes,
2482 3445 2544 3496 ut
2582 3440 2702 3513 ipse
2739 3442 2890 3513 apud
2935 3458 3036 3497 nos
3070 3442 3315 3514 integer,
3356 3442 3509 3515 apud
3549 3460 3650 3498 vos
3676 3461 3810 3499 cum

435 3550 593 3604 rogo,
622 3534 719 3605 qui
748 3539 878 3605 post
902 3551 1181 3604 mensem,
1214 3539 1313 3590 aut
1342 3550 1410 3589 eo
1438 3536 1685 3608 amplius
1713 3536 1907 3606 rediit,
1936 3554 2069 3592 cum
2169 3535 2286 3589 suis
2316 3537 2613 3605 reparatus
2642 3542 2932 3590 mereatur
2965 3553 3167 3607 pacem
3219 3554 3332 3591 non
3363 3537 3573 3606 ﬁctam,
3610 3539 3807 3609 provi-

436 3645 494 3682 se
526 3628 923 3700 presbyterum
955 3645 990 3684 a
1015 3629 1236 3684 Bonoso
1273 3629 1585 3684 conﬁderet
1629 3630 1975 3699 ordinatum,
2023 3632 2070 3685 si
2171 3628 2313 3682 dens
2340 3628 2699 3684 charitatem.
2722 3629 2999 3685 Omnibus
3022 3630 3204 3702 igitur
3224 3630 3399 3700 vobis,
3426 3648 3491 3685 ac
3507 3631 3810 3702 sigillatim

438 3738 551 3777 non
582 3726 934 3777 sacramenta
969 3723 1235 3792 confecit,
1279 3722 1324 3777 si
1353 3740 1473 3778 non
1517 3724 1739 3794 populis
1771 3724 1989 3791 tribuit,
2025 3725 2071 3779 si
2172 3725 2431 3777 occurrat
2472 3723 2737 3791 charitas,
2786 3727 2844 3778 et
2893 3724 3133 3779 vinculis
3180 3742 3311 3797 quas
3358 3725 3528 3780 nullis
3556 3726 3749 3781 modis
3777 3744 3810 3781 a

438 3831 555 3871 non
573 3814 1586 3871 missassecundumconsuetudinem
1604 3818 2070 3890 complevit,quid
2167 3815 2390 3871 Christo
2433 3816 2748 3884 solvuntur,
2792 3818 3086 3873 vobiscum
3121 3819 3337 3890 pariter
3366 3819 3424 3874 in
3460 3825 3807 3892 perpetuum

435 3909 506 3963 de
539 3908 628 3963 his
651 3909 948 3978 censeatis,
981 3924 1196 3980 quaeso,
1220 3910 1497 3980 prematis
1516 3910 1785 3980 apertius.
1817 3912 1902 3965 Ad
1923 3928 2071 3967 sum-

436 4017 598 4055 mam
629 4004 779 4055 certe
809 4000 906 4071 qui
936 4000 1079 4055 nihil
1108 4018 1143 4056 a
1185 4004 1402 4057 Bonoso
1442 4008 1782 4073 acceperunt
1820 4004 1901 4059 rei
1940 4010 2073 4061 sunt

437 4096 725 4164 usurpatas
769 4093 1082 4164 dignitatis,
1127 4095 1225 4166 qui
1253 4095 1736 4151 conﬁciendorum
1779 4114 2070 4153 sacrorum

438 4187 545 4241 sibi
574 4186 1005 4242 vindicaverunt
1032 4189 1639 4262 auctoritatem,atque
1658 4191 1731 4246 ad
1749 4207 1806 4246 se
1841 4195 2073 4264 putave-

436 4284 573 4335 runt
612 4297 734 4336 esse
779 4281 935 4353 quod
965 4281 1036 4337 de
1063 4282 1151 4338 his
1182 4284 1339 4339 nulla
1361 4284 1547 4340 fuerat
1572 4286 1820 4357 regulari
1851 4286 2071 4343 ratione

439 4392 504 4430 CO
514 4391 789 4431 [1085511111.

510 4468 560 4542 1
577 4468 699 4541 7'7
738 4471 822 4525 Vl.
851 4470 1149 4526 Pervideat
1165 4488 1303 4545 ergo
1329 4473 1557 4530 dilectio
1586 4478 1767 4529 vestra
1794 4475 2070 4531 hactenus

2171 3925 2430 3965 connexa
2458 3910 2683 3966 laetetur
2711 3910 2770 3965 in
2799 3912 3064 3967 Domino.

2277 4002 2372 4057 Ad
2394 4004 2662 4073 synodum
2698 4007 2759 4059 in
2791 4007 3054 4061 Tolosana
3080 4009 3299 4063 civitate
3327 4010 3697 4064 constitutam.

2246 4101 2296 4152 1.
2329 4097 2405 4151 De
2441 4098 2840 4169 Hyspanorum
2875 4101 3325 4172 reprehensione
3355 4102 3453 4174 qui
3479 4101 3811 4160 inordinate

2171 4191 2519 4247 constituunt
2546 4192 2799 4247 clericos.

2240 4287 2294 4339 2.
2322 4286 2391 4339 Ut
2410 4284 2693 4353 causidici,
2734 4286 2822 4342 vel
2856 4288 3116 4356 curiales,
3165 4291 3252 4346 vel
3284 4290 3537 4345 saeculari
3582 4291 3809 4347 militias

2171 4378 2370 4444 dediti,
2397 4379 2466 4434 ad
2489 4380 2705 4435 clerum
2728 4398 2846 4437 non
2878 4382 3273 4439 admittantur.

2241 4475 2293 4527 3.
2324 4474 2395 4527 Ut
2418 4473 2744 4546 quicunque
2782 4477 2924 4530 tales
2970 4476 3218 4532 ordinati
3246 4478 3461 4533 fuerint
3488 4494 3621 4533 cum
3654 4480 3807 4535 ordi-

438 4563 570 4619 talia
600 4564 890 4631 transisse,
924 4568 981 4619 et
1018 4565 1297 4621 advertite
1324 4568 1479 4640 quod
1516 4569 1731 4642 utique,
1767 4574 1831 4624 ut
1859 4569 2065 4639 dicitis,
2088 4567 2148 4639 D
2172 4567 2467 4622 natoribus
2488 4568 2602 4622 suis
2632 4569 3018 4640 deponantur.

436 4658 742 4713 necessitas
768 4658 1069 4729 imperavit
1086 4659 1147 4714 in
1164 4678 1299 4732 pace
1315 4662 1435 4733 jam
1456 4664 1721 4718 ecclesias
1736 4664 2076 4719 constitutas

436 4768 555 4806 non
579 4768 941 4822 praesumere,
965 4754 1087 4819 sed,
1111 4759 1175 4810 ut
1190 4771 1341 4827 saepe
1360 4756 1584 4824 accidit,
1606 4758 1829 4829 quoties
1843 4775 1876 4812 a
1891 4774 2073 4829 popu-

436 4844 635 4914 lis,aut
660 4862 695 4899 a
720 4845 884 4900 turba
903 4853 1187 4917 peccatur,
1215 4849 1351 4920 quia
1368 4850 1426 4903 in
1450 4867 1652 4905 omnes
1673 4854 1913 4922 propter
1932 4852 2074 4905 mul-

433 4937 743 4993 titudinem
778 4956 895 4995 non
933 4944 1120 5012 potest
1138 4941 1394 5009 vidicari,
1418 4943 1661 4997 multum
1683 4945 1861 4998 soleat
1883 4948 2070 4998 trans-

435 5032 540 5086 ire.
566 5032 759 5087 Priora
796 5049 935 5104 ergo
978 5034 1320 5091 dimittenda
1360 5035 1486 5091 dico
1517 5037 1619 5091 Dei
1642 5036 1883 5107 judicio,
1917 5041 1972 5092 et
2001 5037 2072 5092 de

439 5126 658 5196 reliquo
686 5129 933 5182 maxima
967 5129 1349 5185 sollicitudine
1379 5130 1837 5201 praecavendum.

2247 4663 2296 4716 4.
2348 4664 2422 4717 De
2464 4663 3007 4720 commemoratione
3051 4666 3261 4720 Nicaani
3308 4666 3552 4735 concilii,
3595 4666 3655 4722 in
3698 4685 3815 4740 quo

2175 4756 2502 4827 supradicta
2532 4756 2928 4828 prohibentur.

2331 4849 2533 4914 Quales
2559 4851 2806 4921 eligendi
2835 4856 2970 4907 sunt
2993 4852 3053 4907 in
3083 4853 3285 4909 ordine
3305 4854 3663 4909 clericorum.

2243 4947 2294 4997 6.
2333 4944 2411 4998 De
2438 4960 2504 4998 eo
2530 4945 2627 5015 qui
2661 4949 2791 5000 ante
2830 4945 3184 5017 baptismum
3216 4965 3452 5004 uxorem
3491 4948 3714 5020 habuit,
3758 4956 3817 5005 et

2173 5042 2301 5107 post
2329 5038 2677 5108 baptismum
2697 5038 2888 5109 aliam,
2919 5040 3154 5095 clericus
3183 5058 3303 5096 non
3330 5043 3445 5098 ﬁat.

2243 5132 2369 5187 CAP.
2410 5134 2451 5187 Ι.
2496 5134 2851 5189 INNOCENTIUS
2892 5133 3170 5213 universis
3207 5136 3505 5208 episcopis,
3547 5137 3607 5191 in
3636 5137 3806 5193 Tolo-

507 5220 611 5274 Vll.
635 5221 871 5276 Veniam
896 5239 1048 5278 nunc
1068 5223 1141 5277 ad
1165 5223 1483 5279 maximum
1505 5224 1664 5295 quasi
1684 5223 1757 5278 ad
1778 5224 2069 5296 quoddam
2170 5241 2305 5279 sana
2344 5225 2557 5296 synodo
2604 5227 2942 5294 constitutis,
2995 5228 3335 5283 dulcissimis
3384 5229 3657 5285 fratribus
3677 5274 3691 5299 ,
3749 5232 3809 5287 in

436 5313 630 5368 thema
644 5313 914 5383 fontium,
938 5320 995 5372 et
1014 5317 1165 5388 quod
1185 5317 1329 5372 mihi
1352 5316 1587 5372 anxium
1616 5322 1702 5373 est
1721 5334 1785 5372 ac
1805 5317 2064 5374 difficilli-
2168 5317 2416 5374 Domino
2443 5320 2702 5375 salutem.
2740 5323 2899 5393 Saepe
2928 5338 3022 5376 me
3056 5327 3113 5377 et
3141 5322 3383 5378 nimium
3415 5339 3546 5378 cum
3579 5327 3811 5380 teneret

432 5423 615 5476 mum,
642 5408 929 5480 majorum
960 5411 1245 5465 revolvam
1269 5410 1597 5466 sententias.
1639 5412 1846 5468 Fuerat
1876 5412 1945 5469 de
1967 5413 2065 5469 illo
2167 5429 2301 5468 cura
2335 5413 2637 5468 sollicitum
2676 5432 2847 5486 super
2877 5415 3244 5472 dissentionis
3282 5416 3588 5473 schismata
3626 5419 3810 5474 Eccle~

434 5518 661 5574 quoque
688 5510 877 5574 pacto,
909 5504 1173 5558 utetiam
1213 5504 1321 5575 ipsi
1366 5506 1860 5576 commeministis,
1910 5507 2065 5564 aliud
2164 5506 2398 5575 siarum,
2441 5507 2593 5577 quod
2638 5509 2854 5564 malum
2897 5526 3003 5581 per
3048 5510 3342 5583 Hispanias
3376 5512 3546 5566 latius
3579 5512 3640 5566 in
3685 5513 3807 5568 dies

432 5597 627 5669 utique
661 5596 890 5669 gravius
915 5597 1307 5653 constitutum.
1343 5599 1548 5655 Verum
1579 5602 1853 5673 quoniam
1882 5601 1939 5657 id
1963 5619 2065 5674 per
2164 5600 2533 5671 separationis
2578 5601 2759 5672 gradu
2795 5602 3059 5660 incedere
3088 5606 3245 5660 fama
3283 5605 3663 5677 proloquitur,
3707 5622 3807 5661 ne-

429 5706 730 5745 rumorem
754 5691 980 5758 falsum,
1009 5694 1073 5745 ut
1103 5692 1372 5760 asseritis,
1401 5694 1738 5768 subreptum
1764 5696 1899 5751 huic
1919 5696 2057 5763 sedi,
2160 5694 2467 5749 cessarium
2495 5699 2721 5767 tempus
2749 5697 2981 5753 emersit
2999 5715 3114 5770 quo
3142 5716 3257 5754 non
3275 5699 3457 5772 possit
3474 5700 3802 5757 emendatio

430 5787 488 5836 et
519 5782 775 5839 elicitum
816 5801 920 5854 per
955 5785 1191 5840 insidias
1234 5787 1663 5860 demonstratis,
1706 5791 1839 5863 quia
1874 5807 1962 5845 res
1987 5790 2059 5844 ad
2158 5792 2320 5845 tanta
2350 5787 2588 5856 ditferri,
2619 5794 2676 5845 et
2712 5791 2946 5847 deberet
2986 5809 3246 5865 congrua
3293 5794 3581 5849 medicina
3609 5796 3800 5867 provi-

429 5873 674 5931 salutem
720 5875 927 5945 rediit,
976 5878 1200 5936 veniam
1240 5897 1343 5939 nos
1382 5882 1528 5941 hanc
1574 5884 1861 5945 intentum
1903 5882 2057 5939 vobis
2157 5881 2300 5942 deri.
2328 5883 2471 5940 Nam
2501 5881 2569 5940 de
2598 5884 3054 5944 ordinationibus
3093 5904 3234 5964 quas
3273 5904 3463 5964 prava
3487 5893 3793 5949 consuetu~
