4034 6300
173 352 274 405 721

1419 348 1893 405 DECRETALIUM
1930 350 2315 406 COLLECTIO.

3446 350 3547 403 722

167 456 322 511 diuis
336 456 475 512 vitio
489 456 877 528 Hispanienses
897 455 1191 528 episcopos
1215 456 1505 512 celebrare
1522 457 1808 527 cognosci-
1830 468 1890 542 Α
1912 473 2044 512 nem
2075 457 2398 525 habuerint,
2420 455 2554 527 quia
2572 454 2849 526 scriptum
2876 454 2937 508 in
2953 453 3138 509 Veteri
3153 455 3543 509 Testamento:

168 551 517 618 mus,fuerat
540 549 753 622 aliquid
779 550 1095 605 secundum
1120 550 1407 622 majorum
1438 550 1809 605 traditionem

171 644 569 712 statuendum,
602 643 710 698 nisi
730 643 1226 715 perpenderemus
1254 660 1324 698 ne
1352 644 1813 715 perturbationes

172 754 349 810 quam
364 738 640 809 plurimas
656 737 913 794 Ecclesiis
929 753 1306 793 moveremus.
1324 739 1577 803 Quorum
1598 739 1813 792 factum

170 832 254 887 ita
299 831 799 903 reprehendimus,
856 836 919 886 ut
980 834 1214 903 propter
1263 848 1569 886 numerum
1635 831 1811 885 corri-

172 926 523 997 gendorum,
549 941 613 980 ea
628 942 755 997 quae
775 941 1003 997 quoquo
1029 926 1181 980 facta
1207 928 1340 979 sunt
1369 943 1481 980 non
1497 926 1556 979 in
1577 925 1813 980 dubium

170 1037 464 1087 vocemus,
497 1020 595 1074 sed
625 1020 721 1074 Dei
751 1019 936 1091 potius
968 1019 1326 1075 dimittamus
1346 1019 1585 1091 judicio.

246 1115 312 1169 ll.
356 1116 610 1178 Quantos
652 1113 808 1167 enim
840 1130 906 1167 ex
936 1113 1037 1179 eis,
1074 1113 1169 1184 qui
1217 1116 1347 1184 post
1379 1118 1673 1183 acceptam
1711 1113 1811 1167 ba-

171 1207 371 1280 ptismi
400 1206 644 1278 gratiam
668 1207 728 1261 in
754 1206 966 1262 forensi
993 1206 1400 1261 exercitatione
1432 1207 1631 1262 versati
1659 1212 1809 1272 sunt,

173 1307 231 1357 et
272 1300 569 1356 obtinendi
611 1300 986 1371 pertinaciam
1039 1304 1428 1370 susceperunt,
1483 1301 1689 1354 ascitos
1743 1300 1814 1354 ad

174 1394 553 1449 sacerdotium
578 1409 697 1448 esse
728 1394 1154 1465 comperimus!
1188 1396 1268 1449 Ex
1298 1409 1542 1465 quorum
1570 1409 1814 1448 numero

170 1488 416 1543 Ruﬁnus
470 1490 528 1542 et
577 1487 881 1559 Gregorius
948 1487 1341 1558 perhibentur.
1425 1489 1680 1551 Quantos
1743 1504 1813 1541 ex

172 1581 382 1637 militia
409 1581 508 1653 qui
554 1597 686 1635 cum
714 1581 1092 1653 potestatibus
1142 1580 1464 1635 obedierint
1487 1597 1681 1635 severa
1709 1597 1812 1636 ne-

172 1674 418 1730 cessario
459 1678 749 1746 praecepta
784 1677 920 1728 sunt
961 1674 1231 1741 exsecuti,
1272 1678 1517 1745 quantos
1544 1692 1609 1728 ex
1639 1675 1816 1729 curia-

172 1769 322 1824 libus
372 1768 472 1840 qui
501 1768 638 1823 dum
677 1773 887 1840 parent
936 1768 1306 1839 potestatibus
1358 1784 1487 1838 quae
1526 1768 1633 1822 sibi
1682 1772 1817 1823 sunt

1918 553 2205 607 «Uxorem
2230 549 2511 621 virginem
2537 549 2778 619 accipiat
2802 548 3090 614 sacerdos;
3108 567 3135 599 η
3151 551 3208 603 et
3228 547 3362 603 alibi
3383 564 3396 602 :
3415 566 3442 599 ς(
3456 549 3552 604 Sa-

1915 645 2174 700 cerdotes
2192 644 2305 699 mei
2330 645 2507 698 semel
2534 643 2816 697 nubant.»
2840 644 3033 713 Neque
3053 642 3154 714 qui
3180 641 3320 697 duas
3345 658 3552 698 uxores

1913 738 2239 805 habuerint,
2273 738 2405 808 quia
2433 736 2641 791 Paulus
2674 736 2957 807 apostolus
2983 734 3081 802 ait,
3109 756 3137 784 ‹‹
3165 735 3334 790 unius
3362 735 3552 791 uxoris

1913 832 2096 886 virum
2130 832 2257 901 (Tit.
2282 842 2328 900 Ἰ,
2359 834 2431 899 6).
2466 852 2493 879 ››

1985 928 2071 982 Vl.
2105 927 2216 980 Nec
2262 924 2401 978 illud
2428 924 2636 978 debere
2682 923 2909 978 admitti
2935 923 3087 995 quod
3128 922 3405 993 aliquanti
3445 940 3549 994 pro

1913 1020 2242 1076 defensione
2271 1018 2427 1089 pravi
2449 1017 2659 1072 erroris
2688 1022 2989 1089 opponunt
3016 1020 3073 1072 et
3103 1021 3369 1072 asserunt
3395 1017 3549 1088 quod

1913 1120 2042 1169 ante
2054 1113 2400 1185 baptismum
2417 1111 2612 1166 omnia
2627 1110 3012 1179 dimittuntur,
3028 1128 3143 1165 non
3159 1111 3549 1182 intelligentes

1913 1209 2010 1279 huj
2020 1207 2243 1262 usmodi
2255 1206 2411 1278 quod
2422 1206 2538 1261 sola
2549 1206 2609 1259 in
2626 1205 2904 1275 baptismo
2920 1208 3147 1275 peccata
3161 1204 3547 1272 dimittuntur,

1916 1319 2021 1357 nec
2049 1302 2243 1357 uxoris
2262 1316 2534 1355 numerus
2562 1299 2842 1353 aboletur.
2875 1300 3017 1352 Nam
3044 1298 3090 1352 si
3117 1315 3151 1353 a
3176 1299 3312 1366 Deo,
3334 1302 3397 1353 ut
3420 1298 3551 1353 scri—

1912 1402 2074 1469 ptum
2100 1400 2186 1450 est
2213 1415 2241 1447 ‹‹
2273 1399 2627 1466 ρι’ωρδτειιιιι*
2655 1393 2773 1447 viro
2804 1409 2951 1446 uxor
2973 1392 3149 1465 (Prov.
3170 1409 3284 1462 XIX,
3308 1394 3412 1463 14),
3435 1414 3462 1441 ››
3488 1395 3548 1446 et

1915 1513 1943 1541 «
1966 1491 2117 1563 quod
2133 1492 2275 1545 Deus
2284 1488 2498 1560 junxit,
2512 1488 2684 1542 homo
2703 1502 2819 1541 non
2836 1486 3290 1559 separet(Matth.
3307 1503 3415 1554 x1x,
3430 1488 3501 1555 6),
3520 1507 3544 1536 λι

1912 1590 1968 1639 et
1980 1585 2085 1655 ipsi
2098 1588 2360 1639 auctores
2373 1580 2599 1653 generis
2610 1581 2849 1635 humani
2869 1581 2928 1635 in
2945 1580 3169 1651 origine
3194 1596 3225 1633 a
3240 1581 3352 1635 Deo
3364 1580 3545 1634 bene-

1912 1676 2493 1748 dicuntur,quomodo
2511 1675 2662 1730 inter
2672 1675 2923 1747 perfecta
2938 1674 3046 1728 ista
3058 1674 3553 1743 creduntur,posse

1917 1771 2171 1827 dimitti?
2219 1770 2377 1834 Quod
2417 1769 2463 1823 si
2500 1769 2816 1823 secundum
2867 1769 2992 1822 illos
3041 1767 3136 1839 qui
3179 1768 3259 1822 ita
3287 1768 3546 1835 credunt,

172 1863 459 1933 imperata
515 1861 772 1917 fecerunt
801 1862 812 1915 ι
868 1862 1118 1926 Quantos
1147 1862 1243 1932 qui
1268 1862 1584 1932 voluptates
1615 1866 1671 1916 et
1694 1862 1807 1916 edi-
1837 1846 1892 1917 Β
1916 1882 2114 1920 verum
2145 1869 2249 1934 est,
2290 1880 2427 1934 ergo
2472 1863 2653 1917 omnis
2676 1862 2898 1933 justitia
2927 1878 3041 1933 qua
3075 1878 3109 1915 a
3142 1860 3554 1916 catechuminis

169 1957 359 2011 tiones
388 1955 602 2027 populo
641 1955 1019 2022 celebrarunt,
1051 1955 1122 2009 ad
1166 1956 1447 2010 honorem
1479 1956 1687 2009 summi
1729 1973 1813 2010 sa-

171 2049 411 2104 cerdotii
438 2048 792 2120 pervenisse!
828 2049 1081 2113 Quorum
1122 2048 1383 2102 omnium
1418 2049 1710 2103 neminem
1739 2065 1811 2103 ne

170 2144 240 2198 ad
268 2142 604 2198 societatem
628 2142 863 2213 quidem
892 2142 1109 2197 ordinis
1123 2142 1457 2197 clericorum
1484 2145 1814 2214 oportuerat

169 2236 659 2309 pervenisseQuaa
670 2236 715 2290 si
724 2235 950 2307 singula
963 2236 1319 2291 discutienda
1331 2236 1812 2303 mandemus,non

173 2330 428 2385 modicos
474 2333 684 2397 motus,
734 2332 833 2384 aut
878 2330 1144 2384 scandala
1186 2330 1650 2401 Hispaniensibus
1687 2347 1814 2402 pro-

169 2424 396 2492 vinciis,
424 2424 631 2495 quibus
666 2424 886 2479 mederi
911 2424 1191 2495 cupimus,
1228 2424 1298 2477 de
1325 2424 1512 2479 studio
1546 2425 1814 2480 emenda-

170 2518 343 2575 tionis
397 2517 745 2585 indicemus;
798 2517 1010 2573 idcirco
1056 2517 1397 2573 remittenda
1453 2518 1640 2589 potius
1691 2520 1813 2573 haec

170 2616 462 2685 putamus.
514 2611 627 2667 Sed
674 2628 747 2666 ne
789 2611 1054 2683 deinceps
1107 2611 1311 2666 similia
1355 2612 1809 2683 committantur,

173 2706 493 2762 dilectionis
541 2709 745 2760 vestrae
789 2706 1086 2761 maturitas
1117 2707 1416 2777 providere
1468 2706 1713 2776 debebit,
1750 2711 1815 2761 ut

173 2802 352 2855 tantae
411 2798 764 2871 usurpationi
819 2798 1024 2853 saltem
1076 2815 1231 2854 nunc
1278 2799 1405 2854 ﬁnis
1461 2801 1813 2855 necessarius

168 2894 528 2965 imponatur,
579 2909 646 2947 eo
698 2892 960 2948 videlicet
1005 2893 1327 2962 constituto,
1374 2898 1441 2947 ut
1489 2894 1814 2966 quicunque

173 2989 317 3041 tales
346 2986 590 3042 ordinati
617 2986 833 3041 fuerint
875 3003 1007 3042 cum
1035 2986 1459 3041 ordinatoribus
1508 2988 1625 3042 suis
1648 2988 1813 3059 depo-

179 3085 414 3137 nantur.

245 3176 338 3231 III.
383 3175 515 3229 Post
540 3174 665 3229 haec
707 3175 754 3229 si
782 3174 908 3246 quis
935 3175 1200 3229 adversus
1239 3175 1448 3230 formas
1503 3192 1808 3245 canonum,

170 3268 259 3323 vel
285 3267 355 3322 ad
386 3267 825 3323 ecclesiasticum
864 3268 1147 3338 ordinem,
1186 3269 1275 3323 vel
1300 3270 1369 3323 ad
1410 3269 1598 3339 ipsum
1628 3286 1810 3324 sacer-

174 3362 400 3417 dotium
419 3362 611 3416 venire
640 3362 962 3429 tentaverit,
978 3378 1090 3416 una
1106 3379 1236 3417 cum
1259 3362 1679 3417 ordinatoribus
1697 3363 1812 3418 suis

173 3456 303 3528 ipso
344 3455 407 3510 in
434 3471 547 3527 quo
593 3455 812 3510 inventi
859 3456 1071 3510 fuerint
1114 3456 1310 3512 ordine
1351 3460 1408 3511 et
1438 3457 1652 3510 honore
1694 3458 1811 3528 pri-

171 3552 358 3604 vetur.
390 3550 459 3604 Et
484 3549 743 3621 quamvis
773 3548 1062 3604 dilectioni
1094 3554 1314 3617 vestrae,
1347 3550 1550 3604 fratres
1594 3550 1810 3604 charis-

172 3644 325 3710 simi,
358 3643 574 3714 regulae
614 3643 854 3698 Nicaanas
884 3643 999 3697 sint
1022 3643 1289 3715 cognitae,
1329 3644 1640 3698 secundum
1669 3661 1813 3715 quos

174 3737 407 3792 ordines
443 3754 565 3793 esse
607 3737 891 3792 faciendos
917 3738 1308 3807 decernentes,
1340 3742 1535 3792 tamen
1564 3737 1812 3809 aliquam

174 3838 400 3906 partem
415 3852 543 3907 qua:
561 3835 631 3890 de
649 3834 1100 3891 ordinationibus
1117 3841 1203 3889 est
1217 3834 1437 3906 provisa
1450 3834 1813 3891 inserendam

174 3929 395 4000 putavi,
425 3932 494 3984 ut
523 3930 834 3985 secundum
866 3945 994 3984 eam
1020 3928 1407 3985 ordinationes
1433 3929 1492 3984 in
1520 3934 1814 4001 posterum

176 4022 543 4079 celebrandas
589 4040 711 4079 esse
742 4024 1007 4091 sciamus,
1046 4039 1153 4078 nec
1199 4023 1616 4095 interpretandi
1652 4025 1816 4080 aliter

176 4116 421 4172 liberum
462 4117 765 4173 arbitrium
807 4117 1180 4189 relinquatur.
1230 4118 1357 4172 Hmc
1402 4117 1654 4188 primum
1686 4134 1814 4190 quas

177 4213 311 4265 sunt
339 4211 629 4282 prohibita
657 4212 1010 4283 digerantur.

248 4306 334 4360 ιν.
374 4305 453 4360 Ne
514 4305 797 4377 quispiam
862 4304 963 4377 qui
1006 4308 1133 4376 post
1193 4305 1546 4377 baptismum
1599 4305 1813 4360 milita-

176 4399 340 4465 verit,
368 4399 439 4453 ad
465 4398 727 4455 ordinem
771 4399 978 4454 debeat
1004 4399 1300 4454 clericatus
1348 4398 1590 4466 admitti,
1629 4415 1815 4470 neque

177 4492 275 4564 qui
302 4508 500 4547 causas
539 4497 669 4565 post
706 4496 1003 4565 acceptum
1044 4492 1391 4563 baptismum
1435 4492 1679 4564 egerint,
1720 4498 1817 4548 aut

1833 3219 1888 3294 C

1911 1964 2044 2014 ante
2061 1959 2414 2030 baptismum
2435 1958 2611 2012 fuerit
2631 1961 2886 2027 operata,
2907 1972 3009 2026 per
3021 1955 3372 2026 baptismum
3391 1955 3548 2009 aufe-

1911 2058 2093 2109 ratur.
2146 2053 2340 2107 Nullus
2399 2067 2536 2122 ergo
2574 2053 2768 2105 contra
2828 2049 3107 2120 apostolos
3167 2049 3278 2103 tale
3337 2048 3551 2119 aliquid

1910 2147 2138 2216 sentiat,
2171 2164 2277 2201 nec
2308 2145 2596 2211 admittat,
2621 2144 2721 2198 sed
2742 2143 2991 2197 ﬁdeliter
3018 2142 3298 2212 intelligat
3329 2160 3355 2193 ‹‹
3382 2142 3552 2196 unius

1912 2240 2107 2296 uxoris
2122 2241 2329 2307 virum,
2348 2260 2372 2291 ››
2392 2239 2506 2293 sive
2520 2241 2652 2293 ante
2666 2237 3013 2309 baptismum
3030 2251 3149 2291 esse
3165 2235 3547 2302 nominatum,

1911 2335 2023 2389 sive
2062 2340 2189 2405 post
2252 2333 2624 2404 baptismum.
2684 2332 2739 2387 Si
2797 2331 2949 2385 enim
3000 2344 3142 2384 uxor
3189 2332 3323 2384 ante
3372 2329 3555 2400 bapti-

1911 2445 2104 2483 smum
2130 2431 2360 2498 accepta
2390 2443 2507 2481 non
2529 2426 2759 2480 ducitur
2787 2425 2843 2478 in
2873 2440 3202 2492 numerum,
3224 2440 3327 2477 nec
3348 2422 3451 2476 ﬁlii
3478 2439 3546 2477 ex

1913 2522 2116 2577 eadem
2161 2520 2402 2591 suscepti
2450 2520 2603 2574 inter
2657 2518 2803 2573 ﬁlios
2855 2517 3067 2572 debent
3119 2516 3548 2571 communicari.

1914 2616 2076 2680 Quod
2104 2631 2279 2686 quam
2317 2613 2628 2669 absurdum
2667 2612 2739 2667 sit
2764 2615 2935 2682 atque
2966 2610 3217 2665 alienum
3252 2609 3555 2681 prudentia

1912 2713 2096 2765 vestra
2153 2709 2352 2763 melius
2421 2706 2742 2761 aestimabit.
2810 2705 2970 2761 Unde
3035 2704 3329 2759 neminem
3387 2703 3555 2758 liceat

1912 2802 2280 2874 interpretari
2307 2802 2472 2856 aliter
2490 2800 2707 2854 divinas
2726 2800 3064 2870 Scripturas,
3083 2797 3191 2852 nisi
3217 2796 3373 2869 quod
3393 2798 3554 2850 recta

1912 2897 2059 2952 ratio
2086 2894 2387 2968 permittit,
2436 2911 2509 2948 ne
2550 2894 2688 2948 dum
2726 2892 2965 2964 quidam
2993 2890 3252 2947 remedia
3306 2889 3412 2943 sibi
3440 2888 3553 2943 ini-

1914 3008 2027 3063 qua
2074 2990 2145 3044 ad
2195 2988 2626 3045 excusationem
2673 2990 3016 3059 praeparant,
3075 3002 3140 3040 ex
3202 3000 3269 3039 eo
3336 2982 3556 3054 rupisse

1914 3086 2127 3156 legem,
2150 3088 2205 3139 et
2225 3084 2455 3155 regulas
2477 3080 2744 3136 evertisse
2749 3080 3100 3151 judicentur,
3115 3078 3213 3133 sed
3229 3094 3296 3133 ea
3312 3076 3559 3132 tenenda

1913 3185 2046 3233 sunt
2087 3196 2215 3250 quze
2242 3177 2566 3232 divinarum
2610 3175 3037 3245 Scripturarum
3063 3172 3234 3227 series
3280 3169 3553 3234 continet,

1914 3277 1970 3328 et
1998 3289 2033 3326 a
2054 3270 2448 3326 sacerdotibus
2477 3269 2602 3323 utili
2631 3268 2854 3323 ratione
2884 3272 3019 3322 sunt
3046 3265 3370 3321 constituta.
3411 3264 3557 3318 Bene

1912 3366 2165 3433 valeatis,
2194 3365 2399 3419 fratres
2424 3361 2764 3417 charissimi.

2070 3482 2318 3551 Epistola
2346 3480 2562 3534 concilii
2588 3477 3036 3546 Carthaginensis
3063 3476 3138 3531 ad
3156 3479 3402 3530 sanctum

2412 3553 2781 3605 Innocentium
2821 3551 3052 3617 Papam.

1986 3645 2224 3701 Domino
2257 3643 2585 3699 beatissimo
2629 3646 2687 3697 et
2716 3639 3157 3697 honoratissimo
3186 3638 3367 3707 fratri,
3400 3639 3558 3693 lNNO-

1913 3756 2103 3796 CENTIO
2168 3755 2353 3811 papae,
2416 3737 2695 3802 Aurelius,
2782 3734 3101 3801 Numidius,
3176 3732 3559 3798 Rusticianus,

1913 3834 2223 3900 Fidentius,
2269 3831 2565 3903 Evagrius,
2612 3829 2915 3897 Antonius,
2966 3828 3252 3884 Palatinus
3300 3826 3561 3881 Adeoda-

1913 3934 2022 3996 tus,
2075 3927 2422 3995 Vincentius,
2468 3924 2797 3993 Publianus,
2844 3922 3135 3990 Theasius,
3168 3923 3363 3987 Tutus,
3411 3921 3561 3974 Pan-

1913 4022 2149 4090 nonius,
2198 4021 2401 4087 Victor,
2450 4018 2788 4085 Restitutus,
2828 4017 2973 4072 alius
3003 4015 3336 4085 Restitutus,
3373 4012 3562 4069 Rusti-

1914 4134 2032 4183 cus,
2116 4113 2574 4179 Fortunatianus,
2666 4111 2975 4182 Ampelius,
3053 4108 3307 4176 Avinius,
3387 4107 3562 4176 Felix,

1916 4210 2263 4267 Donatianus
2303 4208 2630 4272 Adeotatus,
2679 4204 2957 4272 Octavius,
3014 4203 3330 4268 Serotinus,
3392 4200 3562 4271 Majo-

1913 4305 2091 4371 rinus,
2138 4300 2526 4365 Porturianus,
2570 4298 2856 4369 Crispolis,
2908 4298 3118 4364 Victor,
3166 4296 3310 4350 alius
3353 4294 3561 4359 Victor,

1914 4398 2165 4466 Leutius,
2196 4394 2462 4460 Marinus,
2517 4393 2876 4460 Fructuosus,
2918 4388 3329 4455 Faustinianus,
3368 4388 3559 4450 Quod-

1917 4491 2198 4555 vultdeus,
2229 4485 2558 4551 Candorius,
2605 4484 2901 4554 Maximus,
2932 4482 3235 4554 Magarius,
3279 4480 3559 4549 Rusticus,

190 4586 287 4656 qui
330 4589 458 4657 post
496 4591 787 4659 acceptam
832 4587 928 4641 Dei
974 4586 1218 4657 gratiam
1265 4584 2282 4668 administraverint;DRuﬁnianus,
2327 4579 2621 4647 Proculus,
2648 4578 2915 4645 Thomas,
2959 4575 3279 4641 Ianuarius,
3310 4573 3561 4629 Octavia-

188 4695 375 4751 neque
404 4679 474 4735 de
499 4679 805 4735 curialibus
825 4680 1070 4751 aliquem
1099 4681 1169 4735 ad
1199 4681 1635 4735 ecclesiasticum
1668 4679 1821 4734 ordi-

183 4790 318 4828 nem
343 4773 541 4828 venire
569 4790 749 4845 posse,
781 4774 882 4846 qui
910 4777 1038 4845 post
1066 4774 1416 4845 baptismum
1455 4774 1536 4827 vel
1569 4773 1822 4837 coronati

182 4867 418 4938 fuerint,
449 4868 534 4923 vel
564 4868 946 4924 sacerdotium
983 4869 1139 4940 quod
1174 4869 1400 4935 dicitur,
1431 4867 1818 4936 sustinuerint,

186 4967 239 5016 et
267 4961 549 5017 editiones
590 4962 842 5033 publicas
885 4962 1313 5019 celebraverint.
1352 4964 1490 5017 Nam
1517 4967 1573 5017 et
1614 4962 1721 5016 hoc
1752 4962 1821 5016 de

183 5056 504 5111 carnalibus
547 5060 634 5111 est
670 5056 1001 5127 cavendum,
1050 5074 1125 5112 ne
1168 5056 1361 5125 iidem,
1395 5055 1493 5128 qui
1535 5072 1599 5111 ex
1644 5055 1823 5111 curia-

181 5149 329 5204 libus
351 5150 908 5223 fuerint,aliquando
926 5167 960 5205 a
980 5151 1095 5205 suis
1116 5150 1304 5219 curiis,
1320 5150 1470 5222 quod
1489 5151 1823 5222 frequenter

180 5244 439 5301 videmus
469 5243 745 5313 accidere,
777 5247 1101 5317 poscantur.
1125 5246 1262 5310 Quae
1294 5245 1485 5300 omnia
1512 5244 1820 5300 rationabi-

179 5339 310 5394 liter
327 5337 615 5410 prohibita
640 5342 867 5410 oportet
891 5339 1076 5394 modis
1102 5338 1366 5394 omnibus
1386 5338 1676 5394 custodiri.

247 5433 311 5486 V.
344 5431 552 5496 Quales
576 5447 711 5488 vero
736 5432 990 5504 eligendi
1018 5435 1155 5487 sunt
1178 5433 1238 5487 in
1256 5433 1459 5488 ordine
1479 5432 1818 5487 clericorum

180 5526 411 5583 evidens
439 5527 622 5581 forma
635 5525 906 5594 declarat,
937 5527 994 5582 id
1021 5529 1125 5596 est,
1158 5527 1255 5599 qui
1288 5527 1359 5582 ab
1389 5527 1627 5582 ineunte
1657 5529 1821 5581 aetate

178 5620 449 5693 baptizati
488 5620 723 5691 fuerint,
752 5625 810 5675 et
850 5621 1129 5676 lectorum
1161 5618 1348 5675 ofﬁcio
1389 5620 1606 5690 sociati,
1649 5621 1738 5675 vel
1775 5619 1821 5674 si

179 5715 423 5785 majores
447 5720 600 5783 sunt,
631 5730 763 5769 cum
793 5714 1008 5770 fuerint
1036 5713 1135 5769 Dei
1168 5714 1412 5786 gratiam
1442 5714 1749 5783 consecuti,
1776 5714 1818 5768 si

178 5810 367 5865 statim
400 5825 458 5864 se
497 5809 883 5864 ecclesiasticis
930 5809 1227 5865 ordinibus
1255 5808 1720 5880 mancipaverint.
1754 5809 1824 5862 Et

180 5903 224 5962 si
256 5918 465 5963 uxores
507 5903 829 5973 habuerint,
872 5904 1248 5981 quaerendum
1296 5904 1342 5960 si
1368 5919 1608 5960 uxorem
1643 5902 1818 5977 virgi-

1922 4696 2049 4745 nus,
2078 4677 2472 4743 Praetextatus,
2522 4672 2729 4739 Sixtus,
2757 4670 3204 4737 Quodvultdeus,
3237 4666 3560 4737 Pentadius,

1922 4772 2255 4844 Cyprianus,
2279 4766 2567 4833 Servilius,
2597 4765 2878 4838 Pelagius,
2899 4764 3209 4829 Marcellus,
3231 4760 3561 4830 Venantius,

1923 4866 2217 4937 Dydimus,
2287 4861 2651 4929 Saturninus,
2713 4861 3047 4923 Bazecenus,
3129 4853 3561 4922 Germanianus,

1923 4962 2374 5023 Germamenus,
2431 4953 2763 5021 Juventius,
2830 4950 3155 5021 Majorinus,
3223 4948 3516 5004 Juventius
3550 4974 3563 4999 ν

1920 5053 2237 5120 Candidus,
2302 5048 2658 5122 Cyprianus,
2726 5050 2784 5101 et
2854 5043 3164 5099 Emilianus
3230 5044 3559 5108 Romanus,

1918 5148 2234 5215 Africanus,
2287 5150 2344 5199 et
2384 5142 2760 5210 Marcellinus,
2787 5138 2885 5211 qui
2924 5138 2984 5193 in
3025 5135 3257 5193 consilio
3301 5136 3565 5192 Ecclesiae

1920 5237 2351 5312 Cathaginensis
2381 5236 2667 5292 aﬁ‘uimus.

1993 5338 2137 5392 Cum
2164 5351 2230 5390 ex
2272 5348 2431 5388 more
2468 5330 2539 5385 ad
2566 5327 3076 5400 Carthaginensem
3127 5324 3437 5382 Ecclesiam
3479 5341 3564 5379 so-

1922 5428 2190 5485 lemniter
2232 5426 2579 5491 veniremus,
2625 5427 2795 5495 atque
2823 5439 2894 5477 ex
2943 5419 3179 5476 diversis
3223 5420 3404 5475 causis
3431 5435 3562 5473 con-

1922 5525 2155 5595 gregata
2184 5538 2253 5576 ex
2281 5519 2447 5575 nobis
2487 5517 2738 5589 synodus
2762 5516 3093 5585 haberetur,
3138 5511 3565 5585 compresbyter

1922 5622 2119 5672 noster
2158 5614 2391 5671 Orosius
2431 5610 2593 5667 nobis
2623 5611 2839 5666 litteras
2869 5612 3196 5665 sanctorum
3238 5607 3481 5661 fratrum
3508 5606 3566 5657 et

1921 5709 2390 5767 consacerdotum
2408 5709 2739 5762 nostrorum
2766 5704 2926 5760 dedit
2949 5700 3246 5757 Averothis
3265 5701 3324 5752 et
3349 5696 3559 5764 Lazari,

1921 5822 2162 5879 quarum
2200 5804 2447 5859 formam
2481 5802 2570 5856 his
2599 5798 2992 5856 constituimus
3030 5810 3152 5850 esse
3182 5789 3559 5847 subdendam.

1924 5901 2018 5959 His
2061 5915 2199 5975 ergo
2246 5897 2421 5969 lectis,
2481 5895 2776 5970 Pelagium
2832 5896 2889 5949 et
2931 5886 3253 5947 Caelestinum
3304 5889 3561 5941 auctores
