4034 6330
447 340 550 393 723

1348 341 1627 395 ΑΡΡΕΝΙ).
1668 341 1756 393 AD
1792 340 1954 394 SEC.
1999 338 2084 393 IX.
2108 367 2176 377 —-
2215 338 2463 394 lSlDORl
2501 339 2924 394 MERCATORIS

3718 346 3823 399 ’724

444 447 651 504 nefarii
692 464 924 519 prorsus
975 451 1030 502 et
1086 447 1609 504 anathematizandi
1670 448 1740 502 ab
1801 450 2068 504 omnibus
2088 446 2239 533 Α(ιι
2256 450 2373 505 Cor.
2393 464 2490 515 xu,
2520 450 2680 518 10);»
2707 452 2839 503 etzu
2866 448 3056 503 Gratia
3072 450 3169 504 Dei
3192 466 3318 504 sum
3338 449 3397 505 id
3414 452 3569 523 quod
3591 469 3744 522 sum,
3767 457 3826 508 et

446 543 609 596 nobis
651 543 856 597 erroris
891 542 1255 597 advertimus.
1308 542 1466 597 Unde
1504 544 1716 597 factum
1762 548 1847 598 est
1883 548 1948 599 ut
1998 561 2081 598 re-

444 636 795 692 censendum
828 641 1149 707 peteremus
1169 635 1305 707 quid
1344 639 1475 690 ante
1508 636 1963 709 quinquennium
1993 656 2080 692 su-

445 748 550 801 per
570 730 810 785 Ccelestii
829 730 1061 783 nomine
1076 729 1168 784 hic
1186 730 1338 800 apud
1357 730 1664 784 Ecclesiam
1677 731 2082 803 Carthaginem-

445 823 750 877 scmfuerit
763 824 1132 894 exagitatum.
1165 824 1289 888 Quo
1318 824 1573 893 recitato,
1604 824 1824 880 sicutex
1842 826 2079 880 subditis

444 916 733 971 advertere
772 917 982 988 poterit
1028 917 1294 971 sanctitas
1337 920 1451 984 tua,
1505 917 1765 989 quamvis
1807 918 2080 989 judicatio

446 1010 749 1065 manifesta
775 1013 1057 1065 constaret
1093 1011 1227 1083 quia
1258 1012 1319 1065 in
1354 1011 1451 1066 illo
1480 1014 1732 1082 tempore
1769 1012 2082 1085 episcopali

443 1104 652 1175 judicio
673 1104 922 1159 excisum
950 1106 1061 1160 hoc
1080 1108 1309 1160 tantum
1336 1107 1541 1160 vulnus
1560 1106 1629 1159 ab
1651 1106 1897 1161 Ecclesia
1921 1107 2077 1161 vide-

445 1202 619 1264 retur,
668 1198 1044 1253 nihilominus
1087 1202 1283 1253 tamen
1330 1198 1387 1253 id
1450 1199 1739 1254 communi
1799 1200 2076 1255 delibera-

444 1290 601 1345 tione
642 1293 985 1362 censuimus,
1022 1295 1085 1347 ut
1112 1293 1439 1364 hujusmodi
1479 1293 1855 1364 persuasionis
1884 1298 2077 1349 aucto-

447 1401 558 1451 res,
610 1386 866 1457 quamvis
915 1389 973 1439 et
1015 1386 1086 1440 ad
1137 1386 1554 1458 presbyterium
1587 1387 1742 1441 idem
1793 1388 2082 1442 Caelestius

442 1484 644 1550 postea
718 1480 1045 1551 pervenisse
1109 1480 1346 1548 dicatur,
1434 1481 1542 1535 nisi
1605 1481 1665 1535 hi
1727 1482 2079 1553 apertissime

449 1573 1069 1642 anathematizaverint,
1120 1575 1272 1645 ipsos
1325 1591 1556 1646 quoque
1616 1576 2081 1631 anathematizari

449 1669 714 1737 oportet,
790 1670 856 1721 ut
912 1668 958 1721 si
1018 1668 1275 1739 ipsorum
1337 1685 1454 1723 non
1519 1668 1809 1739 potuerit,
1883 1670 2081 1724 saltem

448 1775 645 1814 eorum
694 1750 792 1831 qui
843 1762 1067 1832 decepti
1118 1765 1251 1816 sunt
1310 1763 1381 1816 ab
1432 1762 1532 1833 eis,
1581 1762 1667 1816 vel
1716 1762 1896 1835 decipi
1950 1779 2076 1833 pos-

2182 541 2362 611 gratia
2395 542 2516 611 ejus
2541 542 2599 596 in
2630 558 2719 596 me
2751 558 2925 596 vacua
2952 559 3071 597 non
3097 543 3222 612 fuit,
3263 544 3362 598 sed
3388 545 3517 615 plus
3548 547 3826 601 omnibus

2178 634 2288 688 illis
2322 634 2584 703 laboravi,
2620 652 2732 689 non
2765 652 2873 706 ego
2903 641 3115 702 autem,
3136 636 3235 692 sed
3262 638 3447 708 gratia
3467 639 3563 694 Dei
3591 657 3826 695 mecum

2182 728 2229 797 (Ι
2245 730 2363 785 Cor.
2393 745 2482 795 xv,
2508 729 2668 797 10);»
2691 731 2776 783 et:
2795 749 2822 778 «
2851 730 3066 784 Gratias
3096 747 3206 801 ago
3226 732 3343 785 Deo
3358 732 3454 802 qui
3483 733 3639 787 dedit
3659 735 3826 789 nobis

2181 820 2475 876 victoriam
2506 839 2611 892 per
2653 823 2964 877 Dominum
2994 829 3256 878 nostrum
3301 826 3495 880 Jesum
3529 826 3826 883 Christum

2185 915 2225 985 (1
2257 918 2377 973 Cor.
2422 932 2512 982 xv,
2562 917 2669 986 57),
2701 934 2729 966 ››
2766 936 2793 967 ‹‹
2824 917 2957 988 quia
2988 917 3180 971 idonei
3215 935 3331 973 non
3360 935 3555 974 sumus
3605 922 3828 992 aliquid

2182 1010 2432 1080 cogitare
2477 1010 2642 1082 quasi
2691 1027 2756 1064 ex
2812 1010 3254 1083 nobismetipsis,
3325 1014 3426 1068 sed
3478 1014 3826 1071 sufﬁcientia

2181 1107 2377 1158 nostra
2404 1120 2474 1158 ex
2513 1104 2627 1157 Deo
2674 1120 2731 1157 se
2774 1104 2848 1173 (II
2875 1106 2994 1161 Cor.
3023 1121 3103 1173 ιιι,
3132 1109 3215 1176 5);
3248 1128 3276 1156 ››
3321 1111 3378 1161 et
3412 1124 3425 1162 :
3476 1128 3505 1157 «
3537 1108 3826 1164 Habemus

2179 1197 2511 1251 thesaurum
2539 1197 2710 1251 istum
2741 1197 2800 1251 in
2827 1197 2971 1252 vasis
2994 1198 3279 1269 ﬁctilibus,
3311 1204 3377 1254 ut
3404 1201 3725 1257 eminentia
3754 1203 3830 1259 sit

2180 1290 2401 1345 virtutis
2421 1291 2519 1344 Dei
2544 1294 2600 1345 et
2626 1307 2745 1345 non
2771 1307 2836 1345 ex
2864 1291 3028 1347 nobis
3058 1293 3132 1357 (ΙΙ
3159 1293 3279 1348 Cor.
3314 1310 3389 1363 Iv,
3419 1295 3495 1366 7),
3519 1317 3547 1345 »
3574 1301 3633 1350 et
3657 1296 3827 1351 innu-

2182 1384 2481 1439 merabilia
2523 1401 2652 1457 quas
2696 1385 2767 1439 de
2815 1385 3121 1457 Scripturis
3150 1386 3419 1443 omnibus
3462 1388 3511 1443 si
3551 1390 3826 1462 colligere

2179 1478 2443 1532 volumus
2472 1482 2657 1533 tomus
2688 1494 2807 1534 non
2832 1479 3063 1535 sufﬁcit.
3098 1481 3167 1535 Et
3189 1497 3456 1537 veremur
3478 1499 3554 1537 ne
3576 1485 3733 1556 apud
3770 1490 3828 1539 te

2179 1577 2442 1642 tempora
2466 1572 2577 1627 ista
2596 1574 3114 1629 commemorando
3144 1591 3273 1646 quae
3292 1576 3517 1647 majore
3543 1578 3737 1648 gratia
3756 1578 3828 1633 de

2180 1665 2311 1719 sede
2350 1666 2661 1737 apostolica
2689 1667 2963 1738 praedicas
3007 1667 3480 1733 inconvenienter
3523 1671 3716 1727 facere
3744 1672 3826 1726 vi-

2182 1759 2439 1827 deamur,
2475 1760 2575 1814 sed
2617 1760 2745 1815 ideo
2779 1760 3039 1830 facimus,
3081 1762 3216 1833 quia
3261 1762 3321 1816 in
3368 1779 3436 1818 eo
3465 1765 3621 1835 quod
3664 1765 3826 1820 inﬁr-

449 1858 600 1920 sunt,
644 1855 872 1925 cognita
900 1856 1181 1911 sententia
1214 1873 1342 1927 quae
1391 1857 1449 1911 in
1477 1873 1574 1912 eos
1599 1856 1712 1911 lata
1740 1862 1842 1927 est,
1877 1839 2159 1911 sanitasB
2182 1851 2393 1907 miores
2434 1870 2629 1908 sumus
2658 1870 3085 1926 quaquaversus
3125 1856 3366 1927 quisque
3402 1861 3668 1913 nostrum
3700 1876 3825 1913 ver-

447 1954 802 2018 procuretur.
862 1950 977 2004 Hoc
1027 1950 1218 2021 itaque
1281 1956 1525 2021 gestum,
1592 1951 1819 2005 domine
1884 1952 2081 2018 frater,

449 2044 657 2097 sanctas
681 2043 939 2098 charitati
985 2046 1096 2099 tuae
1131 2045 1518 2099 intimandum
1551 2045 1835 2112 duximus,
1870 2049 1931 2100 ut
1971 2050 2081 2099 sta-

447 2135 585 2189 tutis
639 2139 847 2191 nostras
894 2138 1301 2194 mediocritatis
1348 2139 1518 2193 etiam
1567 2139 1891 2210 apostolicte
1940 2139 2085 2195 sedis

448 2229 784 2284 adhibeatur
808 2232 1115 2287 auctoritas
1152 2250 1256 2304 pro
1290 2233 1501 2287 tuenda
1525 2233 1701 2287 salute
1746 2233 2082 2303 multorum,

449 2326 507 2377 et
548 2325 928 2394 quorumdam
974 2326 1147 2380 etiam
1197 2327 1565 2396 perversitate
1614 2326 1972 2398 corrigenda.
2024 2327 2085 2381 ld

449 2416 603 2472 enim
631 2421 814 2488 agunt
830 2419 923 2473 isti
943 2420 1367 2475 damnabilibus
1386 2420 1865 2493 disputationibus
1890 2421 2004 2475 suis
2027 2425 2087 2475 ut

446 2527 561 2565 non
603 2511 981 2581 defendendo,
1033 2515 1132 2569 scd
1174 2514 1358 2585 potius
1400 2514 1459 2569 in
1502 2514 1838 2586 sacrilegam
1885 2532 2083 2586 super-

446 2607 598 2661 biam
611 2607 930 2662 extollendo
946 2608 1189 2663 liberum
1202 2609 1500 2664 arbitrium
1517 2610 1739 2664 nullum
1764 2609 2088 2681 relinquant

445 2701 635 2755 locum
680 2702 880 2771 gratiae
932 2702 1029 2756 Dei
1077 2719 1189 2773 qua
1240 2703 1543 2757 Christiani
1585 2684 1798 2758 sumus.
1856 2705 1980 2768 Qua
2031 2707 2089 2757 et

446 2794 698 2865 idipsum
737 2798 946 2849 nostras
976 2796 1279 2851 voluntatis
1324 2796 1624 2852 arbitrium
1672 2813 1800 2851 vere
1829 2796 1894 2851 ﬁt
1940 2797 2084 2853 libe-

447 2904 598 2954 rum,
634 2888 773 2942 dum
801 2905 834 2942 a
871 2890 1189 2944 carnalium
1231 2891 1817 2961 concupiscentiarum
1844 2892 2085 2946 damna-

446 2980 601 3036 tione
624 2981 917 3051 liberatur,
946 2982 1171 3038 dicente
1199 2986 1469 3039 Domino:
1507 3004 1533 3035 ‹‹
1565 2984 1621 3039 Si
1654 3002 1748 3038 vos
1777 2985 1923 3039 ﬁlius
1949 2985 2090 3039 libe-

447 3075 678 3141 raverit,
705 3079 842 3130 tunc
870 3092 1000 3131 vere
1022 3077 1187 3131 liberi
1212 3078 1368 3132 eritis
1388 3080 1564 3149 (Joan.
1592 3095 1708 3147 vm,
1740 3081 1846 3148 36).
1879 3100 1905 3128 »
1928 3079 2089 3143 Quod

447 3169 722 3223 auxilium
768 3170 908 3224 ﬁdes
950 3170 1242 3241 impetrat,
1296 3189 1424 3243 qua:
1462 3177 1546 3227 est
1588 3173 1648 3227 in
1694 3173 1915 3229 Christo
1955 3175 2088 3227 Jesu
2107 3211 2162 3285 C

448 3262 690 3316 Domino
718 3267 932 3319 nostro.
982 3265 1074 3319 Isti
1104 3270 1295 3319 autem
1336 3269 1591 3321 asserunt
1624 3266 1787 3335 (sicut
1824 3284 1858 3320 a
1894 3268 2086 3321 fratri-

445 3356 552 3411 bus
601 3356 700 3427 qui
761 3374 959 3412 eorum
1020 3358 1193 3413 libros
1266 3360 1514 3430 legerint
1578 3362 1963 3431 cognovimus)
2027 3359 2088 3415 in

446 3466 512 3505 eo
570 3451 666 3504 Dei
716 3451 954 3521 gratiam
1002 3454 1334 3524 putandam,
1390 3455 1543 3526 quod
1604 3456 1777 3509 talem
1836 3455 2121 3526 hominis.

444 3543 689 3598 instituit
738 3547 1058 3618 creavitque
1110 3552 1391 3615 naturam,
1451 3566 1579 3619 quae
1638 3566 1738 3620 per
1796 3549 2089 3619 propriam

448 3636 497 3709 1
514 3636 640 3711 78
667 3639 1013 3695 voluntatem
1037 3641 1227 3711 legem
1260 3641 1360 3695 Dei
1388 3642 1563 3713 possit
1588 3642 1825 3714 implere
1850 3642 1965 3697 sive
1993 3659 2089 3696 na-

445 3733 701 3786 turaliter
736 3733 794 3787 in
819 3735 987 3788 corde
1040 3734 1434 3805 conscriptam,
1479 3736 1594 3790 sive
1628 3737 1685 3789 in
1737 3736 1935 3791 litteris
1986 3737 2085 3791 da-

445 3831 589 3891 tam,
619 3827 879 3880 eamdem
913 3844 1144 3898 quoque
1174 3830 1367 3897 legem
1411 3830 1480 3883 ad
1510 3830 1751 3899 gratiam
1778 3831 2084 3899 pertinere,

446 3918 596 3988 quod
643 3918 799 3972 illam
843 3921 992 3974 Deus
1035 3921 1093 3974 in
1141 3921 1492 3991 adjutorium
1538 3922 1869 3977 hominibus
1912 3924 2085 3978 dedit.

447 4010 609 4063 Illam
633 4026 766 4064 vero
798 4012 1042 4081 gratiam
1063 4030 1193 4084 qua,
1224 4018 1290 4067 ut
1312 4014 1529 4067 dictum
1551 4017 1652 4083 est,
1681 4015 1981 4071 Christiani
2001 4034 2088 4071 su-

444 4119 591 4170 mus,
619 4104 780 4174 cujus
806 4107 1107 4175 Apostolus
1136 4106 1474 4177 praedicator
1495 4110 1597 4174 est,
1639 4107 1864 4163 dicens:
1895 4132 1923 4159 «
1943 4111 2086 4164 Con-

446 4196 692 4251 delector
722 4198 877 4251 enim
907 4200 1022 4270 legi
1066 4200 1165 4255 Dei
1199 4201 1514 4254 secundum
1539 4201 1871 4256 interiorem
1900 4203 2086 4257 homi-

445 4306 622 4356 nem;
663 4291 825 4346 video
852 4297 1043 4348 autem
1074 4294 1243 4349 aliam
1288 4295 1473 4365 legem
1499 4295 1558 4349 in
1603 4296 1873 4351 membris
1923 4297 2084 4365 meis,

444 4390 865 4456 repugnantem
910 4388 1024 4457 legi
1053 4389 1259 4442 mentis
1286 4405 1449 4458 meae,
1494 4393 1549 4444 et
1583 4391 1965 4461 captivantem
1992 4408 2086 4445 me

446 4480 503 4532 in
543 4479 669 4550 lege
696 4481 937 4550 peccati,
995 4498 1123 4553 quae
1165 4486 1246 4536 est
1271 4482 1327 4537 in
1368 4484 1637 4538 membris
1675 4484 1853 4539 meis:
1913 4485 2088 4540 miser

2181 1947 2318 2001 bum
2347 1947 2444 2001 Dei
2474 1948 2837 2018 prmdicando
2862 1951 3095 2019 putatur
3122 1949 3412 2021 attentior,
3444 1952 3701 2007 crebrius
3733 1969 3831 2008 eos

2185 2040 2436 2111 patimur
2472 2040 2532 2094 in
2559 2058 2663 2095 nos
2687 2040 2959 2097 audacius
2997 2040 3403 2116 insurgentes.[
3419 2044 3475 2099 Si
3499 2061 3639 2116 ergo
3670 2047 3826 2101 Pela-

2187 2133 2310 2204 gius
2336 2134 2752 2205 episcopalibus
2785 2136 2957 2206 gestis
2980 2152 3108 2208 quze
3134 2136 3193 2190 in
3216 2133 3435 2193 oriente
3455 2140 3714 2194 confecta
3739 2139 3828 2194 di-

2185 2232 2391 2282 cuntur
2421 2228 2614 2283 omnia
2638 2234 2751 2284 tuae
2782 2230 3146 2285 venerationi
3166 2230 3321 2301 juste
3344 2232 3493 2287 visus
3525 2233 3700 2288 fuerit
3723 2234 3829 2287 ab-

2186 2320 2421 2389 solutus,
2473 2338 2635 2377 error
2681 2327 2874 2378 tamen
2928 2323 3048 2395 ipse
3093 2329 3151 2380 et
3199 2325 3467 2397 impietas
3522 2343 3651 2398 quas
3701 2328 3831 2398 jam

2184 2416 2390 2469 multos
2405 2418 2715 2471 assertores
2730 2416 2943 2472 habent
2956 2434 3064 2488 per
3077 2418 3295 2473 diversa
3319 2418 3627 2491 dispersos,
3651 2420 3832 2475 etiam

2186 2509 2510 2579 apostolicae
2557 2510 2705 2564 sedis
2755 2511 3084 2566 auctoritate
3144 2513 3677 2569 anathematizanda
3721 2520 3830 2570 est.

2184 2603 2517 2658 Consideret
2542 2603 2697 2658 enim
2726 2605 2991 2659 sanctitas
3018 2608 3137 2673 tua,
3170 2610 3226 2661 et
3252 2608 3637 2677 pastoralibus
3662 2608 3833 2663 nobis

2186 2697 2571 2767 compatiatur
2614 2698 2946 2768 visceribus,
3007 2716 3180 2770 quam
3231 2700 3302 2754 sit
3364 2701 3701 2771 pestiferum
3772 2706 3835 2757 et

2187 2785 2410 2840 exitiale
2451 2785 2649 2841 ovibus
2682 2787 2891 2842 Christi
2921 2789 3073 2860 quod
3098 2789 3340 2844 istorum
3375 2790 3674 2861 sacrilegas
3713 2791 3829 2846 dis-

2186 2880 2507 2951 putationes
2540 2881 2858 2935 necessario
2884 2883 3158 2954 sequitur,
3196 2887 3257 2937 ut
3296 2900 3404 2937 nec
3430 2900 3591 2939 orare
3621 2885 3830 2940 debea-

2186 2990 2332 3041 mus,
2360 2990 2435 3028 ne
2452 2973 2730 3029 intremus
2745 2975 2804 3028 in
2820 2978 3213 3045 tentationem,
3241 2978 3395 3049 quod
3412 2978 3694 3033 Dominus
3721 2979 3835 3034 dis-

2186 3067 2404 3138 cipulos
2451 3067 2696 3136 monuit,
2734 3071 2790 3123 et
2842 3069 3031 3138 posuit
3074 3070 3134 3123 in
3181 3071 3437 3127 oratione
3490 3073 3703 3142 (Matth.
3751 3090 3831 3142 γι,

2192 3161 2274 3232 l3)
2308 3178 2483 3232 quam
2514 3162 2726 3229 docuit,
2759 3166 2820 3217 ut
2844 3179 2961 3217 non
2994 3163 3223 3219 deﬁciat
3260 3165 3399 3220 fides
3424 3171 3640 3235 nostra,
3675 3168 3834 3239 quod

2187 3272 2292 3325 pro
2322 3255 2573 3327 apostolo
2601 3257 2766 3311 Petro
2795 3273 2854 3310 se
2884 3272 3119 3327 rogasse
3140 3258 3262 3329 ipse
3300 3264 3532 3315 testatus
3559 3265 3646 3316 est
3674 3260 3829 3332 (Luc.

2187 3366 2321 3418 χχιι,
2367 3350 2564 3448 32).\Si
2610 3350 2764 3405 enim
2806 3350 3181 3422 possibilitate
3231 3355 3469 3422 naturae,
3500 3356 3557 3409 et
3588 3354 3832 3410 arbitrio

2186 3443 2506 3498 voluntatis
2542 3444 2600 3497 in
2640 3447 2922 3515 potestate
2973 3448 3108 3500 sunt
3160 3447 3481 3515 constituta,
3535 3448 3666 3520 quis
3714 3466 3831 3503 non

2190 3553 2257 3592 ea
2286 3536 2475 3593 videat
2493 3537 2742 3594 inaniter
2768 3556 2803 3594 a
2837 3540 3081 3595 Domino
3109 3540 3250 3612 peti,
3284 3543 3342 3596 et
3369 3540 3652 3597 fallaciter
3680 3542 3833 3597 orari

2189 3647 2319 3684 cum
2346 3632 2562 3687 orando
2593 3637 2908 3703 poscuntur
2927 3651 3057 3706 qua
3083 3638 3303 3689 naturae
3320 3634 3443 3706 jam
3472 3635 3554 3690 ita
3583 3638 3833 3693 condita:

2188 3725 2597 3781 sufficientibus
2626 3727 2839 3782 viribus
2861 3729 3209 3798 obtinentur,
3231 3745 3339 3784 nec
3357 3730 3618 3785 debuisse
3638 3730 3832 3787 dicere

2189 3819 2498 3875 Dominum
2570 3822 2762 3876 Jesum
2814 3822 3142 3878 Christum:
3198 3844 3226 3873 ‹‹
3272 3823 3510 3895 Vigilate
3559 3829 3618 3879 et
3672 3830 3831 3880 orate

2190 3916 2380 3985 (Marc.
2428 3931 2537 3981 xw,
2571 3916 2679 3985 38),
2710 3935 2737 3966 »
2777 3916 2872 3971 sed
2911 3917 3315 3972 tantummodo
3352 3936 3366 3972 :
3404 3936 3433 3970 «
3465 3917 3728 3989 Vigilate,
3767 3925 3834 3974 ut

2189 4024 2306 4062 non
2326 4007 2550 4063 intretis
2578 4008 2639 4062 in
2672 4009 3082 4076 tentationem;
3112 4032 3139 4061 »
3172 4027 3276 4066 nec
3301 4010 3629 4067 beatissimo
3660 4014 3829 4068 Petro

2186 4101 2372 4173 primo
2397 4104 2790 4172 apostolorum
2824 4120 2836 4159 :
2870 4125 2897 4153 «
2924 4105 3139 4175 Rogavi
3170 4121 3271 4175 pro
3299 4108 3383 4175 te;
3408 4124 3436 4157 »
3466 4106 3583 4176 sed,
3614 4123 3829 4162 moneo

2189 4200 2264 4263 te,
2306 4196 2394 4250 vel
2440 4196 2663 4267 impero
2710 4214 2775 4252 ac
2825 4198 3100 4269 percipio,
3148 4215 3219 4253 ne
3257 4199 3480 4255 deﬁciat
3521 4199 3665 4255 ﬁdes
3711 4207 3828 4257 tua.

2186 4290 2604 4345 Contradicitur
2643 4292 2798 4345 enim
2843 4292 3081 4347 istorum
3111 4292 3536 4364 contemptione
3580 4294 3829 4351 benedi~

2189 4383 2469 4439 ctionibus
2525 4384 2751 4454 nostris,
2810 4390 2876 4440 ut
2911 4386 3199 4441 incassum
3227 4403 3401 4459 supra
3440 4388 3720 4460 populum
3752 4390 3833 4444 di-

2189 4493 2315 4532 cere
2353 4478 2666 4549 videamur,
2714 4480 2991 4552 quidquid
3024 4480 3104 4535 eis
3142 4497 3176 4535 a
3206 4481 3447 4537 Domino
3497 4499 3827 4553 precamur,

446 4590 554 4644 ego
607 4573 807 4640 homo,
851 4574 975 4644 quis
1030 4591 1122 4630 me
1174 4576 1432 4631 liberavit,
1475 4578 1545 4631 de
1599 4595 1831 4649 corpore
1885 4574 2251 4656 mortisDut
2278 4576 2427 4627 recte
2454 4590 2518 4627 ac
2561 4572 2650 4643 pie
2687 4573 2927 4628 vivendo
2980 4573 3059 4629 illi
3098 4575 3386 4646 placeant,
3445 4577 3530 4629 vel
3561 4576 3662 4631 illa
3698 4595 3832 4649 qua;

447 4666 617 4737 hujus
643 4666 670 4721 ?
719 4668 903 4738 gratia
944 4668 1038 4723 Dei
1081 4686 1185 4740 per
1221 4672 1408 4725 Jesum
1452 4672 1737 4726 Christum
1782 4672 2089 4726 Dominum

448 4764 703 4814 nostrum
757 4762 924 4828 (Rom.
970 4779 1067 4829 vn,
1123 4764 1334 4835 22—25),
1388 4765 1592 4819 nolunt
1632 4782 1830 4819 omnes
1873 4783 2087 4837 cogno-

446 4869 600 4907 scere
617 4854 870 4921 omnino,
892 4872 997 4910 nec
1027 4860 1219 4927 aperte
1237 4858 1471 4928 quidem
1491 4875 1826 4930 oppugnare
1855 4860 2084 4914 audent.

447 4946 550 5000 Sed
597 4947 733 5018 quid
761 4948 918 5003 aliud
964 4955 1145 5020 agunt
1194 4968 1324 5005 cum
1377 4951 1704 5006 hominibus
1748 4953 2088 5007 animalibus

448 5055 561 5093 non
608 5041 1051 5112 percipientibus
1088 5062 1215 5116 quae
1258 5051 1393 5101 sunt
1434 5045 1675 5116 Spiritus
1701 5046 1817 5115 Dei,
1849 5062 2085 5117 persua-

448 5134 585 5187 dere
619 5150 734 5188 non
757 5142 979 5193 cessant
998 5140 1068 5195 ad
1092 5141 1441 5210 operandam
1466 5138 1985 5211 perﬁciendamque
1999 5141 2090 5212 ju-

447 5226 660 5281 stitiam
691 5232 748 5283 et
787 5231 890 5285 Dei
928 5233 1201 5288 mandata
1233 5233 1573 5304 complenda
1618 5233 1802 5287 solam
1847 5233 1951 5288 sibi
1986 5235 2089 5289 hu-

447 5337 676 5375 manam
690 5324 948 5379 sufﬁcere
962 5343 1125 5396 posse
1139 5331 1401 5381 naturam
1413 5342 1548 5394 ,non
1565 5325 1921 5382 attendentes
1935 5328 2089 5399 quod

444 5414 719 5485 scriptum
736 5422 847 5471 est:
871 5437 899 5469 «
926 5418 1166 5490 Spiritus
1181 5420 1409 5491 adjuvat
1422 5421 1814 5476 inﬁrmitatem
1835 5428 2088 5478 nostram

444 5509 615 5580 (Rom.
654 5526 770 5580 VIII,
803 5511 922 5582 25);
958 5533 985 5562 »
1014 5516 1106 5567 et:
1140 5534 1167 5563 ‹‹
1198 5515 1321 5569 Non
1358 5516 1599 5572 volentis
1627 5532 1814 5587 neque
1852 5533 2084 5571 curren-

442 5602 533 5673 tis,
558 5604 656 5659 sed
683 5604 1002 5661 miserentis
1030 5610 1116 5661 est
1144 5608 1237 5663 Dei
1269 5610 1447 5681 gratia
1476 5610 1643 5681 (Rom.
1680 5626 1754 5679 IX,
1788 5610 1905 5681 16);
1933 5630 1961 5663 ››
1996 5617 2084 5666 et:

446 5716 473 5744 «
504 5698 666 5761 Quod
692 5716 874 5755 unum
902 5717 1106 5773 corpus
1134 5719 1328 5758 sumus
1358 5704 1416 5757 in
1444 5704 1664 5759 Christo
1690 5706 1843 5771 Jesu,
1870 5704 2089 5775 singuli

444 5793 542 5843 aut
566 5792 710 5846 alter
736 5795 964 5850 alterius
1005 5797 1269 5851 membra
1307 5796 1580 5852 habentes
1610 5801 1774 5868 (Rom.
1815 5815 1916 5865 ιιι,
1958 5800 2029 5861 5).
2055 5819 2082 5848 ››

450 5901 478 5934 α
512 5883 664 5940 Dona
687 5886 904 5945 diversa
917 5892 1233 5948 secundum
1263 5891 1505 5964 gratiam
1526 5908 1654 5964 quas
1676 5892 1814 5947 data
1830 5897 1914 5947 est
1927 5890 2089 5946 nobis

2188 4682 2290 4736 pro
2329 4665 2585 4720 ﬁdelibus
2632 4673 2901 4737 precatur
2952 4669 3273 4739 Apostolus,
3305 4669 3532 4725 dicens:
3577 4693 3603 4720 ‹‹
3639 4672 3830 4728 Flecto

2190 4775 2381 4829 genua
2411 4777 2538 4815 mea
2586 4761 2656 4816 ad
2685 4762 2911 4817 Patrem
2952 4762 3181 4818 Domini
3212 4763 3388 4818 nostri
3427 4766 3562 4819 Jesu
3593 4766 3827 4836 Christi,

2190 4871 2261 4908 ex
2302 4870 2414 4925 quo
2456 4855 2643 4909 omnis
2672 4856 2988 4927 paternitas
3017 4856 3076 4911 in
3106 4857 3245 4912 coelo
3274 4861 3331 4912 et
3358 4857 3418 4912 in
3444 4856 3597 4913 terra
3630 4861 3825 4915 nomi-

2188 4953 2379 5016 natur,
2433 4954 2493 5004 ut
2537 4949 2632 5005 det
2665 4949 2828 5004 nobis
2871 4949 3179 5005 secundum
3211 4950 3432 5007 divitias
3459 4953 3660 5023 gloriae
3710 4970 3827 5009 sum

2187 5043 2383 5097 virtuti
2424 5042 2786 5098 corroborari
2828 5060 2932 5115 per
2983 5045 3259 5116 Spiritum
3302 5046 3424 5117 ejus
3484 5047 3700 5118 (Ephes.
3741 5065 3823 5117 ιιι,

2192 5138 2387 5201 14-16).
2418 5160 2445 5187 ››
2475 5137 2533 5193 Si
2561 5154 2698 5209 ergo
2726 5138 3076 5192 voluerimus
3099 5138 3488 5195 benedicendo
3517 5157 3696 5213 super
3717 5159 3823 5214 po-

2188 5232 2388 5301 pulum
2414 5231 2602 5286 dicere
2627 5248 2640 5287 :
2667 5233 2745 5286 Da
2763 5231 2845 5286 illi
2874 5231 3163 5300 virtutem,
3183 5234 3446 5303 Domine,
3463 5236 3827 5292 corroborari

2190 5341 2291 5395 per
2310 5325 2582 5396 Spiritum
2602 5328 2786 5393 tuum,
2820 5325 3060 5380 istorum
3087 5326 3250 5382 nobis
3265 5327 3568 5399 disputatio
3591 5335 3825 5385 contra-

2189 5419 2341 5486 dicit,
2395 5420 2687 5474 afﬁrmans
2732 5419 2975 5474 liberum
3020 5420 3237 5492 negari.
3267 5420 3591 5490 arbitrium,
3640 5424 3689 5478 si
3718 5425 3827 5479 hoc

2190 5531 2223 5568 a
2251 5514 2367 5568 Deo
2384 5514 2653 5585 poscitur,
2682 5514 2833 5584 quod
2856 5514 2916 5568 in
2946 5520 3144 5570 nostra
3166 5518 3442 5586 potestate
3473 5520 3578 5585 est,
3610 5518 3823 5573 virtute

2188 5608 2337 5663 enim
2369 5607 2724 5661 corroborari
2763 5608 2807 5661 si
2836 5609 3115 5676 volumus,
3159 5609 3451 5680 inquiunt,
3497 5627 3823 5681 possumus,

2189 5718 2258 5756 ea
2278 5700 2643 5772 possibilitate
2658 5704 2895 5771 naturae,
2913 5720 3026 5757 non
3040 5702 3461 5771 misericordiae,
3475 5721 3648 5775 quam
3675 5724 3827 5761 nunc

2186 5795 2511 5866 accipimus,
2557 5794 2659 5850 sed
2693 5812 2887 5867 quam,
2921 5812 3047 5852 cum
3083 5813 3429 5866 crearemur,
3472 5799 3823 5871 accepimus.

2186 5889 2452 5946 Parvulos
2479 5890 2652 5946 etiam
2679 5895 2914 5965 propter
2937 5890 3178 5948 salutem
3201 5907 3327 5965 quae
3355 5908 3458 5967 per
3476 5892 3825 5953 Salvatorem
