4034 6310
176 334 286 388 725

1418 337 1888 394 DECRETALIUM
1923 337 2311 395 COLLECTIO.

3445 340 3546 393 726

176 443 471 500 Christum
500 445 670 500 datur
697 446 1062 517 baptizandos
1088 451 1322 518 negant,
1356 464 1421 503 ac
1445 446 1491 502 si
1519 465 1617 502 eos
1654 465 1813 504 mors
1831 460 1891 533 Α
1911 448 2068 504 tiatio
2083 450 2430 515 ﬁrmaretur,
2455 448 2702 519 indeque
2725 448 3018 501 sumerent
3036 447 3255 500 caeteras
3275 446 3534 502 Ecclesiae

179 537 353 592 tifera
399 538 659 593 doctrina
702 540 763 594 in
805 543 1086 595 aeternum
1142 545 1364 610 necant,
1418 541 1817 612 promittentes
1915 545 2072 598 velut
2099 544 2168 599 de
2189 543 2362 598 natali
2388 559 2489 597 suo
2528 544 2682 597 fonte
2710 557 2875 612 aqua:
2901 542 3121 594 cunctas
3146 540 3540 611 procederent,

181 631 357 687 etiam
384 632 432 687 si
456 649 572 687 non
592 633 973 705 baptizantur,
1001 634 1297 691 habituros
1317 636 1492 691 vitam
1521 639 1814 707 aeternam,

180 743 288 780 nec
315 726 607 798 pertinere
634 728 706 782 ad
736 744 833 783 eos
863 727 933 783 de
960 729 1166 801 quibus
1194 729 1470 785 Dominus
1501 730 1581 786 ait
1610 748 1623 786 :
1659 753 1686 781 ‹‹
1710 733 1817 787 Ve-

176 819 263 874 nit
288 820 445 875 enim
471 820 621 875 ﬁlius
651 821 899 877 hominis
935 839 1193 895 quaerere
1228 827 1284 880 et
1304 825 1518 879 salvare
1549 825 1700 897 quod
1727 842 1821 896 pe-

173 914 352 969 rierat
383 914 601 985 (Matth.
639 932 792 986 xvm,
826 918 932 985 Η).
969 937 996 970 »
1031 918 1191 987 Quia,
1236 918 1504 990 inquiunt
1546 918 1658 989 isti,
1704 935 1820 974 non

176 1006 496 1079 perierant,
538 1024 644 1063 nec
685 1012 770 1064 est
810 1009 964 1081 quod
1007 1010 1067 1065 in
1112 1010 1192 1065 eis
1230 1012 1499 1080 salvetur,
1540 1013 1628 1067 vel
1660 1016 1821 1067 tanto

178 1101 369 1173 pretio
412 1101 789 1172 redimantur,
836 1103 971 1175 quia
1017 1104 1161 1159 nihil
1209 1111 1291 1160 est
1333 1105 1392 1160 in
1440 1106 1521 1160 eis
1560 1105 1819 1161 vitiatum

177 1195 268 1249 vel
299 1198 524 1251 tenetur
542 1196 645 1251 sub
678 1196 893 1251 diaboli
925 1202 1202 1269 potestate
1232 1199 1539 1270 captivum,
1584 1216 1689 1254 nec
1717 1216 1820 1271 pro

182 1289 263 1343 eis
294 1288 451 1345 fusus
502 1307 623 1345 esse
652 1290 882 1363 sanguis
911 1291 972 1347 in
1002 1291 1402 1347 remissionem
1438 1294 1653 1365 legitur
1689 1310 1819 1365 pec-

186 1385 469 1438 catorum.
499 1384 833 1457 Quanquam
874 1402 979 1457 per
1018 1386 1367 1458 baptismum
1409 1388 1617 1444 Christi
1647 1387 1821 1442 etiam

185 1476 555 1548 parvulorum
585 1477 774 1534 dicant
799 1479 923 1534 ﬁeri
950 1480 1429 1552 redemptionem.
1448 1480 1662 1536 Libello
1684 1498 1819 1537 vero

185 1587 289 1625 suo
320 1571 610 1628 Caelestius
636 1571 696 1627 in
725 1572 1161 1646 Carthaginensi
1182 1575 1429 1630 Ecclesia
1450 1575 1575 1646 jam
1604 1575 1823 1630 confes-

186 1681 281 1718 sus
319 1667 422 1719 est.
466 1664 579 1720 Sed
615 1666 781 1721 multi
820 1683 1022 1722 eorum
1053 1668 1152 1739 qui
1176 1668 1552 1739 perhibentur
1582 1686 1702 1724 esse
1732 1670 1821 1723 vel

186 1758 359 1813 fuisse
385 1759 667 1830 discipuli,
699 1761 819 1815 haec
847 1762 999 1816 mala
1029 1761 1234 1833 quibus
1260 1763 1632 1818 fundamenta
1656 1763 1818 1818 Chri-

188 1852 391 1907 stianas
420 1852 553 1907 ﬁdei
592 1858 869 1908 conantur
903 1859 1177 1925 evertere,
1216 1873 1552 1928 quacunque
1585 1837 1897 1928 possuntB

188 1945 398 2001 astutia
430 1947 717 2004 afﬁrmare
760 1965 877 2003 non
913 1953 1151 2018 cessant,
1191 1950 1341 2005 unde
1377 1951 1553 2005 etiam
1592 1950 1637 2004 si
1664 1950 1820 2005 Pela-

192 2040 321 2110 gius
367 2041 769 2114 Caelestiusque
811 2042 1051 2098 correcti
1089 2047 1238 2111 sunt,
1278 2045 1366 2099 vel
1394 2044 1503 2109 ista
1527 2061 1824 2116 nunquam

191 2134 434 2189 sensisse
479 2152 537 2190 se
573 2136 787 2205 dicunt,
821 2141 878 2191 et
915 2138 1241 2209 quicunque
1268 2138 1476 2210 scripta
1505 2141 1702 2194 contra
1733 2155 1825 2193 eos

194 2229 420 2298 prolata
466 2229 700 2299 fuerint,
729 2247 826 2285 sua
861 2246 981 2286 esse
1025 2231 1337 2302 negabunt,
1372 2248 1475 2287 nec
1512 2235 1597 2287 est
1630 2248 1827 2304 quem-

195 2321 508 2377 admodum
555 2323 626 2377 de
664 2324 960 2379 mendacio
996 2325 1428 2380 convincantur.
1478 2324 1828 2381 Generaliter

192 2419 390 2470 tamen
428 2415 753 2489 quicunque
782 2418 1123 2489 dogmatizat
1151 2421 1208 2473 et
1235 2419 1487 2473 afﬁrmat
1511 2420 1827 2474 humanam

195 2508 301 2563 sibi
334 2509 409 2563 ad
446 2511 724 2566 vincenda
762 2515 988 2583 peccata
1028 2516 1085 2567 et
1111 2512 1207 2567 Dei
1252 2513 1523 2568 mandata
1564 2512 1828 2568 facienda

195 2603 454 2659 sufﬁcere
479 2622 641 2676 posse
665 2609 951 2675 naturam,
984 2611 1041 2662 et
1060 2624 1124 2661 eo
1154 2607 1325 2662 modo
1348 2607 1546 2679 gratiae
1573 2607 1669 2663 Dei
1695 2623 1825 2678 quae

198 2702 531 2752 sanctorum
559 2698 873 2754 evidentius
900 2700 1247 2755 orationibus
1285 2701 1602 2755 declaratur
1635 2701 1831 2755 adver-

199 2790 378 2846 sarius
406 2791 715 2860 invenitur,
760 2798 816 2848 et
850 2793 1179 2866 quicunque
1219 2799 1394 2865 negat
1430 2795 1692 2866 parvulos
1725 2811 1830 2866 per

196 2885 548 2956 baptismum
581 2886 785 2941 Christi
815 2903 849 2941 a
877 2887 1196 2959 perditione
1237 2887 1466 2943 liberari
1498 2892 1554 2943 et
1588 2889 1829 2943 salutem

196 2978 493 3051 percipere
526 2981 949 3052 sempiternam,
984 2983 1296 3038 anathema
1330 2982 1421 3037 sit.
1464 2982 1829 3054 Quaecunque

194 3077 390 3128 autem
436 3073 547 3128 alio
591 3074 672 3129 eis
713 3074 1069 3147 objiciantur,
1108 3093 1227 3131 non
1270 3076 1466 3132 dubito
1506 3076 1828 3132 veneratio-

195 3183 333 3221 nem
402 3171 595 3237 tuam,
660 3185 791 3224 cum
856 3173 1017 3241 gesta
1078 3170 1420 3242 episcopalia
1478 3170 1833 3243 perspexerit

196 3277 326 3332 quae
376 3261 437 3315 in
480 3262 695 3317 oriente
744 3263 941 3318 eadem
1000 3281 1167 3319 causa
1215 3266 1471 3320 confecta
1541 3265 1827 3335 dicuntur,

199 3353 610 3423 indicaturam,
678 3357 827 3412 unde
884 3374 1085 3413 omnes
1142 3358 1203 3413 in
1270 3359 1372 3413 Dei
1441 3358 1833 3413 misericordia

201 3449 571 3519 gaudeamus.
643 3451 755 3506 Ora
816 3468 919 3523 pro
986 3452 1169 3521 nobis,
1224 3452 1455 3507 domine
1505 3452 1831 3509 beatissime

202 3534 429 3650 papa.’

236 3661 570 3731 Rescriptum
602 3665 904 3719 Innocentii
942 3679 1106 3748 papa
1139 3662 1217 3718 ad
1245 3664 1531 3719 concilium
1571 3664 1797 3722 Cartha-

900 3750 1136 3804 gmense.

274 3829 636 3885 INNOCENTIUS
667 3831 926 3898 AURELIO,
978 3834 1035 3884 et
1071 3829 1335 3885 omnibus
1369 3829 1576 3885 sanctis
1616 3830 1829 3902 episco-

202 3921 311 3993 pis,
346 3926 404 3976 et
432 3922 668 3990 czeteris,
699 3923 798 3995 qui
828 3923 885 3977 in
917 3922 1150 3978 concilio
1188 3924 1623 3993 Carthaginensi
1652 3924 1829 3979 affue-

202 4020 359 4085 runt,
407 4015 668 4071 Ecclesiae
723 4016 1100 4072 dilectissimis
1142 4018 1432 4087 fratribus,
1481 4018 1541 4073 in
1592 4019 1834 4074 Domino

204 4110 469 4165 salutem.

277 4203 622 4276 Inquirendo
653 4204 721 4260 de
750 4205 835 4259 his
860 4205 1026 4260 rebus
1050 4222 1192 4278 quas
1218 4207 1374 4261 omni
1402 4223 1532 4261 cum
1560 4208 1833 4263 sollicitu-

203 4298 335 4353 dine
367 4298 529 4353 decet
553 4315 587 4353 a
609 4299 1025 4369 sacerdotibus,
1075 4301 1321 4356 maxime
1349 4319 1381 4356 a
1408 4319 1539 4356 vero
1562 4303 1834 4373 justoque

206 4398 263 4447 et
311 4393 590 4448 catholico
638 4394 870 4449 tractari
907 4394 1177 4462 concilio,
1234 4396 1487 4467 antiquae
1513 4396 1836 4450 traditionis

204 4488 470 4558 exempla
513 4490 820 4556 servantes,
873 4491 931 4543 et
972 4489 1361 4545 ecclesiastica!
1414 4506 1702 4545 memores
1756 4490 1836 4545 di-

1919 640 1978 693 et
2017 655 2121 709 per
2161 638 2405 692 diversas
2444 637 2617 691 totius
2651 634 2852 689 mundi
2881 634 3145 705 regiones
3182 634 3313 705 puri
3349 634 3549 705 capitis

1916 733 2262 803 incorrupta-2
2286 735 2607 799 manarent,
2626 729 2764 800 quid
2786 728 3116 801 praecipere,
3134 743 3277 799 quos
3296 727 3547 798 abluere,

1918 843 2062 898 quos
2090 826 2263 881 veluti
2287 825 2349 879 in
2376 841 2536 879 emno
2558 822 2960 878 immundabili
2982 821 3294 876 sordidatos
3317 821 3550 876 mundis

1920 920 2093 991 digna
2117 919 2449 991 corporibus
2477 918 2631 973 unda
2649 918 2873 972 vitaret.
2908 915 3172 970 Gratulor
3190 914 3387 986 igitur,
3421 915 3554 970 cha-

1918 1014 2128 1069 rissimi
2151 1015 2373 1080 fratres,
2400 1013 2553 1085 quod
2568 1028 2670 1084 per
2686 1013 2927 1067 fratrem
2947 1014 3004 1065 et
3023 1008 3424 1082 coepiscopum
3453 1025 3549 1063 no-

1918 1113 2100 1164 strum
2124 1108 2335 1163 Iulium
2367 1107 2579 1163 litteras
2608 1106 2677 1160 ad
2705 1122 2811 1160 nos
2838 1104 3153 1173 destinatis,
3198 1106 3255 1157 et
3281 1119 3413 1156 cum
3444 1118 3549 1174 pro

1919 1202 2071 1257 illius
2101 1218 2298 1257 curam
2329 1200 2522 1273 geritis
2553 1200 2758 1271 quibus
2786 1198 3094 1270 providetis
3122 1196 3399 1265 Ecclesiis,
3431 1196 3545 1250 sol-

1918 1296 2273 1352 licitudinem
2297 1300 2545 1350 vestram
2571 1311 2672 1365 pro
2700 1293 2959 1348 omnium
2990 1291 3230 1345 utilitate
3258 1293 3545 1345 monstra-

1919 1391 2031 1462 tis;
2065 1394 2122 1445 et
2143 1390 2260 1461 {per
2302 1392 2532 1445 cunctas
2567 1389 2735 1443 totius
2779 1385 2930 1441 orbis
2969 1385 3246 1440 Ecclesias
3285 1383 3551 1439 omnibus

1922 1501 2038 1539 una
2068 1484 2227 1556 quod
2266 1482 2447 1555 prosit
2485 1480 2915 1537 decernendum
2960 1496 3081 1535 esse
3124 1477 3445 1550 deposcitis,
3490 1480 3553 1531 ut

1920 1578 2032 1633 suis
2055 1550 2423 1633 constabilitas
2452 1575 2666 1647 regulis
2699 1573 2981 1641 Ecclesiae,
3008 1590 3076 1627 ex
3103 1573 3214 1627 hoc
3246 1570 3399 1643 quod
3425 1570 3549 1624 illos
3575 1550 3598 1645 ί

1921 1676 2129 1740 caveat,
2176 1669 2655 1743 pronuntiationis
2704 1669 2856 1740 juste
2895 1667 3120 1721 ﬁrmata
3177 1663 3553 1721 decretalibus

1921 1770 2111 1838 petere
2141 1782 2254 1821 non
2294 1764 2493 1836 possit,
2535 1763 2632 1835 qui
2667 1761 2948 1834 perversis
2985 1758 3267 1826 instructi,
3305 1758 3420 1813 imo
3451 1757 3549 1812 de-

1921 1860 2118 1915 structi
2159 1859 2463 1913 verborum
2518 1856 2759 1929 argutiis
2802 1855 2905 1910 sub
2959 1854 3214 1926 imagine
3263 1850 3552 1907 catholicas

1923 1954 2057 2008 ﬁdei
2086 1953 2460 2025 disputantes,
2489 1951 2642 2006 velut
2665 1950 3000 2022 pestiferum
3027 1948 3351 2003 exhalantes
3375 1945 3551 2015 virus,

1923 2051 1979 2102 et
2003 2052 2068 2102 ut
2092 2047 2392 2101 hominum
2410 2049 2562 2100 recte
2588 2043 2962 2099 sentientium
2980 2042 3039 2097 in
3057 2041 3403 2096 deteriorem
3425 2055 3556 2110 par-

1924 2145 2041 2197 tem
2070 2141 2243 2196 corda
2284 2141 2671 2210 corrumpant,
2707 2144 2884 2193 totam
2919 2136 3037 2192 veri
3075 2133 3359 2205 dogmatis
3394 2148 3551 2204 qua:-

1924 2241 2059 2292 runt
2089 2241 2342 2291 evertere
2372 2233 2748 2305 disciplinam.
2778 2231 3101 2288 Sanandum
3122 2246 3259 2299 ergo
3289 2228 3549 2296 celerius,

1926 2347 1997 2384 ne
2025 2330 2254 2401 longius
2280 2328 2661 2384 exsecrandus
2690 2326 2894 2381 animis
2914 2324 3146 2380 morbus
3165 2323 3420 2393 inserpat
3448 2337 3461 2375 :
3488 2324 3555 2376 ut

1926 2423 1971 2477 si
2001 2424 2271 2490 medicus,
2314 2440 2444 2477 cum
2468 2421 2672 2477 viderit
2698 2421 2867 2492 hujus
2897 2418 3111 2475 terreni
3154 2416 3404 2488 corporis
3446 2414 3548 2468 ali-

1926 2534 2095 2590 quem
2129 2534 2250 2572 esse
2284 2518 2644 2588 languorem,
2677 2530 2957 2585 magnum
2988 2529 3104 2567 suas
3141 2511 3278 2565 artis
3309 2508 3553 2564 aestimat

1928 2612 2355 2673 documentum,
2383 2610 2428 2664 si
2453 2610 2565 2664 cito
2595 2609 2721 2681 quis
2753 2608 2902 2662 illius
2940 2606 3261 2661 interventu
3290 2604 3553 2673 despera-

1926 2711 2018 2761 tus
2036 2706 2249 2772 evadat,
2276 2706 2361 2759 vel
2401 2720 2533 2758 cum
2570 2708 2698 2775 post
2726 2719 2785 2756 se
2824 2705 2991 2772 putre
3018 2699 3224 2754 vulnus
3250 2695 3551 2768 aspexerit,

1928 2799 2162 2854 adhibet
2187 2799 2444 2854 fomenta
2466 2798 2554 2852 vel
2574 2801 2780 2852 caetera
2801 2795 3004 2866 quibus
3031 2792 3170 2848 illud
3200 2790 3375 2864 possit
3397 2788 3556 2861 quod

1927 2898 2127 2949 natum
2153 2893 2336 2948 fuerat
2362 2892 2565 2947 vulnus
2593 2871 2917 2981 obduciiAc
2944 2888 2990 2943 si
3016 2887 3075 2942 id
3102 2902 3343 2941 manens
3365 2882 3557 2939 sanari

1933 3005 2046 3042 non
2074 2987 2305 3060 poterit,
2342 3004 2415 3041 ne
2448 3002 2649 3057 corpus
2679 2984 2966 3056 reliquum
3003 2998 3103 3036 sua
3127 2980 3257 3036 tabe
3291 2993 3555 3033 corrum-

1931 3087 2047 3153 pat,
2075 3082 2224 3137 ferro
2254 3083 2512 3152 amputet
2534 3079 2689 3152 quod
2709 3076 2970 3143 nocebat,
2996 3075 3148 3148 quod
3168 3073 3455 3144 reliquum
3473 3070 3557 3126 in-

1932 3182 2156 3248 tegrum
2188 3179 2245 3229 et
2288 3179 2470 3229 servet
2509 3174 2808 3228 intactum.
2846 3168 3281 3226 Prtecidendum
3325 3182 3463 3236 ergo
3498 3164 3558 3218 id

1934 3274 2018 3325 est
2044 3271 2192 3342 quod
2223 3269 2376 3323 velut
2401 3284 2543 3339 puro
2569 3282 2824 3337 sanoque
2846 3264 3087 3319 nimium
3107 3261 3331 3333 corpori
3352 3260 3558 3314 vulnus

1932 3364 2204 3435 obrepsit,
2234 3379 2306 3419 ne
2335 3379 2466 3417 cum
2498 3361 2716 3416 tardius
2742 3358 3088 3429 abstergitur
3121 3356 3181 3410 in
3209 3355 3346 3427 ipsis
3371 3369 3558 3425 poenae

1932 3459 2234 3513 visceribus
2280 3457 2448 3527 hujus
2495 3454 2633 3510 mali
2679 3470 2796 3509 non
2837 3450 3135 3507 hauriendi
3174 3454 3302 3521 post
3327 3447 3553 3503 sentina

1930 3553 2199 3608 considat.
2250 3552 2390 3605 Nam
2429 3549 2567 3621 quid
2604 3566 2709 3603 nos
2748 3549 2818 3603 de
2863 3546 2950 3601 his
3001 3550 3123 3616 post
3167 3544 3290 3598 hac
3328 3547 3551 3597 rectum

1931 3646 2221 3702 mentibus
2245 3645 2590 3699 aestimemus
2618 3642 2715 3714 qui
2743 3641 2849 3695 sibi
2867 3657 2928 3694 se
2952 3643 3157 3711 putant
3182 3635 3376 3693 deberi
3399 3634 3559 3707 quod

1930 3741 2068 3797 boni
2112 3743 2261 3809 sunt,
2308 3756 2414 3793 nec
2463 3738 2625 3792 illum
2677 3735 3059 3799 considerant,
3103 3732 3261 3803 cujus
3310 3727 3562 3801 quotidie

1935 3835 2179 3907 gratiam
2204 3824 2628 3904 eonsequuntur
2651 3832 2678 3885 ?
2720 3830 2827 3885 Sed
2850 3831 2973 3900 jam
3003 3826 3093 3882 isti
3133 3825 3232 3897 qui
3261 3825 3404 3879 tales
3429 3825 3563 3877 sunt

1932 3930 2151 3984 nullam
2179 3928 2280 3982 Dei
2311 3926 2559 3999 gratiam
2589 3925 3015 3995 consequuntur
3041 3921 3141 3993 qui
3161 3920 3281 3975 sine
3306 3919 3402 3973 illo
3432 3922 3560 3973 tan-

1932 4028 2058 4080 tum
2102 4022 2329 4093 assequi
2371 4039 2429 4075 se
2481 4036 2640 4092 posse
2687 4018 3001 4082 conﬁdunt,
3046 4018 3328 4088 quantum
3356 4012 3448 4066 vix
3479 4010 3563 4066 illi

1935 4118 2032 4189 qui
2058 4118 2127 4173 ab
2156 4117 2253 4171 illo
2281 4115 2661 4187 postulabant,
2702 4116 2757 4167 et
2794 4112 3106 4183 accipiunt,
3137 4109 3562 4180 promerentur.

1934 4212 2075 4277 Quid
2103 4211 2255 4266 enim
2280 4214 2401 4265 tam
2430 4208 2690 4279 iniquum
2719 4223 2839 4261 esse
2866 4208 3066 4277 potest,
3089 4207 3206 4257 tam
3228 4201 3560 4267 barbarum,

1933 4311 2049 4360 tam
2080 4305 2250 4359 totius
2272 4302 2567 4373 religionis
2593 4302 2884 4371 ignarum,
2910 4302 3027 4353 tam
3044 4295 3382 4352 Christianis
3405 4309 3563 4347 meu-

1934 4399 2082 4453 tibus
2102 4397 2399 4452 inimicum
2420 4412 2591 4466 quam
2612 4394 2746 4449 huic
2763 4399 2820 4449 te
2841 4393 3126 4461 denegare
3147 4389 3377 4457 debere,
3396 4386 3560 4458 quid-

1934 4492 2065 4563 quid
2113 4492 2173 4546 in
2217 4490 2546 4562 quotidiana
2586 4488 2764 4559 gratia
2805 4484 3187 4557 consequeris,
3234 4482 3325 4537 cui
3355 4484 3410 4535 te
3444 4481 3563 4551 ipse

206 4581 475 4653 sciplinae,
498 4584 711 4636 nostra:
738 4582 1026 4653 religionis
1045 4583 1299 4655 vigorem
1319 4601 1434 4638 non
1462 4585 1653 4639 minus
1682 4602 1833 4639 nunc
1852 4585 1911 4658 D
1934 4585 2215 4641 conﬁteris
2252 4584 2457 4640 debere
2493 4582 2645 4654 quod
2682 4586 2848 4637 natus
2882 4598 2940 4635 es
2959 4581 2985 4634 ?
3020 4580 3170 4649 Ergo
3221 4575 3330 4631 eris
3374 4574 3477 4628 tibi
3505 4573 3564 4627 in

204 4676 264 4730 in
292 4676 638 4730 consulendo
660 4693 834 4749 quam
855 4680 1022 4731 antea
1051 4694 1180 4732 cum
1200 4679 1665 4750 pronuntiaretis,
1700 4696 1837 4734 vera

205 4770 425 4824 ratione
452 4770 709 4839 ﬁrmatis,
735 4771 833 4842 qui
858 4771 931 4825 ad
959 4776 1219 4827 nostrum
1245 4773 1611 4827 referendum
1634 4789 1838 4844 appro-

206 4864 349 4919 batis
380 4880 504 4919 esse
549 4863 854 4934 judicium,
900 4865 1142 4920 scientes
1190 4865 1326 4936 quid
1366 4866 1690 4936 apostolicae
1718 4866 1838 4921 sedi

209 4958 358 5025 (cum
387 4973 608 5026 omnes,
645 4958 752 5013 hoc
789 4959 912 5014 loco
943 4959 1132 5030 positi,
1182 4960 1369 5031 ipsum
1409 4960 1569 5031 sequi
1615 4960 1836 5015 deside-

207 5069 400 5107 remus
429 5051 770 5123 apostolum)
802 5052 1100 5119 debeatur,
1130 5070 1164 5108 a
1189 5070 1303 5125 quo
1330 5054 1449 5125 ipse
1480 5053 1840 5125 episcopatus

207 5150 261 5201 et
316 5149 443 5201 tota
491 5147 795 5201 auctoritas
848 5147 1018 5219 hujus
1066 5147 1316 5202 nominis
1360 5148 1610 5203 emersit.
1659 5149 1839 5213 Quem

206 5244 526 5313 sequentes,
561 5245 683 5295 tam
720 5242 875 5297 mala
907 5242 1033 5313 jam
1067 5241 1339 5297 damnare
1373 5259 1635 5297 cavemus
1665 5259 1840 5314 quam

203 5334 454 5406 probare
480 5333 763 5390 laudanda
796 5352 811 5403 ;
849 5336 937 5390 vel
967 5335 1023 5391 id
1048 5352 1180 5391 vero
1218 5336 1370 5408 quod
1398 5338 1631 5392 Patrum
1676 5336 1837 5391 insti-

206 5432 328 5484 tuta
368 5428 709 5484 sacerdotali
758 5429 1158 5497 custodientes,
1211 5430 1397 5485 ofﬁcio
1446 5447 1565 5485 nou
1596 5431 1840 5484 censetis

206 5538 326 5577 esse
374 5521 662 5577 calcanda.
707 5522 871 5588 Quod
916 5523 1000 5578 illi
1045 5541 1158 5579 non
1203 5524 1475 5593 humana,
1518 5523 1619 5578 sed
1651 5524 1841 5579 divina

206 5616 508 5672 decrevere
536 5617 840 5685 sententia,
868 5622 931 5673 ut
950 5617 1248 5690 quidquid,
1268 5619 1530 5691 quamvis
1550 5617 1841 5690 disjunctis

207 5710 553 5781 remotisque
584 5712 887 5783 provinciis
915 5715 1205 5783 ageretur,
1240 5729 1354 5766 non
1383 5712 1540 5783 prius
1568 5712 1842 5768 ducerent

207 5804 549 5873 ﬁniendum,
591 5804 701 5860 nisi
739 5806 810 5861 ad
851 5806 973 5877 ejus
1012 5805 1160 5861 sedis
1202 5807 1464 5861 notitiam
1494 5806 1838 5878 perveniret,

210 5904 270 5957 ut
308 5903 427 5959 tota
452 5899 623 5977 hujus
649 5899 983 5959 auctoritate
1018 5900 1159 5977 (juta
1201 5917 1329 5979 quae
1377 5901 1562 5972 fuerit)
1592 5917 1841 5977 pronun-

1934 4679 2284 4753 providendo
2326 4676 2688 4750 praestantior
2730 4692 2900 4747 quam
2932 4675 3120 4745 potest
3149 4672 3196 4726 is
3227 4685 3349 4724 esse
3379 4667 3477 4740 qui
3506 4671 3563 4721 te

1935 4779 1999 4829 ut
2036 4791 2182 4828 esses
2226 4772 2459 4829 effecit?
2500 4772 2567 4826 Et
2612 4787 2743 4825 cum
2787 4772 2841 4823 te
2881 4772 3045 4839 putes
3080 4765 3131 4820 ei
3172 4764 3377 4820 debere
3408 4760 3564 4833 quod

1934 4867 2094 4938 vivis,
2127 4867 2413 4939 quomodo
2439 4869 2502 4921 tu
2540 4882 2656 4920 non
2695 4868 2861 4935 putas
2895 4861 2979 4916 illi
3014 4860 3221 4914 debere
3264 4856 3421 4928 quod
3451 4871 3565 4910 non

1936 4962 2328 5034 quotidianam
2346 4962 2468 5031 ejus
2489 4958 2885 5031 consequendo
2902 4954 3147 5027 gratiam
3174 4951 3363 5007 taliter
3387 4948 3522 5004 vivis
3538 4949 3565 5004 ?

1939 5059 2005 5111 Et
2032 5056 2129 5128 qui
2155 5073 2269 5111 non
2286 5054 2570 5127 adjutorio
2594 5070 2771 5124 negas
2797 5050 3055 5121 indigere
3082 5046 3295 5113 divino,
3319 5044 3478 5116 quasi
3500 5060 3567 5098 ex

1941 5156 2131 5205 nostra
2168 5167 2233 5204 ex
2263 5153 2380 5204 toto
2411 5147 2785 5222 possibilitate
2813 5145 3109 5217 perfectos,
3137 5139 3421 5213 quomodo
3448 5154 3569 5194 non

1939 5243 2281 5316 adjutorium
2313 5243 2371 5297 in
2397 5260 2503 5298 nos
2534 5258 2665 5297 cum
2688 5241 2830 5295 tales
2861 5256 2895 5295 a
2921 5236 3085 5293 nobis
3109 5236 3282 5291 etiam
3302 5250 3424 5291 esse
3440 5249 3566 5306 pos-

1942 5355 2156 5405 sumus,
2183 5353 2553 5409 provocamus
2578 5335 2606 5390 ?
2650 5316 2676 5418 ,ί

2010 5432 2114 5497 Qui
2144 5431 2299 5486 enim
2331 5424 2681 5502 adjutorium
2720 5428 2820 5482 Dei
2854 5431 3048 5499 negat,
3085 5426 3291 5481 vellem
3335 5423 3573 5478 interro-

1942 5542 2075 5597 gare
2098 5525 2249 5597 quod
2279 5524 2428 5579 dicat
2459 5541 2471 5580 :
2503 5540 2608 5579 nos
2636 5540 2756 5578 non
2782 5521 3012 5590 mereri,
3043 5538 3118 5576 an
3144 5520 3303 5575 illum
3323 5518 3430 5572 hoc
3456 5530 3571 5569 non

1940 5637 2100 5691 posse
2144 5622 2431 5692 praestare,
2480 5634 2555 5673 an
2598 5617 2741 5672 nihil
2792 5634 2914 5673 esse
2945 5624 3179 5688 prOpter
3211 5611 3361 5684 quod
3390 5623 3566 5663 unus-

1940 5714 2180 5785 quisque
2226 5713 2334 5768 hoc
2384 5712 2591 5769 debeat
2641 5713 2930 5785 postulare
2960 5711 2987 5765 ‘?
3031 5711 3194 5764 Posse
3237 5705 3344 5759 hoc
3390 5703 3571 5757 Deum

1942 5824 2114 5879 opera
2141 5808 2262 5880 ipsa
2289 5810 2584 5863 testantur.
2609 5807 2905 5879 Adjutorio
2928 5800 3258 5875 quotidiano
3282 5813 3387 5851 nos
3401 5811 3570 5868 egere

1941 5918 2157 5977 negare
2183 5918 2297 5959 non
2328 5919 2647 5981 possumus.
2681 5903 2797 5960 Hoc
2825 5898 2978 5956 enim
3000 5911 3103 5951 seu
3126 5893 3275 5951 bene
3303 5890 3566 5959 vivimus,
