4034 6322
460 358 565 413 7'27

1346 356 1627 412 APPEND.
1668 355 1756 410 AD
1793 355 1954 410 S/EC.
1999 354 2083 407 IX.
2115 382 2186 393 —
2224 350 2471 408 lSlDORl
2511 347 2935 405 MERCATORIS

3728 346 3831 403 728

460 480 854 537 provocamus,
891 467 956 520 ut
992 465 1194 520 melius
1234 465 1594 535 sanctiusque
1628 463 1943 530 vincamus,
1988 479 2085 517 seu
2108 462 2499 548 Avincamur.
2532 459 2643 515 Sed
2666 474 2889 530 possem
2918 457 3084 529 plura
3104 456 3315 522 dicere,
3346 455 3456 510 nisi
3480 471 3577 508 vos
3605 459 3831 509 consta-

460 575 633 629 prave
680 559 987 613 sentientes
1030 576 1062 612 a
1099 558 1264 612 bonis
1302 558 1631 624 avertimur,
1672 562 1736 611 ut
1773 557 1846 611 ad
1874 560 2086 611 rectam

461 653 762 707 redeamus
788 653 958 719 viam,
990 651 1110 721 ejus
1130 651 1336 705 auxilio
1356 652 1482 722 plus
1512 650 2089 755 egemusﬁxNumquid

460 752 579 800 tam
608 744 989 814 mortiferum,
1036 750 1153 800 tam
1189 762 1442 818 praeceps
1482 745 1736 799 videatur
1762 744 1834 798 ad
1873 760 2085 811 casum,

460 844 580 893 tam
608 839 926 910 expositum
961 839 1030 893 ad
1058 839 1252 893 omnia
1281 839 1549 909 pericula,
1580 839 1626 892 si
1648 839 1757 893 hoc
1777 839 1959 892 solum
1991 855 2091 892 n0-

460 932 546 986 bis
575 936 837 1003 putantes
858 949 1019 1003 posse
1051 933 1307 987 sufficere
1330 932 1476 1003 quod
1509 931 1756 985 liberum
1789 931 2089 986 arbitrium

460 1043 589 1079 cum
632 1042 998 1081 nasceremur
1036 1026 1376 1097 accepimus,
1430 1026 1579 1079 ultra
1616 1026 1738 1096 jam
1778 1041 1811 1078 a
1845 1025 2088 1079 Domino

461 1120 602 1174 nihil
642 1136 982 1191 quaeramus,
1026 1120 1083 1173 id
1109 1126 1211 1187 est,
1245 1120 1493 1174 auctoris
1537 1119 1717 1173 nostri
1759 1118 1936 1187 obliti,
1970 1119 2091 1188 ejus

456 1215 792 1286 potentiam,
841 1220 901 1268 ut
932 1231 1035 1269 nos
1065 1214 1451 1282 ostendamus,
1490 1213 1699 1267 liberos
1742 1213 2087 1283 adjuremus,

462 1307 619 1379 quasi
644 1308 766 1378 jam
808 1308 1051 1379 amplius
1090 1307 1244 1378 quod
1293 1307 1425 1361 dare
1466 1307 1657 1378 possit,
1702 1322 1818 1360 non
1859 1305 2087 1374 habeat,

414 1428 435 1481 ί,
462 1402 560 1473 qui
579 1405 633 1456 te
656 1402 712 1455 in
734 1406 832 1456 tuo
852 1407 981 1455 ortu
1004 1401 1252 1455 liberum
1278 1401 1432 1469 fecit,
1461 1400 1777 1454 nescientes
1793 1400 1967 1470 quod,
1982 1399 2089 1453 nisi

458 1495 686 1566 magnis
710 1495 973 1565 precibus
1000 1495 1184 1565 gratia
1213 1494 1269 1548 in
1301 1511 1401 1548 nos
1424 1494 1732 1565 implorata
1761 1493 2088 1560 descendat,

461 1605 825 1659 nequaquam
852 1594 1095 1643 terrenae
1125 1589 1265 1642 labis
1292 1591 1351 1643 et
1379 1587 1657 1642 mundani
1689 1587 1942 1658 corporis
1965 1588 2089 1641 vin-

2191 561 2281 610 rct
2306 559 2511 609 cuncta
2540 553 2765 608 dixisse.
2796 550 3061 623 Quisquis
3087 567 3225 622 ergo
3247 550 3379 604 huic
3404 550 3724 604 assentiens
3745 550 3828 603 vi-

2192 650 2359 704 detur
2387 665 2507 702 esse
2538 646 2837 701 sententiae
2865 662 2980 716 qua
3007 645 3155 700 dicat
3182 644 3470 715 adjutorio
3504 643 3673 698 nobis
3707 660 3827 697 non

2190 760 2332 814 opus
2362 758 2484 796 esse
2510 740 2723 807 divino,
2753 740 3047 796 inimicum
3075 756 3135 793 se
3162 738 3457 793 catholicae.
3481 738 3615 793 ﬁdei
3645 742 3703 793 et
3730 738 3832 791 Dei

2188 836 2464 891 beneﬁcio
2490 835 2794 906 profitetur
2823 834 3133 904 ingratum.
3161 834 3300 887 Nam
3320 849 3426 886 nec
3456 837 3652 887 nostra
3682 848 3831 885 com-

2189 930 2459 985 munione
2478 931 2611 982 sunt
2636 928 2795 999 digni
2817 943 2993 998 quam
3012 925 3376 997 praedicando
3398 926 3592 980 taliter
3611 925 3836 996 pollue-

2190 1027 2344 1080 runt.
2387 1024 2476 1078 Sic
2519 1022 2674 1076 enim
2705 1038 2807 1075 sua
2835 1026 3039 1091 sponte
3070 1020 3206 1074 dum
3236 1023 3555 1091 sequuntur
3579 1020 3677 1073 illa
3702 1036 3834 1091 quae

2191 1118 2475 1186 dicuntur,
2489 1116 2717 1187 longius
2731 1132 2909 1169 avera
2922 1114 3193 1185 religione
3214 1113 3501 1184 fugerunt.
3515 1114 3658 1168 Cum
3673 1113 3832 1168 enim

2192 1213 2299 1265 hoc
2327 1215 2512 1265 totum
2537 1211 2596 1264 in
2625 1213 2815 1264 nostra
2850 1209 3194 1281 professione
3222 1209 3512 1275 consistat,
3549 1206 3835 1279 quotidia-

2192 1306 2392 1377 nisque
2426 1305 2691 1376 precibus
2726 1303 2869 1358 nihil
2908 1319 3163 1374 agamus,
3192 1303 3303 1357 nisi
3331 1301 3831 1374 quemadmodum

2194 1401 2291 1453 Dei
2346 1399 2791 1453 misericordiam
2846 1413 3280 1471 consequamur,
3338 1396 3832 1468 quemadmodum

2192 1494 2340 1548 ferre
2382 1509 2684 1564 possumus
2724 1491 2832 1546 ista
2867 1491 3147 1562 jactantes
3171 1491 3199 1545 ?
3239 1490 3395 1559 Quis,
3436 1506 3596 1562 rogo,
3636 1494 3832 1543 tantus

2192 1589 2422 1642 illorum
2451 1590 2678 1658 pectora
2723 1602 2882 1640 error
2916 1585 3178 1653 obcaecat,
3210 1590 3270 1639 ut
3295 1585 3337 1639 si
3366 1584 3473 1656 ipsi
3490 1585 3712 1639 nullam
3733 1584 3833 1638 Dei

463 1698 591 1735 cere
611 1698 887 1736 conemur
903 1698 1143 1749 errores,
1167 1699 1297 1736 cum
1316 1698 1480 1753 pares
1498 1698 1603 1736 nos
1620 1682 1692 1737 ad
1713 1681 2093 1736 resistendum
2196 1681 2437 1753 gratiam
2461 1681 2729 1747 sentiunt,
2754 1679 2886 1751 quia
2906 1696 3012 1733 nec
3036 1678 3196 1750 digni
3212 1684 3363 1746 sunt,
3385 1695 3490 1733 nec
3506 1681 3830 1745 merentur,

462 1791 579 1829 non
614 1774 853 1829 liberum
894 1775 1216 1843 arbitrium,
1259 1776 1358 1829 sed
1401 1776 1498 1829 Dei
1531 1777 1680 1829 solus
1710 1775 1891 1828 facere
1920 1775 2094 1845 possit
2196 1791 2298 1829 nec
2324 1776 2391 1829 de
2418 1775 2541 1828 aliis
2567 1773 2942 1841 considerant,
2968 1773 3123 1844 quod
3156 1772 3411 1844 quotidie
3437 1772 3676 1843 singulis
3702 1789 3830 1843 gra-

463 1867 757 1922 auxilium.
787 1870 929 1922 Nam
958 1868 1003 1922 si
1025 1868 1116 1923 ille
1143 1870 1347 1923 clamat
1375 1869 1661 1939 adjutorio
1684 1868 1789 1923 sibi
1808 1885 1950 1940 opus
1974 1884 2093 1922 esse
2114 1850 2171 1921 Β
2196 1869 2272 1923 tia
2296 1868 2813 1939 divinalargiatur?
2836 1868 2979 1923 Sunt
2996 1866 3229 1938 quidem
3250 1867 3340 1920 isti
3357 1883 3557 1922 omnes
3578 1866 3832 1920 caecitate

463 1961 654 2015 divino
681 1962 775 2033 qui
802 1962 975 2032 digne
1015 1962 1118 2016 hoc
1159 1980 1274 2016 non
1303 1968 1603 2034 quaereret,
1650 1963 1694 2016 si
1736 1963 1825 2016 cui
1850 1962 2093 2016 liberum
2197 1962 2537 2033 dignissimi,
2566 1961 2663 2033 qui
2684 1978 2787 2015 nec
2806 1961 2911 2015 hoc
2930 1961 3035 2014 sibi
3054 1961 3429 2033 reliquerunt,
3449 1963 3515 2014 ut
3539 1977 3597 2014 se
3614 1960 3831 2014 auxilio

465 2055 766 2109 arbitrium
795 2057 920 2127 plus
954 2056 1265 2126 prodesset,
1294 2058 1505 2128 quippe
1534 2072 1663 2111 cum
1704 2056 1788 2111 vir
1818 2056 2013 2111 beatus
2039 2059 2097 2109 et

455 2147 579 2218 jam
609 2149 819 2203 electus
848 2166 879 2202 a
907 2149 1147 2204 Domino
1178 2150 1318 2203 nihil
1346 2150 1547 2219 egerit,
1579 2155 1772 2205 tamen
1800 2151 1881 2204 ita
1908 2150 2093 2204 Domi-

460 2258 604 2296 num
635 2242 977 2313 deprecatur
1005 2244 1320 2315 postulans.
1360 2264 1387 2292 ‹‹
1418 2243 1657 2313 Adjutor
1678 2259 1839 2298 meus
1859 2249 1999 2311 esto,
2023 2261 2094 2298 ne

468 2334 834 2407 derelinquas
861 2353 974 2405 me,
1012 2353 1197 2408 neque
1224 2336 1499 2407 despicias
1520 2353 1633 2406 me,
1662 2338 1809 2391 Deus
1835 2338 2097 2391 salutaris

462 2444 626 2483 meus
655 2428 817 2497 (Psal.
847 2447 998 2497 xxVI,
1030 2432 1101 2499 7).
1132 2450 1158 2481 »
1192 2432 1301 2485 Nos
1321 2430 1485 2484 nobis
1504 2431 1750 2485 liberum
1772 2431 2092 2499 arbitrium,

460 2522 556 2576 ille
579 2523 882 2577 Dominum
905 2523 1150 2594 postulat
1176 2524 1266 2594 adj
1278 2529 1516 2579 utorem.
1548 2524 1709 2588 Quod
1731 2524 1851 2578 nati
1878 2541 2093 2591 sumus,

457 2633 623 2687 posse
653 2617 911 2671 sufﬁcere
934 2617 1096 2672 nobis
1124 2618 1363 2672 dicimus
1393 2636 1407 2687 ;
1452 2618 1546 2673 ille
1575 2620 1775 2684 Deum,
1818 2634 1891 2672 ne
1931 2619 2094 2673 dere-

459 2710 775 2781 linquatur,
841 2715 1058 2765 exorat.
1104 2713 1244 2778 Non,
1293 2728 1455 2783 rogo,
1509 2712 1807 2766 manifeste
1858 2712 2098 2765 dicimus

461 2804 614 2875 quod
644 2820 890 2871 oremus,
922 2822 1052 2859 cum
1070 2806 1165 2859 ille
1185 2809 1485 2877 tantopere
1502 2806 1722 2872 beatus,
1754 2805 1899 2859 sicut
1925 2822 2098 2876 supra

464 2896 732 2963 diximus,
772 2898 876 2965 vir,
911 2914 980 2952 ne
1012 2899 1369 2969 despiciatur,
1405 2902 1658 2969 exoptat,
1692 2899 1771 2953 illi
1809 2898 1962 2953 enim
1993 2916 2093 2953 ne-

464 3006 615 3045 cesse
656 2994 759 3058 est,
817 2991 923 3045 ista
967 2996 1221 3063 arguunt
1258 2992 1355 3063 qui
1394 2992 1491 3047 illa
1530 2993 1888 3061 conﬁrmant,
1924 2993 2098 3046 David

464 3084 620 3138 enim
646 3084 917 3139 orationis
946 3085 1197 3155 ignarus,
1231 3089 1288 3140 et
1317 3103 1430 3140 suae
1469 3091 1688 3141 naturae
1719 3086 1963 3153 nescius,
2004 3102 2093 3141 ac-

463 3180 711 3246 cusetur,
741 3179 839 3250 qui
867 3196 996 3233 cum
1028 3178 1163 3234 sciat
1188 3183 1382 3234 tamen
1409 3180 1470 3233 in
1494 3197 1594 3234 sua
1621 3183 1822 3234 natura
1850 3196 1968 3234 esse
1996 3181 2092 3234 ad-
2118 3219 2172 3293 Ο

463 3271 704 3293 Ξ--ι-..Α...
745 3272 841 3293 -21.!
875 3273 1171 3293 n-__-:____._-
1216 3277 1257 3293 -1
1298 3274 1570 3293 _,,!J,,,Ag-
1624 3274 1929 3293 ,J',,AAU-,-_
1992 3290 2089 3293 _A__

456 3271 710 3342 jutorem
741 3272 844 3326 sibi
875 3273 1179 3327 Dominum
1200 3277 1263 3328 et
1293 3274 1579 3328 assiduum
1617 3274 1958 3345 adjutorem,
1992 3290 2096 3328 nec

461 3364 542 3419 illi
567 3366 773 3421 sufficit
802 3367 1111 3433 assiduum,
1141 3368 1241 3422 sed
1271 3384 1343 3423 ne
1378 3368 1680 3439 aliquando
1716 3368 1877 3422 illum
1905 3368 2093 3439 despi-

463 3460 588 3529 ciat,
639 3461 989 3516 orationibus
1030 3462 1293 3533 protinus
1342 3466 1588 3533 exoptat,
1637 3467 1693 3517 et
1748 3478 1852 3534 per
1895 3479 2097 3534 corpus

462 3554 648 3609 omnis
672 3556 925 3626 psalterii
954 3556 1059 3611 hoc
1091 3560 1149 3610 et
1186 3556 1480 3627 praedicat,
1518 3562 1573 3611 et
1603 3558 1830 3611 clamat.
1868 3557 1926 3612 Si
1960 3574 2097 3627 ergo

461 3648 567 3703 hoc
623 3649 715 3704 ille
772 3649 853 3704 ita
895 3667 1171 3722 magnum
1215 3652 1337 3719 scit,
1381 3656 1442 3705 ut
1478 3650 1701 3705 assidue
1749 3651 1979 3717 diceret,
2018 3650 2098 3704 ita

461 3744 844 3798 necessarium
877 3744 1169 3798 confessus
1212 3749 1314 3811 est,
1344 3748 1407 3798 ut
1444 3744 1691 3814 doceret,
1722 3744 2093 3815 quemadmo-

462 3836 600 3889 dum
628 3837 893 3907 Pelagius
922 3838 1346 3908 Coelestiusque,
1378 3838 1622 3907 seposita
1659 3837 1820 3890 omni
1871 3854 2099 3908 respon-

464 3929 621 3982 sione
668 3930 1019 3999 psalmorum
1061 3929 1274 4000 talique
1321 3930 1582 3984 abdicata
1620 3930 1875 3984 doctrina
1908 3947 2099 3984 suasu-

463 4037 557 4074 ros
592 4037 651 4074 se
690 4022 972 4092 aliquibus
1012 4038 1130 4076 esse
1160 4022 1454 4075 confidunt
1488 4039 1591 4075 nos
1622 4022 1971 4093 adjutorium
2002 4024 2095 4078 Dei

438 4130 567 4175 gnec
603 4113 811 4168 debere
849 4131 1125 4186 quaerere,
1161 4131 1263 4170 nec
1304 4132 1493 4186 egere,
1529 4108 1660 4170 cum
1690 4132 1890 4171 omnes
1920 4118 2098 4173 sancti

464 4207 605 4261 nihil
657 4224 714 4262 se
772 4209 891 4263 sine
942 4210 1046 4263 hoc
1101 4226 1273 4280 agere
1329 4226 1491 4281 posse
1542 4213 1840 4265 testantur.
1895 4212 2095 4267 Libero

462 4302 616 4356 enim
648 4304 879 4359 arbitrio
904 4304 1039 4359 olim
1070 4304 1164 4359 ille
1204 4320 1521 4375 perversus,
1563 4305 1703 4359 dum
1739 4305 1855 4359 suis
1896 4307 2091 4362 incon-

461 4398 620 4451 sultis
650 4399 826 4453 utitur
868 4399 1051 4466 bonis,
1084 4399 1294 4455 cadens
1332 4398 1392 4453 in
1434 4399 1915 4470 praevaricationis
1956 4419 2092 4472 pro-

459 4491 651 4559 funda,
699 4493 1109 4563 demersusque
1161 4493 1305 4547 nihil
1352 4494 1837 4564 quemadmodum
1892 4496 2094 4550 exinde

2197 2056 2431 2111 credant
2459 2054 2673 2109 evocari
2702 2055 2773 2109 ab
2798 2054 3085 2109 erroribus
3117 2070 3277 2125 posse
3301 2053 3506 2108 divino.
3541 2054 3833 2124 Negantcs

2198 2151 2349 2204 enim
2384 2150 2480 2203 Dei
2502 2148 2849 2220 adjutorium
2882 2164 2999 2202 non
3027 2147 3168 2215 aliis,
3202 2148 3298 2202 sed
3330 2145 3433 2201 sibi
3459 2148 3564 2201 hoc
3600 2149 3835 2217 penitus

2195 2244 2569 2309 abstulerunt,
2590 2241 2685 2313 qui
2708 2241 2985 2296 evellendi
3008 2246 3140 2296 sunt
3157 2241 3383 2313 longius
3402 2246 3458 2295 et
3476 2240 3545 2294 ab
3568 2242 3834 2295 Ecclesiae

2195 2337 2394 2409 procul
2414 2336 2741 2390 removendi
2772 2336 3098 2403 visceribus,
3126 2352 3201 2389 ne
3224 2334 3435 2389 diutius
3460 2336 3645 2391 multa
3673 2352 3838 2389 occu-

2196 2448 2338 2502 pans
2375 2430 2708 2485 insanabilis
2751 2433 2876 2501 post
2915 2446 3074 2483 error
3110 2429 3405 2484 increscat.
3436 2428 3493 2484 Si
3530 2429 3689 2483 enim
3733 2429 3836 2484 diu

2196 2524 2414 2579 fuerint
2440 2524 2541 2577 sub
2568 2523 2677 2577 hac
2698 2523 3034 2593 impunitate
3061 2522 3290 2591 versati,
3314 2539 3544 2577 necesse
3572 2526 3663 2576 est
3690 2524 3839 2578 mul-

2195 2623 2284 2672 tas
2309 2618 2369 2671 in
2394 2618 2499 2672 hac
2526 2633 2627 2671 sua
2654 2616 2926 2688 pravitate
2950 2622 3173 2671 mentes
3196 2616 3483 2684 inducant,
3513 2616 3835 2688 decipiant-

2199 2729 2308 2784 que
2337 2712 2667 2766 innocentes
2692 2711 2778 2765 vel
2804 2710 2991 2782 potius
3011 2711 3401 2782 imprudentes
3424 2711 3522 2781 qui
3546 2710 3727 2766 ﬁdem
3749 2728 3840 2765 ca-

2197 2806 2467 2860 tholicam
2512 2822 2626 2859 non
2669 2808 3015 2876 sequuntur;
3052 2804 3330 2876 putabant
3358 2804 3512 2859 enim
3549 2822 3650 2859 eos
3680 2811 3836 2861 recte

2199 2901 2428 2967 sentire,
2474 2917 2618 2972 quos
2648 2900 2835 2955 adhuc
2874 2899 3069 2953 vident
3107 2899 3166 2953 in
3209 2898 3455 2953 Ecclesia
3494 2899 3835 2969 perdurare.

2199 2995 2510 3065 Separetur
2538 3010 2676 3063 ergo
2707 3010 2741 3047 a
2767 3009 2903 3047 sano
2933 3009 3169 3064 corpore
3198 2993 3402 3049 vulnus
3429 2991 3721 3061 insanum,
3753 3010 3841 3048 re-

2198 3090 2469 3157 motoque
2512 3087 2693 3140 morbi
2735 3087 3015 3141 saevientis
3041 3086 3254 3153 afﬂatu,
3297 3085 3514 3140 cautius
3542 3103 3670 3158 quae
3702 3091 3840 3142 sunt

2198 3182 2416 3235 sincera
2443 3180 2770 3251 perdurent,
2801 3186 2857 3235 et
2874 3197 3013 3251 grex
3044 3180 3242 3251 purior
3269 3178 3339 3233 ab
3363 3180 3469 3233 hac
3499 3181 3642 3235 mali
3670 3198 3839 3252 peco-

2199 3275 2273 3329 ris
2309 3274 2646 3345 contagione
2678 3279 2977 3345 purgetur.
3013 3275 3097 3329 Sit
3127 3273 3298 3328 totius
3331 3274 3584 3345 corporis
3613 3275 3838 3331 illibata

2199 3369 2491 3440 perfectio,
2552 3385 2728 3439 quam
2771 3384 2869 3421 vos
2914 3368 3075 3439 sequi
3118 3371 3176 3421 et
3215 3373 3431 3435 tenere,
3467 3368 3575 3423 hac
3616 3369 3676 3423 in
3705 3370 3836 3424 illos

2197 3462 2663 3535 pronuntiatione
2704 3462 3078 3534 cognovimus
3114 3468 3170 3517 et
3206 3478 3315 3516 una
3359 3461 3659 3517 vobiscum
3706 3464 3834 3535 pari

2195 3557 2520 3611 assentione
2564 3543 3017 3646 servamuleui
3045 3557 3088 3610 si
3118 3561 3312 3611 tamen
3338 3555 3650 3627 aliquando
3678 3558 3739 3611 in
3771 3575 3833 3613 se

2199 3651 2295 3705 Dei
2327 3651 2675 3722 adjutorium
2707 3651 2859 3723 quod
2888 3651 2999 3705 huc
3028 3667 3205 3721 usque
3237 3655 3588 3722 negaverunt
3620 3668 3829 3722 provo-

2197 3746 2469 3812 caverint,
2501 3749 2558 3799 et
2590 3762 2733 3815 opus
2763 3745 2885 3815 ejus
2916 3744 3021 3799 sibi
3052 3744 3261 3799 auxilio
3292 3760 3410 3799 esse
3437 3746 3835 3815 cognoverint,

2197 3842 2261 3893 ut
2285 3840 2354 3893 de
2382 3840 2489 3893 hac
2516 3838 2668 3905 labe,
2713 3838 2769 3892 in
2806 3855 2921 3910 qua
2951 3838 3037 3891 sui
3066 3838 3248 3892 cordis
3278 3838 3675 3894 incurvatione
3707 3856 3835 3894 cor-

2196 3936 2425 3987 ruerant
2452 3933 2784 3999 liberentur,
2819 3938 2875 3987 et
2903 3932 3063 4004 quasi
3094 3932 3152 3985 in
3185 3932 3367 3985 lucem
3394 3932 3463 3986 de
3489 3932 3643 3987 foeda
3669 3934 3836 3988 tracti

2197 4026 2460 4098 caligine,
2495 4027 2726 4080 remotis
2752 4025 3139 4096 abdicatisque
3168 4026 3431 4080 omnibus
3450 4026 3660 4098 quibus
3688 4031 3837 4083 totus

2198 4138 2270 4174 ne
2300 4136 2498 4175 verum
2525 4120 2802 4191 aspiceret
2824 4119 3145 4174 fcedabatur
3169 4125 3225 4175 ct
3250 4119 3529 4190 caligabat
3548 4126 3833 4192 aspectus,

2196 4214 2474 4269 damnent
2493 4215 2614 4268 haec
2633 4231 2761 4285 quae
2777 4214 2887 4268 huc
2906 4229 3082 4285 usque
3102 4219 3419 4279 senserunt,
3444 4218 3501 4267 et
3516 4214 3836 4287 aliquando

2195 4309 2451 4362 animum
2482 4309 2649 4362 rectis
2682 4308 3152 4379 disputationibus
3182 4308 3605 4363 commodantes
3631 4310 3705 4363 ab
3733 4310 3837 4363 hac

2144 4413 2157 4443 ί
2194 4402 2609 4472 aliquantulum
2634 4401 2760 4455 labe
2789 4402 3048 4469 correcti,
3077 4401 3226 4455 veris
3251 4418 3308 4455 se
3338 4402 3616 4457 sanandos
3653 4404 3838 4458 consi-

2194 4495 2283 4551 liis
2308 4496 2560 4550 tribuant
2590 4499 2760 4567 atque
2793 4496 3151 4550 submittant.
3179 4496 3337 4560 Quod
3367 4495 3415 4549 si
3443 4495 3708 4567 fecerint,
3730 4498 3840 4552 crit

462 4602 696 4656 surgere
726 4590 934 4657 posset,
970 4586 1207 4653 invenit,
1249 4604 1464 4658 suaque
1508 4588 1568 4643 in
1607 4594 1887 4644 aeternum
1917 4589 2170 4671 liber-D
2193 4591 2251 4643 in
2286 4594 2558 4660 potestate
2592 4590 2925 4661 pontificum
2955 4590 3074 4644 istis
3112 4590 3470 4662 aliquatenus
3497 4591 3826 4659 subvenire,

460 4684 576 4733 tate
606 4680 897 4751 deceptus,
926 4680 1094 4751 hujus
1124 4680 1303 4735 ruinae
1323 4681 1595 4750 jacuisset
1629 4699 1953 4753 oppressus,
1981 4683 2091 4736 nisi

459 4789 589 4827 eum
630 4778 757 4844 post
787 4774 992 4828 Christi
1023 4792 1127 4845 per
1155 4791 1319 4829 suam
1366 4776 1612 4847 gratiam
1658 4777 1955 4831 relevasset
1989 4777 2089 4831 ad-

459 4871 676 4933 ventus,
706 4867 803 4937 qui
834 4883 935 4937 per
959 4884 1117 4922 novaa
1150 4869 1603 4940 regenerationis
1640 4870 2093 4939 purificationem

455 4960 805 5030 praeteritum
860 4977 1031 5015 omne
1070 4962 1269 5017 vitium
1319 4963 1405 5016 sui
1448 4963 1814 5033 baptismatis
1873 4965 2093 5018 lavacro

457 5054 741 5123 purgavit,
792 5058 851 5107 et
900 5056 1019 5126 ejus
1076 5057 1422 5111 conﬁrmans
1473 5060 1682 5110 statum
1725 5073 1838 5127 quo
1887 5058 2092 5112 rectius

456 5148 929 5219 constabiliusque
963 5150 1310 5220 procederet,
1344 5154 1535 5204 tamen
1570 5166 1729 5204 suam
1762 5151 2005 5220 gratiam
2034 5153 2091 5206 in

456 5244 750 5311 posterum
794 5259 912 5297 non
952 5243 1272 5315 denegavit.
1316 5245 1452 5298 Nam
1493 5243 1749 5315 quisquis
1800 5245 2092 5300 hominem

461 5336 799 5391 redemisset
824 5354 856 5391 a
887 5337 1191 5409 prmteritis
1238 5338 1329 5393 ille
1363 5337 1623 5409 peccatis,
1679 5341 1873 5392 tamen
1914 5341 2092 5395 sciens

460 5428 654 5503 179
684 5430 892 5485 iterum
920 5448 1084 5503 posse
1111 5447 1365 5503 peccare,
1397 5432 1472 5486 ad
1512 5431 1935 5502 reparationem
1966 5434 2088 5502 sibi,

457 5526 937 5596 quemadmodum
980 5529 1173 5597 posset
1216 5526 1309 5579 ille
1365 5531 1423 5580 et
1464 5531 1594 5596 post
1640 5526 1738 5581 illa
1788 5527 2089 5600 corrigere,

454 5620 635 5673 multa
681 5618 943 5673 servavit.
1002 5618 1350 5682 Quotidiana
1402 5621 1631 5690 praestat
1678 5620 1775 5675 illa
1820 5622 2088 5689 remedia,

458 5713 667 5783 quibus
698 5712 803 5766 nisi
828 5711 961 5766 freti
988 5712 1300 5783 confisique
1326 5713 1593 5782 nitamur,
1623 5716 1942 5770 nullatenus
1967 5716 2087 5770 vin-

456 5822 584 5859 cere
623 5807 908 5860 bumanos
934 5806 1251 5877 poterimus
1279 5823 1516 5863 errores.
1562 5810 1796 5863 Necesse
1827 5813 1908 5863 est
1936 5810 2091 5864 enim

457 5901 519 5953 ut
551 5914 664 5971 quo
702 5898 1010 5954 auxiliante
1034 5898 1285 5969 vicimus,
1317 5916 1383 5955 eo
1411 5901 1619 5957 iterum
1644 5919 1757 5959 non
1785 5902 2091 5975 adjuvante

2192 4688 2249 4737 et
2270 4684 2477 4738 talibus
2497 4683 2746 4754 aliquam
2767 4700 2964 4738 curam
2990 4689 3261 4754 praestare
3282 4683 3630 4753 vulneribus,
3653 4702 3831 4757 quam

2192 4778 2331 4833 solet
2366 4777 2537 4848 lapsis
2569 4794 2697 4831 cum
2728 4777 3067 4849 resipuerint
3096 4781 3152 4831 et
3178 4778 3420 4832 Ecclesia
3450 4795 3568 4832 non
3596 4795 3831 4850 negare,

2192 4875 2256 4925 ut
2291 4888 2323 4925 a
2363 4872 2476 4924 suis
2508 4871 2835 4942 praecipitiis
2859 4871 3013 4925 intra
3039 4870 3182 4925 ovile
3217 4871 3437 4925 Domini
3468 4871 3830 4943 redigantur,

2192 4981 2266 5018 ne
2320 4964 2452 5018 foris
2497 4966 2763 5035 praesenti
2813 4970 2870 5018 et
2908 4969 3062 5019 tanto
3108 4964 3371 5035 praesidio
3418 4982 3450 5018 a
3488 4965 3601 5020 fide
3635 4967 3832 5021 minu-

2192 5058 2367 5113 tionis
2399 5059 2603 5113 exclusi
2636 5058 2903 5130 periculis
2947 5059 3214 5113 omnibus
3248 5062 3625 5130 exponantur,
3659 5062 3829 5116 devo-

2193 5152 2357 5207 randi
2417 5152 2688 5224 luporum
2749 5153 3014 5207 dentibus
3068 5156 3237 5224 atque
3293 5153 3565 5219 vexandi,
3624 5156 3834 5226 quibus

2195 5245 2467 5300 obsistere
2505 5246 2632 5315 hac,
2664 5264 2779 5318 qua
2804 5246 2930 5300 illos
2969 5246 3025 5301 in
3062 5263 3120 5301 se
3152 5246 3527 5313 irritaverant,
3558 5249 3834 5303 doctrinae

2194 5340 2557 5411 perversitate
2583 5358 2698 5394 non
2727 5344 2981 5411 possunt.
3004 5341 3107 5395 Sed
3135 5340 3272 5395 satis
3296 5340 3496 5396 vestris
3521 5342 3761 5397 monitis
3781 5347 3837 5398 et

2194 5434 2271 5488 sic
2300 5435 2435 5488 satis
2466 5433 2892 5488 abundantibus
2914 5439 3117 5489 nostrae
3148 5435 3290 5505 legis
3317 5435 3596 5505 exemplis
3620 5436 3833 5507 proba-

2192 5532 2287 5582 tur
2301 5545 2417 5582 esse
2435 5544 2773 5599 responsum
2787 5570 2799 5594 ,
2814 5544 2916 5582 nec
2930 5529 3245 5600 quidquam
3261 5545 3554 5600 superesse
3567 5530 3832 5599 dicimus,

2191 5622 2348 5693 quod
2365 5621 2650 5687 dicamus;
2669 5638 2797 5675 cum
2819 5622 2959 5677 nihil
2978 5623 3429 5694 praetermissum
3446 5640 3477 5676 a
3491 5624 3670 5693 vobis,
3690 5625 3834 5679 nihil

2193 5717 2414 5770 constat
2442 5731 2560 5769 esse
2583 5733 2952 5787 suppressum
2980 5733 3120 5788 quos
3152 5715 3229 5770 illi
3262 5716 3490 5771 refutati
3520 5722 3575 5771 et
3602 5719 3836 5788 penitus

2193 5813 2611 5881 cognoscantur
2637 5826 2755 5864 esse
2786 5810 3044 5865 convicti.
3079 5809 3209 5865 Ideo
3250 5827 3283 5865 a
3317 5810 3475 5865 nobis
3504 5810 3836 5867 testimonia

2194 5904 2352 5959 nulla
2378 5906 2691 5977 ponuntur,
2715 5902 2851 5978 quia
2874 5906 2933 5959 et
2958 5903 3045 5960 his
3074 5905 3244 5980 plena
3273 5903 3468 5961 relatio
3493 5908 3596 5974 est,
3618 5909 3677 5960 et
3702 5906 3833 5961 satis
