4034 6300
157 321 265 373 729

1414 306 1887 375 DECRETALIUM
1925 318 2316 375 COLLECTIO.

3436 320 3537 378 730

154 430 403 495 constat,
424 430 487 480 ut
507 425 856 481 doctissimos
878 425 1204 481 sacerdotes
1225 429 1428 481 cuncta
1444 426 1671 493 dixisse,
1699 443 1807 481 nec
1828 438 1885 511 Α
1906 430 2285 485 viﬁcabuntur
2330 428 2469 499 (Cor.
2521 445 2614 498 xv,
2644 429 2754 499 22).
2784 450 2812 478 ››
2861 426 2932 484 Ut
2976 444 3115 500 ergo
3162 423 3273 483 alia
3325 429 3540 484 omitta-

160 518 331 573 decet
357 519 587 574 credere
613 536 713 574 vos
733 519 948 591 aliquid
977 519 1130 590 quod
1152 519 1223 574 ad
1245 536 1471 575 causam
1500 519 1677 591 possit
1694 520 1806 573 suf-

156 613 333 667 ﬁcere
350 614 691 684 prieterisse.
711 616 781 668 Et
800 614 916 669 alia
941 630 1142 669 manu:
1173 615 1325 668 Bene
1354 614 1553 681 valete,
1579 614 1802 668 fratres.

196 708 450 777 Epistola
475 708 691 761 concilii
716 709 1027 763 Milevitani
1053 708 1127 762 ad
1152 710 1522 763 Innocentium
1540 724 1766 777 papam.

238 801 483 856 Domino
534 800 881 869 beatissimo,
929 801 1248 873 meritoque
1288 801 1614 869 venerabili,
1663 801 1806 855 etin

158 895 386 949 Christo
417 895 734 949 venerando
762 912 923 966 papae
950 894 1303 965 Innocentio,
1331 895 1585 950 Silvanus
1611 911 1803 962 senex,

158 988 517 1058 Valentinus,
570 988 850 1058 Aurelius,
905 990 1175 1057 Donatus,
1226 989 1560 1057 Restitutus,
1606 987 1801 1045 Lucia-

157 1100 272 1137 nus
306 1125 319 1150 ,
386 1083 641 1153 Alippius
672 1125 685 1151 ,
766 1083 1153 1154 Augustinus,
1226 1083 1580 1151 Placentius,
1644 1083 1806 1138 Seve-

160 1194 282 1245 rus,
300 1179 663 1243 Fortunatus,
688 1177 994 1245 Possidius,
1011 1178 1278 1245 Novatus,
1310 1178 1623 1244 Secundus,
1648 1177 1803 1231 Mau-

160 1270 385 1325 rentius
422 1271 547 1337 Leo,
592 1270 1009 1340 Faustinianus,
1050 1271 1398 1338 Cresconius,
1436 1270 1658 1338 Lucius,
1707 1272 1806 1324 Ho-

161 1364 383 1429 norius,
452 1364 794 1431 Adeodatus,
868 1366 1182 1433 Processus,
1255 1364 1563 1434 Secundus,
1632 1364 1802 1431 Felix,

162 1457 460 1527 Asiaticus,
502 1458 760 1526 Ruﬁnus,
810 1458 1131 1527 Faustinus,
1194 1458 1459 1527 Malchus,
1512 1458 1802 1525 Lictorius,

164 1552 528 1617 Fortunatus,
561 1553 831 1618 Donatus,
864 1551 1191 1621 Pontianus,
1224 1551 1545 1618 Saturnius,
1570 1554 1802 1607 Cresco-

161 1644 318 1713 nius,
358 1644 580 1715 Lucius,
616 1645 914 1713 Honorius,
965 1645 1213 1713 Servius,
1260 1644 1618 1713 Therentius,
1670 1647 1801 1701 Cre-

163 1737 416 1804 sconius,
462 1739 810 1810 Sperantius,
844 1739 1192 1809 Quadratus,
1240 1738 1502 1805 Lucilius,
1538 1738 1801 1804 Sabinus,

162 1832 306 1886 item
350 1832 612 1899 Sabinus,
658 1832 1007 1899 Cresconius,
1053 1832 1265 1899 Victor,
1312 1834 1649 1899 Honoratus,
1691 1810 1882 1886 Do-B

166 1931 356 1995 natus,
397 1928 614 1996 Petrus,
666 1926 985 1995 Prmsidius,
1026 1926 1384 1996 Cresconius,
1444 1925 1806 1997 Lampadius,

165 2020 481 2090 Delphinus
502 2037 569 2075 ex
589 2019 829 2074 concilio
844 2020 1186 2089 Milevitano,
1203 2020 1259 2074 in
1279 2020 1522 2074 Domino
1541 2020 1805 2085 salutem.

237 2114 382 2178 Quia
436 2118 491 2167 te
534 2114 810 2168 Dominus
853 2114 1051 2185 gratiae
1090 2131 1207 2169 sua:
1247 2114 1537 2186 praecipuo
1571 2129 1809 2168 munere

165 2208 227 2261 in
258 2207 394 2262 sede
417 2207 725 2279 apostolica
745 2208 1037 2279 talemque
1065 2207 1276 2262 nostris
1295 2207 1647 2279 temporibus
1666 2224 1808 2278 pra:-

167 2301 329 2369 stitit,
354 2305 416 2356 ut
441 2301 606 2355 nobis
634 2302 821 2372 potius
845 2302 919 2356 ad
949 2302 1178 2373 culpam
1206 2301 1573 2373 negligentiae
1598 2302 1804 2369 valeat,

164 2396 209 2448 si
240 2396 393 2466 apud
424 2400 585 2450 tuam
615 2396 1047 2450 venerationem
1076 2412 1205 2467 quae
1248 2413 1353 2467 pro
1387 2395 1634 2449 Ecclesia
1677 2400 1810 2449 sunt

163 2489 531 2560 suggerenda
558 2489 901 2544 tacuerimus
931 2506 1106 2560 quam
1134 2506 1205 2543 ea
1231 2494 1295 2544 tu
1330 2489 1510 2559 possis
1534 2490 1622 2542 vel
1651 2488 1804 2543 fasti-

165 2583 325 2637 diose
364 2583 453 2637 vel
488 2583 843 2654 negligenter
869 2584 1127 2653 accipere
1167 2582 1392 2653 magnis
1422 2582 1686 2653 periculis
1713 2582 1804 2636 in-

164 2678 465 2730 firmorum
507 2676 897 2731 membrorum
925 2675 1133 2732 Christi
1184 2676 1529 2746 pastoralem
1556 2676 1804 2746 diligen-

164 2770 328 2837 tiam,
362 2786 710 2841 quazsumus,
752 2770 1025 2824 adhibere
1076 2769 1349 2839 digneris.
1404 2770 1554 2823 Nova
1592 2768 1805 2840 quippe

164 2864 404 2918 haeresis
434 2867 492 2918 et
516 2864 759 2918 nimium
805 2863 1124 2935 perniciosa
1155 2866 1339 2917 tentat
1364 2878 1665 2933 assurgere
1695 2862 1803 2916 ini-

163 2960 451 3012 micorum
481 2956 678 3028 gratiae
698 2957 925 3024 Christi,
948 2956 1045 3028 qui
1071 2956 1237 3011 nobis
1264 2955 1618 3010 Dominicam
1638 2956 1808 3011 etiam

166 3051 487 3105 orationem
509 3051 702 3122 impiis
732 3051 1213 3122 disputationibus
1243 3055 1527 3105 conantur
1562 3050 1801 3104 auferre.
1815 3025 1841 3135 ti

166 3147 310 3200 Cum
339 3144 495 3199 enim
516 3144 786 3200 Dominus
813 3145 1095 3201 docuerit:
1135 3144 1408 3199 «Dimitte
1428 3144 1595 3199 nobis
1612 3143 1804 3198 debita
1823 3180 1877 3254 C

167 3245 380 3306 nostra,
427 3239 571 3294 sicut
599 3244 657 3293 et
696 3256 801 3294 nos
830 3239 1167 3295 dimittimus
1208 3238 1559 3294 debitoribus
1594 3238 1802 3292 nostris

169 3334 386 3402 (Matth.
413 3350 488 3399 v1,
526 3334 631 3403 12),
662 3352 690 3384 ››
738 3333 827 3386 isti
859 3333 1056 3387 dicunt
1089 3350 1252 3404 posse
1283 3332 1581 3387 hominem
1610 3332 1667 3385 in
1698 3332 1802 3385 hac

165 3426 300 3494 vita,
332 3427 628 3497 prmceptis
654 3426 752 3480 Dei
767 3426 1029 3498 cognitis,
1058 3426 1130 3481 ad
1154 3430 1373 3481 tantam
1387 3425 1803 3497 perfectionem

158 3520 402 3593 justitiaa
446 3520 570 3574 sine
602 3520 884 3591 adjutorio
912 3521 1110 3591 gratiae
1160 3520 1464 3575 Salvatoris
1490 3536 1595 3591 per
1618 3520 1804 3573 solum

166 3615 364 3670 liberte
390 3615 698 3669 voluntatis
726 3615 1024 3669 arbitrium
1050 3614 1370 3686 pervenire,
1404 3617 1469 3668 ut
1488 3614 1660 3667 etiam
1686 3630 1804 3667 non

170 3710 242 3763 sit
280 3708 668 3764 necessarium
694 3708 906 3778 dicere,
938 3731 965 3759 ‹‹
997 3710 1228 3764 Dimitte
1269 3708 1434 3763 nobis
1467 3708 1658 3763 debita
1702 3725 1801 3762 no-

170 3807 307 3858 stra.
338 3823 365 3855 »
397 3804 540 3858 Illud
566 3820 699 3857 vero
726 3804 879 3875 quod
897 3804 1155 3875 sequitur
1178 3820 1191 3857 :
1225 3826 1251 3853 ‹‹
1282 3804 1359 3857 Nc
1382 3820 1486 3857 nos
1511 3802 1725 3856 inferas
1747 3802 1806 3855 in

169 3898 547 3953 tentationem
597 3898 775 3960 (Ibid.,
834 3898 942 3968 t3),
1004 3918 1031 3946 η
1090 3914 1205 3951 non
1251 3896 1331 3951 ita
1370 3896 1806 3968 intelligendum

169 3998 445 4063 tanquam
473 3990 731 4045 divinum
749 3990 1101 4062 adjutorium
1124 4007 1360 4061 poscere
1382 3990 1710 4057 debeamus,
1734 4006 1806 4044 ne

170 4087 231 4140 in
267 4088 563 4158 peccatum
609 4086 815 4140 tentati
852 4085 1196 4152 decidamus,
1241 4084 1338 4139 sed
1380 4086 1488 4139 hoc
1523 4084 1580 4138 in
1611 4088 1808 4139 nostra

170 4180 418 4253 positum
448 4196 568 4234 esse
598 4182 893 4251 potestate,
924 4183 981 4234 et
1004 4179 1076 4234 ad
1102 4180 1207 4233 hoc
1236 4179 1596 4251 implendum
1628 4178 1808 4233 solam

170 4276 434 4330 sufficere
460 4273 710 4328 hominis
724 4274 1094 4341 voluntatem,
1123 4279 1396 4345 tanquam
1424 4274 1635 4327 frustra
1659 4274 1808 4342 Apo-

172 4371 349 4425 stolus
391 4369 626 4424 dixerit:
659 4392 686 4419 ‹‹
718 4370 840 4423 Non
873 4368 1117 4423 volentis
1155 4385 1343 4438 neque
1369 4366 1667 4435 currentis,
1708 4365 1809 4419 sed

172 4463 493 4519 miserentis
518 4467 603 4518 est
624 4462 720 4518 Dei
752 4466 917 4534 (Rom.
954 4480 1028 4529 ix,
1056 4464 1139 4534 16)
1156 4480 1173 4532 ;
1206 4484 1232 4511 ››
1264 4464 1321 4516 et
1346 4478 1358 4515 :
1384 4484 1410 4510 «
1436 4459 1635 4515 Fidelis
1661 4461 1808 4514 Deus

1908 542 2034 580 mus
2063 540 2190 595 quae
2220 526 2421 579 contra
2466 522 2782 593 Scripturas
2826 525 3052 577 sanctas
3084 513 3540 593 plurima'disse-

1904 624 2057 685 runt,
2087 620 2208 673 haec
2234 618 2467 672 interim
2510 618 2625 672 duo
2664 617 2871 688 quibus
2898 615 3137 670 omnino
3172 619 3359 670 totum
3390 616 3544 687 quod

1905 712 2206 768 Christiani
2265 729 2461 767 sumus
2516 716 2798 767 conantur
2845 715 3118 779 evertere,
3176 727 3301 781 quia
3352 710 3545 765 fidelia

1905 808 2079 862 corda
2105 808 2423 862 sustineant
2446 824 2458 860 :
2491 823 2608 861 non
2622 822 2742 861 esse
2766 805 3090 876 rogandum
3117 805 3317 870 Deum,
3334 807 3397 858 ut
3416 821 3544 858 con-

1905 907 1994 955 tra
2017 901 2230 973 peccati
2260 901 2480 955 malum
2507 904 2681 971 atque
2696 900 2766 955 ad
2793 898 3143 970 operandam
3164 897 3443 968 justitiam
3471 898 3544 953 sit

1907 998 2100 1049 noster
2121 995 2368 1065 adjutor,
2402 998 2459 1049 et
2495 1011 2612 1049 non
2649 993 2913 1064 opitulari
2955 992 3201 1064 parvulis
3231 993 3303 1047 ad
3337 1009 3539 1047 conse-

1905 1089 2190 1160 quendam
2224 1088 2397 1143 vitam
2443 1093 2715 1143 aeternam
2746 1086 3081 1142 Christianas
3122 1086 3322 1156 gratias
3360 1103 3540 1141 sacra-

1904 1186 2183 1237 mentum.
2214 1184 2341 1236 Htec
2361 1182 2716 1236 insinuantes
2738 1180 3046 1252 apostolico
3072 1179 3287 1251 pectori
3309 1183 3405 1234 tuo
3427 1197 3543 1235 non

1904 1276 2189 1331 habemus
2221 1292 2363 1347 opus
2392 1276 2573 1329 multa
2598 1250 2807 1340 dicere,
2851 1279 2907 1329 et
2936 1250 3159 1328 tantam
3186 1273 3542 1344 impietatem
3578 1250 3606 1379 Ι

1905 1386 2280 1441 exaggerare,
2326 1385 2456 1423 cum
2492 1368 2868 1439 proculdubio
2909 1372 2963 1423 te
3003 1367 3109 1421 ista
3145 1373 3537 1438 permoveant,

1902 1468 1969 1517 ut
1994 1465 2064 1517 ab
2100 1464 2182 1518 eis
2225 1462 2601 1534 corrigendis,
2635 1479 2706 1517 ne
2735 1462 2905 1516 latius
2929 1465 3180 1532 serpant,
3219 1460 3542 1531 multosque

1906 1557 2319 1624 contaminent,
2348 1557 2432 1611 vel
2460 1556 2649 1628 potius
2666 1556 3019 1623 interimant,
3036 1555 3174 1609 dum
3190 1554 3292 1609 sub
3312 1554 3543 1609 nomine

1903 1651 2108 1708 Christi
2137 1668 2170 1706 a
2191 1651 2371 1721 gratia
2400 1650 2603 1706 Christi
2627 1649 2853 1721 penitus
2873 1650 3144 1716 alienant,
3168 1649 3402 1703 omnino
3434 1648 3543 1703 dis-

1906 1746 2175 1799 simulare
2189 1762 2303 1799 non
2320 1744 2517 1815 possis.
2527 1745 2566 1798 H
2575 1743 2628 1814 uj
2638 1761 2700 1797 us
2712 1749 2907 1798 autem
2920 1741 3386 1814 perniciosissimi
3397 1757 3548 1797 erro-

1909 1840 1988 1893 ris
2013 1843 2269 1893 auctores
2299 1855 2419 1893 esse
2445 1838 2826 1909 perhibentur
2859 1837 3119 1907 Pelagius
3148 1839 3207 1889 et
3234 1835 3542 1901 Caelestius,

1911 1949 2053 2004 quos
2090 1932 2323 2004 quidem
2372 1932 2430 1986 in
2488 1932 2730 1986 Ecclesia
2778 1930 2971 1984 sanari
3021 1930 3329 1984 maluimus
3370 1945 3547 2001 quam

1911 2026 2206 2097 desperata
2242 2025 2419 2080 salute
2463 2024 2533 2079 ab
2568 2024 2811 2078 Ecclesia
2856 2022 3116 2091 resecari,
3150 2023 3198 2076 si
3239 2023 3544 2077 necessitas

1910 2120 2026 2174 ulla
2051 2119 2375 2190 compellat.
2396 2120 2649 2183 Quorum
2669 2135 2835 2186 unus,
2861 2117 2920 2171 id
2936 2121 3022 2171 est
3039 2116 3347 2183 Caelestius,
3369 2116 3545 2171 etiam

1908 2214 1977 2268 ad
2008 2213 2425 2284 presbyterium
2455 2213 2513 2266 in
2559 2212 2688 2265 Asia
2711 2210 3034 2283 pervenisse
3078 2210 3304 2279 dicitur,
3337 2210 3406 2265 de
3433 2228 3544 2282 quo

1908 2312 2037 2362 ante
2068 2324 2292 2387 paucos‘
2320 2323 2499 2361 annos
2527 2306 2666 2377 quid
2693 2310 2918 2377 gestum
2957 2304 3132 2359 fuerit
3156 2304 3422 2358 sanctitas
3448 2308 3547 2359 tua

1909 2401 1978 2455 de
2002 2400 2438 2471 Carthaginensi
2469 2399 2717 2454 Ecclesia
2749 2398 2949 2453 melius
2999 2399 3332 2452 instruetur.
3383 2399 3542 2452 Pela-

1911 2494 2036 2565 gius
2052 2511 2208 2563 vero,
2241 2494 2383 2548 sicut
2408 2511 2442 2547 a
2467 2492 2806 2564 quibusdam
2839 2492 3107 2547 fratribus
3126 2491 3333 2546 nostris
3360 2491 3546 2545 missae

1907 2590 2219 2659 loquuntur
2259 2587 2535 2657 epistolas,
2566 2586 2961 2657 Hierosolymis
2994 2586 3353 2651 constitutus,
3397 2601 3541 2639 non-

1905 2682 2095 2735 nullos
2125 2682 2319 2736 fallere
2362 2681 2653 2734 asseritur.
2685 2681 3086 2733 Verumtamen
3139 2679 3321 2732 multo
3352 2679 3545 2749 plures

1906 2775 2005 2846 qui
2032 2776 2153 2845 ejus
2185 2791 2381 2829 sensus
2408 2774 2741 2844 diligentius
2767 2772 3043 2845 indagare
3077 2776 3408 2843 potuerunt,
3442 2772 3541 2825 ad-

1906 2885 2101 2923 versus
2132 2885 2262 2922 eum
2293 2885 2395 2939 pro
2420 2867 2624 2922 Christi
2656 2867 2857 2937 gratia,
2892 2870 2949 2920 et
2978 2865 3267 2919 catholicae
3289 2864 3424 2919 fidei
3450 2881 3543 2918 ve-

1907 2962 2075 3017 ritate
2116 2962 2451 3033 conﬂigunt,
2487 2961 2587 3015 sed
2632 2961 2919 3032 prascipue
2946 2963 3176 3014 sanctus
3215 2959 3362 3012 ﬁlius
3395 2964 3543 3025 tuus,

1906 3056 2107 3125 frater,
2156 3059 2212 3111 et
2261 3055 2692 3127 compresbyter
2745 3060 2938 3109 noster
2985 3053 3385 3124 Hieronymus.
3441 3053 3547 3107 Sed

1906 3150 2273 3215 arbitramur,
2295 3150 2597 3220 adjuvante
2630 3147 3017 3203 misericordia
3050 3146 3279 3203 Domini
3318 3146 3411 3200 Dei
3440 3163 3545 3200 no-

1904 3244 2002 3297 stari
2049 3246 2180 3299 Jesu
2236 3243 2462 3309 Christi,
2516 3260 2644 3313 quae.
2689 3248 2745 3296 te
2789 3258 2990 3312 regere
3046 3242 3434 3295 consulentem
3492 3246 3549 3295 et

1903 3343 2163 3392 orantem
2201 3337 2469 3391 exaudire
2499 3336 2831 3405 dignitatur,
2883 3334 3207 3389 auctoritati
3240 3334 3547 3389 sanctitatis

1904 3436 2017 3485 tua),
2036 3429 2105 3485 de
2125 3432 2277 3485 claro
2293 3429 2710 3501 Scripturarum
2727 3429 2942 3482 lumine
2958 3428 3310 3499 depromptae
3324 3427 3548 3482 facilius

1904 3542 2003 3579 eos
2020 3525 2119 3596 qui
2139 3530 2258 3579 tam
2284 3540 2549 3595 perversa
2576 3526 2631 3577 et
2658 3527 2772 3577 tam
2799 3521 3117 3593 perniciosa
3143 3521 3398 3575 sentiunt
3425 3538 3546 3577 esse

1905 3636 2179 3685 cessuros,
2205 3623 2267 3672 ut
2292 3618 2362 3671 de
2392 3616 2737 3672 correctione
2765 3616 2950 3687 potius
2975 3632 3169 3670 eorum
3194 3615 3548 3685 gratulemur

1906 3730 2076 3785 quam
2131 3712 2535 3767 contristamur
2587 3710 2841 3778 interitu,
2900 3709 3133 3765 domine
3196 3708 3545 3764 beatissime.

1905 3806 2230 3872 Quamlibet
2272 3809 2463 3860 autem
2494 3804 2600 3876 ipsi
2646 3805 2859 3874 eligant
2894 3807 3048 3858 certe
3078 3803 3165 3858 vel
3196 3802 3334 3857 alios
3360 3802 3545 3875 pluri-

1906 3918 2031 3955 mos
2051 3917 2191 3971 quos
2207 3905 2459 3972 possunt,
2484 3899 2529 3953 si
2556 3899 2625 3953 ab
2651 3897 2732 3953 eis
2753 3898 3161 3965 dissimulatur,
3193 3897 3307 3951 suis
3327 3896 3548 3969 laqueis

1906 3994 2220 4065 implicare,
2249 3994 2433 4049 cernit
2456 3991 2856 4048 venerabilitas
2887 3995 2984 4046 tua
3009 3991 3287 4046 instanter
3318 3995 3377 4045 et
3401 3992 3545 4047 cele-

1908 4089 2047 4144 riter
2061 4089 2501 4160 providendum.
2531 4090 2657 4142 Hazc
2674 4087 2747 4141 ad
2768 4087 3125 4141 sanctitatem
3151 4092 3311 4141 tuam
3328 4086 3397 4141 de
3419 4103 3550 4142 cons

1907 4183 2033 4237 cilio
2060 4182 2336 4237 Numidite
2366 4182 2574 4253 scripta
2617 4182 2952 4245 direximus,
2981 4180 3274 4235 imitantes
3318 4181 3545 4236 Cartha-

1908 4277 2207 4347 ginensem
2253 4276 2560 4330 Ecclesiam
2616 4278 2672 4329 et
2724 4274 3189 4343 Carthaginensis
3240 4274 3548 4345 provincias

1910 4370 2274 4441 coepiscopos
2319 4372 2537 4423 nostros
2590 4385 2730 4438 quos
2788 4369 2858 4422 ad
2908 4368 3105 4422 sedem
3150 4366 3545 4438 apostolicam,

1909 4480 2084 4535 quam
2110 4462 2310 4516 beatus
2341 4462 2589 4515 illustras
2620 4461 2689 4515 de
2716 4461 2820 4514 hac
2865 4478 3033 4515 causa
3063 4461 3349 4532 scripsisse
3399 4477 3548 4515 com-

174 4559 269 4630 qui
303 4576 403 4613 vos
431 4575 547 4613 non
572 4558 851 4629 permittit
867 4557 1076 4611 tentari
1101 4572 1272 4627 super
1297 4556 1356 4609 id
1382 4554 1534 4626 quod
1550 4555 1805 4626 potestis,
1827 4560 1886 4633 D
1910 4556 2184 4629 perimus.
2207 4558 2275 4611 Et
2295 4557 2409 4610 alia
2434 4572 2636 4609 manu:
2658 4555 2871 4609 Memor
2892 4556 3069 4609 nostri
3096 4555 3151 4608 in
3184 4554 3404 4608 Domini
3426 4571 3549 4625 gra-

176 4652 274 4706 sed
300 4652 468 4707 faciet
512 4668 645 4706 cum
675 4651 985 4706 tentatione
1016 4651 1186 4705 etiam
1215 4649 1454 4715 exitum,
1498 4651 1555 4701 ut
1584 4647 1807 4718 possitis

174 4746 455 4801 sustinere
495 4745 543 4815 (Ι
583 4748 701 4804 Cor.
741 4762 796 4813 Χ,
846 4747 951 4815 t3).
997 4736 1299 4815 »",Frustra
1337 4742 1490 4797 enim
1532 4741 1806 4795 Dominus

177 4840 383 4896 dixerit
410 4841 669 4911 apostolo
696 4841 890 4895 Petro:
936 4862 963 4889 ‹‹
995 4816 1207 4910 Βδςίινί
1238 4855 1340 4908 pro
1378 4841 1455 4905 te,
1488 4852 1559 4890 ne
1587 4835 1810 4889 deficiat

177 4934 318 4989 fides
344 4937 443 4989 tua
471 4933 614 4996 (Luc.
659 4950 790 5001 χιιι,
822 4935 931 5004 32),
968 4955 994 4982 ››
1033 4936 1090 4987 et
1115 4932 1382 4987 omnibus
1411 4930 1554 4985 suis:
1591 4951 1617 4980 ‹‹
1649 4928 1806 5000 Vigi-

175 5030 287 5083 late
313 5030 372 5084 et
402 5031 581 5097 orate,
616 5044 686 5083 ne
722 5026 943 5083 intretis
976 5028 1037 5082 in
1076 5027 1439 5081 tentationem
1469 5025 1656 5096 (Marc.
1698 5040 1808 5091 XIV,

178 5126 287 5194 38).
316 5144 344 5174 »
379 5123 438 5179 Si
468 5124 576 5177 hoc
614 5126 797 5177 totum
828 5128 913 5177 est
949 5122 1245 5194 potestatis
1287 5121 1577 5188 humanae,
1605 5136 1812 5190 pueros

179 5233 410 5289 quoque
431 5218 696 5289 parvulos
709 5218 755 5272 si
776 5217 948 5272 nullis
974 5216 1300 5271 imbuantur
1328 5214 1662 5271 Christianae
1688 5232 1815 5285 gra-

178 5312 274 5367 ῐὶεξε
318 5311 682 5367 sacramentis
722 5311 1009 5366 habituros
1050 5308 1222 5365 vitam
1269 5313 1563 5377 aeternam,
1592 5326 1811 5379 nequa-

179 5423 354 5478 quam
368 5405 688 5461 Christiana
705 5404 1154 5476 praesumptione
1169 5403 1817 5469 contendunt,evacuan—

180 5503 265 5553 tes
292 5499 449 5573 quod
473 5499 609 5554 dicit
626 5499 956 5570 Apostolus:
984 5519 1009 5546 ‹‹
1049 5499 1152 5551 Per
1182 5514 1355 5551 unum
1377 5496 1672 5551 hominem
1694 5513 1817 5567 pec-

182 5600 374 5649 catum
403 5593 634 5648 intravit
668 5593 725 5648 in
753 5592 1060 5659 mundum,
1095 5597 1152 5645 et
1183 5608 1287 5662 per
1315 5594 1609 5663 peccatum
1638 5607 1813 5658 mors,

185 5692 241 5743 et
264 5688 345 5744 ita
373 5689 432 5743 in
461 5704 658 5743 omnes
701 5686 959 5743 homines
985 5685 1330 5757 pertransiit,
1364 5685 1422 5740 in
1470 5702 1582 5758 quo
1620 5702 1818 5740 omnes

186 5786 571 5855 peccaverunt
609 5784 773 5853 (Rom.
808 5798 857 5850 v,
889 5782 972 5853 2);
1006 5802 1033 5830 η
1069 5783 1127 5835 et
1165 5779 1275 5835 alio
1322 5781 1478 5835 loco:
1516 5802 1543 5831 «
1572 5779 1727 5835 Sicut
1760 5779 1821 5834 in

188 5877 366 5934 Adam
388 5893 591 5934 omnes
622 5876 967 5948 moriuntur,
996 5875 1075 5931 sic
1106 5877 1165 5931 et
1187 5874 1247 5929 in
1268 5874 1490 5931 Christo
1517 5890 1716 5930 omnes
1736 5873 1817 5929 vi-

1907 4651 1985 4705 tia
2014 4649 2296 4721 augearis,
2326 4648 2555 4703 domine
2578 4648 2919 4715 beatissime,
2945 4648 3149 4703 merito
3179 4646 3543 4717 venerabilis,

1907 4749 1963 4798 et
1987 4744 2049 4798 in
2075 4743 2295 4799 Christo
2323 4742 2680 4811 honorande,
2711 4742 3061 4796 sanctissime
3090 4759 3259 4814 papa.

1908 4863 2244 4931 Rescriptum
2304 4862 2604 4916 Innocentii
2648 4875 2810 4929 papa:
2846 4860 2919 4913 ad
2971 4861 3350 4914 Milevitanum
3406 4860 3547 4916 Con-

2632 4931 2835 4985 cilium.

1986 5028 2343 5083 [NNOCENTIUS
2388 5024 2629 5081 Summo
2679 5023 2822 5092 seni,
2875 5023 3204 5093 VALENTINO,
3240 5026 3297 5077 et
3328 5025 3550 5079 caeteris

1912 5121 2010 5192 qui
2058 5121 2117 5175 in
2140 5120 2461 5175 Milevitana
2498 5118 2715 5190 synodo
2746 5117 3133 5185 interfuerint,
3167 5117 3551 5174 dilectissimis

1915 5216 2205 5286 fratribus,
2234 5215 2292 5269 in
2317 5213 2558 5269 Domino
2590 5212 2850 5267 salutem.

1986 5312 2139 5364 Inter
2190 5313 2419 5363 caeteras
2474 5306 2729 5362 Ecclesiae
2778 5307 3052 5361 Romanae
3103 5322 3269 5361 curas
3322 5312 3380 5363 et
3408 5326 3550 5381 apo-

1915 5403 2129 5457 stolicae
2170 5401 2318 5456 sedis
2360 5401 2754 5473 occupationes
2783 5400 2989 5471 quibus
3026 5400 3376 5458 diversorum
3417 5420 3555 5458 cons

1916 5497 2062 5551 sulta
2121 5496 2253 5550 fidei
2328 5512 2393 5549 ac
2453 5495 2675 5549 modica
2744 5494 3151 5566 disceptatione
3227 5501 3550 5561 tractamus,

1915 5590 2089 5644 frater
2171 5593 2228 5644 et
2282 5588 2646 5659 coepiscopus
2734 5592 2925 5643 noster
2985 5589 3163 5644 Julius
3237 5589 3556 5644 dilectionis

1919 5688 2119 5739 vestrae
2173 5684 2412 5750 litteras,
2458 5699 2598 5754 quas
2642 5700 2710 5738 ex
2763 5683 3083 5739 Milevitano
3127 5688 3321 5737 nostra
3370 5688 3556 5737 aucto-

1920 5779 2087 5834 ritate
2132 5777 2367 5833 concilio
2411 5793 2546 5831 cura
2577 5777 2711 5832 fidei
2748 5776 3118 5849 propensiore
3165 5774 3417 5842 misistis,
3448 5778 3553 5831 mi-

1921 5874 1981 5930 hi
2030 5873 2399 5946 in0pinanter
2449 5871 2707 5945 ingessit,
2738 5867 3200 5941 Carthaginensis
3250 5869 3428 5926 etiam
3462 5888 3555 5947 sy.
3588 5908 3591 5917 .
