4034 6296
476 333 574 388 731

1379 326 1664 384 APPEND.
1707 325 1794 381 AD
1830 320 1995 382 SEC.
2034 326 2123 382 IX.
2151 355 2221 367 -—
2259 322 2501 383 lSlDORI
2539 321 2965 385 MERCATORIS

3755 332 3861 386 732

472 440 611 495 nodi
625 438 874 512 querela
889 436 1081 513 parilis
1100 436 1305 508 scripta
1325 436 1446 507 subj
1459 452 1698 506 ungens.
1718 434 1999 488 Nimirum
2022 451 2119 488 ex-
2138 448 2198 520 Α
2219 434 2494 505 despicias
2540 451 2655 504 me,
2686 437 2830 489 Deus
2872 434 3136 489 salutaris
3166 449 3329 491 meus
3358 438 3503 505 (Psal
3535 452 3691 505 xxvr,
3722 441 3797 508 9).
3832 459 3860 487 »

478 534 652 589 sultat
680 534 928 589 Ecclesia
948 536 1164 593 tantam
1191 529 1628 585 sollicitudinem
1659 528 1977 583 commissis
1997 544 2120 599 gre-

479 627 644 699 gibus
659 629 928 682 exhibere
940 629 1282 698 pastores,ut
1297 640 1416 679 non
1430 623 1615 678 solum
1633 622 1928 677 neminem
1943 639 2015 676 ex
2029 622 2119 675 his

478 721 771 791 patiantur
802 738 1010 788 errare,
1040 720 1136 775 sed
1164 719 1209 773 si
1241 735 1381 791 quas
1406 717 1590 789 magis
1625 716 1815 771 ovium
1842 716 2120 770 obscaena

479 814 866 869 delectationis
883 814 1062 870 herba
1078 812 1322 881 seduxit,
1347 829 1410 866 ac
1430 811 1477 866 si
1502 812 1561 865 in
1584 826 1774 866 errore
1795 825 2122 881 permanse-

476 907 611 977 rint,
655 911 756 963 aut
779 908 1075 980 segregari
1114 906 1341 979 penitus
1367 905 1560 974 velint,
1595 909 1695 959 aut
1727 903 1917 958 illicite
1944 902 2122 974 petita

482 1000 723 1056 vitantes
753 1001 994 1069 dudum,
1027 1000 1299 1057 custodia
1332 999 1588 1072 pristina
1617 997 2120 1069 circumspectione

487 1095 679 1163 tutari,
710 1094 769 1149 in
795 1098 1039 1167 utraque
1066 1098 1226 1167 parte
1251 1094 1513 1148 videlicet
1536 1092 1914 1158 consulentes,
1943 1107 2015 1145 ne
2035 1090 2122 1145 vel

479 1188 834 1259 suscipiendo
860 1190 1004 1243 tales
1047 1188 1220 1243 simili
1266 1190 1487 1242 catera
1536 1186 1816 1241 ducantur
1840 1185 2118 1256 exemplo,

477 1283 565 1335 vel
598 1283 919 1353 spernendo
947 1283 1253 1338 redeuntes
1286 1282 1556 1352 luporum
1580 1280 1864 1334 morsibus
1890 1279 2119 1333 videan-

478 1379 572 1430 tur
617 1377 876 1448 ingesta.
919 1377 1176 1431 Prudens
1215 1375 1525 1429 admodum
1576 1377 1635 1428 et
1676 1373 1962 1428 catholica
1992 1372 2121 1427 ﬁdei

478 1470 651 1542 plena
694 1470 1123 1525 consultationis
1163 1471 1442 1524 voluntas.
1488 1467 1623 1532 Quis
1667 1468 1819 1522 enim
1854 1470 1954 1520 aut
1978 1466 2120 1521 tole-

478 1580 608 1619 rare
635 1563 809 1635 possit
830 1569 1138 1631 errantem,
1167 1566 1266 1617 aut
1283 1579 1399 1617 non
1426 1562 1681 1633 recipere
1701 1559 2123 1631 corrigentem?

480 1658 623 1712 Nam
654 1662 716 1713 ut
741 1658 949 1713 durum
978 1657 1227 1712 arbitror
1256 1655 1677 1712 conniventiam
1704 1654 1961 1727 prabere
1988 1669 2120 1725 pec-

481 1751 759 1821 cantibus,
811 1751 887 1806 ita
937 1750 1183 1822 impium
1225 1750 1422 1821 judico
1460 1766 1697 1804 manum
1751 1764 1963 1819 negare
1988 1763 2120 1801 con-

2217 529 2353 592 Qna
2378 528 2665 583 incassum
2706 529 2932 596 dixerit,
2967 529 3013 583 si
3042 532 3270 584 tantum
3298 530 3359 585 in
3387 530 3511 601 ejus
3548 534 3675 585 erat
3707 532 3864 602 posi-

2219 625 2344 675 tum
2374 622 2680 692 voluntate,
2704 623 2859 693 quod
2874 640 2906 677 a
2926 622 3170 677 Domino
3187 622 3364 678 ﬂebili
3380 639 3645 678 sermone
3668 640 3867 695 posce-

2218 717 2335 770 bat.
2364 716 2499 779 Quae
2532 731 2663 769 cum
2707 716 2787 771 ita
2813 716 2944 785 sint,
2978 733 3227 788 cumque
3272 717 3331 771 in
3364 717 3631 773 omnibus
3657 717 3865 773 divinis

2221 809 2444 880 paginis
2469 809 2746 864 voluntati
2782 809 2974 864 libera
3004 810 3235 865 nonnisi
3267 811 3618 882 adjutorium
3647 812 3752 867 Dei
3782 812 3863 867 le-

2221 924 2428 979 gamus
2459 924 2575 962 esse
2603 907 2972 977 nectendum,
2993 924 3235 981 eamque
3263 908 3403 963 nihil
3431 926 3598 981 posse
3625 910 3867 965 coelesti-

2222 1003 2329 1056 bus
2363 1001 2642 1073 praesidiis
2674 1001 3025 1070 destitutam,
3067 1019 3318 1074 quonam
3365 1004 3539 1058 modo
3588 1004 3728 1059 huic
3761 1004 3866 1059 soli

2221 1095 2646 1167 possibilitatem
2672 1094 2818 1149 hanc
2848 1095 3239 1167 pertinaciter,
3273 1102 3336 1151 ut
3358 1097 3625 1166 asseritis,
3662 1097 3864 1153 defen-

2222 1190 2417 1262 dentes
2447 1188 2690 1258 sibimet,
2719 1189 2857 1258 imo,
2903 1190 3055 1260 quod
3088 1193 3175 1244 est
3203 1189 3451 1262 dignius,
3486 1191 3676 1246 dolori
3705 1208 3864 1246 com-

2220 1257 2570 1380 muni.\Nam
2598 1282 2858 1354 plurimis
2891 1257 3152 1355 Pelagius
3190 1257 3588 1356 Ca'lestiusque
3626 1302 3863 1357 persua-

2223 1378 2380 1446 dent,
2427 1376 2759 1431 'multifariis
2822 1376 3090 1448 equidem
3148 1378 3219 1433 ad
3286 1377 3691 1434 instruendum
3757 1380 3867 1434 tale

2220 1470 2618 1541 magisterium
2657 1471 2742 1524 uti
2780 1486 3071 1541 possemus
3108 1471 3401 1543 exemplis,
3438 1472 3548 1526 nisi
3591 1472 3867 1527 sciremus

2224 1567 2282 1619 et
2310 1564 2662 1619 sanctitatem
2685 1571 2926 1618 vestram
2950 1565 3021 1619 ad
3051 1565 3287 1635 plenum
3316 1565 3638 1637 Scripturas
3666 1583 3869 1621 omnes

2223 1658 2385 1726 scire,
2431 1657 2773 1728 intelligere,
2809 1658 3031 1725 callere,
3071 1658 3292 1713 divinas
3331 1660 3689 1730 prasertim,
3733 1676 3871 1714 cum

2222 1754 2410 1805 vestra
2432 1750 2630 1805 relatio
2654 1750 2824 1806 tantis
2852 1768 2918 1806 ac
2938 1751 3146 1806 talibus
3174 1752 3515 1807 testimoniis
3541 1753 3614 1808 sit
3632 1754 3866 1825 referta,

480 1844 679 1899 versis.
709 1844 1025 1916 Diligenter
1049 1860 1188 1916 ergo
1216 1847 1274 1898 et
1301 1859 1555 1915 congrue
1574 1842 1865 1913 apostolici
1885 1839 2126 1896 consuli-
2144 1827 2202 1899 Β
2225 1848 2292 1899 ut
2320 1844 2407 1899 his
2433 1845 2567 1899 solis
2590 1846 2776 1899 valeat
2798 1861 3049 1916 praesens
3078 1846 3291 1917 dogma
3313 1846 3582 1916 rescindi,
3602 1864 3867 1919 opusque

483 1938 556 1992 tis
594 1938 829 1992 honoris
875 1954 1099 1993 arcana.
1147 1938 1409 2007 Honoris,
1458 1937 1714 2008 inquam,
1761 1934 1911 1989 illius
1952 1951 2125 2006 quem

482 2037 695 2102 prater
724 2032 820 2086 illa
863 2036 996 2087 sunt
1025 2031 1396 2101 extrinsecus,
1428 2030 1743 2085 sollicitudo
1781 2034 1974 2084 manet
2002 2045 2123 2083 om-

484 2124 644 2180 nium
669 2126 1037 2181 ecclesiarum
1067 2142 1236 2197 super
1251 2125 1428 2180 anxiis
1445 2124 1613 2180 rebus
1632 2141 1759 2196 qua
1786 2124 1857 2177 sit
1879 2124 2127 2179 tenenda

482 2219 784 2274 sententia.
833 2219 1098 2291 Antiqua
1144 2216 1354 2274 scilicet
1401 2220 1619 2290 regula
1667 2219 1915 2273 formam
1947 2217 2126 2272 secuti

485 2329 663 2384 quam
692 2316 814 2368 toto
854 2330 1079 2385 semper
1110 2313 1182 2368 ab
1220 2313 1354 2368 orbe
1380 2329 1607 2367 mecum
1634 2312 1813 2367 nostis
1857 2328 1976 2366 esse
2007 2328 2122 2366 ser-

484 2410 693 2477 vatam,
727 2423 927 2462 verum
954 2409 1078 2461 hac
1102 2407 1277 2462 missa
1301 2406 1467 2462 facio.
1497 2407 1691 2478 Neque
1716 2406 1873 2461 enim
1890 2406 2012 2460 hac
2037 2422 2128 2461 ve-

481 2502 658 2555 stram
685 2501 855 2556 credo
879 2501 1058 2556 latere
1083 2501 1471 2572 prudentiam,
1499 2500 1599 2572 qui
1625 2500 1686 2555 id
1711 2500 1884 2555 etiam
1905 2500 2125 2554 actione

478 2594 767 2662 ﬁrmastis,
818 2594 927 2649 nisi
956 2594 1200 2650 scientes
1248 2595 1397 2667 quod
1429 2610 1533 2665 per
1574 2610 1771 2649 omnes
1810 2593 2125 2665 provincias

485 2688 554 2743 de
580 2688 893 2760 apostolico
911 2689 1066 2743 fonte
1092 2689 1418 2760 petentibus
1445 2705 1715 2759 responsa
1735 2703 1961 2758 semper
1976 2703 2127 2742 ema-

485 2792 668 2837 nent:
711 2782 1029 2853 prasertim
1068 2782 1289 2854 quoties
1335 2782 1468 2837 ﬁdei
1505 2782 1648 2836 ratio
1674 2782 1993 2849 mutilatur,
2032 2798 2122 2835 ar-

485 2874 666 2929 bitror
710 2891 907 2930 omnes
963 2876 1170 2931 fratres
1212 2878 1269 2930 et
1310 2876 1671 2947 coepiscopos
1712 2881 1958 2945 nostros,
2009 2890 2126 2929 non

486 2967 599 3022 nisi
626 2967 701 3022 ad
740 2970 994 3036 Petrum,
1029 2968 1089 3023 id
1125 2973 1229 3037 est,
1262 2969 1347 3023 sui
1375 2969 1623 3023 nominis
1649 2972 1707 3024 et
1742 2969 1990 3037 honoris,
2032 2985 2127 3023 au-

486 3066 706 3117 ctorem
730 3063 946 3116 referre
976 3063 1204 3133 debere,
1237 3063 1391 3118 velut
1419 3079 1573 3118 nunc
1604 3063 1799 3119 retulit
1825 3067 2007 3119 vestra
2036 3063 2123 3118 di-

489 3160 652 3215 lectio
683 3160 839 3231 quod
865 3176 968 3232 per
994 3163 1182 3216 totum
1206 3162 1488 3217 mundum
1517 3161 1697 3233 possit
1721 3161 1976 3217 Ecclesiis
2000 3178 2121 3215 om-

487 3252 657 3308 nibus
686 3254 747 3308 in
777 3272 1081 3310 commune
1110 3255 1396 3327 prodesse.
1426 3256 1587 3310 Fiant
1602 3256 1758 3311 enim
1785 3272 2012 3311 necesse
2039 3259 2127 3310 est

485 3348 787 3418 cautiores,
837 3366 967 3404 cum
998 3349 1323 3405 inventores
1352 3351 1635 3405 malorum
1662 3351 1735 3405 ad
1767 3349 2004 3422 duplicis
2032 3366 2121 3404 re-

483 3441 755 3498 lationem
786 3444 985 3516 synodi
1030 3444 1328 3500 sententia
1360 3447 1568 3499 nostra
1616 3444 1841 3499 statutis
1879 3443 2126 3499 viderint

485 3536 555 3592 ab
585 3538 961 3594 ecclesiastica
987 3538 1396 3594 communione
1423 3539 1728 3610 sejunctos.
1755 3537 1989 3594 Gemino
2011 3537 2122 3608 igi-

484 3636 580 3686 tur
605 3632 755 3687 bono
776 3632 1023 3688 charitas
1049 3638 1235 3687 vestra
1262 3633 1558 3704 fungetur,
1596 3649 1732 3687 nam
1761 3635 1818 3687 et
1843 3648 2125 3687 canonum

484 3726 784 3797 potiemini
817 3726 1002 3798 gratia
1032 3730 1405 3793 servatorum,
1435 3732 1492 3782 et
1523 3726 1800 3781 beneﬁcio
1825 3730 2008 3782 vestro
2036 3729 2122 3780 to-

483 3826 576 3875 tus
626 3820 779 3875 orbis
820 3820 1120 3874 tutabitur.
1165 3822 1300 3884 Quis
1340 3821 1495 3874 enim
1537 3821 1941 3875 catholicorum
1994 3837 2124 3875 cum

490 3913 830 3967 adversariis
873 3913 1081 3967 Christi
1132 3914 1266 3967 velit
1326 3914 1561 3967 ulterius
1622 3914 1860 3968 miscere
1907 3931 2121 3973 sermo-

485 4008 668 4060 nem?
709 4006 844 4070 Quis
870 4007 1070 4060 saltem
1102 4006 1287 4078 ipsam
1330 4007 1458 4062 vitae
1483 4008 1671 4061 lucem
1719 4009 2123 4063 communione

486 4099 684 4171 partiri
717 4116 876 4154 nova
904 4100 1188 4155 hareseos
1205 4100 1481 4155 nimirum
1510 4101 1809 4172 fugiantur
1826 4103 2125 4157 auctores?

486 4191 633 4256 Quid
662 4192 816 4247 enim
839 4191 1096 4248 acerbius
1123 4195 1183 4248 in
1213 4193 1517 4249 Dominum
1554 4195 1769 4267 ﬁngere
1795 4199 2121 4268 potuerunt,

485 4302 655 4359 quam
701 4304 829 4342 cum
874 4287 1158 4359 adjutoria
1202 4288 1396 4343 divina
1433 4292 1736 4358 cessarent,
1786 4307 2125 4363 causamque

485 4381 832 4454 quotidiana
874 4380 1217 4454 precationis
1260 4384 1596 4439 auferrent?
1627 4385 1739 4439 Hoc
1781 4390 1867 4439 est
1897 4385 2123 4441 dicere:

483 4476 597 4530 Cur
623 4475 764 4529 mihi
806 4492 947 4547 opus
973 4476 1141 4531 Deo?
1169 4477 1366 4531 Merito
1404 4478 1461 4531 in
1501 4478 1606 4532 hos
1636 4477 1807 4533 David
1842 4478 2125 4550 hymnum

2144 3200 2200 3275 C

2226 1955 2340 1993 non
2385 1955 2505 1993 esse
2548 1938 2876 2009 recognitis,
2925 1955 3056 1994 cum
3086 1938 3175 1994 his
3223 1940 3324 2011 qui
3348 1940 3515 1995 facile
3567 1941 3727 1995 vobis
3769 1958 3867 1995 oc-

2225 2031 2508 2088 currentia
2531 2032 2813 2104 posuistis,
2842 2049 2945 2088 nec
2963 2033 3207 2088 audeant
3227 2033 3474 2105 obviare,
3497 2051 3601 2089 nec
3622 2035 3867 2106 possint.

2225 2127 2372 2198 Ergo
2386 2126 2481 2181 Dei
2501 2126 2743 2197 gratiam
2761 2130 3046 2182 conantur
3058 2128 3285 2182 auferre
3295 2144 3490 2199 ,quam
3513 2145 3750 2183 necesse
3762 2134 3868 2197 est,

2226 2220 2403 2275 etiam
2433 2220 2693 2275 instituta
2720 2224 2898 2276 status
2931 2220 3157 2292 pristini
3195 2220 3459 2277 libertate
3496 2238 3867 2293 quaramus:

2225 2314 2433 2386 quippe
2461 2330 2564 2368 nec
2579 2314 2715 2369 alias
2742 2314 2954 2369 diaboli
2974 2315 3286 2382 machinas,
3319 2315 3428 2369 nisi
3447 2316 3647 2371 eadem
3674 2334 3871 2387 possu-

2224 2424 2352 2462 mus
2374 2408 2614 2478 juvante
2643 2409 2819 2462 vitare
2850 2425 2863 2474 ;
2897 2408 3035 2463 illud
3070 2425 3201 2463 vero
3227 2408 3384 2480 quod
3411 2425 3505 2463 eos
3537 2414 3728 2465 vestra
3750 2410 3867 2464 fra-

2224 2501 2460 2556 ternitas
2476 2502 2672 2557 asserit
2697 2501 3004 2573 pradicare
3030 2503 3289 2573 parvulos
3307 2507 3539 2558 aterna
3562 2504 3697 2558 vita
3723 2521 3869 2575 pra-

2226 2594 2355 2649 miis
2386 2595 2597 2667 absque
2625 2596 2976 2666 baptismatis
3006 2597 3191 2667 gratia
3220 2612 3386 2668 posse
3413 2597 3635 2665 donari,
3674 2599 3861 2669 perfa-

2226 2692 2391 2744 tuum
2403 2692 2516 2744 est:
2537 2708 2563 2741 «
2581 2689 2695 2743 Nisi
2716 2689 2871 2744 enim
2891 2691 3370 2746 manducaveriut
3380 2708 3608 2746 carnem
3624 2692 3750 2745 Filii
3770 2693 3870 2746 lio-

2225 2782 2398 2837 minis
2418 2787 2474 2837 et
2484 2783 2736 2838 biberint
2753 2784 3089 2856 sanguinem
3102 2784 3243 2856 ejus,
3257 2802 3371 2840 non
3386 2784 3679 2840 habebunt
3690 2785 3870 2841 vitam

2228 2878 2286 2931 in
2319 2877 2640 2948 semetipsis
2666 2878 2839 2948 (Joan.
2869 2895 2943 2947 v1,
2974 2879 3079 2949 54).
3117 2899 3143 2927 ››
3177 2880 3283 2943 Qui
3307 2883 3500 2933 autem
3526 2880 3678 2934 hanc
3700 2879 3758 2933 in
3789 2880 3870 2934 eis

2227 2971 2347 3025 sine
2366 2971 2821 3042 ‘regeneratione
2849 2972 3187 3043 defendunt,
3214 2972 3478 3028 videntur
3506 2973 3651 3027 milii
3680 2974 3871 3045 ipsum

2224 3065 2574 3137 baptismum
2602 3066 2741 3121 velle
2772 3082 3009 3135 cassare,
3033 3082 3165 3120 cum
3193 3066 3504 3138 pradicant
3530 3067 3635 3121 hos
3653 3067 3714 3121 id
3743 3085 3872 3139 gra-

2226 3159 2320 3213 tia
2368 3159 2576 3214 habere
2604 3159 2759 3231 quod
2785 3161 2845 3215 in
2874 3161 2952 3216 eis
2995 3161 3236 3215 credunt
3266 3161 3494 3216 nonnisi
3519 3161 3869 3232 baptismate

2227 3254 2659 3309 conferendum.
2691 3254 2748 3309 Si
2770 3270 2908 3325 ergo
2939 3254 3083 3309 nihil
3112 3254 3311 3309 volunt
3342 3254 3591 3323 ofﬁcere,
3624 3271 3742 3309 non
3774 3272 3867 3309 re-

2226 3346 2398 3417 nasci,
2426 3348 2713 3403 fateantur
2744 3364 2974 3404 necesse
3001 3353 3085 3404 est
3102 3365 3207 3403 nec
3234 3348 3685 3420 regenerationis
3713 3365 3871 3403 sacra

2224 3442 2435 3496 ﬂuenta
2463 3442 2752 3513 prodesse.
2787 3444 2994 3498 Verum
3022 3445 3085 3496 ut
3114 3442 3537 3514 superﬂuarum
3562 3443 3869 3498 hominum

2224 3553 2403 3608 prava
2426 3536 2686 3591 doctrina
2716 3537 2888 3590 celeri
2918 3536 3173 3592 veritatis
3212 3536 3387 3608 possit
3414 3535 3637 3592 ratione
3665 3538 3867 3592 distin-

2227 3629 2345 3701 gui,
2374 3630 2687 3701 proclamat
2724 3630 3000 3686 Dominus
3022 3630 3083 3686 in
3114 3630 3419 3703 Evangelio
3447 3631 3678 3686 dicens:
3727 3653 3756 3682 ‹‹
3783 3631 3868 3688 Si-

2224 3723 2340 3779 nite
2381 3723 2644 3792 infantes,
2675 3729 2731 3779 et
2759 3724 2931 3780 nolite
2962 3741 3056 3779 eos
3095 3724 3397 3796 prohibere
3426 3724 3620 3780 venire
3645 3725 3719 3780 ad
3747 3742 3868 3794 me,

2226 3818 2428 3873 talium
2458 3822 2544 3873 est
2593 3818 2745 3871 enim
2777 3834 3022 3889 regnum
3065 3819 3341 3874 calorum
3373 3820 3561 3881 (Marc.
3596 3834 3650 3886 x,
3697 3821 3803 3891 14).
3836 3841 3864 3869 ››

2224 3914 2407 3977 Quare
2447 3913 2739 3983 Pelagium
2775 3913 3237 3985 Calestiumque,
3281 3913 3338 3968 id
3382 3917 3486 3981 est,
3537 3912 3868 3969 inventores

2224 4023 2425 4061 vocum
2453 4023 2744 4075 novarum,
2774 4024 2902 4078 qua
2921 4007 3086 4079 (sicut
3110 4007 3253 4062 dixit
3276 4008 3590 4079 Apostolus)
3618 4008 3865 4064 adiﬁca-

2228 4101 2397 4156 tionis
2437 4101 2704 4169 nihilum,
2755 4101 2857 4156 sed
2912 4101 3095 4173 magis
3135 4101 3473 4157 vanissimas
3517 4107 3871 4158 consuerunt

2226 4212 2430 4267 parare
2459 4196 2807 4267 quastiones
2835 4188 2882 4267 (Ι
2899 4197 3037 4251 Tim.
3066 4212 3104 4264 1,
3127 4197 3201 4268 4),
3219 4195 3587 4251 ecclesiastica
3612 4214 3872 4252 commu-

2225 4289 2395 4345 nione
2409 4290 2619 4361 privari
2645 4289 2933 4362 apostolici
2947 4290 3160 4362 vigoris
3185 4290 3516 4346 auctoritate
3542 4307 3865 4362 censemus,

2227 4383 2410 4439 donec
2437 4385 2767 4456 resipiscant
2791 4402 2824 4438 a
2849 4384 3060 4439 diaboli
3088 4384 3307 4457 laqueis
3338 4402 3372 4439 a
3400 4401 3511 4456 quo
3537 4386 3749 4457 captivi
3780 4391 3866 4441 te-

2226 4482 2435 4532 nentur
2454 4479 2769 4533 secundum
2789 4478 2966 4550 ipsius
2984 4478 3362 4546 voluntatem,
3391 4495 3605 4551 eosque
3625 4478 3867 4534 interim

482 4569 646 4625 dicit:
679 4589 706 4622 «
739 4573 877 4627 Ecce
904 4571 1170 4625 homines
1201 4573 1299 4643 qui
1336 4589 1450 4626 non
1476 4576 1794 4645 posuerunt
1818 4574 1998 4627 Deum
2031 4574 2204 4651 ad-D
2227 4572 2522 4626 Dominico
2546 4574 2677 4628 ovili
2708 4590 2823 4627 non
2857 4573 3056 4644 recipi,
3088 4572 3278 4645 quoad
3314 4573 3420 4645 ipsi
3446 4590 3736 4644 perversa
3763 4574 3868 4629 via

476 4664 734 4734 jutorem
762 4665 868 4719 sibi
894 4665 1062 4735 (Psal.
1088 4681 1162 4733 LI,
1196 4668 1268 4733 9).
1305 4685 1332 4717 n
1368 4667 1652 4738 Negan‘tes
1682 4683 1816 4738 ergo
1847 4667 2126 4721 auxilium

482 4757 601 4825 Dei,
646 4757 938 4829 inquiunt,
989 4758 1286 4813 hominem
1339 4760 1443 4814 sibi
1475 4777 1640 4832 posse
1690 4762 1972 4829 sufﬁcere,
2025 4777 2126 4815 nec

483 4850 668 4921 gratia
693 4852 847 4906 hunc
878 4867 1049 4922 egere
1077 4852 1285 4921 divina,
1330 4870 1440 4926 qua
1481 4855 1733 4925 privatus
1764 4868 1987 4908 necesse
2019 4858 2123 4922 est,

485 4944 698 4999 diaboli
717 4945 935 5015 laqueis
961 4945 1194 5002 irretitis
1214 4948 1677 5017 occumbat,dum
1700 4948 1771 5001 ad
1786 4948 1980 5001 omnia
1995 4948 2125 5002 vita

483 5037 832 5109 perficienda
858 5039 1129 5095 mandata
1148 5043 1260 5096 sola
1282 5043 1683 5096 tantummodo
1702 5042 1961 5096 libertate
1987 5058 2123 5096 con-

483 5129 758 5186 tundat.0
776 5131 1242 5203 pravissimarum
1260 5137 1542 5190 mentium
1561 5152 1830 5206 perversa
1846 5135 2121 5192 doctrina.

486 5225 751 5284 Advertet
787 5228 847 5280 in
874 5229 1102 5284 tandem
1150 5230 1302 5302 quod
1330 5230 1585 5301 primum
1612 5229 1913 5283 hominem
1948 5230 2029 5285 ita
2054 5231 2121 5285 1i-

482 5319 673 5373 bertas
701 5319 805 5375 ista
830 5321 1067 5393 decepit,
1090 5328 1156 5377 ut
1180 5324 1317 5377 dum
1343 5322 1732 5392 indulgentius
1750 5322 1926 5377 frenis
1946 5323 2125 5379 utitur

487 5411 534 5485 1
704 5415 752 5485 ej
763 5432 825 5469 us
839 5416 898 5469 in
912 5416 1393 5487 praevaricationis
1404 5416 1853 5487 prasumptione
1866 5418 2119 5474 concide-

482 5514 588 5562 ret.
619 5509 810 5580 Neque
841 5526 909 5565 ex
929 5511 1035 5565 hac
1060 5511 1245 5581 potuit
1275 5509 1418 5578 erui,
1453 5509 1561 5562 nisi
1588 5510 1946 5581 providentia
1961 5529 2122 5585 rege-

482 5601 790 5656 nerationis
801 5606 1012 5656 statum
1026 5602 1282 5673 pristina
1301 5601 1572 5657 libertatis
1584 5603 1789 5659 Christi
1803 5605 2024 5661 Domini
2039 5624 2122 5662 re-

481 5694 784 5750 formasset
814 5695 1113 5763 adventus,
1147 5694 1340 5750 audiat
1359 5695 1526 5751 David
1550 5696 1831 5754 dicentem
1855 5716 1867 5754 :
1902 5721 1930 5751 ‹‹
1952 5701 2122 5772 Adju-

483 5786 696 5840 torium
715 5793 972 5842 nostrum
1000 5789 1059 5842 in
1076 5789 1307 5844 nomine
1335 5791 1557 5846 Domini
1581 5794 1748 5863 (Psal.
1776 5810 1957 5863 CXXIII,
1981 5797 2031 5867 8)
2051 5812 2064 5861 ;
2088 5817 2117 5845 »

485 5881 543 5932 et
571 5894 584 5932 :
619 5899 646 5927 ι(
673 5881 910 5950 Adjutor
936 5898 1098 5937 meus
1128 5898 1186 5937 es
1213 5886 1296 5952 tu,
1320 5900 1391 5939 ne
1413 5884 1777 5958 derelinquas
1801 5904 1911 5956 me,
1934 5906 2118 5961 neque

2226 4666 2401 4720 secuti
2427 4668 2715 4722 tramitem
2727 4669 2985 4723 deserere
3014 4668 3319 4723 voluerint.
3335 4667 3721 4722 Abscindendi
3739 4672 3872 4724 sunt

2226 4760 2381 4814 enim
2430 4762 2528 4833 qui
2569 4778 2667 4816 vos
2715 4762 3077 4833 conturbant,
3128 4766 3186 4817 et
3247 4763 3440 4817 volunt
3491 4761 3869 4833 Evangelium

2224 4855 2428 4910 Christi
2444 4856 2711 4927 perdere.
2740 4857 2919 4911 Simul
2948 4860 3142 4912 autem
3165 4857 3523 4928 pracipimus
3543 4862 3605 4911 ut
3631 4858 3871 4927 quicun-

2223 4966 2336 5021 que
2353 4950 2423 5003 ad
2441 4950 2499 5005 id
2524 4951 2871 5022 pertinentia
2896 4951 3162 5005 similiter
3179 4951 3479 5006 defensare
3497 4951 3787 5020 nituntur,
3811 4956 3869 5006 et

2222 5060 2325 5114 par
2356 5060 2454 5099 eos
2484 5044 2732 5100 vindicta
2757 5046 3131 5116 constringat.
3156 5068 3181 5094 «
3209 5045 3330 5099 Non
3361 5046 3545 5099 solum
3580 5046 3742 5099 enim
3771 5045 3867 5117 qui

2221 5137 2456 5206 faciunt,
2490 5138 2590 5193 sed
2621 5139 2795 5194 etiam
2816 5140 2915 5211 qui
2941 5140 3312 5195 consentiunt
3340 5139 3680 5194 facientibus
3707 5139 3867 5212 digni

2223 5235 2357 5286 sunt
2382 5236 2565 5288 morte
2589 5235 2754 5305 (Rom.
2788 5251 2827 5303 1,
2851 5234 2961 5307 32),
2986 5257 3012 5285 »
3038 5235 3173 5307 quia
3192 5252 3304 5289 non
3322 5236 3565 5289 multum
3588 5234 3865 5290 interesse

2221 5326 2465 5381 arbitror
2490 5329 2641 5383 inter
2660 5329 3070 5385 committentis
3087 5330 3349 5384 animum
3376 5332 3434 5383 et
3459 5329 3867 5384 consentientis

2220 5421 2491 5477 favorem.
2522 5424 2683 5478 Addo
2716 5428 2773 5478 et
2800 5424 3083 5496 amplius:
3130 5425 3471 5495 plerumque
3507 5423 3748 5477 dediscit
3773 5440 3863 5478 er-

2221 5533 2368 5585 rare,
2403 5518 2494 5571 cui
2520 5533 2692 5572 nemo
2734 5519 3038 5574 consentit.
3078 5521 3203 5573 Hac
3244 5518 3440 5590 igitur,
3470 5517 3677 5572 fratres
3728 5518 3862 5572 cha-

2220 5610 2456 5678 rissimi,
2486 5611 2546 5665 in
2573 5612 2901 5683 supradicta
2936 5615 3166 5668 maneat
3197 5614 3306 5666 ﬁxa
3336 5613 3642 5680 sententia,
3672 5612 3865 5667 absint

2218 5703 2374 5758 atriis
2417 5705 2660 5773 Domini,
2693 5711 2919 5761 careant
2958 5707 3236 5761 duntaxat
3274 5706 3531 5761 custodia
3569 5705 3857 5777 pastorali,

2222 5814 2289 5853 ne
2321 5798 2562 5853 duarum
2590 5801 2783 5855 ovium
2810 5800 2933 5855 dira
2952 5801 3221 5872 contagia
3239 5806 3468 5872 serpant
3489 5800 3727 5855 forsitan
3753 5816 3864 5872 per

2217 5892 2421 5964 vulgus
2459 5892 2776 5963 incautum,
2823 5895 3128 5969 rapacique
3179 5896 3346 5967 lupus
3407 5894 3572 5949 corde
3630 5892 3863 5951 laetetur
