4034 6310
214 322 324 377 733

1453 322 1925 384 DECRETALIUM
1962 322 2351 386 COLLECTlO.

3477 330 3583 387 734

214 428 372 483 intra
398 429 542 484 ovile
568 430 818 498 Domini,
847 447 978 487 cum
1004 449 1110 505 per
1132 435 1312 489 tantas
1344 435 1536 491 ovium
1564 437 1718 491 fusas
1751 454 1847 492 ca-
1874 437 2324 521 Ajustiﬁcamur
2350 439 2420 493 ab
2450 437 2771 510 iniquitate,
2797 441 2849 492 et
2876 454 2991 509 qua
3016 437 3302 493 salvamur
3319 437 3388 493 ab
3420 438 3578 493 inﬁr-

218 525 404 577 tervas
435 523 575 577 dum
600 541 645 600 \a
674 525 1004 581 custodibus
1033 527 1437 600 dissimulatur,
1471 530 1710 585 habetur
1727 532 1848 586 vul-

214 632 327 670 nus
349 582 1102 727 duarumxfrospiciendum
1126 625 1211 675 est
1225 639 1361 692 ergo
1378 640 1451 677 ne
1467 624 1851 695 permittendo

218 710 425 780 lupum
466 710 804 767 merce'narii
836 714 1021 784 magis
1058 732 1229 786 quam
1268 720 1526 787 pastores
1560 718 1854 773 videamur

218 820 365 858 esse.
401 805 672 859 Jubemus
713 824 847 862 sane
882 808 1015 880 quia
1052 809 1307 865 Christus
1352 812 1630 866 Dominus
1659 816 1855 867 noster

218 897 455 969 propria
488 916 623 954 voce
657 900 923 972 signavit,
973 903 1123 958 nolle
1164 920 1223 958 se
1266 910 1512 960 mortem
1556 906 1854 961 morientis

218 996 464 1060 tantum,
511 993 609 1047 sed
652 997 974 1049 revertatur
1015 999 1073 1050 et
1114 996 1282 1066 vivat,
1316 1003 1381 1053 ut
1415 1000 1461 1053 si
1495 1016 1753 1070 unquam
1783 1000 1853 1055 ad

221 1101 425 1138 sanum
459 1085 529 1139 de
562 1087 853 1158 proposito
881 1090 1040 1160 pravi
1070 1090 1356 1164 dogmatis
1389 1109 1583 1148 errore
1606 1092 1856 1165 resipue—

219 1178 358 1245 rint,
410 1178 915 1253 damnaverintque
973 1200 1038 1237 ea
1080 1201 1327 1255 quorum
1372 1187 1586 1257 seipsos
1635 1204 1853 1258 praeva-

222 1270 497 1326 ricatione
542 1274 971 1345 damnaverunt,
1016 1279 1098 1332 eis
1136 1279 1488 1334 medicinam
1516 1280 1766 1349 solitam,
1800 1281 1855 1335 id

221 1370 328 1432 est,
360 1368 777 1438 receptaculum
815 1387 981 1425 suum
1012 1373 1082 1425 ab
1112 1373 1357 1428 Ecclesia
1386 1391 1504 1429 non
1532 1375 1751 1445 negari,
1783 1392 1854 1430 ne

222 1459 365 1513 dum
392 1476 488 1514 eos
515 1462 816 1518 redeuntes
851 1464 1086 1520 forsitan
1120 1467 1495 1537 prohibemus
1530 1485 1661 1522 vere
1701 1471 1856 1523 extra

222 1552 373 1606 ovile
408 1560 774 1611 remanentes
804 1563 860 1612 et
888 1564 1281 1631 exspectantes
1307 1562 1486 1617 hostis
1515 1562 1694 1633 rapidi
1725 1563 1852 1617 fau-

223 1646 384 1700 cibus
415 1649 749 1721 glutiantur,
791 1668 932 1723 quas
973 1652 1033 1707 in
1066 1655 1399 1726 semetipsos
1428 1655 1655 1727 spiculis
1685 1657 1855 1711 malae

223 1739 626 1811 disputationis
674 1751 991 1802 armarunt.
1033 1747 1183 1802 Bene
1221 1749 1426 1819 valete,
1465 1749 1685 1805 fratres.
1718 1751 1856 1805 Data

1953 536 2170 600 mitate,
2199 550 2317 588 non
2358 549 2472 604 qua
2508 532 2682 586 creati
2729 549 2923 586 sumus
2966 550 3100 587 cum
3132 531 3363 603 propria
3391 532 3585 587 volun-

1951 628 2085 679 tate.
2117 627 2260 680 Nam
2307 627 2353 680 si
2397 626 2802 681 intellexissent
2843 626 2926 680 illi
2964 642 3089 680 eam
3129 625 3379 697 episcopi
3424 626 3584 681 illum

1954 718 2139 773 dicere
2152 719 2399 789 gratiam
2415 736 2585 791 quam
2600 719 2773 773 etiam
2787 736 2917 773 cum
2930 719 3122 790 impiis
3134 719 3436 789 habemus,
3453 736 3584 774 cum

1953 813 2160 884 quibus
2174 812 2437 867 homines
2454 829 2669 879 sumus,
2684 813 2883 885 negari
2894 830 3024 868 vero
3036 829 3160 867 eam
3176 830 3306 884 qua,
3322 813 3586 869 Christia-

1954 905 2012 959 ni
2032 911 2087 960 et
2103 906 2201 960 ﬁlii
2221 906 2320 960 Dei
2340 924 2553 977 sumus,
2573 906 2697 978 quis
2715 923 2848 961 eum
2868 906 3152 977 patienter
3170 906 3581 961 catholicorum

1954 1000 2318 1054 sacerdotum
2339 1042 2352 1067 ,
2395 1016 2512 1055 non
2559 1000 2798 1053 dicimus
2825 1000 3068 1066 audiret,
3101 1001 3197 1055 sed
3231 1004 3360 1053 ante
3395 1000 3586 1055 oculos
3628 1006 3631 1009 ‘

1955 1110 2088 1148 suos
2131 1093 2349 1148 ferret?
2390 1093 2747 1164 Quapropter
2771 1110 2884 1147 non
2912 1093 3181 1165 culpandi
3209 1096 3343 1147 sunt
3362 1093 3587 1165 judices

1955 1188 2053 1259 qui
2071 1187 2444 1242 ecclesiastica
2463 1187 2873 1242 consuetudine
2902 1187 3102 1258 gratias
3136 1204 3367 1242 nomem
3393 1187 3585 1242 audie-

1953 1285 2107 1348 runt,
2138 1281 2453 1335 nescientes
2496 1280 2633 1351 quid
2678 1281 3008 1351 hujusmodi
3051 1280 3310 1336 homines
3353 1282 3439 1336 vel
3468 1297 3583 1335 sure

1957 1374 2226 1429 doctrina}
2254 1374 2430 1441 libris,
2452 1376 2542 1428 vel
2564 1390 2799 1428 suorum
2828 1375 3011 1428 solent
3031 1374 3261 1429 auribus
3293 1362 3612 1446 spargere.l

1954 1470 2075 1522 Non
2103 1468 2293 1539 agitur
2318 1468 2385 1522 de
2434 1484 2545 1522 uno
2574 1466 2819 1538 Pelagio,
2858 1485 2992 1539 qma
3029 1468 3260 1521 fortasse
3304 1474 3585 1523 correctus

1957 1566 2042 1616 est
2069 1562 2243 1633 (quod
2286 1562 2505 1615 utinam
2536 1562 2614 1616 ita
2643 1561 2753 1633 sit),
2787 1561 2885 1617 sed
2919 1562 2985 1615 de
3014 1563 3131 1615 tam
3158 1561 3350 1615 multis
3380 1562 3587 1632 quibus

1954 1655 2270 1727 loquaciter
2286 1654 2762 1709 contendentibus
2789 1659 2845 1709 et
2866 1655 3123 1708 inﬁrmas
3142 1658 3310 1725 atque
3330 1654 3584 1709 inerudi-

1955 1754 2038 1804 tas
2055 1749 2273 1803 animas
2287 1750 2437 1803 velut
2451 1748 2783 1819 conjunctas
2796 1747 3166 1817 trahentibus,
3181 1748 3378 1802 ﬁrmas
3393 1753 3586 1804 autem

223 1839 383 1889 sexto
415 1837 797 1893 Kalendarum
828 1841 1141 1912 Februarii,
1172 1843 1419 1898 Honorio
1448 1848 1502 1898 et
1530 1843 1854 1900 Constantio
1876 1827 1932 1898 Β
1956 1847 2012 1898 et
2031 1843 2092 1897 in
2112 1843 2221 1898 ﬁde
2239 1842 2465 1897 stabiles
2486 1841 2605 1913 ipsa
2622 1842 2989 1897 contentione
3001 1840 3375 1912 fatigantibus
3387 1858 3590 1914 usque—

224 1929 607 2017 consulibus.[

258 2047 396 2100 Item
446 2049 675 2117 epistola
715 2050 1016 2116 familiaris
1057 2056 1295 2122 quinque
1329 2055 1693 2124 episcoporum
1747 2056 1823 2109 ad

724 2124 1095 2178 Innocentium
1127 2141 1353 2195 papam.

297 2206 538 2266 Domino
568 2212 893 2270 beatissimo
925 2216 1245 2288 meritoque
1273 2218 1716 2274 honoratissimo
1750 2219 1860 2274 fra-

223 2300 303 2357 tri
330 2304 658 2361 lxxocaxrio
684 2324 871 2379 papae,
903 2309 1199 2379 Amemus,
1222 2314 1465 2380 ALIPIUS,
1489 2316 1856 2381 AUGUSTINUS,

224 2396 467 2452 Exomus
499 2405 556 2454 et
577 2401 883 2470 Possmms,
916 2403 977 2457 in
1018 2404 1255 2459 Domino
1283 2406 1541 2460 salutem.

311 2490 386 2546 De
412 2493 666 2549 conciliis
693 2495 914 2551 duobus
946 2497 1247 2568 provinciae
1279 2500 1742 2571 Carthaginensis
1771 2504 1857 2555 at-

222 2608 338 2664 que
364 2588 643 2645 Numidiae
671 2590 743 2644 ad
772 2593 931 2645 tuam
957 2591 1323 2647 sanctitatem
1342 2611 1372 2647 a
1394 2610 1509 2648 non
1529 2611 1704 2666 parvo
1733 2594 1856 2666 epi-

226 2700 530 2756 scoporum
568 2699 807 2738 numero
843 2684 1183 2757 subscriptas
1212 2686 1424 2741 litteras
1453 2687 1713 2743 misimus
1734 2706 1861 2743 con—

224 2784 319 2834 tra
349 2777 610 2832 inimicos
641 2776 839 2849 gratiae
870 2778 1076 2834 Christi
1109 2780 1209 2851 qui
1243 2781 1539 2836 conﬁdunt
1565 2782 1625 2837 in
1650 2782 1858 2837 virtute

226 2889 350 2940 sua,
397 2876 454 2926 et
494 2871 742 2926 Creatori
770 2877 966 2926 nostro
992 2872 1417 2944 quodammodo
1445 2876 1640 2931 dicunt
1671 2892 1684 2931 :
1721 2898 1748 2927 ‹‹
1778 2877 1861 2931 Tu

224 2984 330 3022 nos
352 2966 554 3021 creasti
586 2966 869 3033 homines,
890 2967 1076 3038 justos
1106 2972 1300 3022 autem
1334 2968 1439 3040 ipsi
1465 2986 1569 3024 nos
1596 2971 1856 3024 fecimus.

223 3060 332 3125 Qui
350 3064 611 3115 naturam
630 3060 943 3115 humanam
966 3061 1092 3116 ideo
1115 3061 1313 3118 dicunt
1331 3062 1589 3132 liberam,
1611 3080 1683 3119 ne
1709 3080 1860 3136 quaa-

227 3157 362 3209 rant
374 3153 787 3224 liberationem,
808 3154 932 3210 ideo
947 3157 1155 3210 salvam
1171 3159 1234 3210 ut
1237 3156 1860 3229 judicentsuperﬂuum

228 3249 598 3305 Salvatorem.
635 3249 881 3303 Tantum
917 3249 1071 3303 enim
1101 3250 1298 3305 dicunt
1322 3252 1627 3323 valentem,
1658 3256 1722 3306 ut
1746 3252 1860 3306 suis

226 3342 441 3397 viribus
470 3342 643 3396 semel
671 3341 730 3396 in
757 3342 977 3414 origine
999 3360 1116 3398 suae
1141 3344 1443 3399 creationis
1468 3346 1708 3417 acceptis
1734 3363 1862 3417 pos-

226 3437 346 3491 sint
376 3453 481 3508 per
509 3436 751 3491 liberum
775 3436 1094 3505 arbitrium,
1122 3437 1265 3491 nihil
1291 3438 1527 3494 ulterius
1554 3440 1860 3510 adjuvantc

225 3530 378 3585 illius
407 3530 590 3601 gratia
613 3530 710 3602 qui
735 3531 965 3598 creavit,
999 3531 1235 3586 domare
1265 3536 1322 3587 et
1348 3533 1706 3604 exstinguere
1738 3552 1858 3589 om-

227 3641 333 3679 nes
364 3623 727 3695 cupiditates,
757 3625 1212 3698 tentationesque
1252 3642 1537 3698 superare.
1570 3628 1729 3682 Multi
1760 3645 1858 3683 eo-

225 3734 361 3773 rum
397 3717 706 3789 insurgunt
740 3719 1039 3774 adversum
1070 3736 1171 3774 nos
1202 3723 1259 3773 et
1297 3721 1494 3775 dicunt
1523 3722 1730 3776 animae
1757 3739 1858 3777 no-

227 3815 363 3866 strae
398 3828 412 3866 :
449 3833 478 3862 ‹‹
504 3815 626 3868 Non
656 3817 740 3867 est
763 3812 909 3867 salus
929 3812 1010 3867 illi
1040 3813 1101 3867 in
1132 3815 1244 3869 Deo
1266 3814 1388 3885 ejus
1413 3816 1574 3885 (Psal.
1608 3833 1688 3886 III,
1724 3816 1795 3890 3).
1829 3838 1857 3866 »

232 3926 261 3957 ‹‹
284 3906 523 3961 Familia
544 3905 749 3963 Christi
766 3923 891 3977 quae
906 3906 1059 3975 dicit,
1079 3909 1306 3980 quando
1325 3908 1588 3965 inﬁrmor
1600 3913 1734 3965 tunc
1752 3911 1864 3966 for-

227 4000 302 4055 tis
328 4016 459 4055 sum
489 4000 561 4069 (II
575 4000 694 4055 Cor.
724 4017 818 4067 xu,
851 4002 956 4071 10),
989 4022 1016 4051 ››
1044 4005 1099 4056 et
1125 4002 1223 4073 qui
1244 4003 1382 4057 dicit
1401 4004 1682 4059 Dominus
1699 4005 1819 4075 ejus
1846 4022 1858 4059 :

233 4114 261 4145 ‹‹
292 4094 461 4149 Salus
484 4097 585 4148 tua
604 4109 711 4166 ego
738 4109 865 4149 sum
887 4095 1051 4165 (Psal.
1076 4112 1262 4164 xxxiv,
1288 4097 1359 4168 3),
1385 4118 1413 4147 »
1448 4115 1723 4170 suspenso
1745 4115 1864 4154 cor-

229 4187 301 4242 de
332 4204 465 4242 cum
482 4187 687 4242 timore
717 4193 773 4244 et
797 4192 1044 4243 tremore
1066 4189 1417 4261 adjutorium
1439 4192 1535 4265 De}
1563 4193 1733 4248 etiam
1761 4211 1865 4265 per

229 4211 301 4242 UB
332 4211 465 4242 Clllll
486 4211 687 4242 LllﬂUl‘B
717 4211 773 4244 et
798 4211 1044 4243 U'BIHUI'B
1066 4211 1417 4261 HUJIILOTIUHI
1440 4211 1513 4247 U3
1563 4211 1733 4248 etiam
1761 4211 1865 4265 per

227 4281 573 4337 charitatem
610 4287 722 4337 tua;
760 4282 1141 4337 venerationis
1183 4211 1865 4434 exspectat.(Audivimus

231 4374 389 4429 enim
411 4391 530 4430 esse
562 4375 621 4430 in
646 4376 784 4431 urbe
805 4377 1010 4434 Roma.
1031 4377 1131 4431 ubi
1148 4377 1245 4433 ille
1267 4378 1362 4433 diu
1381 4379 1494 4434 vixi
1525 4423 1537 4434 .
1561 4380 1863 4434 nonnullos

231 4374 389 4429 enim
411 4391 530 4430 esse
562 4375 621 4430 in
646 4376 784 4431 urbe
805 4377 1010 4443 Roma,
1031 4377 1131 4431 ubi
1148 4377 1245 4433 ille
1267 4378 1362 4433 diu
1381 4374 1537 4447 vixit,
1561 4380 1863 4435 nonnullos

231 4468 332 4541 qui
360 4468 598 4524 diversis
628 4469 813 4525 causis
855 4471 906 4526 ei
935 4470 1182 4526 faveant.
1216 4472 1482 4542 Quidam,
1523 4473 1735 4528 scilicet
1766 4474 1865 4546 qui

1882 3199 1936 3272 C

1959 1953 2185 2008 quaque
2198 1936 2320 2006 jam
2345 1937 2512 2007 plena
2526 1938 2658 1990 sunt
2678 1936 2892 1989 omnia.
2911 1938 3022 1989 Aut
3041 1951 3176 2005 ergo
3194 1952 3226 1988 a
3243 1940 3339 1989 tua
3354 1951 3591 1990 venera-

1956 2030 2113 2085 tione
2125 2030 2495 2084 accersendus
2507 2030 2834 2084 estRomam
2848 2034 2905 2083 et
2918 2027 3089 2098 dilige
3097 2029 3593 2100 nterinterrogan-

1957 2124 2079 2193 dus,
2101 2140 2271 2195 quam
2290 2124 2441 2179 dicat
2470 2123 2730 2195 gratiam,
2755 2139 2868 2194 qua
2893 2122 3158 2191 fateatur,
3178 2121 3223 2175 si
3251 2126 3441 2176 tamen
3461 2123 3587 2193 jam

1955 2218 2181 2285 fatetur,
2197 2234 2315 2272 non
2328 2217 2397 2271 ad
2412 2216 2782 2288 peccandum,
2804 2216 2900 2270 sed
2907 2215 2929 2286 j
2940 2218 3058 2270 uste
3076 2215 3234 2271 viven
3244 2216 3383 2270 dum
3396 2215 3587 2270 homi-

1958 2328 2060 2365 nes
2087 2310 2344 2382 adjuvari
2368 2313 2466 2364 aut
2477 2312 2585 2364 hoc
2608 2310 2797 2381 ipsum
2817 2326 2947 2364 cum
2971 2325 3037 2364 eo
3052 2325 3156 2381 per
3176 2309 3392 2364 litteras
3410 2326 3586 2381 agen-

1960 2387 2205 2497 dumlEt
2223 2422 2353 2459 cum
2375 2404 2636 2459 inventus
2656 2404 2829 2458 fuerit
2850 2404 2993 2458 hanc
3019 2402 3203 2497 dicere
3225 2420 3397 2475 quam
3422 2404 3590 2459 docet

1959 2489 2334 2554 ecclesiastica
2345 2504 2401 2553 et
2421 2498 2729 2570 apostolica
2751 2497 2973 2566 veritas,
2996 2502 3129 2552 tunc
3150 2489 3270 2552 sine
3293 2497 3407 2552 ullo
3440 2514 3591 2552 scru-

1958 2594 2093 2665 pulo
2116 2593 2373 2648 Ecclesiae
2388 2596 2444 2647 et
2456 2592 2576 2646 sine
2590 2591 2827 2646 latibulo
2839 2590 3228 2663 ambiguitatis
3240 2590 3389 2645 illius
3409 2590 3591 2646 absol-

1957 2688 2173 2742 vendus
2201 2691 2305 2755 est,
2332 2692 2466 2741 tunc
2494 2689 2579 2740 est
2606 2702 2802 2741 revera
2827 2685 2896 2740 de
2925 2685 3046 2756 ejus
3078 2683 3413 2755 purgatione
3446 2701 3583 2756 gau-

1958 2782 2229 2836 dendum.
2258 2781 2383 2836 Sive
2411 2781 2565 2835 enim
2592 2780 2798 2834 dixerit
2824 2778 3066 2850 gratiam
3086 2794 3202 2833 esse
3226 2778 3470 2834 liberum
3490 2796 3583 2833 ar-

1957 2875 2338 2947 bitriumgsive
2362 2874 2606 2945 gratiam
2633 2891 2754 2928 esse
2781 2873 3178 2928 remissionem
3198 2877 3584 2944 peccatorum,

1960 2970 2073 3025 sive
2100 2970 2345 3040 gratiam
2373 2985 2493 3023 esse
2510 2968 2655 3039 legis
2674 2969 3045 3039 prmeeptum,
3066 2966 3213 3021 nihil
3237 2983 3434 3021 eorum
3455 2967 3593 3021 dicit

1962 3063 2113 3134 quod
2138 3080 2239 3134 per
2267 3061 2747 3117 ministrationem
2777 3059 3017 3131 Spiritus
3044 3060 3217 3114 sancti
3247 3058 3496 3131 pertinet
3518 3058 3591 3114 ad

1961 3156 2475 3228 concupiscentiam
2495 3155 2957 3225 tentationesque
2978 3153 3283 3209 vincendas
3310 3170 3483 3224 quem
3509 3154 3591 3208 di-

1961 3251 2175 3306 tissime
2203 3250 2401 3305 effudit
2429 3266 2599 3320 super
2622 3265 2747 3317 nos,
2787 3248 2887 3319 qui
2925 3248 3179 3302 ascendit
3208 3248 3268 3301 in
3295 3248 3501 3303 coelum
3534 3249 3592 3303 et

1962 3343 2257 3415 captivavit
2313 3342 2696 3415 captivitatem
2751 3341 3019 3411 deditque
3058 3341 3209 3395 dona
3261 3340 3590 3395 hominibus

1964 3360 2257 3415 capuvavnt
2313 3360 2340 3397 c
2379 3360 2696 3414 puvuatem
2751 3360 3019 3411 uenitque
3058 3360 3209 3395 nona
3263 3360 3587 3395 nominibus

1964 3439 2173 3509 (Ephes.
2201 3454 2275 3506 1v,
2296 3360 2375 3541 8)?
2393 3436 2532 3490 Hinc
2557 3436 2713 3491 enim
2739 3451 2970 3489 oramus
2986 3438 3050 3489 ut
3068 3438 3432 3505 peccatorum
3459 3438 3587 3489 ten-

1934 3532 2234 3587 vtationem
2266 3527 2533 3601 superare
2561 3529 2861 3601 possimus,
2905 3531 2970 3583 ut
3009 3528 3252 3599 Spiritus
3290 3527 3387 3582 Dei
3417 3527 3589 3599 (unde

1961 3626 2171 3698 pignus
2214 3623 2556 3695 accepimus)
2602 3623 2831 3694 adjuvet
2872 3620 3263 3675 inﬁrmitatem
3310 3624 3583 3675 nostram.

1961 3720 2065 3784 Qui
2107 3723 2297 3773 autem
2336 3721 2457 3771 orat
2488 3721 2545 3771 et
2572 3716 2707 3770 dicit
2736 3732 2749 3770 :
2784 3736 2811 3764 «
2838 3715 2917 3769 Ne
2950 3731 3056 3769 nos
3082 3714 3289 3769 inferas
3316 3714 3373 3768 in
3399 3717 3585 3769 tenta-

1962 3814 2183 3868 tionem
2220 3813 2366 3881 (Luc.
2399 3828 2459 3879 ιι,
2482 3811 2555 3882 4),
2588 3832 2616 3859 ››
2648 3826 2764 3864 non
2793 3809 2986 3880 utique
3008 3808 3067 3863 id
3091 3810 3213 3863 orat
3235 3812 3299 3863 ut
3322 3808 3496 3863 homo
3519 3807 3592 3863 sit

1962 3907 2115 3980 quod
2144 3910 2230 3961 est
2258 3908 2445 3975 natus,
2473 3921 2661 3975 neque
2692 3906 2817 3958 orat
2844 3902 2901 3957 id
2929 3902 3079 3974 quod
3108 3901 3318 3957 habeat
3344 3901 3591 3957 liberum

1965 4000 2283 4068 arbitrium,
2310 3999 2463 4071 quod
2482 3998 2608 4069 jam
2641 3996 2859 4068 accepit
2876 4012 3007 4051 cum
3031 3998 3320 4051 crearetur
3338 3995 3459 4067 ipsa
3483 4012 3588 4050 na-

1963 4101 2120 4164 tura;
2150 4111 2339 4166 neque
2361 4094 2484 4147 orat
2502 4091 2900 4147 remissionem
2921 4093 3308 4162 peccatorum,
3334 4089 3467 4160 quia
3484 4090 3594 4144 hoc

1965 4189 2224 4261 superius
2242 4188 2466 4257 dicitur,
2494 4209 2520 4236 ‹‹
2540 4185 2762 4240 dimitte
2780 4184 2946 4239 nobis
2963 4184 3155 4239 debita
3169 4189 3362 4238 nostra
3377 4184 3593 4254 (Matth.

1964 4300 2079 4352 vm,
2112 4282 2217 4353 l2),
2246 4303 2273 4330 ››
2301 4297 2490 4352 neque
2528 4285 2651 4334 orat
2698 4282 2763 4333 ut
2804 4277 3043 4348 accipiat
3088 4277 3444 4344 mandatum,
3492 4278 3594 4332 sed

1964 4378 2133 4448 plane
2162 4378 2286 4430 orat
2311 4377 2376 4429 ut
2402 4373 2571 4428 faciat
2596 4372 2953 4427 mandatum.
2984 4371 3043 4425 Si
3070 4370 3226 4424 enim
3250 4370 3310 4424 in
3334 4370 3596 4425 tentatio«

1967 4487 2099 4525 nem
2129 4469 2396 4524 inductus
2424 4467 2614 4536 fuerit,
2640 4467 2749 4520 hoc
2771 4469 2852 4520 est
2880 4465 2939 4519 in
2969 4464 3278 4520 tentatione
3301 4462 3590 4533 defecerit,

231 4562 400 4617 nobis
426 4563 557 4617 talia
585 4564 937 4635 persuasisse
966 4565 1361 4635 perhibentur,
1386 4568 1577 4638 plures
1605 4585 1737 4622 vero
1767 4567 1866 4640 qui
1886 4575 1944 4646 D
1967 4565 2098 4619 facit
2140 4564 2334 4633 utique
2372 4565 2663 4633 peccatum
2709 4559 2862 4630 quod
2890 4564 2972 4613 est
3009 4561 3209 4612 contra
3240 4557 3594 4613 mandatum.

232 4673 369 4711 eum
400 4656 537 4711 talia
567 4658 775 4713 sentire
817 4675 934 4713 non
967 4658 1227 4728 credunt,
1277 4660 1597 4731 praesertim
1641 4661 1773 4733 quia
1809 4662 1869 4716 in

234 4750 490 4820 Oriente,
518 4750 617 4806 ubi
647 4751 821 4823 degit,
853 4755 1015 4824 gesta
1040 4753 1414 4809 ecclesiastica
1434 4755 1577 4810 facta
1609 4772 1730 4811 esse
1757 4772 1873 4811 cre-

235 4844 490 4900 dendum
524 4848 628 4913 est,
659 4845 771 4900 nisi
795 4846 1003 4919 quibus
1032 4850 1269 4919 putatur
1295 4865 1415 4903 esse
1443 4852 1744 4921 purgatus,
1776 4850 1873 4904 ubi

234 4938 473 5011 quidam
500 4939 547 4993 si
572 4939 821 5011 episc0pi
850 4957 984 4996 eum
1033 4942 1377 4997 catholicum
1406 4943 1869 5014 pronuntiarunt,

234 5048 355 5087 non
400 5032 473 5087 ob
510 5032 667 5087 aliud
695 5033 910 5089 factum
936 5051 1055 5091 esse
1083 5036 1436 5091 credendum
1467 5043 1568 5106 est,
1601 5038 1711 5092 nisi
1743 5037 1875 5109 quia

236 5126 382 5181 dixit
409 5143 471 5181 se
504 5126 601 5181 Dei
626 5127 865 5198 gratiam
896 5130 1175 5201 conﬁteri,
1197 5134 1255 5185 et
1279 5130 1360 5185 ita
1387 5148 1550 5203 posse
1580 5132 1872 5187 hominem

237 5237 343 5275 suo
370 5219 567 5276 labore
602 5237 667 5275 ac
690 5222 983 5277 voluntate
1002 5222 1157 5293 juste
1185 5224 1396 5295 vivere,
1436 5230 1498 5280 ut
1528 5226 1600 5280 ad
1630 5226 1738 5281 hoc
1769 5225 1872 5281 ad-

227 5314 422 5385 juvari
450 5314 544 5369 Dei
570 5315 749 5385 gratia
776 5333 890 5370 non
918 5322 1180 5386 negaret.
1213 5319 1306 5372 His
1327 5319 1482 5373 enim
1513 5319 1720 5374 auditis
1744 5336 1869 5374 ver-

235 5406 346 5477 bis,
368 5408 627 5463 catholici
654 5409 932 5464 antistites
964 5412 1179 5466 nullam
1196 5412 1369 5467 aliam
1392 5414 1487 5467 Dei
1517 5414 1760 5485 gratiam
1785 5413 1875 5467 in-

235 5502 503 5574 telligere
548 5507 879 5574 potuerunt,
926 5503 1035 5558 nisi
1074 5521 1244 5577 quam
1281 5506 1441 5560 libris
1484 5507 1585 5562 Dei
1609 5508 1797 5579 legere
1825 5512 1881 5562 et

237 5596 473 5668 populis
500 5597 601 5651 Dei
622 5597 935 5668 praedicare
955 5603 1392 5669 consueverunt,
1418 5617 1543 5656 eam
1565 5601 1786 5672 utique,
1811 5601 1880 5655 de

238 5704 355 5761 qua
398 5690 538 5745 dicit
573 5692 872 5762 Apostolus
905 5709 918 5747 :
957 5694 1134 5748 «Non
1178 5692 1398 5748 irritam
1436 5695 1580 5750 facio
1632 5695 1879 5767 gratiam

240 5783 366 5840 Dei.
397 5784 541 5839 Nam
569 5783 615 5839 si
642 5801 748 5857 per
776 5785 965 5857 legem
987 5787 1082 5858 jus
1114 5784 1226 5855 'tia,
1253 5804 1392 5859 ergo
1422 5788 1675 5845 Christus
1707 5789 1881 5861 gratis

242 5881 512 5936 mortuus
540 5881 627 5934 est
657 5878 801 5951 (Gal.
832 5895 894 5947 ιι,
920 5881 1029 5954 21).
1064 5791 1267 5977 “Sine
1294 5881 1469 5937 dubio
1497 5883 1740 5955 gratiam
1771 5898 1881 5954 qua

242 5881 512 5936 mortuus
540 5881 627 5934 est
657 5878 801 5951 (Gal.
832 5895 894 5947 ιι,
920 5881 1029 5954 21).
1064 5902 1092 5932 ››
1116 5878 1267 5955 [Sine
1294 5881 1469 5937 dubio
1497 5883 1740 5955 gratiam
1771 5898 1884 5954 qua

1972 4660 2108 4713 Orat
2137 4657 2311 4729 igitur
2340 4660 2400 4710 ut
2434 4672 2548 4708 non
2577 4658 2789 4725 peccet,
2822 4653 2930 4707 hoc
2958 4655 3041 4707 est
3070 4655 3136 4705 ut
3164 4668 3237 4705 ne
3265 4652 3401 4722 quid
3430 4651 3598 4706 faciat

1972 4752 2109 4807 mali
2145 4750 2296 4823 quod
2344 4766 2444 4821 pro
2493 4746 2796 4803 Corinthiis
2839 4750 2967 4801 orat
3006 4745 3306 4817 Apostolus
3359 4744 3595 4801 dicens:
3626 4746 3651 4821 ί

1976 4867 2003 4897 ‹‹
2031 4847 2274 4900 Oramus
2300 4847 2494 4899 autem
2519 4842 2590 4897 ad
2618 4840 2922 4896 Dominum
2945 4856 3017 4894 ne
3044 4839 3179 4911 quid
3206 4838 3419 4893 faciatis
3459 4839 3599 4894 mali

1977 4940 2048 5011 (II
2075 4941 2194 4995 Cor.
2228 4956 2348 5006 xm,
2380 4940 2450 5007 6).
2488 4956 2516 4990 »
2557 4935 2719 4991 Unde
2757 4935 2892 4989 satis
2932 4936 3169 5005 apparet
3208 4933 3362 5005 quod
3388 4950 3503 4988 non
3529 4934 3601 4990 ad

1971 5034 2340 5107 peccandum,
2373 5033 2434 5086 id
2456 5035 2560 5099 est,
2591 5046 2707 5085 non
2727 5029 2799 5083 ad
2818 5026 3315 5094 malefaciendum,
3339 5028 3601 5098 quamvis

1974 5145 2093 5184 esse
2116 5145 2233 5184 non
2260 5126 2550 5182 dubitetur
2569 5124 2809 5180 liberum
2838 5121 3135 5177 arbitrium
3163 5121 3485 5190 voluntatis,
3515 5126 3600 5177 ta-

1976 5240 2112 5277 men
2140 5223 2263 5292 ejus
2290 5222 2534 5292 potestas
2561 5235 2675 5272 non
2698 5216 2956 5284 sufﬁciat,
2978 5214 3087 5269 nisi
3114 5214 3414 5287 adjuvetur
3439 5216 3599 5271 inﬁr-

1976 5312 2313 5387 mitas.)lpsa
2338 5314 2525 5385 igitur
2563 5313 2744 5368 oratio
2782 5309 3092 5365 clarissima
3126 5309 3443 5366 testificatio
3476 5315 3601 5366 est:

1978 5312 2313 5463 miteshlpsa
2338 5314 2525 5385 igitur
2563 5313 2744 5368 oratio
2782 5312 3092 5365 clarissima
3126 5312 3443 5366 testificatio
3476 5315 3601 5366 est:

1978 5413 2125 5466 hanc
2146 5409 2161 5463 i
2212 5427 2240 5463 e
2264 5409 2587 5474 conﬁtetur,
2611 5410 2667 5461 et
2687 5423 2820 5461 eum
2844 5403 3225 5477 gaudebimus
3250 5404 3363 5459 sive
3384 5409 3605 5460 rectum

1979 5505 2094 5559 sive
2125 5505 2460 5557 correctum.
2505 5499 2922 5571 Distinguenda
2965 5501 3050 5553 est
3072 5499 3159 5553 lex
3190 5503 3248 5554 et
3274 5498 3483 5570 gratia;
3517 5499 3603 5552 lex

1972 5599 2172 5670 jubere
2192 5596 2366 5663 novit,
2388 5594 2569 5666 gratia
2583 5594 2804 5666 juvare.
2830 5594 2938 5648 Nec
2957 5592 3046 5647 lex
3058 5592 3306 5663 juberet,
3332 5590 3439 5644 nisi
3459 5598 3606 5646 esset

1979 5693 2257 5757 voluntas,
2288 5706 2390 5745 nec
2420 5688 2601 5761 gratia
2625 5688 2875 5759 juvaret,
2911 5686 2957 5740 si
2991 5686 3120 5740 satis
3153 5687 3298 5739 esset
3321 5684 3601 5739 voluntas.

1979 5786 2213 5842 Jubetur
2237 5790 2299 5839 ut
2318 5783 2590 5838 habeatur
2607 5781 2942 5849 intellectus,
2968 5777 3062 5834 ubi
3084 5777 3287 5832 dicitur
3315 5792 3329 5830 :
3366 5798 3393 5825 ‹‹
3421 5776 3606 5833 Nolite

1984 5897 2106 5936 esse
2128 5879 2274 5935 sicut
2291 5878 2481 5933 mulus
2509 5874 2567 5931 et
2590 5893 2788 5948 equus,
2810 5873 3014 5947 quibus
3039 5887 3156 5926 non
3179 5872 3263 5925 est
3286 5867 3607 5930 intellectus
