4034 6300
477 298 578 353 735

1366 291 1651 351 APPEND.
1690 294 1778 350 AD
1815 286 1975 350 SEC.
2017 293 2104 349 IX.
2134 322 2204 334 -—
2241 288 2490 351 lSlDORI
2527 286 2953 351 MERCATORIS

3746 298 3850 352 736

473 405 638 475 (Psal.
670 420 822 474 xxxn,
857 406 928 475 9),
977 408 1035 458 et
1076 406 1267 458 tamen
1310 419 1541 457 oramus
1580 408 1645 459 ut
1675 403 1986 459 habeamus
2013 402 2104 458 in-
2128 416 2187 488 Α
2210 420 2491 469 essemus,
2537 408 2594 458 et
2636 403 2986 473 viveremus,
3030 406 3088 458 et
3127 403 3501 471 sentiremus,
3541 406 3600 459 et
3636 404 3852 459 intelli-

471 500 781 564 tellectum,
838 497 935 551 ubi
983 496 1228 551 dicitur:
1278 516 1306 545 «
1347 496 1427 550 Da
1480 497 1622 551 mihi
1668 497 2018 551 intellectum
2044 501 2109 551 ut

414 594 419 603 “
477 592 691 646 discam
720 591 984 645 mandata
1011 594 1110 643 tua
1155 591 1317 659 (Psal.
1351 606 1533 658 cxvnl,
1570 592 1680 660 73).
1711 610 1738 642 »
1783 590 2020 646 Jubetur
2045 595 2109 645 ut

475 685 784 739 habeamus
810 683 1152 754 sapientiam
1178 683 1274 737 ubi
1300 684 1509 738 dicitur
1536 701 1548 739 :
1582 704 1609 736 «
1634 684 1828 750 Stulti,
1856 684 2109 755 aliquan-

479 779 551 833 do
576 778 756 848 sapite
781 778 947 847 (Psal.
970 792 1125 843 xcm,
1151 777 1225 848 8),
1254 799 1281 827 ››
1313 782 1369 832 et
1390 782 1582 832 tamen
1604 784 1802 833 oratur
1818 784 1878 832 ut
1894 778 2108 850 sapien-

476 872 610 927 tiam
628 871 958 938 habeamus,
983 870 1079 925 ubi
1101 870 1308 925 dicitur
1333 888 1346 926 :
1381 894 1407 920 ‹‹
1433 872 1492 926 Si
1510 872 1637 943 quis
1650 876 1840 926 autem
1857 875 2105 927 vestrum

473 965 690 1036 indiget
718 964 1016 1035 sapientia,
1063 965 1306 1035 postulet
1347 984 1379 1019 a
1417 966 1528 1020 Deo
1569 967 1668 1037 qui
1705 967 1801 1020 dat
1840 966 2106 1021 omnibus

475 1058 794 1126 afﬂuenter,
835 1061 892 1113 et
939 1075 1053 1112 non
1095 1059 1466 1129 improperat,
1516 1065 1571 1113 et
1618 1059 1848 1114 dabitur
1878 1061 1931 1113 ei
1970 1062 2103 1129 (Jac.

474 1168 513 1221 1,
543 1152 615 1222 5).
644 1173 672 1201 ››
701 1152 939 1206 Jubctur
976 1156 1041 1206 ut
1079 1151 1396 1206 habeamus
1427 1152 1858 1221 continentiam,
1895 1152 1990 1207 ubi
2016 1152 2104 1206 di-

472 1245 619 1300 citur
649 1262 662 1299 :
700 1266 727 1294 ‹‹
760 1246 903 1299 Cum
945 1244 1149 1300 scirem
1191 1245 1324 1316 quia
1360 1262 1530 1300 nemo
1559 1249 1744 1316 potest
1768 1263 1890 1301 esse
1920 1246 2103 1300 conti-

472 1355 632 1408 nens,
685 1337 794 1392 nisi
834 1339 980 1392 Deus
1020 1339 1135 1407 det,
1181 1341 1238 1393 et
1278 1338 1389 1393 hoc
1427 1338 1616 1409 ipsum
1646 1344 1770 1393 erat
1813 1339 2105 1410 sapientia:

473 1432 616 1486 scire
647 1432 809 1502 cujus
838 1436 984 1486 esset
1016 1432 1120 1486 hoc
1151 1431 1390 1501 donum,
1422 1432 1536 1486 adii
1564 1432 1870 1487 Dominum
1907 1436 1964 1487 et
2005 1434 2102 1487 de-

471 1529 736 1596 precatus
781 1542 909 1578 sum
947 1525 1105 1579 illum
1158 1528 1303 1597 (Sap.
1351 1541 1467 1593 Vlll,
1517 1528 1627 1595 21),
1659 1548 1687 1575 ››
1715 1528 2003 1581 Postremo
2032 1543 2104 1580 ne

472 1619 717 1674 nimium
754 1619 992 1689 longum
1036 1619 1107 1672 sit
1140 1622 1345 1673 cuncta
1387 1635 1741 1690 percurrere,
1778 1620 2013 1691 jubetur
2040 1624 2104 1675 ut

471 1728 590 1766 non
620 1711 891 1765 faciamus
917 1712 1152 1778 malum,
1174 1712 1274 1765 ubi
1300 1711 1507 1766 dicitur
1536 1730 1549 1765 :
1583 1734 1610 1763 ‹‹
1641 1712 1869 1767 Declina
1890 1730 1923 1767 a
1948 1714 2103 1768 malo

2211 515 2510 567 geremus,
2586 503 2641 551 et
2700 499 2768 552 de
2822 498 2932 552 hoc
2988 502 3213 552 tantum
3265 496 3544 553 beneficio
3594 498 3853 554 Creatori

2207 597 2402 645 nostro
2454 591 2664 661 gratias
2718 607 2889 662 agere
2944 591 3264 657 valeamus,
3323 591 3479 647 unde
3528 597 3587 646 et
3640 592 3853 646 merito

2210 684 2393 754 gratia
2444 684 2551 737 ista
2616 684 2728 738 dici
2773 687 2993 755 potest,
3044 684 3179 755 quia
3237 700 3353 738 non
3399 684 3853 755 praecedentium

2207 777 2532 847 aliquorum
2575 793 2815 848 operum
2863 777 3102 845 meritis,
3148 778 3245 831 sed
3292 778 3541 848 gratuita
3584 778 3850 833 bonitate

2210 870 2305 924 Dei
2353 870 2563 925 donata
2618 875 2723 937 est,
2770 870 2885 925 alia
2924 874 3010 925 est
3054 874 3246 925 tamen
3296 888 3407 943 qua
3455 872 3851 942 praadestinati

2206 979 2495 1031 vocamur,
2522 963 2920 1034 justiﬁcamur,
2972 963 3372 1035 gloriﬁcamur,
3401 968 3465 1018 ut
3489 964 3684 1020 dicere
3712 981 3849 1035 pos-

2208 1057 2382 1111 simus
2407 1074 2420 1110 :
2448 1055 2629 1130 181
2674 1079 2702 1106 ‹‹
2731 1057 2787 1112 Si
2814 1058 2957 1112 Deus
2982 1074 3086 1129 pro
3114 1057 3294 1124 nobis,
3325 1058 3451 1129 quis
3471 1062 3674 1113 contra
3695 1075 3802 1113 nos
3823 1059 3849 1113 ‘?

2208 1149 2315 1213 Qui
2366 1150 2502 1204 Filio
2540 1167 2641 1203 suo
2684 1149 2915 1221 proprio
2953 1167 3072 1205 non
3109 1150 3382 1221 pepercit,
3415 1150 3517 1205 sed
3546 1168 3652 1222 pro
3680 1152 3850 1206 nobis

2206 1243 2471 1297 omnibus
2502 1242 2732 1298 tradidit
2761 1243 2921 1297 illum
2958 1245 3125 1313 (Rom.
3155 1260 3271 1311 Vlll,
3305 1247 3394 1312 31,
3423 1248 3531 1314 32),
3569 1264 3597 1296 ι)
3634 1245 3707 1299 de
3746 1246 3849 1299 hac

2206 1336 2390 1407 gratia
2452 1338 2687 1407 quiestio
2739 1336 3097 1405 vertebatur,
3159 1338 3387 1408 quando
3437 1338 3507 1392 ab
3557 1338 3650 1392 his
3702 1355 3851 1410 quos

2202 1430 2463 1500 Pelagius
2539 1430 2786 1500 graviter
2872 1430 3199 1486 offendebat
3282 1434 3454 1503 atque
3539 1432 3846 1499 turbabat,

2205 1523 2497 1578 dicebatur
2548 1524 2600 1577 ei
2650 1524 2798 1595 quod
2854 1540 2979 1579 eam
3029 1524 3145 1579 suis
3208 1525 3687 1596 disputationibus
3743 1543 3846 1597 0p-

2202 1622 2509 1687 pugnaret,
2542 1616 2747 1686 quibus
2774 1620 3070 1686 assereret,
3101 1634 3218 1672 non
3244 1619 3431 1672 solum
3458 1619 3529 1673 ad
3551 1619 3845 1688 facienda,

2204 1726 2403 1763 verum
2457 1710 2626 1764 etiam
2674 1711 2743 1765 ad
2800 1710 3147 1781 perﬁcienda
3194 1710 3455 1767 mandata
3504 1712 3698 1767 divina
3744 1730 3849 1783 per

474 1806 640 1876 (Psal.
674 1822 855 1874 xxxvn,
881 1806 993 1876 27),
1025 1824 1051 1855 ι)
1082 1809 1140 1859 et
1166 1808 1360 1859 tamen
1392 1809 1592 1859 oratur
1615 1809 1812 1860 utnon
1832 1804 2106 1862 faciamus
2125 1790 2181 1862 B
2205 1804 2448 1858 liberum
2476 1804 2776 1858 arbitrium
2804 1804 2911 1858 sibi
2931 1804 3246 1859 humanam
3269 1806 3527 1860 sufﬁcere
3547 1812 3843 1861 naturam.

471 1899 690 1954 malum
722 1899 818 1953 ubi
838 1897 1045 1953 dicitur
1072 1914 1084 1953 :
1118 1918 1145 1949 «
1178 1899 1420 1953 Oramus
1448 1904 1643 1954 autem
1668 1899 1739 1971 ad
1771 1901 2103 1971 Dominum,

471 2008 544 2047 ne
573 1991 711 2063 quid
743 1990 961 2046 faciatis
996 1991 1147 2045 mala
1178 1991 1252 2061 (II
1274 1995 1391 2049 Cor.
1419 2008 1538 2061 xm,
1570 1994 1642 2064 7).
1672 1968 1732 2049 nl
1746 1994 2020 2049 Jubemur
2043 1968 2108 2049 ut

468 2085 743 2142 faciamus
767 2085 1004 2154 bonum,
1038 2085 1136 2139 ubi
1178 2085 1384 2140 dicitur
1416 2104 1428 2139 :
1467 2106 1493 2137 «
1526 2086 1753 2141 Declina
1791 2104 1825 2141 a
1866 2089 2013 2141 malo
2051 2091 2108 2142 et

469 2180 560 2235 fac
589 2179 809 2234 bonum
852 2180 1019 2250 (Psal.
1065 2195 1246 2248 xxxvr,
1295 2182 1406 2249 27),
1457 2181 1514 2233 et
1548 2184 1742 2234 tamen
1786 2184 2000 2249 oratur,
2045 2185 2108 2236 ut

471 2273 753 2329 faciamus
779 2274 1016 2341 bonum,
1047 2272 1148 2326 ubi
1174 2272 1379 2327 dicitur
1410 2290 1422 2327 :
1462 2294 1489 2321 «
1516 2274 1638 2327 Non
1676 2290 1964 2328 cessamus
2003 2291 2105 2345 pro

475 2366 635 2422 vobis
672 2370 900 2423 orantes
930 2369 989 2420 et
1014 2366 1388 2438 postulantes,
1422 2386 1451 2417 »
1501 2371 1671 2438 atque
1711 2367 1860 2422 inter
1898 2372 2106 2422 caetera

475 2477 604 2533 qum
624 2460 735 2515 illis
750 2465 872 2515 orat
891 2460 1044 2528 dicit,
1075 2482 1103 2510 »
1126 2464 1191 2515 ut
1211 2460 1512 2515 ambuletis
1535 2461 1707 2532 digne
1728 2462 1844 2516 Deo
1860 2461 1920 2516 in
1936 2478 2106 2517 omne

474 2555 767 2626 placitum,
796 2554 856 2608 in
878 2554 1033 2609 omni
1067 2570 1241 2625 apere
1270 2559 1325 2609 et
1351 2571 1613 2610 sermone
1643 2555 1793 2610 bono
1817 2554 1947 2628 (Col.
1980 2573 2017 2623 1,
2050 2559 2102 2625 9,

476 2648 582 2719 10).
618 2668 645 2700 ››
679 2648 835 2704 Sicut
872 2665 1012 2720 ergo
1042 2647 1403 2719 agnoscimus
1434 2649 1784 2704 voluntatem
1822 2666 1953 2704 cum
1984 2651 2105 2705 haec

473 2742 904 2813 praecipiuntur,
931 2741 1010 2796 sic
1038 2745 1096 2796 et
1126 2742 1245 2812 ipse
1272 2745 1546 2813 agnoscat
1575 2743 1820 2813 gratiam
1847 2760 1977 2798 cum
2005 2759 2103 2814 pe-

469 2838 693 2890 tuntur.

542 2928 791 2984 Misimus
828 2928 1160 2983 reverentia:
1198 2933 1312 2983 tuae
1353 2928 1562 2983 librum
1605 2946 1776 3000 quem
1822 2930 2107 2984 dederunt

470 3021 724 3094 religiosi
761 3025 818 3076 et
858 3022 1083 3077 honesti
1115 3021 1499 3077 adolescentes
1532 3022 1679 3077 servi
1712 3024 1834 3093 Dei,
1862 3040 2105 3095 quorum

474 3118 649 3173 etiam
668 3115 909 3171 nomina
930 3132 1045 3170 non
1069 3120 1340 3187 tacemus,
1364 3133 1498 3172 nam
1513 3116 1834 3172 Thimasius
1860 3122 1915 3173 et
1939 3119 2100 3173 Jaco-

478 3166 649 3173 η-..-
669 3166 908 3171 _-_____
930 3166 1045 3170 _____
1076 3166 1340 3187 -_--__-,
1365 3166 1498 3172 ____
1523 3166 1830 3172 -.ω-η---
1864 3166 1915 3173 --
1940 3166 2067 3173 ηπ

470 3210 578 3265 bus
606 3214 896 3265 vocantur.
927 3209 1034 3275 Qui
1055 3209 1200 3265 sicut
1228 3211 1512 3277 audimus,
1549 3215 1606 3266 et
1635 3211 1806 3265 etiam
1828 3228 1993 3266 nosse
2026 3210 2107 3266 di-
2125 3166 2180 3241 Ο

472 3310 684 3382 gnaris,
708 3309 881 3381 ipsius
896 3308 1113 3381 Pelagii
1133 3309 1527 3364 exhortatione
1551 3326 1711 3380 spem
1731 3326 1904 3382 quam
1936 3311 2107 3365 habe-

467 3403 605 3460 bant
629 3405 688 3459 in
716 3405 921 3476 saeculo
947 3404 1321 3476 reliquerunt,
1346 3406 1405 3457 et
1428 3420 1581 3459 nunc
1608 3405 1966 3460 continentes
1988 3406 2103 3459 Deo

470 3474 882 3590 serviunt{Qui
909 3514 1042 3553 cum
1070 3514 1263 3552 errore
1293 3497 1494 3553 eodem
1521 3498 1829 3570 aliquando
1848 3516 1950 3570 per
1969 3516 2104 3571 qua-

475 3594 818 3665 lemcunque
862 3609 1097 3664 operam
1149 3596 1424 3662 nostram,
1475 3593 1721 3648 Domino
1765 3592 2101 3664 inspirante,

474 3688 810 3755 caruissent,
834 3688 1199 3758 pertulerunt
1218 3686 1488 3741 eumdem
1512 3686 1728 3741 librum
1755 3686 1964 3756 Pelagii
1983 3703 2102 3741 esse

470 3781 739 3850 dicentes,
779 3786 836 3835 et
876 3782 944 3834 ut
981 3780 1031 3835 ei
1070 3779 1513 3849 responderetur
1537 3779 1829 3850 impendio
1863 3796 2099 3851 rogave—

470 3879 625 3929 runt.
655 3876 885 3928 Factum
924 3877 1012 3926 est
1040 3873 1113 3927 ad
1140 3873 1373 3927 eosdem
1406 3872 1542 3927 dum
1569 3873 1846 3944 rescripta
1875 3879 1959 3929 est
1981 3875 2104 3945 ipsa

471 3968 785 4039 responsio,
822 3969 1057 4037 agentes
1087 3966 1297 4037 gratias
1328 3966 1761 4038 rescripserunt,
1797 3970 2103 4040 utrumque

471 4060 747 4129 misimus,
782 4064 839 4114 et
867 4059 957 4113 cui
984 4076 1343 4132 responsum,
1374 4065 1431 4114 et
1457 4060 1610 4131 quod
1630 4076 1963 4133 responsum
1996 4067 2100 4117 est.

468 4155 537 4209 Et
568 4170 640 4209 ne
685 4153 932 4209 nimium
972 4169 1222 4209 essemus
1253 4154 1499 4222 onerosi,
1546 4154 1708 4227 signa
1746 4155 1985 4211 fecimus
2014 4156 2103 4210 his

467 4247 606 4304 locis
630 4248 724 4302 ubi
742 4249 987 4321 petimus
1004 4249 1280 4320 inspicere
1302 4265 1418 4304 non
1436 4250 1709 4320 graveris,
1731 4251 2105 4321 quemadmo-

471 4342 609 4397 dum
623 4342 729 4397 sibi
747 4343 972 4413 objecta
986 4343 1300 4414 quaastione
1317 4343 1467 4414 quod
1481 4343 1725 4415 gratiam
1739 4344 1833 4400 Dei
1848 4348 2099 4416 negaret,

466 4434 546 4493 ita
570 4436 889 4509 respondit,
917 4440 980 4491 ut
1007 4454 1135 4491 eam
1156 4453 1274 4491 esse
1301 4454 1419 4492 non
1442 4437 1673 4506 diceret,
1702 4438 1810 4493 nisi
1830 4445 2101 4494 naturam

467 4531 527 4586 in
558 4548 674 4603 qua
699 4548 801 4585 nos
828 4531 1078 4585 condidit
1096 4532 1261 4585 Deus.
1291 4531 1350 4586 Si
1382 4535 1576 4586 autem
1603 4533 1757 4587 hunc
1786 4550 1907 4587 esse
1937 4548 2099 4586 suum
2121 4545 2180 4618 D

466 4626 678 4681 librum
711 4626 903 4695 negat,
934 4628 1031 4679 aut
1062 4625 1261 4679 eadem
1288 4625 1348 4679 in
1377 4626 1521 4681 libro
1549 4627 1669 4681 loca
1708 4643 1826 4681 non
1861 4630 2099 4681 conten-

470 4719 677 4785 dimus,
699 4719 1141 4774 anathematizet
1163 4719 1318 4773 illam
1339 4722 1397 4775 et
1413 4736 1539 4773 eam
1557 4720 1895 4775 conﬁteatur
1924 4719 2100 4791 aptis-

465 4813 605 4868 sime
638 4813 876 4884 gratiam
908 4828 1080 4883 quam
1114 4812 1369 4867 doctrina
1396 4812 1715 4867 Christiana
1745 4813 2103 4869 demonstrat

468 4912 524 4961 et
551 4907 826 4977 praedicat
865 4922 984 4961 esse
1020 4905 1314 4977 propriam
1341 4905 1795 4961 Christianorum
1831 4923 1957 4977 qua:
1984 4923 2100 4961 non

468 5006 551 5055 est
577 5004 799 5068 natura,
830 4999 927 5053 sed
956 5016 1070 5069 qua
1099 5000 1367 5054 salvatur.
1404 4999 1542 5062 Quae
1569 5004 1779 5053 natura
1802 5016 1922 5054 non
1946 4999 2098 5054 auri-

467 5094 573 5147 bus
613 5092 865 5147 doctrina
906 5098 1143 5148 sonante
1180 5093 1267 5148 vel
1299 5093 1491 5164 aliquo
1522 5093 1851 5163 adjumento
1897 5093 2102 5149 visibili

466 5187 636 5255 fovet,
669 5187 814 5243 sicut
843 5188 1136 5259 plantatur
1169 5186 1595 5258 quodammodo
1621 5192 1678 5241 et
1699 5187 1970 5258 irrigatur
1999 5205 2098 5243 ex-

462 5280 759 5349 trinsecus,
800 5281 899 5336 sed
940 5280 1469 5335 subministratione
1509 5280 1771 5351 Spiritus,
1805 5284 1862 5335 et
1886 5284 2102 5336 occulta

466 5375 852 5431 misericordia
878 5374 1021 5430 sicut
1046 5375 1143 5429 ille
1174 5374 1310 5428 facit
1354 5395 1380 5424 «
1423 5374 1521 5445 qui
1553 5374 1651 5429 dat
1681 5374 2099 5431 incrementum

465 5472 610 5525 Deus
653 5474 699 5540 (Ι
731 5470 851 5524 Cor.
898 5486 979 5535 ιιι,
1012 5469 1087 5537 7).
1117 5489 1143 5515 »
1177 5467 1233 5522 Si
1275 5467 1429 5521 enim
1470 5468 1714 5539 quadam
1745 5486 1861 5525 non
1890 5470 2102 5543 impro-

464 5564 656 5618 banda
697 5563 919 5617 ratione
952 5561 1160 5615 dicitur
1186 5561 1367 5631 gratia
1397 5562 1497 5615 Dei
1533 5578 1645 5633 qua
1675 5565 1851 5619 creati
1880 5581 2096 5634 sumus,

466 5663 528 5711 ut
553 5656 814 5712 nonnihil
850 5671 1122 5724 essemus,
1164 5671 1267 5709 nec
1291 5654 1371 5709 ita
1398 5671 1651 5712 essemus
1678 5657 1851 5726 aliud,
1877 5665 1978 5715 aut
2002 5677 2096 5715 ca-

466 5749 639 5803 daver
687 5750 837 5821 quod
880 5766 995 5803 non
1042 5748 1200 5818 vivit,
1251 5753 1351 5804 aut
1396 5750 1566 5805 arbor
1602 5769 1730 5824 qua:
1760 5770 1875 5807 non
1902 5754 2095 5821 sentit,

466 5846 565 5900 aut
590 5858 761 5915 pecus
797 5843 950 5916 quod
987 5858 1099 5897 non
1152 5841 1436 5914 intelligit,
1482 5846 1580 5899 sed
1609 5846 1877 5902 homines
1903 5848 2001 5919 qui
2034 5850 2101 5902 ut

2206 1899 2356 1952 Hanc
2404 1898 2711 1968 apostolica
2765 1898 3023 1952 doctrina
3081 1900 3327 1970 gratiam
3382 1916 3497 1954 non
3549 1899 3845 1955 immerito

2205 1992 2311 2046 isto
2350 1991 2581 2046 nomine
2621 1992 2866 2062 appellat
2907 2008 3021 2063 qua
3051 1993 3358 2060 salvamur,
3388 1999 3446 2047 et
3460 1993 3848 2064 justiﬁcamur

2206 2101 2275 2139 ex
2328 2084 2440 2140 ﬁde
2491 2084 2715 2139 Christi.
2784 2086 2862 2139 De
2931 2086 3037 2140 hac
3089 2087 3362 2157 scriptum
3421 2092 3506 2141 est
3560 2104 3572 2141 :
3640 2110 3668 2136 κ
3718 2090 3845 2143 Non

2203 2178 2423 2233 irritam
2479 2177 2623 2232 facio
2688 2178 2928 2248 gratiam
2992 2180 3130 2247 Dei,
3196 2197 3330 2235 nam
3386 2180 3431 2234 si
3485 2198 3591 2252 per
3649 2182 3843 2253 legem

2198 2272 2455 2343 justitia,
2528 2288 2666 2342 ergo
2718 2272 2969 2327 Christus
3018 2272 3196 2343 gratis
3247 2278 3505 2329 mortuus
3556 2281 3644 2330 est
3700 2277 3843 2345 (Gal.

2206 2383 2263 2433 ιι,
2312 2365 2419 2437 21).
2468 2388 2493 2414 ››
2536 2366 2614 2420 De
2662 2366 2763 2419 hac
2808 2365 3082 2438 scriptum
3137 2370 3223 2422 est
3269 2384 3282 2422 :
3332 2389 3359 2417 ‹‹
3403 2368 3670 2424 Evacuati
3710 2370 3847 2423 estis

2207 2476 2241 2514 a
2287 2459 2550 2528 Christo,
2611 2459 2708 2530 qui
2761 2458 2821 2513 in
2884 2460 3014 2531 lege
3065 2460 3500 2532 justiticamini,
3563 2479 3597 2516 a
3655 2463 3847 2534 gratia

2205 2553 2485 2608 excidistis
2549 2554 2690 2621 (Gal.
2744 2570 2810 2620 v,
2864 2555 2940 2623 4).
2996 2576 3023 2602 ››
3081 2556 3155 2609 De
3204 2555 3311 2610 hac
3360 2556 3634 2627 scriptum
3694 2562 3784 2612 est
3827 2574 3841 2612 :

2210 2668 2237 2695 ‹‹
2294 2647 2350 2702 Si
2397 2649 2591 2701 autem
2643 2648 2846 2717 gratia,
2885 2648 3007 2718 jam
3057 2665 3172 2703 non
3228 2666 3295 2702 ex
3344 2649 3644 2721 operibus,
3697 2651 3842 2705 alio-

2206 2740 2345 2811 quin
2395 2740 2580 2811 gratia
2626 2740 2752 2810 jam
2801 2757 2920 2795 non
2967 2746 3051 2797 est
3095 2742 3274 2813 gratia
3325 2743 3492 2813 (Rom.
3548 2760 3619 2811 ιι,
3672 2747 3746 2815 6).
3812 2764 3840 2797 ι)

2205 2835 2282 2888 De
2338 2834 2441 2905 hac
2487 2834 2762 2905 scriptum
2812 2838 2940 2889 est:
2977 2858 3005 2884 ‹‹
3034 2835 3095 2890 Ei
3138 2838 3333 2891 autem
3384 2836 3484 2909 qui
3534 2854 3651 2892 non
3700 2855 3843 2909 ope-

2204 2932 2363 2983 ratur
2391 2970 2404 2996 ,
2483 2928 2732 2983 credenti
2804 2933 2995 2983 autem
3065 2929 3126 2984 in
3194 2947 3327 2985 eum
3388 2930 3487 3003 qui
3558 2931 3846 3001 justiﬁcat

2204 3021 2487 3092 impium,
2557 3022 2862 3093 deputatur
2919 3022 3058 3078 ﬁdes
3115 3024 3238 3095 ejus
3294 3024 3365 3080 ad
3416 3025 3734 3096 justitiam;
3790 3026 3841 3081 ei

2206 3120 2400 3170 autem
2445 3115 2542 3187 qui
2594 3122 2864 3188 operatur
2913 3133 3133 3172 merces
3181 3134 3296 3173 non
3337 3119 3703 3190 imputantur
3744 3137 3840 3175 se-

2205 3209 2456 3264 cundum
2512 3210 2792 3281 gratiam,
2838 3211 2937 3265 sed
2987 3211 3304 3267 secundum
3357 3211 3616 3268 debitum
3664 3213 3838 3284 (Rom.

2206 3320 2297 3373 ιν,
2357 3304 2427 3371 4,
2488 3303 2577 3375 5),
2639 3324 2666 3353 »
2722 3308 2779 3358 et
2828 3306 3009 3359 multa
3057 3306 3167 3360 alia
3231 3322 3361 3378 quae
3412 3306 3618 3361 melius
3670 3312 3841 3378 potes

2205 3396 2532 3451 meminisse
2585 3401 2644 3451 et
2692 3398 3014 3469 intelligere
3062 3399 3404 3471 prudentius
3451 3404 3509 3454 et
3560 3400 3841 3457 illustrius

2205 3491 2534 3562 przedicare.
2587 3492 2740 3547 Illam
2787 3510 2919 3548 vero
2970 3494 3211 3565 gratiam
3263 3510 3375 3566 qua
3426 3495 3600 3549 creati
3640 3512 3841 3551 sumus

2203 3586 2485 3653 homines,
2537 3586 2756 3641 etiamsi
2812 3586 2962 3641 illam
3015 3589 3413 3659 appellandam
3460 3606 3575 3644 non
3622 3588 3836 3646 immeo

2202 3680 2313 3734 rito
2345 3678 2736 3750 intelligimus,
2773 3680 2986 3735 mirum
3035 3687 3119 3736 est
3156 3686 3368 3762 tamen,
3416 3683 3462 3736 si
3505 3682 3586 3737 ita
3637 3685 3839 3755 appel-

2202 3774 2374 3827 latam
2424 3773 2484 3827 in
2539 3774 2704 3828 ullius
2750 3774 3018 3845 legitimis
3056 3775 3424 3848 propheticis,
3470 3777 3838 3848 evangelicis,

2205 3868 2641 3939 apostolicisque
2702 3842 2903 3923 litteris
2972 3842 3233 3941 legimus.
3274 3842 3439 3965 )Cum
3499 3842 3693 3943 itaque
3765 3842 3839 3928 de

2203 3962 2308 4016 hac
2383 3961 2604 4032 gratia,
2682 3962 3017 4029 Christianis
3088 3961 3351 4018 ﬁdelibus
3429 3964 3837 4038 catholicisque

2203 4055 2510 4111 novissima
2549 4056 2630 4110 illi
2674 4056 3016 4127 objiceretur
3058 4058 3318 4130 quaestio,
3363 4064 3424 4115 ut
3471 4076 3594 4114 eam
3650 4077 3836 4132 oppu-

2205 4166 2381 4221 gnare
2426 4149 2731 4220 desineret,
2776 4151 2917 4222 quid
2965 4156 3049 4207 est
3091 4152 3244 4223 quod
3288 4169 3420 4208 cum
3469 4153 3575 4208 hoc
3618 4154 3725 4208 sibi
3775 4153 3838 4210 in

2202 4244 2349 4299 libro
2396 4260 2527 4311 suo,
2581 4245 2732 4299 velut
2787 4244 3118 4301 adversante
3172 4263 3451 4319 persona,
3509 4247 3664 4302 idem
3713 4248 3839 4319 ipse

2204 4338 2535 4409 objecisset,
2611 4343 2670 4393 ut
2736 4356 2794 4394 se
2864 4340 3255 4411 respondendo
3318 4345 3621 4414 purgaret,
3690 4341 3838 4397 nihil

2202 4433 2354 4487 aliud
2392 4433 2708 4505 respondit,
2757 4434 2866 4488 nisi
2912 4439 3181 4490 naturam
3233 4436 3407 4491 creati
3461 4435 3710 4491 hominis
3754 4453 3839 4492 re

2202 4527 2352 4581 ferre
2401 4527 2646 4597 gratiam
2693 4529 3002 4595 Creatoris;
3036 4534 3207 4600 atque
3252 4547 3311 4584 se
3355 4530 3437 4584 ita
3470 4530 3656 4585 dicere
3707 4530 3833 4586 sine

2202 4626 2433 4692 peccato
2476 4620 2705 4692 impleri
2753 4639 2913 4694 posse
2953 4623 3239 4694 justitiam
3287 4641 3389 4695 per
3439 4624 3691 4679 liberum
3737 4643 3833 4679 ar-

2200 4714 2434 4771 bitrium
2480 4733 2610 4771 cum
2652 4716 2938 4788 adjutorio
2979 4717 3183 4773 divina:
3227 4720 3446 4790 gratiae,
3482 4720 3636 4790 quod
3682 4720 3835 4775 Deus

2204 4809 2309 4865 hoc
2338 4809 2559 4865 dederit
2599 4811 2818 4865 homini
2856 4812 2980 4882 ipsa
3015 4813 3382 4884 possibilitate
3413 4816 3634 4868 naturae
3658 4802 3836 4869 ‘I'Cui

2202 4904 2407 4959 merito
2450 4905 2873 4976 respondetur:
2910 4926 2937 4957 «
2971 4907 3118 4977 Ergo
3175 4912 3507 4962 evacuatum
3551 4912 3638 4961 est
3680 4925 3837 4963 scan-

2203 4997 2394 5052 dalum
2433 5001 2613 5054 crucis
2643 5000 2780 5070 (Gal.
2828 5017 2880 5069 ν,
2927 5002 3032 5071 11),
3068 5023 3094 5049 ››
3129 5018 3267 5072 ergo
3309 5022 3336 5052 «
3366 5001 3619 5056 Christus
3655 5004 3837 5074 gratis

2201 5096 2461 5147 mortuus
2511 5099 2594 5149 est
2650 5095 2793 5165 (Gal.
2846 5112 2913 5162 ιι,
2969 5098 3076 5166 21).
3143 5116 3169 5147 ››
3231 5098 3351 5151 Non
3405 5097 3559 5151 enim
3617 5097 3665 5151 si
3718 5114 3835 5154 non

2202 5193 2521 5241 moreretur
2570 5195 2805 5260 propter
2861 5188 3063 5245 delicta
3120 5196 3348 5258 nostra,
3404 5194 3461 5246 et
3511 5198 3837 5264 resurgeret

2201 5286 2437 5353 propter
2492 5282 2963 5353 justilicationem
3017 5287 3271 5340 nostram
3328 5288 3494 5355 (Rom.
3556 5302 3644 5352 ιν,
3704 5291 3832 5357 25),

2203 5395 2230 5426 ‹‹
2291 5392 2397 5429 nec
2450 5376 2794 5431 ascendisset
2849 5378 2907 5431 in
2956 5378 3155 5448 altum,
3211 5384 3267 5433 et
3319 5379 3605 5450 captivans
3654 5382 3832 5451 capti-

2199 5469 2432 5524 vitalem
2477 5470 2639 5525 daret
2682 5472 2833 5526 dona
2875 5472 3206 5528 hominibus
3254 5473 3466 5543 (Ephes.
3523 5490 3608 5540 ιν,
3668 5477 3754 5543 8),
3802 5495 3832 5524 »

2200 5564 2308 5619 ista
2346 5570 2563 5619 naturae
2613 5565 2959 5635 possibilitas
3000 5583 3176 5638 quam
3216 5567 3491 5637 defendit,
3537 5585 3652 5623 non
3686 5576 3837 5625 esset

2200 5658 2259 5712 in
2287 5658 2634 5728 hominibus,
2680 5677 2754 5715 an
2799 5660 2943 5715 forte
2988 5661 3087 5716 Dei
3128 5661 3464 5716 mandatum
3506 5662 3721 5718 deerat.
3769 5666 3836 5720 Et

2198 5752 2325 5808 ideo
2393 5753 2647 5808 Christus
2708 5757 2968 5809 mortuus
3022 5755 3161 5809 est?
3212 5756 3330 5810 lmo
3383 5755 3561 5810 etiam
3619 5761 3681 5811 et
3724 5759 3832 5813 hoc

2200 5850 2325 5902 erat
2376 5851 2635 5901 sanctum
2692 5853 2749 5903 et
2782 5848 3007 5919 justum
3050 5853 3107 5902 et
3151 5849 3390 5919 bonum,
3438 5849 3564 5923 jam
3614 5850 3834 5913 dictum
