4034 6294
201 369 308 421 737

1413 343 1884 416 DECRETALIUM
1920 359 2305 416 COLLECTIO.

3463 371 3563 422 738

200 474 390 527 fuerat
434 488 448 526 :
498 471 618 526 Non
691 467 1054 541 concupisces
1119 456 1313 539 (Exod.
1380 481 1469 534 xx,
1552 467 1658 539 17),
1716 469 1832 538 jam
1862 470 2107 551 Aptura
2158 467 2403 534 dicente,
2460 467 2654 521 omnia
2703 459 2806 522 sub
2852 473 3105 540 peccato,
3163 476 3227 525 ut
3274 477 3572 544 promissio

200 565 422 621 dictum
502 566 753 620 fuerat:
815 564 1021 634 Diliges
1099 561 1423 634 proximum
1505 567 1626 617 tum
1699 562 1842 617 sicut

198 660 453 730 teipsum
505 659 718 728 (Matth.
774 675 885 725 xxx,
945 660 1049 726 19).
1104 638 1164 711 In
1214 674 1327 728 quo
1378 673 1638 710 sermone
1689 660 1834 727 Apo-

201 753 383 808 stolus
437 769 670 807 omnem
712 751 903 823 legem
957 751 1093 805 dicit
1140 750 1367 823 impleri
1417 751 1559 822 (Gal.
1611 767 1666 820 v,
1729 751 1836 822 14),

199 852 262 902 et
315 847 593 918 quoniam
645 845 750 900 nisi
801 845 1000 916 diligat
1051 845 1248 912 Deum,
1307 861 1479 900 nemo
1531 845 1716 916 diligit
1760 862 1841 899 se-

200 941 418 1012 ipsum.
461 941 702 1011 ldeoque
741 939 1010 994 Dominus
1039 937 1099 993 in
1143 939 1230 992 his
1272 938 1494 994 duobus
1542 939 1841 1010 praeceptis

200 1038 388 1089 totam
437 1035 624 1105 legem
669 1033 811 1088 dixit
865 1033 1279 1104 prophetasque
1336 1033 1566 1104 impleri
1624 1034 1837 1102 (Matth.

202 1144 344 1197 xxn,
411 1129 521 1197 40).
597 1129 733 1192 Quae
799 1128 910 1182 duo
977 1131 1256 1198 praecepta
1313 1127 1435 1197 jam
1512 1130 1673 1182 erant
1737 1128 1836 1181 ho-

201 1221 456 1275 minibus
503 1221 772 1276 divinitus
828 1221 990 1291 data;
1063 1226 1120 1275 at
1183 1226 1462 1275 internum
1531 1221 1837 1293 praemium

196 1314 438 1385 justitiae
485 1315 831 1386 promissum
880 1314 1136 1369 nondum
1187 1319 1331 1368 erat.
1391 1316 1503 1368 Hoc
1555 1314 1676 1386 ipse
1724 1331 1839 1370 non

205 1408 346 1462 dicit
395 1408 493 1479 qui
536 1409 594 1462 in
646 1408 760 1462 suis
806 1408 1006 1462 litteris
1057 1407 1273 1479 possint
1325 1408 1496 1463 etiam
1545 1409 1603 1463 in
1653 1409 1837 1464 Veteri

201 1503 564 1557 Testamento
604 1519 844 1574 regnum
893 1503 1162 1556 cmlorum
1203 1518 1320 1556 esse
1367 1504 1732 1574 promissum.
1784 1503 1838 1557 Si

205 1612 348 1668 ergo
377 1597 444 1650 ad
476 1597 790 1651 faciendam
835 1596 1353 1668 perficiendamque
1394 1597 1675 1667 justitiam
1717 1597 1839 1668 jam

206 1693 332 1744 erat
381 1695 597 1745 natura
663 1689 1006 1761 possibilitas
1072 1707 1174 1761 per
1220 1690 1465 1745 liberum
1514 1691 1833 1762 arbitrium,

195 1783 324 1854 jam
376 1790 495 1838 erat
545 1783 688 1855 legis
741 1784 837 1838 Dei
883 1791 1159 1852 sanctum,
1202 1785 1440 1855 justum,
1493 1784 1837 1856 benignum-

1942 576 2008 613 ex
2051 558 2162 613 {ide
2205 561 2335 615 Jesu
2367 560 2574 615 Christi
2620 561 2854 615 daretur
2895 563 3256 618 credentibus
3303 567 3444 636 (Gal.
3486 585 3570 637 ιιι,

1943 654 2141 724 18-22)
2179 695 2190 708 ,
2223 675 2250 702 ››
2312 655 2512 708 Nonne
2559 655 2692 710 satis
2747 655 2996 709 ostendit
3051 656 3159 711 hoc
3216 663 3407 715 actum
3454 679 3572 718 esse

1940 763 2044 817 per
2093 747 2304 819 legem,
2351 751 2416 802 ut
2459 753 2752 820 peceatum
2792 754 3234 820 cognosceretur
3267 757 3324 808 et
3352 772 3571 827 prava-

1941 840 2215 895 ricatione
2268 847 2595 912 augeretur.
2650 841 2753 897 Ubi
2799 842 2952 897 enim
2997 843 3087 899 lex
3127 862 3243 900 non
3308 853 3410 916 est,
3465 866 3572 904 nec

1939 934 2346 1005 praevaricatio,
2395 939 2452 989 et
2494 936 2570 990 sic
2613 937 2879 991 adversus
2912 935 3206 993 victoriam
3255 943 3471 1012 peccati
3501 943 3574 998 ad

1940 1027 2190 1082 divinam
2238 1030 2475 1100 gratiam
2523 1046 2651 1102 quae
2698 1030 2755 1084 in
2802 1031 3279 1101 promissionibust
3315 1039 3400 1090 est
3435 1053 3568 1091 con-

1941 1121 2267 1192 fugeretur;
2319 1125 2490 1194 atque
2539 1123 2615 1178 ita
2663 1124 2749 1179 lex
2777 1141 2896 1178 non
2940 1129 3089 1179 esset
3129 1121 3397 1183 adversus
3433 1147 3568 1201 pro-

1939 1215 2109 1270 missa
2154 1215 2273 1283 Dei,
2322 1217 2455 1288 quia
2502 1217 2633 1272 ideo
2684 1235 2789 1289 per
2833 1217 2990 1273 illam
3046 1219 3108 1274 ﬁt
3159 1222 3406 1293 cognitio
3435 1240 3570 1294 pec-

1940 1309 2066 1378 cati,
2107 1314 2164 1364 et
2209 1327 2274 1364 ex
2318 1310 2790 1382 praevaricatione
2842 1313 2982 1384 legis
3038 1314 3388 1370 abundantia
3433 1335 3570 1389 pec-

1939 1403 2067 1470 cati,
2125 1406 2186 1457 ut
2235 1403 2308 1458 ad
2355 1404 2755 1460 liberationem
2806 1411 3137 1477 quaerantur
3173 1410 3574 1480 promissiones

1939 1496 2060 1563 Dei,
2131 1498 2285 1569 quod
2353 1502 2438 1552 est
2489 1498 2673 1570 gratia
2742 1499 2861 1566 Dei,
2931 1506 2987 1554 et
3048 1500 3284 1574 incipiat
3340 1520 3458 1559 esse
3514 1504 3572 1560 in

1936 1594 2173 1649 homine
2216 1595 2457 1666 justitia,
2518 1614 2631 1650 non
2681 1614 2802 1665 sua,
2855 1598 2950 1652 sed
3002 1598 3116 1665 Dei,
3170 1599 3276 1654 hoc
3309 1606 3394 1656 est
3442 1602 3573 1657 data

1937 1688 2086 1744 dono
2145 1690 2260 1745 Dei.
2338 1691 2520 1754 Quam
2585 1690 2754 1746 etiam
2826 1707 2976 1745 nunc
3029 1691 3259 1763 quidem
3325 1694 3466 1750 sicut
3517 1699 3575 1751 et

1936 1786 2071 1837 tunc
2154 1783 2224 1838 de
2298 1783 2508 1838 Judaeis
2590 1784 2804 1839 dictum
2880 1787 3000 1839 est:
3075 1787 3410 1856 Ignorantes
3477 1789 3572 1845 Dei

204 1893 318 1948 que
370 1877 721 1944 mandatum,
782 1877 902 1948 jam
958 1881 1079 1932 erat
1129 1878 1470 1949 promissum
1532 1879 1834 1949 praamium
1856 1865 1913 1936 B
1929 1876 2233 1947 justitiam,
2287 1883 2344 1932 et
2398 1893 2558 1932 suam
2609 1879 2857 1933 volentes
2916 1879 3284 1949 constituere,
3333 1881 3572 1952 justitim

205 1971 642 2042 sempiternum.
707 1973 855 2042 Ergo
899 1971 1153 2027 Christus
1205 1972 1383 2044 gratis
1439 1975 1699 2027 mortuus
1753 1977 1838 2027 est

210 2066 347 2130 (Gol.
399 2081 454 2134 ιι,
521 2066 634 2135 21).
713 2067 862 2136 Ergo
927 2081 1113 2137 neque
1175 2083 1280 2137 per
1347 2067 1534 2138 legem
1594 2067 1835 2138 justitia,

206 2176 395 2230 neque
447 2175 550 2230 per
599 2165 815 2214 naturae
856 2159 1310 2231 possibilitatem,
1357 2162 1455 2215 sed
1509 2177 1578 2216 ex
1630 2160 1742 2216 lide
1773 2177 1838 2216 ac

207 2253 362 2308 dono
393 2253 490 2307 Dei
532 2269 634 2323 per
660 2255 848 2308 Jesum
891 2254 1178 2310 Christum
1225 2255 1523 2310 Dominum
1577 2257 1837 2310 nostrum

202 2363 390 2402 unum
442 2347 818 2402 mediatorem
856 2349 955 2402 Dei
987 2352 1043 2403 et
1090 2349 1390 2404 hominum
1435 2349 1477 2420 (l
1507 2351 1642 2404 Tim.
1673 2366 1732 2416 ιι,
1764 2352 1834 2412 5).

205 2443 286 2496 Ex
340 2458 452 2512 quo
494 2442 649 2496 enim
706 2464 732 2491 «
789 2459 891 2513 per
951 2459 1132 2497 unum
1185 2443 1476 2497 hominem
1543 2447 1837 2514 peceatum

205 2535 473 2590 intravait
517 2535 577 2589 in
623 2536 923 2603 mundum,
973 2541 1030 2590 et
1087 2554 1190 2607 per
1233 2540 1534 2608 peceatum
1582 2553 1734 2591 mors
1783 2540 1840 2591 et

204 2629 322 2683 vita
373 2628 430 2682 in
484 2645 682 2684 omnes
729 2629 986 2685 homines
1046 2631 1391 2701 pertransiit,
1443 2631 1501 2684 in
1548 2647 1663 2702 quo
1714 2647 1833 2685 om-

205 2739 311 2778 nes
359 2725 729 2794 peccaverunt
781 2727 946 2790 (Rom.
1004 2740 1056 2791 v,
1131 2727 1236 2795 12),
1301 2743 1328 2776 ››
1407 2725 1600 2795 procul
1667 2724 1838 2778 dubio

207 2833 241 2871 a
284 2833 520 2888 corpore
565 2817 758 2872 mortis
801 2818 990 2888 hujus,
1035 2817 1133 2872 ubi
1181 2840 1208 2868 «
1254 2819 1346 2872 lex
1394 2818 1504 2872 alia
1554 2823 1840 2890 repugnat

205 2911 320 2982 legi
398 2912 604 2966 mentis
645 2912 816 2983 (Rom.
868 2928 962 2979 v11,
1007 2911 1118 2982 23),
1167 2934 1189 2963 υ
1244 2912 1536 2967 nominem
1575 2911 1840 2966 liberavit

207 3010 306 3059 aut
359 3005 561 3060 liberat
609 3022 724 3060 suae
774 3005 1110 3076 possibilitas
1149 3009 1391 3074 naturae,
1427 3022 1556 3078 quae
1613 3006 1839 3077 perdita

207 3098 569 3170 redemptore
616 3099 857 3171 indiget,
915 3099 1155 3154 sauciata
1201 3101 1511 3169 Salvatore,
1562 3099 1662 3155 sed
1715 3117 1841 3172 gra-

205 3194 283 3248 tia
340 3193 436 3248 Dei
486 3210 588 3264 per
634 3194 805 3248 ﬁdem
848 3194 1014 3248 unius
1062 3195 1313 3249 hominis
1359 3194 1690 3250 mediatoris
1742 3194 1838 3249 Dei

206 3291 264 3342 et
310 3246 633 3354 homirium,
683 3288 934 3342 hominis
976 3290 1106 3343 Jesu
1159 3289 1359 3343 Christi
1424 3288 1520 3360 qui
1577 3294 1634 3343 et
1697 3246 1914 3344 DeusC

207 3398 340 3436 cum
385 3384 549 3450 esset,
583 3381 876 3437 hominem
931 3383 1083 3449 fecit,
1117 3386 1175 3437 et
1223 3400 1465 3438 manens
1514 3384 1676 3452 Deus,
1729 3385 1834 3438 ho-

207 3492 308 3531 mo
359 3476 562 3542 factus,
616 3477 813 3532 refecit
863 3476 986 3548 ipse
1036 3477 1192 3549 quod
1257 3478 1409 3532 fecit.
1462 3479 1602 3532 Puto
1647 3480 1836 3532 autem

207 3570 364 3643 quod
390 3587 506 3625 non
549 3571 726 3625 lateat
751 3570 892 3625 fides
937 3571 1162 3639 Christi,
1197 3588 1322 3642 quae
1352 3575 1552 3644 postea
1590 3571 1649 3625 in
1679 3587 1836 3626 reve-

206 3664 482 3719 lationem
503 3665 658 3718 venit
683 3663 739 3718 in
768 3664 1000 3720 occultis
1033 3664 1206 3720 fuisse
1233 3665 1581 3736 temporibus
1604 3666 1836 3720 Patrum

207 3761 566 3827 nostrorum,
645 3776 751 3832 per
798 3776 974 3832 quam
1042 3764 1234 3814 tamen
1307 3760 1477 3814 etiam
1548 3760 1668 3831 ipsa
1743 3759 1840 3815 Dei

213 3854 399 3926 gratia
453 3852 674 3909 liberati
715 3858 866 3923 sunt,
921 3840 1246 3925 quicunque
1297 3853 1562 3909 omnibus
1613 3853 1840 3925 generis

209 3946 448 4002 humani
492 3947 850 4019 temporibus
892 3947 1120 4002 liberari
1154 3952 1462 4019 potuerunt
1491 3949 1713 4004 occulto
1744 3947 1839 4002 Dei

201 4041 440 4113 judicio,
485 4058 600 4096 non
643 4043 834 4096 tamen
874 4041 1260 4113 vituperabili.
1318 4043 1479 4097 Unde
1531 4043 1666 4098 dicit
1690 4046 1838 4114 Apo-

211 4137 421 4191 stolus:
475 4135 812 4192 «Habentes
855 4140 1046 4192 autem
1095 4136 1362 4192 eumdem
1397 4137 1658 4208 spiritum
1689 4136 1840 4206 ﬁdei,

209 4230 411 4302 utique
446 4230 715 4286 eumdem
745 4247 918 4302 quem
951 4234 1007 4285 et
1055 4231 1138 4285 illi
1167 4231 1478 4286 secundum
1520 4232 1672 4302 quod
1706 4233 1841 4286 scri-

212 4330 379 4398 ptum
425 4328 552 4379 est:
599 4324 824 4380 Credidi
873 4331 1106 4396 propter
1149 4326 1299 4397 quod
1350 4327 1570 4381 locutus
1613 4343 1758 4395 sum,
1790 4330 1846 4380 et

215 4436 318 4474 nos
369 4418 652 4473 credimus
708 4422 945 4490 propter
989 4419 1138 4490 quod
1183 4423 1240 4474 et
1284 4420 1573 4492 loquimur
1621 4420 1694 4490 (II
1725 4423 1842 4478 Cor.

216 4525 292 4576 ιν,
327 4509 433 4578 13).
459 4527 487 4559 »
521 4507 656 4562 Inde
686 4511 768 4563 est
794 4508 951 4580 quod
979 4509 1057 4563 ait
1096 4509 1214 4580 ipse
1255 4509 1527 4565 Mediator
1564 4527 1577 4564 :
1611 4531 1638 4560 «
1665 4509 1842 4565 Abra-

1938 1969 2034 2025 Dei
2091 1987 2208 2025 non
2259 1976 2392 2026 sunt
2442 1971 2680 2042 subjecti
2742 1971 2909 2041 (Rom.
2962 1988 3015 2038 v,
3096 1973 3166 2044 3).
3223 1975 3328 2028 Per
3383 1976 3572 2047 legem

1937 2063 2149 2135 quippe
2194 2067 2251 2119 et
2293 2065 2368 2118 illi
2392 2065 2689 2135 justiﬁcari
2737 2082 2797 2119 se
2824 2065 3193 2136 arbitrantur,
3251 2068 3569 2124 sufﬁciente

1939 2157 2044 2212 sibi
2077 2158 2149 2212 ad
2185 2158 2447 2213 eamdem
2482 2159 2893 2214 custodiendam
2942 2159 3122 2214 libero
3170 2161 3422 2232 arbitrio,
3463 2163 3570 2217 hoc

1939 2257 2021 2306 est
2059 2251 2282 2322 justitia
2323 2269 2422 2306 sua
2476 2253 2693 2324 prolata
2747 2269 2810 2308 ex
2861 2256 3068 2307 natura
3129 2253 3400 2326 humana,
3455 2273 3570 2312 non

1939 2345 2145 2400 donata
2197 2362 2265 2400 ex
2321 2347 2506 2417 gratia
2547 2346 2755 2414 divina,
2829 2353 3064 2419 propter
3131 2349 3285 2420 quod
3346 2351 3572 2421 justitia

1939 2441 2036 2495 Dei
2082 2441 2302 2496 dicitur.
2351 2443 2508 2498 Unde
2553 2443 2825 2514 scriptum
2878 2449 3004 2498 est:
3054 2445 3162 2498 Per
3195 2446 3384 2516 legem
3415 2447 3569 2502 enim

1939 2534 2188 2606 cognitio
2239 2536 2472 2608 peccati.
2529 2537 2688 2591 Nunc
2744 2541 2936 2592 autem
3006 2537 3126 2592 sine
3179 2539 3306 2609 lege
3348 2539 3570 2609 justitia

1939 2627 2037 2682 Dei
2086 2629 2382 2684 manifesta
2429 2635 2532 2698 est,
2590 2630 2887 2685 testiﬁcata
2938 2648 3042 2702 per
3089 2631 3276 2702 legem
3323 2638 3378 2688 et
3432 2650 3563 2704 pro-

1939 2722 2138 2792 phetas
2181 2726 2344 2791 (Rom.
2397 2740 2475 2792 ιιι,
2530 2727 2619 2791 20,
2679 2725 2788 2795 21).
2853 2727 2995 2781 Cum
3045 2724 3200 2794 dicit,
3269 2727 3570 2783 manifesta

1941 2820 2043 2883 est,
2099 2817 2349 2871 ostendit
2390 2817 2522 2889 quia
2567 2823 2624 2872 et
2667 2820 2803 2872 tunc
2848 2822 2988 2886 erat,
3034 2820 3128 2873 sed
3172 2822 3443 2891 tanquam
3476 2821 3571 2876 illa

1937 2911 2123 2983 pluvia
2190 2928 2359 2983 quam
2423 2912 2648 2966 Gedeon
2728 2912 3054 2983 impetravit
3121 2914 3262 2982 (Jud.
3333 2930 3406 2982 v1,
3461 2915 3570 2987 37),

1939 3010 2072 3060 tunc
2117 3006 2269 3061 velut
2324 3005 2380 3059 in
2431 3006 2638 3061 vellere
2681 3007 2914 3077 occulta,
2960 3023 3110 3060 nunc
3163 3013 3262 3062 aut
3313 3008 3466 3063 velut
3515 3009 3574 3063 in

1939 3114 2072 3153 area
2143 3099 2465 3155 manifesta.
2539 3101 2680 3154 Cum
2762 3116 2900 3172 ergo
2984 3099 3094 3169 lex,
3169 3101 3291 3156 sine
3372 3102 3571 3173 gratia,

1938 3210 2053 3247 non
2111 3210 2266 3248 mors
2311 3194 2523 3265 peccati
2570 3194 2844 3265 potuisset
2889 3210 3030 3262 esse,
3087 3195 3183 3250 sed
3237 3195 3434 3250 virtus.
3483 3196 3574 3252 Sic

1939 3287 2094 3342 enim
2164 3287 2382 3342 dictum
2435 3291 2562 3342 est:
2633 3309 2662 3338 ‹‹
2716 3288 2956 3342 Aculeus
3002 3288 3200 3343 mortis
3256 3294 3572 3360 peccatum,

1937 3381 2116 3435 virtus
2165 3385 2352 3435 autem
2402 3381 2613 3452 peccati
2663 3382 2748 3436 lex
2803 3381 2848 3450 (Ι
2898 3381 3019 3437 Cor.
3074 3397 3162 3450 xv,
3219 3383 3326 3452 56).
3373 3403 3402 3434 n
3455 3384 3572 3439 Sic-

1939 3480 2003 3529 ut
2032 3475 2370 3546 confugiunt
2411 3474 2574 3529 multi
2601 3492 2634 3529 a
2673 3475 2814 3530 faeie
2848 3475 3222 3548 repugnantis
3255 3477 3471 3547 peccati
3499 3476 3574 3532 ad

1940 3568 2180 3640 gratiam
2211 3569 2366 3622 velut
2402 3568 2460 3622 in
2504 3585 2699 3624 aream
2745 3586 2897 3624 nunc
2939 3574 3252 3640 patentem,
3289 3568 3368 3624 ita
3409 3571 3576 3641 pauci

1938 3663 2009 3717 ad
2060 3678 2188 3717 eam
2237 3662 2666 3734 confugiebant,
2723 3663 2877 3718 velut
2929 3663 2988 3716 in
3037 3663 3243 3717 vellere
3298 3668 3435 3718 tunc
3494 3665 3572 3718 la-

1939 3759 2178 3811 tentem.
2239 3758 2367 3810 Haec
2419 3772 2552 3811 vero
2623 3761 2949 3828 temporum
3010 3756 3333 3812 distributio
3396 3757 3573 3813 refer-

1939 3856 2033 3906 tur
2057 3849 2130 3906 ad
2158 3850 2514 3906 altitudinem
2560 3850 2884 3906 divitiarum
2913 3850 3204 3923 sapientiae
3243 3855 3301 3905 et
3326 3852 3578 3910 scientia

1942 3945 2060 4014 Dei,
2139 3945 2210 4000 de
2291 3962 2404 4018 qua
2478 3945 2692 4001 dictum
2745 3951 2862 4001 est:
2929 3947 3110 4010 Quam
3186 3945 3580 4002 inscrutabilia

1942 4045 2074 4095 sunt
2110 4039 2326 4111 judicia
2376 4039 2497 4111 ejus
2529 4043 2586 4094 et
2635 4040 3060 4112 investigabiles
3102 4040 3205 4094 via:
3241 4041 3362 4111 ejus
3407 4042 3575 4113 (Rom.

1944 4151 2002 4202 ιι,
2055 4136 2183 4204 33);
2241 4155 2264 4184 υ
2325 4137 2683 4206 quapropter
2746 4135 2793 4188 si
2837 4137 2972 4188 ante
3022 4138 3250 4205 tempus
3303 4135 3464 4206 legis,
3524 4139 3582 4189 et

1943 4235 2200 4300 tempore
2252 4229 2372 4300 ipso
2445 4227 2797 4299 legisjustos
2847 4229 3041 4282 Patres
3097 4244 3165 4282 ex
3217 4227 3330 4282 ﬁde
3393 4229 3580 4283 viven-

1945 4328 2048 4392 tes,
2107 4340 2221 4376 non
2264 4321 2609 4393 possibilitas
2660 4324 2882 4375 naturae
2931 4321 3175 4374 inﬁrmae
3225 4326 3282 4375 et
3329 4321 3581 4393 indignae

1945 4432 2010 4470 ac
2063 4415 2296 4484 vitiatae,
2350 4419 2408 4470 et
2459 4415 2560 4470 sub
2603 4418 2835 4486 peccato
2887 4415 3248 4482 venundatae,
3323 4415 3421 4469 sed
3482 4415 3581 4470 Dei

1949 4510 2133 4582 gratia
2176 4525 2280 4581 per
2332 4509 2503 4564 fidem
2550 4507 2924 4580 justiﬁcabat,
2978 4512 3034 4562 et
3083 4524 3234 4563 nunc
3287 4508 3488 4563 eadem
3517 4510 3578 4563 in

215 4604 350 4658 ham
376 4602 694 4674 concupivit
732 4603 924 4658 videre
957 4603 1107 4659 diem
1146 4620 1358 4674 meum,
1416 4604 1558 4658 vidit
1599 4608 1655 4659 et
1695 4605 1843 4676 gavi-
1868 4622 1927 4696 D
1952 4610 2214 4678 apertum
2246 4605 2369 4676 jam
2416 4603 2646 4658 veniens
2694 4603 2941 4657 revelata
2982 4601 3275 4672 justiﬁcat.
3330 4603 3576 4658 Anathe-

217 4713 309 4752 sus
346 4702 432 4752 est
455 4696 642 4766 1(Joan.
690 4712 808 4763 vm,
852 4698 954 4762 56).
995 4717 1022 4746 ››
1055 4697 1186 4751 Inde
1223 4697 1447 4768 prolato
1489 4695 1905 4752 sacramento"
1950 4699 2179 4754 matizet
2258 4715 2396 4769 ergo
2467 4695 2733 4768 Pelagius
2785 4696 2997 4768 scripta
3063 4713 3184 4763 sua,
3271 4696 3366 4750 ubi
3440 4714 3579 4751 con-

213 4790 624 4846 Melchisedech
681 4806 894 4844 mensa:
961 4783 1269 4846 D'ominiem
1339 4791 1494 4846 novit
1561 4796 1844 4846 aeternum
1947 4799 2036 4849 tra
2089 4810 2234 4861 eam,
2291 4797 2349 4847 et
2422 4792 2466 4846 si
2529 4808 2642 4846 non
2709 4807 2811 4863 per
2888 4790 3322 4858 contumaciam,
3386 4795 3581 4846 tamen

211 4885 336 4956 ejus
383 4883 762 4940 sacerdotium
809 4886 1075 4955 ﬁgurare.
1129 4887 1248 4941 Jam
1292 4901 1425 4939 vero
1474 4886 1607 4940 data
1649 4886 1707 4940 in
1753 4887 1844 4940 lit-
1949 4887 2330 4960 ignorantiam
2406 4887 2677 4959 disputat,
2733 4884 3163 4957 possibilitatem
3223 4883 3581 4940 defendendo

209 4979 348 5034 teris
402 4979 530 5050 lege
574 4994 746 5050 quam
798 4979 932 5033 dicit
970 4981 1270 5051 Apostolus
1318 4979 1686 5048 subintrasse,
1732 5003 1758 5029 ‹‹
1788 4986 1849 5035 ut
1951 4987 2190 5052 naturae,
2235 4983 2305 5037 ad
2362 4981 2638 5037 vincenda
2692 4984 2922 5052 peccata
2964 4984 3019 5033 et
3075 4977 3370 5049 implenda
3420 4997 3584 5035 man-

211 5073 536 5129 abundaret
579 5073 849 5129 delictum
919 5074 1088 5143 (Rom.
1143 5091 1197 5144 v,
1253 5075 1362 5146 20),
1417 5096 1444 5124 ››
1502 5079 1558 5130 et
1614 5074 1683 5129 de
1736 5092 1850 5146 qua
1951 5077 2082 5133 data
2155 5080 2253 5131 aut
2326 5077 2372 5131 si
2447 5093 2514 5130 ea
2586 5092 2688 5130 sua
2740 5091 2858 5129 esse
2925 5076 3116 5143 negat,
3187 5076 3287 5126 aut
3357 5073 3581 5146 scriptis

217 5168 390 5223 dicit:
452 5186 480 5218 α
531 5168 612 5222 Ex
660 5168 786 5240 lege
836 5168 1159 5238 hereditas,
1182 5169 1304 5239 jam
1347 5185 1461 5223 non
1493 5185 1559 5223 ex
1603 5169 1846 5240 promis-
1951 5171 2087 5240 suis,
2141 5175 2240 5225 aut
2307 5169 2556 5224 inimicis
2614 5167 2730 5223 suis
2796 5166 2930 5222 dicit
2970 5166 3231 5221 immissa
3305 5184 3433 5240 quae
3491 5185 3590 5223 sua

215 5263 373 5317 sione
441 5261 681 5316 Abrahae
739 5263 835 5317 sed
908 5279 1011 5334 per
1075 5263 1554 5334 repromissionen
1618 5263 1852 5319 donavit
1954 5282 2074 5320 esse
2124 5268 2318 5337 negat,
2365 5261 2810 5318 anatliematizet
2859 5277 2927 5315 ea
2977 5264 3034 5314 et
3071 5261 3308 5316 damnet
3356 5267 3591 5333 paterna

220 5357 386 5412 Deus.
423 5376 450 5404 »
480 5355 623 5419 Quid
677 5355 854 5426 igitur
892 5355 1030 5411 lex?
1086 5357 1615 5429 «transgressionis
1670 5358 1854 5429 gratia
1954 5359 2347 5415 exhortatione
2396 5359 2452 5411 et
2497 5355 2830 5411 auctoritate
2902 5354 3292 5410 sanctimoniae
3348 5362 3479 5412 tuae.
3531 5357 3590 5412 Si

218 5451 405 5523 posita
435 5455 540 5520 est,
575 5448 755 5504 donec
782 5449 1002 5506 veniret
1032 5467 1224 5506 semen
1256 5452 1345 5506 cui
1371 5451 1718 5524 promissum
1747 5458 1850 5521 est,

1955 5470 2091 5525 ergo
2139 5454 2261 5508 vult
2313 5467 2617 5506 onerosum
2671 5449 2780 5504 sibi
2849 5455 2905 5505 et
2953 5449 3356 5521 perniciosum,
3418 5451 3590 5504 discat

220 5544 557 5616 dispositum
638 5561 744 5616 per
822 5544 1057 5617 angelos
1130 5544 1191 5600 in
1268 5563 1444 5601 manu
1497 5545 1810 5602 Mediatoris
1839 5519 1901 5627 ;)
1956 5547 2216 5603 Ecclesia;
2267 5546 2598 5602 scandalum
2647 5543 2896 5613 auferre,
2927 5544 3084 5616 quod
3126 5545 3453 5599 scandalum
3482 5559 3584 5598 au-

220 5639 495 5694 Mediator
538 5642 729 5693 autem
765 5635 935 5694 uni'us
976 5655 1088 5694 non
1137 5643 1240 5706 est,
1283 5641 1431 5694 Deus
1474 5644 1665 5695 autem
1709 5657 1856 5695 unus

225 5736 331 5788 est.
374 5733 482 5788 Lex
523 5749 660 5804 ergo
705 5733 972 5789 adversus
1035 5732 1310 5804 promissa
1363 5735 1462 5788 Dei
1499 5735 1526 5789 ?
1573 5734 1750 5790 Absit.
1802 5735 1854 5790 Si

226 5827 384 5882 enim
436 5826 572 5882 data
626 5831 772 5882 esset
808 5827 900 5882 lex
949 5844 1075 5899 quae
1132 5830 1322 5899 posset
1360 5827 1673 5899 justiﬁeare
1731 5846 1855 5884 om-

227 5921 387 5992 nino,
439 5937 509 5976 ex
558 5923 681 5994 lege
727 5925 876 5977 esset
914 5921 1153 5994 justitia,
1207 5922 1305 5977 sed
1366 5923 1661 5994 conclusit,
1716 5924 1860 5979 Scri-

635 6020 908 6086 ΡΑτιιοι.
958 6021 1182 6086 CXXX.

1957 5642 2172 5698 ditores
2215 5644 2272 5696 et
2310 5641 2727 5712 imperversum
2781 5638 3086 5693 dilectores
3110 5639 3232 5709 ejus
3278 5653 3588 5708 usquequa-

1958 5753 2068 5808 que
2103 5751 2368 5808 spargere
2411 5751 2530 5790 non
2570 5733 2886 5806 quiescunt.
2934 5732 2994 5787 Si
3021 5731 3175 5786 enim
3219 5729 3593 5801 cognoverint

1959 5830 2223 5886 eumdem
2275 5828 2486 5884 librum
2530 5845 2704 5901 quem
2750 5827 2898 5882 illius
2950 5826 3034 5880 vel
3085 5827 3288 5896 putant
3336 5838 3456 5878 esse
3505 5828 3592 5880 vel

1961 5927 2173 5980 norunt
2222 5923 2624 5994 episcoporum
2680 5917 3086 5976 catholicorum
3130 5915 3482 5984 auctoritate,
3538 5925 3595 5972 et

3154 6018 3231 6076 9.4
