4034 6294
491 329 591 384 739

1373 326 1656 382 APPEND.
1700 327 1786 380 ΑΙ)
1824 327 1982 382 ΞᾹΞΟ.
2024 327 2110 380 IX.
2142 355 2211 366 —
2249 326 2490 383 lSlDORl
2530 321 2953 382 MERCATORIS

3757 321 3864 380 740

490 437 734 491 maxime
808 434 1120 491 sanctitatis
1200 441 1311 490 tua;
1365 451 1540 506 quam
1595 435 1746 506 apud
1817 451 1949 490 eum
2005 451 2123 489 esse
2146 449 2205 520 Α
2226 455 2254 485 α
2283 435 2388 499 Qui
2420 440 2586 489 natus
2613 441 2695 488 est
2724 451 2792 488 ex
2826 435 2936 488 Deo
2965 449 3079 488 non
3113 438 3312 504 peccat
3345 435 3397 503 ,(1
3418 435 3578 488 Joan.
3607 449 3661 500 ν,
3695 434 3803 501 18).
3839 452 3864 480 ι)

493 530 724 600 majoris
773 529 1041 601 ponderis
1093 529 1331 583 minime
1386 527 1736 598 dubitamus,
1797 529 1866 583 ab
1923 529 2124 584 eodem

494 641 615 679 esse
647 624 768 694 ipso
814 621 1354 677 anathematizatum
1395 625 1566 692 atque
1609 623 1966 690 damnatum,
2011 639 2124 677 non

495 734 584 771 eos
633 716 866 769 ulterius
909 715 1236 769 aestimanus
1290 731 1530 770 ausuros
1585 716 1868 786 loquendo
1932 721 2127 770 contra

495 808 732 880 gratiam
819 808 917 862 Dei
985 825 1110 879 quae
1191 809 1441 863 revelata
1509 812 1594 863 est
1649 826 1752 880 per
1801 810 2125 880 passionem

492 906 548 956 et
595 901 1073 955 resurrectionem
1112 902 1362 970 Christi;
1425 919 1524 956 nec
1575 906 1808 972 pectora
1859 903 2046 957 ﬁdelia
2072 907 2128 956 et

493 995 824 1065 simpliciter
877 995 1201 1049 Christiana
1251 995 1499 1063 turbare,
1565 996 1663 1050 sed
1732 997 1919 1066 potius
1962 997 2125 1067 adju-

491 1092 661 1142 vante
702 1088 1088 1142 misericordia
1136 1089 1257 1154 Dei,
1290 1089 1636 1144 certantibus
1681 1089 1972 1144 nobiscum
2006 1089 2123 1160 pie-

490 1183 605 1235 tate
659 1187 715 1236 et
755 1181 1031 1236 charitate
1082 1181 1476 1252 ﬂagrantibus,
1546 1183 1716 1237 etiam
1777 1183 2128 1237 orationibus

492 1275 606 1329 tuis
626 1292 743 1330 non
788 1276 974 1329 solum
1015 1279 1078 1328 ut
1107 1274 1164 1328 in
1193 1280 1469 1330 aeternum
1502 1275 1672 1342 beati,
1721 1293 1917 1330 verum
1955 1277 2128 1331 etiam

486 1368 628 1440 justi
679 1370 857 1422 sancti
913 1369 1045 1437 sint,
1099 1369 1305 1423 nonin
1363 1386 1465 1422 sua
1514 1369 1741 1435 virtute,
1797 1370 1892 1424 sed
1921 1371 1979 1424 in
2031 1387 2124 1424 ea-

494 1462 626 1516 dem
658 1463 840 1533 gratia
865 1464 1201 1517 conﬁsuros.
1248 1462 1406 1516 Unde
1435 1466 1494 1516 et
1530 1463 1599 1516 ad
1646 1462 1831 1534 ipsum
1861 1463 2126 1534 scriptam

493 1555 564 1608 ab
605 1572 720 1609 uno
751 1556 983 1609 homine
1032 1556 1325 1626 epistolam
1361 1556 1431 1610 ad
1478 1572 1647 1626 quem
1678 1573 1783 1627 per
1826 1557 2129 1627 quemdam

494 1648 828 1703 orientalem
884 1649 1210 1715 diaconum,
1242 1649 1420 1703 civem
1451 1655 1643 1704 autem
1686 1649 2129 1720 Hipponiensem

495 1743 770 1812 tanquam
821 1742 1180 1812 purgationis
1228 1742 1351 1796 ﬁeri
1409 1743 1672 1813 quaedam
1713 1744 1920 1814 scripta
1952 1750 2131 1798 trans-

2225 529 2546 585 Secundum
2561 529 2720 582 illam
2745 528 3082 582 charitatem
3111 527 3325 581 dictum
3354 531 3439 581 est
3459 543 3587 597 qua:
3611 526 3727 580 sola
3751 543 3866 579 non

2225 623 2436 693 peccat,
2468 622 2539 676 ad
2573 621 2923 675 nativitatem
2955 620 3165 691 quippe
3203 637 3331 691 qua:
3376 637 3446 674 ex
3482 621 3595 674 Deo
3639 622 3743 685 est,
3775 636 3869 672 au-

2226 715 2416 786 genda
2437 719 2494 768 et
2520 713 2886 785 perﬁcienda.
2920 713 3175 767 Charitas
3201 713 3469 784 pertinet,
3499 729 3612 767 non
3644 729 3712 767 ea
3737 728 3868 782 quae

2225 807 2538 862 minuenda
2569 810 2653 861 est
2681 812 2736 861 et
2765 807 3152 862 consumenda
3185 806 3478 877 cupiditas.
3507 808 3642 870 Qua:
3672 808 3869 859 tamen

2227 902 2478 973 quandiu
2514 907 2598 956 est
2640 901 2698 955 in
2730 901 3010 955 membris
3058 901 3264 954 nostris
3307 901 3430 971 lege
3475 900 3724 970 quadam
3771 915 3870 952 sua

2227 1000 2513 1066 repugnat
2537 995 2650 1066 legi
2671 995 2895 1062 mentis,
2920 995 3018 1049 sed
3037 999 3200 1049 natus
3217 1011 3282 1048 ex
3306 995 3437 1062 Deo,
3463 1011 3572 1048 nec
3594 993 3870 1047 obediens

2228 1088 2521 1143 desideriis
2551 1090 2692 1159 ejus,
2726 1105 2829 1142 nec
2855 1089 3128 1143 exhibens
3153 1089 3414 1143 membra
3440 1104 3541 1141 sua
3567 1103 3731 1141 arma
3759 1085 3865 1139 ini-

2229 1182 2455 1253 quitatis
2473 1186 2704 1254 peccato
2733 1186 2920 1253 potest
2937 1182 3157 1237 dicere:
3185 1205 3212 1231 «
3239 1184 3263 1236 J
3271 1199 3362 1236 am
3385 1198 3502 1236 non
3529 1197 3636 1252 ego
3661 1196 3869 1251 operor

2227 1276 2389 1344 illud,
2426 1277 2522 1331 sed
2552 1277 2612 1330 id
2642 1277 2791 1346 quod
2827 1276 3043 1330 habitat
3063 1275 3120 1329 in
3147 1293 3238 1330 me
3269 1280 3557 1346 peccatum
3576 1277 3746 1342 (Rom.
3773 1291 3866 1339 vn,

2233 1372 2374 1442 17).»
2407 1371 2511 1425 Sed
2529 1370 2815 1442 quomodo
2842 1387 2900 1424 se
2932 1371 3139 1424 habeat
3158 1369 3263 1423 ista
3283 1369 3540 1440 quaestio,
3575 1369 3708 1439 quia
3737 1374 3797 1422 et
3825 1368 3869 1421 si

2230 1480 2348 1518 non
2378 1463 2664 1518 invenitur
2690 1464 2861 1518 homo
2889 1463 2947 1517 in
2977 1464 3083 1517 hac
3114 1463 3230 1517 vita
3257 1463 3381 1516 sine
3411 1466 3662 1534 peccato,
3695 1461 3756 1516 id
3788 1466 3864 1514 ta-

2229 1575 2362 1612 men
2386 1557 2591 1612 dicitur
2616 1573 2775 1627 posse
2796 1558 2916 1610 ﬁeri
2940 1575 3042 1628 per
3069 1556 3415 1627 adjutorium
3439 1555 3638 1626 gratiae
3661 1559 3719 1610 et
3739 1555 3866 1625 Spi-

2229 1651 2370 1706 ritus
2394 1652 2488 1706 Dei
2508 1652 2534 1704 ?
2562 1650 2727 1714 Quod
2752 1654 2815 1705 ut
2844 1651 2940 1705 ﬁat
2960 1650 3281 1705 conandum
3307 1653 3478 1721 atque
3508 1649 3868 1721 poscendum

2231 1749 2333 1800 est.
2357 1744 2744 1800 Tolerabiliter
2762 1745 2822 1798 in
2849 1745 2906 1798 id
2929 1745 3166 1815 quisque
3195 1745 3428 1812 fallitur,
3454 1759 3560 1797 nec
3587 1742 3868 1797 diabolica

495 1834 668 1903 misit,
701 1839 810 1889 tum
838 1835 1174 1890 beatitudini
1200 1836 1390 1906 potius
1428 1836 1777 1890 credidimus
1809 1837 2124 1908 dirigenda,
2149 1831 2516 1909 Bimpietas,
2561 1839 2655 1892 sed
2707 1854 2869 1892 error
2915 1839 3200 1891 humanus
3253 1842 3356 1904 est,
3419 1835 3763 1891 elaboranda
3816 1841 3871 1888 et

495 1927 700 1982 melius
745 1927 1069 1997 judicantes
1116 1931 1172 1982 et
1223 1933 1481 1999 petentes
1528 1935 1594 1983 ut
1637 1946 1764 1984 eam
1814 1930 1863 1984 ei
1905 1931 2130 1986 mittere

494 2020 614 2091 ipse
643 2021 909 2092 digneris,
956 2020 1034 2075 sic
1061 2021 1216 2075 enim
1263 2038 1389 2075 eam
1419 2023 1608 2092 legere
1653 2023 1843 2092 potius
1872 2040 1990 2078 non
2039 2024 2127 2091 de,

496 2113 844 2185 dignabitur,
891 2113 1073 2184 magis
1102 2114 1158 2168 in
1208 2114 1306 2168 illa
1335 2131 1466 2169 eum
1497 2116 1594 2186 qui
1623 2116 1798 2184 misit,
1832 2134 2006 2188 quam
2035 2117 2130 2189 qui

498 2207 721 2278 scripsit
765 2207 1083 2275 attendens,
1139 2208 1276 2262 illud
1331 2225 1462 2263 vero
1517 2210 1670 2280 quod
1719 2211 1917 2265 dicunt
1970 2228 2131 2283 posse

495 2301 789 2355 hominem
823 2318 944 2355 esse
977 2301 1096 2355 sine
1138 2305 1390 2373 peccato,
1423 2306 1481 2356 et
1523 2303 1795 2358 mandata
1841 2305 1937 2361 Dei
1969 2305 2131 2360 facile

496 2392 801 2462 custodire,
846 2395 893 2447 si
942 2393 1092 2448 velit.
1133 2395 1399 2458 Quamvis
1446 2413 1576 2450 cum
1641 2397 1746 2451 hoc
1804 2414 1908 2469 per
1968 2398 2130 2468 adju-

498 2488 709 2542 torium
741 2487 837 2541 Dei
883 2488 1102 2558 gratias,
1150 2505 1279 2559 qua:
1308 2494 1503 2543 tamen
1542 2507 1646 2561 per
1680 2490 2132 2548 incarnationem

495 2580 789 2651 Unigeniti
813 2581 934 2651 ejus
960 2580 1209 2636 revelata
1235 2587 1409 2653 atque
1438 2583 1647 2638 donata
1668 2600 1785 2640 esse
1812 2584 2035 2654 dicitur,
2055 2589 2134 2640 to-

497 2673 788 2728 lerabilius
814 2673 924 2727 dici
944 2673 1209 2728 videatur
1236 2677 1428 2730 tamen
1446 2677 1718 2747 quoniam
1737 2679 1939 2732 merito
1955 2678 2134 2750 quaeri

495 2770 682 2840 potest
699 2766 797 2821 ubi
827 2772 884 2821 et
907 2767 1138 2838 quando
1169 2784 1273 2839 per
1298 2769 1560 2823 eamdem
1587 2771 1829 2841 gratiam
1852 2771 1911 2825 id
1933 2772 2136 2826 efﬁcia-

496 2865 594 2914 tur
620 2860 678 2913 in
726 2859 912 2928 nobis,
964 2863 1026 2913 ut
1066 2861 1188 2914 sine
1241 2861 1338 2916 illo
1388 2879 1619 2933 prorsus
1667 2867 1899 2935 peccato
1939 2865 2132 2932 simus,

496 2957 694 3008 utrum
725 2953 781 3006 in
809 2953 916 3006 hac
939 2954 1052 3006 vita
1075 2954 1304 3024 quando
1337 2972 1470 3010 caro
1499 2957 1848 3028 concupiscit
1871 2959 2136 3013 adversus

498 3046 780 3118 spiritum,
811 3063 886 3100 an
917 3063 1049 3100 vero
1079 3046 1138 3100 in
1165 3046 1257 3101 illa
1284 3065 1412 3102 cum
1439 3049 1538 3104 ﬁet
1558 3067 1749 3105 sermo
1778 3052 1875 3122 qui
1896 3053 2134 3124 scriptus

499 3146 619 3195 est:
657 3160 682 3191 ‹‹
715 3139 818 3194 Ubi
840 3145 940 3208 est,
970 3140 1400 3209 mors,victoria
1431 3146 1545 3212 tua,
1565 3144 1780 3212 ubiest,
1812 3162 1985 3212 mors,
2007 3163 2135 3200 acu-

496 3235 624 3290 leus
647 3235 823 3288 tuus?
854 3257 882 3284 υ
937 3236 984 3303 (I
1005 3208 1138 3292 Cor.
1169 3251 1260 3302 xv,
1314 3237 1422 3308 55.)
1461 3208 1700 3292 Aculeus
1746 3208 1899 3294 enim
1931 3208 2132 3295 mortis
2153 3208 2207 3281 Ο

496 3333 794 3401 peccatum
843 3333 923 3382 est
971 3329 1302 3400 diligentius
1348 3333 1840 3402 pertractandum,
1897 3338 2132 3407 propter

498 3421 639 3477 alios
663 3421 940 3492 quosdam
991 3421 1089 3493 qui
1121 3422 1314 3494 inique
1362 3429 1662 3480 senserunt
1714 3429 1969 3498 atquein
2018 3429 2132 3483 suis

498 3516 702 3570 litteris
750 3515 1043 3571 memorim
1090 3517 1523 3586 mandaverunt,
1572 3520 1741 3575 etiam
1771 3522 1832 3575 in
1880 3523 1987 3577 hac
2021 3525 2134 3578 vita

502 3626 624 3664 esse
650 3626 811 3680 posse
834 3610 1128 3664 hominem
1157 3611 1275 3666 sine
1303 3617 1550 3682 peccato,
1576 3631 1690 3668 non
1713 3616 1782 3669 ab
1806 3615 1967 3670 initio
1995 3617 2134 3671 nati-

499 3703 691 3758 vitatis
719 3720 854 3770 susp,
889 3703 992 3757 sed
1019 3705 1387 3760 conversione
1407 3723 1440 3760 a
1465 3709 1710 3777 peccatis
1735 3709 1807 3763 ad
1829 3709 2131 3780 justitiam,

504 3802 561 3851 et
589 3814 620 3849 a
640 3796 730 3849 via
757 3797 998 3867 reproba
1026 3798 1097 3851 ad
1123 3797 1331 3852 bonam
1353 3799 1550 3854 vitam.
1571 3801 1656 3855 Sic
1675 3802 1829 3856 enim
1849 3803 2136 3858 intellexe-

503 3889 823 3959 runt'quod
871 3889 938 3943 de
979 3889 1245 3944 Zacharia
1271 3894 1328 3945 et
1367 3892 1652 3947 Elisabeth
1701 3896 1973 3967 scriptum
2009 3901 2131 3953 est:

510 4003 538 4029 ‹‹
569 3980 901 4035 Ambulasse
944 3998 1042 4035 eos
1091 3982 1148 4035 in
1195 3984 1459 4038 omnibus
1493 3985 1994 4056 justiﬁcationibus
2035 3992 2137 4046 Dei

509 4074 630 4128 sine
658 4074 890 4144 querela
916 4075 1065 4144 (Luc.
1099 4093 1136 4144 ι,
1171 4079 1242 4147 6).
1281 4099 1308 4126 ››
1341 4079 1450 4131 Hoc
1479 4079 1631 4149 quod
1661 4081 1872 4136 dictum
1905 4090 1990 4140 est
2016 4085 2136 4141 sine

509 4167 763 4240 querela,
804 4167 923 4222 sine
950 4172 1179 4239 peccato
1210 4170 1425 4225 dictum
1465 4180 1822 4244 acceperunt,
1864 4194 1980 4232 non
2008 4180 2136 4250 qui-

512 4261 642 4316 dem
667 4266 965 4332 negantes,
999 4261 1118 4318 imo
1151 4263 1322 4318 etiam
1349 4267 1499 4337 quod
1527 4267 1652 4322 aliis
1678 4269 1815 4324 locis
1849 4270 1907 4325 in
1937 4272 2139 4329 litteris

510 4372 712 4410 eorum
752 4355 1040 4410 invenitur
1064 4356 1155 4427 pie
1207 4359 1538 4414 conﬁtentes
1564 4363 1914 4433 adjutorium
1943 4369 2140 4437 gratia:

510 4449 739 4506 Domini
764 4450 940 4502 nostri
961 4466 1078 4504 non
1104 4467 1212 4522 per
1239 4455 1560 4509 naturalem
1586 4457 1849 4528 spiritum
1872 4461 2138 4534 hominis,

2233 1931 2482 2002 optanda
2506 1931 2811 1997 afﬁrmare,
2841 1931 3064 1985 etiamsi
3096 1931 3244 2002 quod
3271 1931 3517 1984 afﬁrmat
3545 1947 3664 1984 non
3693 1927 3874 2000 possit

2231 2026 2548 2080 ostendere.
2587 2026 2643 2078 ld
2675 2025 2831 2078 enim
2851 2025 3032 2078 credit
3058 2024 3181 2078 ﬁeri
3207 2041 3369 2094 posse
3391 2023 3547 2095 quod
3575 2027 3730 2077 certe
3754 2023 3871 2077 lau-

2232 2119 2416 2174 dabile
2445 2122 2530 2172 est
2553 2119 2708 2172 velle.
2743 2118 2914 2172 Nobis
2947 2125 3136 2173 autem
3164 2117 3371 2172 sufﬁcit
3396 2116 3552 2188 quod
3586 2116 3781 2170 nullus
3811 2117 3869 2170 in

2232 2213 2476 2267 Ecclesia
2501 2212 2600 2266 Dei
2628 2212 2883 2266 ﬁdelium
2913 2212 3198 2282 reperitur
3227 2212 3286 2266 in
3325 2211 3583 2282 quolibet
3608 2211 3871 2281 profectu

2233 2306 2528 2362 excellenti
2583 2309 2752 2378 atque
2803 2305 3022 2377 justitia
3086 2305 3182 2377 qui
3252 2305 3444 2359 audiat
3519 2304 3713 2358 dicere
3760 2304 3871 2358 sibi

2235 2416 2352 2455 non
2397 2400 2774 2455 necessariam
2814 2400 3200 2470 precationem
3229 2398 3496 2454 orationis
3530 2398 3869 2463 Dominicaa,

2238 2515 2266 2543 ‹‹
2294 2493 2515 2548 dimitte
2552 2493 2718 2548 nobis
2750 2493 2943 2548 debita
2988 2497 3255 2561 nostra,»
3303 2497 3358 2547 et
3398 2493 3548 2546 dicat
3595 2512 3623 2541 ‹‹
3666 2509 3726 2546 se
3756 2508 3871 2545 non

2234 2587 2442 2642 habere
2471 2593 2784 2658 peccatum,
2817 2605 2923 2642 nec
2947 2588 3194 2659 seipsum
3226 2587 3486 2657 decipiat,
3519 2589 3574 2641 et
3600 2585 3660 2639 in
3687 2602 3754 2640 eo
3783 2601 3872 2638 ve-

2235 2683 2374 2736 ritas
2403 2699 2517 2736 non
2545 2682 2618 2736 sit
2658 2683 2708 2754 (I
2727 2685 2882 2738 Joan.
2912 2699 2950 2748 1,
2991 2681 3065 2754 8),
3105 2701 3130 2732 »
3165 2681 3292 2752 quis
3324 2681 3443 2752 jam
3469 2679 3590 2734 sine
3636 2680 3872 2750 querela

2233 2775 2419 2830 vivat?
2441 2778 2562 2831 Non
2582 2775 2736 2830 enim
2759 2775 3384 2846 qualescunque,etiam
3407 2773 3747 2828 tentationes
3767 2773 3874 2828 hu-

2235 2886 2440 2937 mana},
2461 2870 2554 2923 sed
2585 2886 2755 2940 grave
2784 2875 3076 2940 peccatum
3095 2872 3178 2923 est
3193 2869 3345 2940 quod
3362 2869 3417 2921 in
3445 2868 3674 2938 querela
3694 2867 3867 2921 venit.

2237 2963 2576 3017 Detveniam
2601 2967 2699 3017 tua
2718 2964 2993 3031 suavitas;
2997 2963 3041 3015 si
3063 2963 3423 3033 prolixiorem
3441 2961 3734 3032 epistolam
3751 2961 3871 3015 for-

2235 3057 2399 3111 tassis
2428 3074 2601 3128 quam
2622 3058 2816 3124 velles,
2835 3061 2948 3110 tum
2969 3057 3223 3110 misimus
3236 3056 3536 3110 sanctitati.
3564 3056 3688 3109 Non
3710 3055 3870 3108 enim

2235 3151 2479 3205 rivulum
2503 3153 2760 3205 nostrum
2778 3155 2874 3205 tuo
2888 3152 3044 3222 largo
3056 3151 3196 3204 fonti
3212 3150 3472 3221 augendo
3484 3149 3576 3204 ref
3577 3149 3868 3217 undimus,

2234 3261 2428 3299 verum
2505 3245 2676 3299 etiam
2732 3250 2940 3312 noster,
3024 3244 3157 3298 licet
3206 3245 3464 3315 exiguus,
3540 3261 3611 3297 ex
3664 3243 3871 3297 eodem

2231 3355 2344 3410 quo
2374 3339 2549 3393 etiam
2577 3343 2706 3392 tuus
2724 3339 3017 3392 abundans
3033 3342 3266 3393 emanat
3287 3338 3468 3409 capite
3494 3337 3870 3407 ﬂuentorum,

2234 3434 2341 3487 hoc
2371 3437 2562 3503 aperte
2592 3433 2831 3504 probare
2858 3433 3141 3487 voluimus
3165 3433 3277 3487 tuis
3303 3432 3589 3503 rescriptis
3613 3432 3684 3487 de
3709 3447 3870 3486 com-

2233 3527 2393 3582 muni
2415 3527 2845 3598 participatione
2871 3527 3034 3581 unius
3063 3527 3259 3598 gratim
3285 3527 3579 3581 consolari.

2259 3615 2655 3726 /Rescriptum
2678 3623 2971 3676 Innocentii
2990 3637 3152 3692 papa:
3181 3622 3244 3676 de
3269 3623 3485 3691 Pelagio
3513 3622 3778 3675 haeretica.

2306 3717 2683 3783 INNOCENTIUS,
2728 3717 2990 3785 AURELIO,
3025 3720 3233 3782 ALIPIO,
3279 3719 3611 3784 AUGUSTINO,
3644 3717 3871 3782 Evomo,

2235 3809 2480 3863 PASSIDIO
2493 3809 2788 3880 episcopis.
2810 3810 3029 3864 Sancta
3047 3811 3416 3865 fraternitatis
3432 3813 3633 3864 vestrae.
3650 3811 3872 3864 litteras

2236 3903 2435 3973 plenas
2460 3903 2592 3958 ﬁdei
2609 3907 2840 3974 totoque
2858 3904 3150 3976 religionis
3164 3905 3454 3959 catholicae
3467 3905 3660 3974 vigore
3671 3904 3868 3958 ﬁrma-

2238 3999 2322 4049 tas
2354 4012 2387 4049 a
2406 3995 2561 4050 vobis
2597 3997 2792 4051 missas
2822 4002 2879 4051 et
2911 3997 3158 4052 conciliis
3187 3999 3383 4053 vestris
3421 4014 3523 4069 per
3555 3999 3795 4052 fratrem
3819 4002 3873 4052 et

2237 4090 2633 4161 coepiscopum
2674 4094 2937 4146 nostrum
2982 4092 3192 4147 Julium
3220 4096 3482 4164 pergrato
3525 4091 3880 4164 suscepimus

2239 4184 2460 4239 animo:
2509 4185 2660 4255 quod
2708 4202 2906 4239 earum
2951 4189 3114 4240 tenor
3155 4186 3451 4258 omnisque
3496 4186 3786 4240 contextio
3824 4187 3880 4238 in

2241 4277 2693 4334 consideratione
2741 4280 3088 4350 quotidianae
3117 4281 3314 4351 gratiae
3354 4282 3471 4347 Dei,
3503 4285 3559 4334 et
3593 4280 3654 4334 in
3683 4297 3881 4334 eorum

2243 4372 2591 4427 correctione
2649 4375 2746 4445 qui
2801 4379 2997 4428 contra
3066 4375 3323 4429 sentiunt
3369 4375 3598 4445 integra
3658 4375 3881 4428 ratione

2245 4467 2534 4534 consistit;
2565 4473 2621 4525 et
2650 4472 2712 4522 ut
2747 4468 2858 4522 illis
2898 4485 3133 4524 omnem
3164 4470 3364 4524 tollere
3392 4469 3569 4539 possit
3599 4485 3881 4533 errorem,

513 4545 613 4660 sed
641 4543 1136 4660 perprincipalem
1157 4545 1432 4660 Spiritum
1451 4549 1570 4653 Dei.
1599 4551 1704 4614 Qui
1722 4570 1926 4624 parum
1945 4556 2139 4612 viden-
2163 4587 2223 4660 D
2247 4562 2305 4614 et
2329 4559 2536 4615 idoneo
2586 4561 2718 4616 dato
2751 4563 2946 4633 quovis
2976 4567 3182 4617 nostra:
3230 4562 3369 4634 legis
3396 4562 3676 4632 exemplo,
3711 4577 3885 4632 quem

514 4643 609 4693 tur
637 4637 1022 4692 considerasse
1052 4638 1240 4710 ipsum
1283 4642 1618 4698 Zachariam
1652 4646 1824 4702 fuisse
1852 4649 2023 4704 etiam
2054 4669 2141 4706 sa-

515 4731 822 4787 cerdotem.
861 4732 1124 4786 «Omnes
1151 4739 1345 4788 autem
1387 4740 1523 4790 tunc
1559 4741 1878 4796 sacerdotes
1921 4760 2147 4800 necesse

517 4824 811 4880 habebant
823 4841 891 4880 ex
907 4825 1033 4896 lege
1051 4826 1143 4881 Dei
1158 4828 1420 4898 primitus
1437 4846 1540 4900 pro
1553 4834 1798 4903 peccatis
1811 4837 1924 4890 suis
1947 4838 2147 4893 oﬁ‘erre

520 4918 881 4985 sacriﬁcium,
928 4918 1134 4975 deinde
1159 4938 1262 4992 pro
1305 4924 1518 4994 populo
1550 4926 1728 4987 (Hebr.
1747 4945 1797 4997 v,
1832 4931 1903 4990 3).
1938 4951 1964 4979 »
1997 4931 2151 4988 Sicut

524 5028 662 5082 ergo
712 5029 866 5066 nunc
914 5027 1016 5082 per
1060 5014 1332 5068 orationis
1375 5017 1711 5074 sacriﬁcium
1762 5024 2152 5080 convincimur

524 5121 643 5160 non
668 5121 786 5160 esse
814 5105 936 5160 sine
960 5111 1190 5177 peccato
1217 5109 1491 5180 quoniam
1514 5112 1660 5182 jussi
1698 5131 1895 5170 sumus
1924 5118 2110 5175 dicere
2135 5141 2148 5177 :

528 5219 558 5251 ‹‹
589 5199 814 5254 Dimitte
854 5199 1016 5254 nobis
1047 5201 1234 5257 debita
1259 5207 1453 5258 nostra
1497 5205 1712 5274 (Matth.
1752 5225 1828 5276 vr,
1873 5213 1978 5283 12).
2011 5235 2038 5262 ››
2074 5217 2154 5270 Ita

528 5296 588 5348 et
616 5296 751 5347 tunc
775 5309 881 5365 per
903 5295 1172 5350 sacriﬁcia
1197 5296 1551 5354 victimarum
1575 5302 1904 5359 animalium
1931 5310 2156 5364 convin-

527 5387 799 5443 cebantur
828 5389 1144 5443 sacerdotes
1180 5389 1301 5444 sine
1342 5397 1575 5462 peccato
1609 5412 1722 5450 non
1763 5415 1901 5470 esse,
1930 5404 2028 5474 qui
2055 5422 2156 5476 pro

529 5483 647 5538 suis
674 5482 919 5553 peccatis
953 5482 1299 5551 jubebantur
1329 5485 1550 5541 offerre.
1595 5491 1750 5552 Quod
1788 5494 1831 5546 si
1870 5512 1958 5549 res
1993 5498 2071 5552 ita
2099 5517 2155 5554 se

527 5576 720 5644 habet,
747 5581 806 5628 ut
832 5591 933 5645 per
958 5575 1198 5644 gratiam
1224 5576 1522 5633 Salvatoris
1548 5587 1911 5652 proﬁciamus
1926 5593 2154 5662 quidem

530 5671 590 5725 in
609 5670 711 5723 hac
731 5668 864 5734 vita,
892 5668 1188 5724 deﬁciente
1215 5672 1540 5741 cupiditate,
1561 5678 1831 5735 charitate
1847 5692 2152 5756 crescente,

533 5761 900 5831 perﬁciamur
922 5765 1113 5816 autem
1148 5763 1203 5817 in
1229 5765 1328 5818 illa
1359 5767 1488 5834 vita,
1519 5773 1826 5844 cupiditate
1863 5781 2151 5851 exstincta,

536 5855 809 5908 charitate
825 5855 1128 5927 completa,
1158 5859 1408 5929 profecto
1424 5862 1560 5918 illud
1573 5869 1725 5936 quod
1743 5873 2016 5946 scriptum
2037 5883 2113 5927 est
2140 5895 2151 5930 :

2249 4655 2409 4724 sequi
2451 4654 2656 4710 debeat
2704 4655 2943 4726 dignum
2997 4657 3214 4728 possint
3258 4657 3508 4728 praebere
3564 4657 3882 4710 doctorem.

2251 4747 2360 4803 Sed
2425 4748 2496 4803 de
2573 4748 2660 4802 his
2693 4791 2706 4816 ,
2779 4753 2844 4804 ut
2920 4750 3167 4805 arbitror
3199 4794 3212 4821 ,
3288 4752 3410 4822 jam
3505 4751 3640 4804 satis
3714 4766 3887 4820 supra

2251 4841 2518 4896 diximus.
2617 4843 2726 4897 Sed
2805 4844 3042 4898 subinde
3130 4850 3324 4900 contra
3417 4861 3511 4899 eos
3599 4844 3883 4909 subvenit,

2254 4933 2446 5008 182
2487 4940 2545 4990 et
2573 4938 2898 5009 suppeditat
2932 4939 3086 5009 quod
3131 4940 3366 5008 dicatur,
3401 4955 3508 4993 nec
3549 4943 3738 5009 potest
3782 4939 3882 4992 ali-

2254 5031 2483 5101 quando
2529 5031 2727 5085 deesse
2753 5032 2910 5104 quod
2952 5033 3136 5088 vincat
3160 5051 3290 5088 cum
3321 5039 3439 5088 tam
3469 5033 3750 5087 miserum
3774 5033 3883 5086 im-

2254 5124 2527 5196 piumque
2567 5126 2814 5198 sitquod
2867 5133 3076 5183 nostra;
3118 5128 3323 5183 virtute
3349 5128 3476 5182 ﬁdei
3506 5132 3563 5182 et
3599 5128 3728 5199 ipsa
3762 5129 3886 5198 ple-

2253 5218 2382 5273 nius
2409 5219 2641 5275 veritate
2675 5221 2952 5277 vincatur.
2981 5223 3086 5286 Qui
3125 5222 3279 5276 enim
3313 5238 3540 5276 omnem
3567 5221 3699 5276 vitae
3731 5238 3889 5292 spem

2254 5313 2471 5385 respuit
2501 5319 2669 5386 atque
2709 5316 3051 5386 contempsit
3082 5315 3307 5370 inimica
3336 5315 3764 5386 damnabilique
3795 5331 3893 5368 cor

2256 5425 2421 5462 suum
2475 5409 2852 5480 disputatione
2901 5410 3279 5479 confundens,
3334 5426 3466 5464 cum
3524 5411 3708 5464 credit
3753 5409 3892 5462 nihil

2257 5519 2377 5557 esse
2426 5504 2575 5575 quod
2625 5521 2657 5556 a
2695 5505 2810 5558 Deo
2868 5505 3127 5575 accipiat,
3183 5522 3254 5558 ne
3303 5504 3512 5574 aliquid
3571 5511 3892 5574 superesset

2257 5597 2409 5668 quod
2441 5602 2596 5668 petat
2643 5599 2711 5652 ad
2742 5601 3076 5667 sanandum,
3123 5599 3217 5652 sed
3247 5598 3341 5668 qui
3388 5597 3496 5651 sibi
3525 5598 3632 5652 hoc
3659 5596 3891 5651 abstulit

2256 5691 2494 5745 ulterius
2523 5693 2656 5762 quid
2693 5693 2970 5764 reliquit?
3003 5695 3056 5749 Si
3088 5711 3222 5764 ergo
3262 5697 3393 5746 sunt
3417 5692 3611 5762 aliqui,
3661 5707 3801 5760 quos
3836 5691 3887 5742 in

2258 5785 2340 5837 sui
2366 5786 2756 5840 defensionem
2805 5788 3139 5858 perversitas
3171 5793 3325 5840 tanta
3363 5784 3573 5850 deﬁxit,
3610 5784 3708 5854 qui
3756 5784 3886 5836 huic

2258 5896 2315 5935 se
2346 5880 2597 5955 dogmati
2628 5881 2836 5936 dedant
2861 5889 3033 5952 atque
3061 5881 3430 5952 conjuugant,
3462 5883 3757 5949 sperantes
3782 5877 3887 5934 hoc
