4034 6348
153 367 246 420 741

1387 361 1856 418 DECRETAIJUM
1895 359 2278 420 COLLECTIO.

3405 359 3504 416 ’74⁸2

151 474 222 526 ad
265 471 606 526 catholicam
651 470 938 540 pertinere
977 469 1319 539 doctrinam,
1374 471 1526 540 quod
1573 470 1778 526 abbor-
1801 483 1854 555 Α
1880 471 2108 524 absolvi.
2143 473 2282 525 Nam
2311 469 2354 523 si
2389 469 2573 524 adhuc
2607 469 2791 524 taliter
2817 463 3009 534 sentit,
3051 469 3275 540 quando
3310 487 3368 522 se
3399 487 3506 524 no-

151 581 282 620 rens
321 565 550 634 -ongius
589 569 644 618 et
675 564 904 635 penitus
934 563 1278 634 approbatur
1315 563 1638 631 adversum,
1689 565 1776 618 in-

151 659 284 713 fecti
307 659 536 712 illorum
577 662 633 712 et
669 657 898 712 monitis
941 663 997 710 et
1027 657 1210 710 verbis
1253 661 1318 711 ut
1355 658 1652 724 haberent,
1691 657 1778 711 in-

151 751 330 818 ducti,
359 755 641 822 quatenus
671 751 742 804 ad
773 755 992 805 rectum
1030 751 1159 804 vitae
1189 751 1482 804 tramitem
1521 749 1777 817 redeant,

151 845 525 912 festinabunt,
577 861 650 898 ne
707 845 922 898 diutius
980 847 1232 898 mentem
1289 844 1574 907 obsidens,
1626 844 1784 898 velut

151 939 328 1010 pestis
367 955 570 992 eorum
613 939 869 992 sensibus
898 955 1059 993 error
1089 937 1340 992 invadat.
1373 939 1518 992 Nam
1548 937 1592 992 si
1631 937 1784 992 Pela-

154 1033 284 1102 gius
335 1048 675 1103 quocunque
713 1032 920 1086 restitit
975 1034 1098 1086 loco
1141 1048 1340 1086 eorum
1397 1034 1640 1101 animos,
1685 1031 1784 1102 qui

153 1126 319 1179 facile
367 1127 456 1180 vel
513 1125 845 1196 simpliciter
902 1126 1206 1180 crederent
1263 1125 1630 1196 disputandi,
1677 1125 1784 1179 hac

150 1219 534 1274 affirmatione
565 1220 804 1290 decepit,
832 1236 930 1274 seu
961 1219 1053 1273 hic
1077 1219 1160 1272 illi
1186 1219 1246 1272 in
1277 1219 1418 1273 urbe
1446 1222 1596 1286 sunt,
1631 1217 1784 1288 quod

151 1313 472 1366 nescientes
505 1329 609 1367 nec
639 1313 1010 1368 manifestare
1049 1330 1373 1383 possumus,
1413 1329 1518 1368 nec
1553 1329 1782 1382 negare,

154 1423 286 1460 cum
311 1409 368 1460 et
399 1407 444 1460 si
471 1409 604 1460 sunt
627 1407 856 1474 lateant,
899 1425 1000 1461 nec
1033 1407 1339 1478 aliquando
1380 1407 1655 1474 audeant,
1698 1406 1786 1459 vel

151 1501 319 1554 illum
361 1501 769 1571 praedicantem
809 1501 916 1555 ista
954 1501 1284 1568 defendere,
1317 1502 1402 1555 vel
1433 1500 1565 1554 talia
1595 1500 1785 1570 aliquo

153 1599 484 1648 nostrorum
515 1599 794 1664 priesente
816 1595 1047 1665 jactare,
1069 1601 1124 1649 et
1151 1595 1210 1648 in
1236 1598 1396 1648 tanta
1422 1594 1618 1665 p0puli
1639 1593 1784 1648 mul-

155 1687 404 1742 titudine
433 1689 784 1758 deprehendi
813 1689 1020 1759 aliquis
1047 1689 1210 1742 facile
1243 1705 1350 1742 nec
1377 1688 1582 1742 alicubi
1613 1687 1790 1759 possit

155 1781 415 1850 agnosci,
458 1781 572 1834 sive
611 1781 669 1834 in
701 1783 897 1853 quovis
929 1787 1214 1836 terrarum
1251 1783 1371 1836 loco
1417 1782 1651 1851 degant.
1689 1780 1788 1834 Dei

1880 569 1994 618 slro
2031 564 2242 632 judicio
2293 564 2580 635 quibusvis
2639 564 2883 634 acceptis
2937 563 3136 616 litteris
3187 579 3316 616 cum
3375 563 3512 618 sciat

1881 658 2268 712 damnandum
2300 675 2356 711 se
2384 675 2522 725 esse,
2565 657 2898 712 committet.
2943 656 3100 720 Quod
3137 657 3180 710 si
3223 673 3512 711 accercen-

1882 752 1985 804 dus
2011 755 2176 820 esset,
2203 751 2273 804 ab
2299 751 2390 804 bis
2417 750 2616 805 melius
2649 751 2812 805 ﬁeret
2844 749 2940 821 qui
2973 750 3156 820 magis
3181 749 3428 820 proximi
3457 754 3512 804 et

1883 861 1996 899 non
2029 845 2202 916 longo
2251 849 2536 898 terrarum
2563 845 2742 916 spatio
2770 843 3036 898 videntur
3071 860 3190 898 esse
3224 843 3511 914 disjuncti,

1884 939 1978 992 sed
2021 955 2133 992 non
2178 938 2359 992 deerit
2394 955 2527 992 cura
2565 938 2611 992 si
2645 937 2946 992 medicinae
2989 937 3241 1008 praebeat
3269 937 3363 991 ille
3389 953 3508 991 ma-

1885 1032 2112 1086 teriam.
2141 1033 2333 1085 Potest
2359 1031 2513 1086 enim
2547 1032 2818 1086 damnare
2841 1047 2969 1102 qua:
2995 1033 3252 1084 senserat
3277 1047 3340 1084 ac
3370 1030 3513 1085 datis
3549 1077 3554 1080 .

1883 1125 2086 1180 litteris
2117 1125 2326 1179 erroris
2365 1125 2471 1194 sui,
2511 1129 2572 1179 ut
2601 1141 2924 1195 regressum
2967 1124 3038 1178 ad
3077 1141 3180 1178 nos
3222 1123 3383 1178 decet
3424 1139 3515 1178 ve-

1883 1219 2042 1273 niam
2072 1219 2380 1289 postulare,
2407 1219 2611 1272 fratres
2633 1218 2964 1272 charissimi.
2994 1217 3226 1272 Librum
3252 1234 3384 1272 sane
3413 1217 3512 1288 qui

1887 1317 2006 1388 ejus
2052 1333 2170 1371 esse
2215 1316 2506 1370 dicebatur
2537 1315 2701 1370 nobis
2730 1333 2764 1371 a
2803 1321 2988 1370 vestra
3017 1315 3290 1370 charitate
3335 1321 3513 1370 trans-

1885 1411 2120 1464 missum
2151 1410 2484 1478 evolvimus,
2517 1410 2576 1463 in
2603 1427 2714 1481 quo
2749 1411 2928 1464 multa
2961 1409 3296 1480 blasphema
3327 1413 3514 1479 erant,

1885 1504 2026 1558 nihil
2081 1505 2231 1575 quod
2277 1505 2545 1575 placeret,
2590 1504 2732 1558 nihil
2785 1503 2940 1575 quod
2991 1504 3218 1574 penitus
3243 1519 3360 1557 non
3398 1503 3512 1558 dis-

1885 1599 2139 1670 pliceret,
2186 1615 2220 1652 a
2276 1597 2470 1669 quovis
2511 1598 2900 1652 damnandum
2949 1603 3118 1668 atque
3159 1596 3512 1664 calcandum,

1888 1693 2048 1762 cujus
2078 1691 2284 1746 similia
2320 1691 2426 1745 nisi
2471 1691 2570 1762 qui
2594 1691 2704 1746 ista
2729 1691 3048 1761 scripserat,
3082 1706 3253 1744 nemo
3283 1691 3426 1744 alter
3457 1690 3516 1743 in

1887 1790 2135 1840 mentem
2184 1785 2462 1856 reciperet
2517 1787 2688 1856 atque
2739 1785 2998 1838 sentiret.
3049 1784 3186 1837 Nam
3243 1784 3352 1837 hoc
3395 1785 3516 1837 loco

153 1874 338 1928 nostri
369 1874 772 1942 misericordia,
799 1875 1092 1946 gratiaque
1122 1876 1422 1942 credimus,
1441 1874 1596 1945 quod
1625 1873 1788 1928 facile
1809 1860 1866 1930 B
1892 1879 1961 1932 de
1992 1879 2118 1950 lege
2158 1879 2323 1932 latius
2369 1879 2660 1949 disputare
2711 1880 2867 1932 velut
2901 1894 3094 1932 coram
3133 1877 3320 1948 posito
3359 1893 3524 1947 repu-

153 1968 540 2038 corrigantur,
571 1968 766 2022 audita
791 1970 911 2040 ejus
938 1969 1304 2024 damnatione
1336 1969 1434 2040 qui
1460 1968 1633 2023 fuerit
1657 1984 1786 2038 per-

155 2061 332 2129 tinax,
375 2065 432 2114 et
457 2062 724 2116 resistens
751 2062 920 2131 hujus
951 2063 1234 2134 dogmatis
1274 2066 1473 2116 auctor
1503 2062 1786 2126 inventus,

155 2172 270 2209 non
299 2156 555 2222 interest,
589 2155 680 2208 ubi
713 2155 802 2209 isti
830 2155 1064 2222 fuerint,
1098 2157 1235 2210 dum
1263 2155 1589 2225 ubicunque
1629 2154 1786 2208 inve-

153 2249 268 2303 niri
295 2248 605 2320 potuerint,
643 2253 774 2302 sunt
815 2249 1071 2304 sanandi.
1110 2249 1278 2303 Nobis
1316 2254 1506 2302 tamen
1537 2265 1643 2302 nec
1671 2265 1792 2302 sua-

159 2343 514 2412 deripotest
561 2358 689 2396 eum
735 2358 852 2397 esse
897 2345 1230 2413 purgatum,
1284 2342 1540 2412 quamvis
1580 2342 1652 2396 ad
1689 2358 1792 2396 nos

157 2453 192 2490 a
225 2436 414 2491 nescio
445 2435 650 2507 quibus
676 2435 828 2489 laicis
859 2437 972 2490 sint
1003 2440 1158 2506 gesta
1190 2437 1428 2506 perlata,
1464 2435 1669 2506 quibus
1697 2435 1792 2488 ille

159 2536 214 2584 et
247 2529 512 2583 auditum
539 2545 596 2583 se
620 2530 880 2583 crederet
929 2535 984 2584 et
1034 2530 1375 2583 absolutum.
1425 2529 1561 2592 Quae
1596 2533 1793 2582 utrum

157 2640 296 2676 vera
333 2624 448 2677 sint
495 2623 838 2690 dubitamus,
868 2623 1018 2694 quod
1053 2624 1156 2677 sub
1191 2623 1344 2676 nulla
1380 2623 1530 2676 illius
1575 2621 1794 2676 concilii

157 2716 522 2770 exsecutione
551 2721 847 2784 venerunt,
872 2734 978 2770 nec
1009 2734 1204 2772 eorum
1234 2718 1451 2787 aliquas
1477 2716 1796 2786 accepimus

157 2812 230 2866 de
261 2811 370 2864 hac
415 2827 476 2864 re
527 2811 762 2876 litteras,
811 2811 962 2880 apud
1014 2827 1156 2882 quos
1203 2811 1361 2864 istius
1407 2810 1492 2864 rei
1534 2809 1798 2881 praestitit

157 2921 382 2958 causas.
437 2903 602 2967 Quod
643 2903 688 2958 si
736 2904 805 2958 de
854 2921 958 2958 sua
995 2905 1090 2957 ille
1126 2904 1400 2974 potuisset
1451 2903 1795 2974 purgatione

155 2998 466 3064 conﬁdere,
497 2998 604 3051 hoc
641 2997 826 3067 magis
855 2999 1142 3051 credimus
1181 2998 1332 3068 quod
1375 2998 1602 3068 egisset.
1635 2997 1794 3061 Quod

157 3092 346 3145 multo
381 3091 569 3145 verius
599 3107 716 3145 esse
745 3095 990 3161 poterat,
1023 3097 1086 3144 ut
1129 3091 1254 3145 illos
1287 3097 1516 3161 cogeret
1547 3091 1798 3161 epistolis

158 3185 276 3238 suis
326 3185 426 3255 qui
465 3171 908 3255 dijudicaverant
940 3184 1216 3253 judicare.
1261 3187 1468 3238 Verum
1521 3201 1650 3238 cum
1688 3183 1799 3236 sint

157 3279 352 3348 aliqua
367 3279 428 3332 in
457 3278 592 3349 ipsis
612 3278 798 3348 posita
820 3278 1009 3349 gestis,
1030 3295 1158 3348 qum
1181 3278 1398 3348 objecta
1417 3277 1622 3348 partim
1637 3295 1794 3332 mus-

161 3373 394 3426 sitando
423 3372 516 3426 ille
541 3372 873 3442 suppressit,
902 3372 1113 3442 partim
1145 3373 1326 3426 multa
1346 3372 1406 3425 in
1432 3389 1490 3426 se
1515 3372 1685 3426 verba
1703 3388 1796 3426 re-

157 3467 506 3538 torquendo,
539 3469 658 3520 tota
684 3466 1021 3521 obscuritate
1059 3466 1333 3534 confudit,
1393 3465 1583 3536 aliqua
1616 3465 1800 3537 magis

161 3561 322 3614 falsis
352 3560 710 3630 argumentis
751 3577 926 3631 quam
953 3577 1084 3614 vera
1124 3560 1358 3628 ratione,
1389 3562 1451 3612 ut
1477 3560 1544 3613 ad
1575 3561 1798 3630 tempus

163 3655 360 3709 videre
397 3657 642 3725 poterat,
684 3654 966 3724 purgavit,
1019 3654 1126 3707 alia
1175 3653 1465 3723 negando,
1507 3653 1618 3706 alia
1659 3653 1800 3707 falsa

165 3747 644 3820 interpretatione
669 3748 968 3802 vertendo.
1018 3747 1126 3802 Sed
1169 3747 1388 3800 utinam
1427 3745 1582 3816 quod
1619 3746 1801 3817 magis

168 3843 486 3915 optandum
514 3846 598 3896 est
622 3843 790 3896 etiam
821 3841 912 3894 ille
945 3857 1003 3895 se
1034 3841 1104 3894 ad
1125 3857 1320 3894 veram
1350 3839 1639 3894 catholicae
1669 3840 1800 3894 fidei

166 3938 324 3992 viam
373 3936 445 3990 ab
507 3936 606 3990 illo
671 3935 756 3989 sui
813 3935 1059 3989 tramitis
1123 3951 1313 3988 errore
1363 3937 1682 4002 convertat,
1739 3937 1804 3987 ut

167 4035 364 4106 cupiat
400 4035 644 4104 velitque
687 4033 961 4105 purgari,
1007 4033 1372 4086 considerans
1413 4031 1802 4103 quotidianam

169 4130 270 4184 Dei
299 4128 542 4200 gratiam
565 4127 1024 4198 adjutoriumque
1054 4143 1424 4197 cognoscens,
1455 4132 1517 4181 ut
1543 4126 1804 4180 videatur

167 4240 389 4292 verum,
438 4227 495 4276 et
539 4222 882 4293 approbetur
920 4221 989 4274 ab
1034 4221 1295 4275 omnibus
1353 4220 1654 4274 manifesta
1708 4237 1800 4274 ra-

169 4319 328 4372 tione
371 4318 671 4383 correctus,
715 4332 830 4370 non
880 4317 1166 4386 gestorum
1191 4313 1431 4384 judicio,
1466 4313 1566 4368 sed
1611 4313 1680 4367 ad
1709 4331 1802 4367 ca-

169 4411 448 4466 tholicam
487 4410 656 4464 tidem
697 4409 867 4464 corde
913 4425 1202 4463 converso.
1234 4409 1394 4462 Unde
1424 4425 1543 4462 non
1570 4424 1804 4478 possum

169 4505 404 4560 illorum
435 4521 536 4558 nec
565 4504 1018 4574 approbamnec
1056 4504 1284 4574 culpare
1318 4502 1624 4572 judicium,
1671 4519 1803 4556 cum

1819 3232 1873 3305 C

1889 1973 2202 2044 gnantique
2235 1972 2465 2043 Pelagio
2504 1972 2886 2026 necessarium
2933 1988 3053 2024 esse
3111 1987 3223 2024 non
3261 1970 3522 2024 duximus

1889 2083 2018 2121 cum
2053 2065 2342 2120 vobiscum
2390 2068 2570 2120 totam
2613 2082 2736 2120 rem
2766 2065 3094 2130 scientibus,
3140 2065 3382 2135 parique
3411 2080 3516 2118 no-

1889 2160 2108 2214 biscum
2137 2159 2457 2214 assensione
2492 2159 2892 2231 gaudentibus,
2925 2158 3332 2228 colloquamur.
3365 2158 3518 2212 Tunc

1891 2253 2045 2307 enim
2083 2253 2290 2306 melius
2325 2253 2447 2308 haec
2483 2253 2739 2323 exempla
2780 2256 3090 2322 ponuntur,
3133 2249 3360 2321 quando
3387 2266 3520 2304 cum

1893 2347 1982 2400 his
2049 2363 2192 2418 quos
2247 2347 2456 2400 harum
2517 2349 2734 2401 constat
2787 2362 2982 2400 rerum
3037 2345 3345 2414 prudentes
3401 2361 3523 2398 esse

1894 2425 2387 2494 tractamus.'Nam
2415 2440 2484 2494 de
2519 2444 2740 2494 natura:
2767 2438 3156 2511 possibilitate,
3190 2455 3253 2492 ac
3281 2439 3350 2492 de
3375 2438 3519 2492 libe-

1893 2551 1955 2588 ro
1987 2534 2246 2600 arbitrio,“
2287 2537 2344 2587 et
2382 2534 2450 2587 de
2483 2533 2644 2587 omni
2693 2533 2792 2587 Dei
2837 2532 3044 2602 gratia,
3090 2536 3147 2586 et
3195 2531 3524 2602 quotidiana

1897 2627 2098 2698 gratia,
2135 2627 2226 2680 cui
2257 2643 2372 2682 non
2398 2627 2470 2680 sit
2491 2632 2641 2681 recte
2663 2625 2934 2680 sentienti
2955 2625 3310 2679 uberrimum
3335 2625 3526 2696 dispu-

1897 2723 2036 2775 tare.
2069 2720 2530 2776 Anathematizet
2557 2736 2694 2791 ergo
2723 2720 2831 2773 ista
2855 2736 2982 2789 qua
3007 2718 3198 2787 sensit,
3225 2724 3290 2772 ut
3315 2718 3396 2772 illi
3425 2719 3527 2790 qui

1897 2814 2018 2884 ejus
2065 2815 2421 2868 sermonibus
2467 2815 2736 2882 fuerant,
2799 2812 3210 2883 praeceptisque
3263 2812 3525 2883 collapsi,

1897 2907 2034 2978 quid
2060 2908 2296 2962 tandem
2325 2908 2532 2962 habeat
2561 2907 2702 2961 fides
2730 2923 2864 2962 vera
2893 2910 3261 2976 cognoscant.
3293 2906 3528 2961 Facilius

1899 3001 2052 3055 enim
2095 3001 2350 3056 revocari
2391 3005 2723 3072 potuerunt,
2775 3017 2903 3054 cum
2965 2999 3069 3054 isla
3112 3017 3146 3053 a
3197 3016 3297 3054 suo
3347 3017 3534 3054 sense-

1897 3094 2016 3148 rint
2043 3097 2274 3149 auctore
2304 3095 2588 3149 damnari.
2621 3094 2788 3158 Quod
2820 3094 2865 3148 si
2899 3093 2994 3146 ille
3027 3093 3302 3163 pertinaci
3329 3092 3388 3147 in
3425 3093 3531 3148 hac

1899 3189 2140 3243 voluerit
2169 3188 2464 3259 impietate
2507 3188 2830 3258 persistere,
2875 3191 2960 3241 est
2995 3185 3286 3256 agendum
3334 3191 3530 3258 quate-

1900 3299 2006 3336 nus
2025 3284 2110 3336 vel
2141 3282 2228 3335 his
2251 3282 2430 3353 possit
2449 3281 2760 3350 subveniri,
2786 3297 2927 3351 quos
2951 3297 3064 3334 non
3085 3297 3218 3335 suus
3241 3280 3344 3334 sed
3360 3281 3532 3352 hujus

1899 3375 2082 3446 magis
2103 3392 2260 3429 error
2281 3376 2527 3444 induxit,
2549 3392 2620 3430 ne
2639 3378 2694 3428 et
2721 3374 2830 3428 illis
2861 3374 2982 3428 hmc
3009 3375 3291 3429 medicina
3311 3383 3528 3444 pereat,

1899 3469 2058 3539 cujus
2089 3470 2191 3524 iste
2217 3470 2390 3524 talem
2429 3487 2546 3524 non
2585 3468 2856 3536 admittit,
2890 3485 2996 3522 nec
3025 3469 3276 3538 postulat
3311 3484 3527 3523 curam.

1899 3565 2046 3618 Deus
2091 3579 2189 3617 vos
2235 3563 2516 3617 custodiat
2549 3563 2889 3629 incolumes,
2946 3562 3150 3616 fratres
3195 3549 3528 3618 charissimi.

1900 3659 2040 3711 Data
2067 3673 2118 3711 v1
2147 3656 2382 3710 Kalend.
2413 3656 2724 3710 Februarii.

1971 3753 2115 3805 Item
2142 3749 2378 3820 epistola
2407 3748 2705 3804 familiaris
2733 3749 2808 3803 ad
2835 3749 3204 3804 Aurelianum
3235 3749 3530 3820 Carthagi-

1901 3861 2139 3898 nensem
2173 3843 2529 3914 episcopum.

1973 3941 2329 3994 iNNOCENTlUS
2351 3941 2591 3992 AURELIO
2611 3938 2876 4009 episcopo
2891 3937 3342 4010 Carthaginensi.
3375 3939 3434 3992 In
3457 3939 3538 3994 fa-

1903 4033 2218 4086 miliaribus
2244 4031 2463 4103 scriptis
2493 4032 2720 4087 dilectio
2751 4049 2886 4086 vera
2926 4033 3202 4102 consistit,
3235 4036 3293 4086 et
3315 4033 3534 4088 ﬁrmius

1905 4127 2196 4182 charitatis
2221 4126 2410 4180 ofﬁcia
2437 4126 2640 4180 melius
2673 4143 2730 4181 se
2757 4143 2886 4181 orsa
2909 4132 3254 4181 mereantur.
3287 4127 3534 4190 Quamo-

1903 4221 2064 4276 brem
2087 4237 2190 4291 per
2215 4221 2450 4274 fratrem
2477 4223 2731 4274 nostrum
2757 4220 2968 4275 Julium
2996 4221 3249 4290 epistolae
3270 4221 3536 4275 extrinse-

1906 4331 2004 4368 cus
2033 4314 2220 4367 missze
2249 4314 2594 4384 respondere
2629 4313 2851 4384 gestivi,
2880 4330 2951 4367 ne
2983 4313 3132 4384 apud
3167 4329 3260 4366 me
3299 4313 3534 4368 forsitan

1905 4410 2228 4462 remaneret
2273 4406 2574 4477 peculiaris
2625 4407 2848 4477 negata:
2896 4406 3244 4460 salutationis
3297 4406 3531 4473 offensa,

1906 4501 2294 4572 supradictum
2321 4500 2498 4572 igitur
2528 4501 2762 4554 fratrem
2795 4503 3052 4554 nostrum
3083 4505 3194 4554 tua:
3241 4499 3534 4554 dilectioni

171 4599 498 4654 nesciamus
529 4603 722 4652 utrum
753 4615 888 4652 vera
917 4597 1030 4652 sint
1058 4600 1232 4668 gesta,
1281 4601 1378 4650 aut
1407 4596 1452 4650 si
1487 4613 1623 4650 vera
1651 4601 1802 4663 sunt,
1824 4608 1884 4680 D
1906 4595 2166 4662 restituo,
2200 4611 2330 4649 cum
2359 4594 2685 4665 apostolica:
2707 4594 2820 4648 sedi
2841 4594 3082 4665 dignum
3109 4594 3181 4648 ad
3201 4593 3534 4648 relationem

168 4693 336 4748 illum
377 4692 779 4763 subterfugisse
819 4694 1040 4746 constet
1081 4691 1259 4762 magis
1297 4707 1474 4760 quam
1504 4706 1562 4745 se
1601 4690 1802 4744 intota

171 4787 383 4842 virtute
407 4803 706 4857 purgasse.
733 4786 839 4850 Qui
865 4785 912 4838 si
935 4785 1190 4851 confidit,
1221 4784 1490 4856 novitque
1511 4801 1624 4838 non
1646 4784 1802 4838 omni

173 4882 419 4952 dignum
457 4897 578 4934 esse
610 4879 1000 4950 indignatione
1039 4879 1192 4951 quod
1232 4879 1381 4934 dicat
1421 4882 1520 4933 aut
1536 4879 1658 4950 jam
1697 4879 1803 4933 hoc

171 4978 360 5030 totum
393 4991 452 5028 se
483 4975 756 5030 refutasse
801 4973 953 5045 quod
997 4973 1239 5040 dixerat,
1287 4991 1403 5028 non
1440 4990 1473 5028 a
1507 4973 1676 5028 nobis
1713 4989 1800 5028 ac-

175 5069 391 5136 cersiri,
429 5068 532 5124 sed
569 5068 692 5140 ipse
735 5068 905 5122 debet
947 5069 1134 5138 potius
1175 5067 1468 5135 festinare,
1509 5070 1573 5120 ut
1607 5067 1801 5140 possit.

1904 4691 2145 4762 duplicis
2184 4688 2379 4761 synodi
2413 4688 2700 4758 judicatis.
2733 4689 3020 4758 Superest,
3055 4692 3118 4742 ut
3144 4691 3332 4741 oratus
3372 4705 3405 4742 a
3437 4704 3535 4742 no-

1903 4784 1991 4839 bis
2017 4784 2288 4838 Dominus
2313 4783 2583 4852 przestare
2611 4781 2897 4852 dignetur,
2928 4784 3208 4852 quatenus
3227 4781 3414 4834 omnis
3439 4783 3537 4836 Ec-

1904 4878 2087 4934 clesiae
2116 4895 2234 4932 sua;
2263 4876 2482 4931 macula
2505 4875 2787 4931 continuis
2815 4875 3103 4930 laboribus
3129 4874 3336 4930 nostris
3363 4875 3540 4947 possit

1907 4972 2178 5044 abstergi.
2235 4971 2508 5026 Dominus
2537 4971 2811 5025 custodiat
2853 4973 2909 5024 te
2947 4969 3324 5037 incolumem,
3365 4970 3539 5026 frater

1907 5066 2258 5122 charissima.
2287 5068 2424 5122 Data
2447 5081 2506 5119 v1
2534 5065 2659 5120 Kal.
2691 5063 2852 5119 Febr.

823 5345 1393 5444 INCIPIUNT
1478 5347 2002 5444 DECRETA
2084 5345 2451 5442 ZOZIMI
2550 5343 2882 5438 PAPIE

257 5545 306 5597 1.
335 5541 496 5606 Quod
527 5543 799 5598 monachi
826 5544 916 5597 vel
952 5544 1080 5598 laici
1107 5545 1217 5599 nisi
1259 5561 1360 5617 per
1395 5546 1605 5617 gradus
1633 5547 1811 5601 eccle-

181 5635 436 5692 siasticos
463 5653 584 5692 non
606 5637 855 5692 debeant
879 5639 948 5693 ad
968 5655 1258 5694 summum
1289 5641 1666 5696 sacerdotium
1689 5657 1816 5712 per-

183 5730 400 5785 venire.

255 5829 308 5878 2.
339 5823 499 5887 Quod
531 5824 578 5877 si
606 5824 734 5894 quis
771 5825 1066 5881 interdicta
1106 5827 1442 5900 despexerit,
1485 5831 1694 5901 gradus
1735 5827 1823 5882 sui

187 5918 445 5992 periculo
477 5917 807 5990 subjacebit.

1988 5547 2040 5600 3.
2082 5544 2218 5609 Quae
2252 5544 2310 5598 in
2345 5541 2584 5614 singulis
2623 5540 2962 5596 clericorum
2993 5537 3257 5611 gradibus
3289 5541 3541 5610 tempora

1921 5638 2034 5696 sint
2061 5639 2310 5710 praeﬁxa.

1995 5733 2300 5804 Episcopus
2347 5732 2576 5786 Zozums
2616 5729 2774 5786 urbis
2812 5731 3006 5785 Roma:
3039 5731 3253 5783 HESITIO
3281 5727 3544 5797 episcopo

1925 5827 2270 5894 Salonitano,
2311 5825 2575 5879 salutem.
2618 5825 2806 5895 Exigit
2848 5823 3050 5879 dilexio
3079 5825 3175 5874 tua
3205 5827 3550 5889 praeceptum

1926 5922 2246 5996 apostolica:
2281 5919 2428 5974 sedis
2455 5919 2514 5974 in
2545 5935 2657 5992 quo
2683 5921 2910 5973 Patrum
2935 5915 3151 5968 decreta
3174 5915 3552 5986 consentiunt,
