4034 6296
519 319 619 400 743

1423 329 1704 389 APPEND.
1743 331 1830 386 AD
1868 329 2029 385 sae.
2070 311 2157 384 ix.
2180 357 2248 370 -
2286 326 2529 383 lSlDORl
2568 320 2992 381 MERCATORIS

3785 310 3887 376 ’744

520 462 578 512 et
606 450 891 525 signiﬁcas
917 443 1225 503 nonnullos
1253 460 1322 499 ex
1354 441 1769 498 monachorum
1800 441 1967 505 coetu,
2003 454 2146 508 quo-
2170 449 2230 522 Α
2250 435 2560 508 postposita
2606 435 2839 489 Patrum
2863 437 2920 487 et
2973 427 3297 503 apostolica
3350 428 3503 484 sedis
3547 427 3888 484 auctoritate

518 565 650 606 rum
681 543 996 600 sollicitudo
1030 538 1284 612 quamvis
1320 533 1641 609 frequentia
1687 532 1875 603 major
1903 536 2007 602 est,
2048 529 2149 585 sed

518 642 690 698 laicos
729 639 800 693 ad
828 633 1205 690 sacerdotium
1231 631 1522 686 festinare.

593 736 717 790 CAP.
749 733 789 786 Ι.
824 731 936 784 Hoc
963 730 1153 782 autem
1195 724 1512 797 specialiter
1541 724 1601 775 et
1625 720 1728 774 sub
1769 718 2148 790 praedecesso-

519 829 676 884 ribus
718 822 927 880 nostris
973 826 1028 875 et
1069 834 1252 890 nuper
1278 835 1311 872 a
1338 816 1502 871 nobis
1531 811 1896 868 interdictum
1933 813 2153 865 constat

517 919 721 977 litteris
757 917 828 972 ad
859 915 1059 971 Gallias
1094 911 1498 983 Hispaniasque
1524 904 1894 972 transmissis,
1935 904 1995 958 in
2023 901 2150 974 qui-

517 1016 624 1070 bus
673 1009 1004 1084 regionibus
1047 1004 1386 1060 familiarior
1435 1007 1519 1058 est
1573 1001 1683 1055 ista
1743 996 2150 1070 praesumptio,

522 1106 781 1181 quamvis
815 1120 920 1159 nec
954 1101 1143 1155 Africa
1169 1115 1341 1170 super
1380 1097 1487 1151 hac
1523 1092 1919 1150 admonitione
1959 1092 2153 1145 nostra

514 1201 802 1258 habeatur
848 1195 1054 1263 aliena,
1113 1208 1184 1246 ue
1224 1190 1350 1263 quis
1389 1188 1617 1261 penitus
1669 1191 1870 1241 contra
1917 1185 2153 1238 Patrum

519 1297 808 1368 praecepta
837 1289 934 1362 qui
978 1283 1368 1342 ecclesiasticis
1415 1279 1724 1352 disciplinis
1766 1294 1869 1349 per
1894 1275 2153 1332 ordinem

519 1406 636 1444 non
667 1387 866 1442 fuisset
888 1381 1160 1447 imbutus,
1196 1381 1253 1432 et
1276 1382 1602 1448 temporum
1631 1370 2040 1445 approbatione
2065 1368 2152 1424 di-

521 1481 668 1536 vinis
703 1475 998 1549 stipendiis
1042 1471 1318 1540 eruditus,
1365 1482 1730 1540 nequaquam
1758 1464 1831 1519 ad
1867 1478 2154 1517 summum

524 1571 899 1631 sacerdotium
940 1567 1188 1639 aspirare
1239 1565 1637 1636 praesumeret;
1692 1563 1749 1614 et
1804 1574 1918 1612 non
1970 1557 2154 1611 solum

522 1671 584 1724 in
616 1684 684 1724 eo
715 1663 947 1721 ambitio
993 1660 1254 1716 inefﬁcax
1284 1657 1616 1721 haberetur,
1647 1668 1849 1707 verum
1884 1650 2056 1705 etiam
2095 1649 2154 1704 in

526 1762 880 1818 ordinatores
918 1755 1060 1827 ejus,
1095 1757 1161 1808 ut
1195 1751 1454 1806 carerent
1500 1765 1566 1802 eo
1595 1747 1791 1802 ordine
1831 1761 2004 1816 quem
2031 1743 2153 1798 sine

2248 528 2587 601 neglexerit,
2621 543 2653 582 a
2685 525 2852 582 nobis
2879 524 3186 580 districtius
3216 522 3645 590 vindicandum,
3681 527 3746 576 ut
3783 521 3891 576 loci

2249 623 2335 678 sui
2365 622 2604 677 minime
2634 621 2856 676 dubitet
2881 619 2985 674 sibi
3014 621 3272 674 constare
3310 618 3614 684 rationem,
3649 615 3695 670 si
3729 619 3894 687 putat

2250 720 2377 788 post
2401 719 2485 771 tot
2512 714 2924 788 prohibitiones
2959 713 3195 784 impune
3223 728 3389 783 posse
3416 710 3646 766 tentari.
3677 712 3894 765 Contu-

2251 810 2438 866 melia:
2481 809 2639 864 enim
2673 809 2860 863 studio
2905 808 2971 862 ﬁt
3013 805 3293 879 quidquid
3323 804 3695 859 interdictum
3724 803 3894 858 toties

2250 906 2582 976 usurpatur.

2321 998 2406 1051 III.
2439 997 2565 1051 Haec
2591 998 2782 1050 autem
2806 993 3044 1066 singulis
3072 991 3344 1065 gradibus
3372 990 3725 1046 observanda
3764 995 3898 1044 sunt

2251 1093 2528 1161 tempora,
2557 1089 2602 1144 si
2623 1089 2692 1144 ab
2718 1087 2960 1143 infantia
2985 1085 3377 1142 ecclesiasticis
3414 1083 3757 1140 ministeriis
3783 1101 3890 1138 no-

2252 1199 2387 1238 men
2413 1183 2656 1252 dederit,
2698 1185 2754 1237 et
2781 1183 2933 1236 inter
2962 1182 3200 1236 lectores
3241 1179 3314 1234 ad
3337 1178 3684 1250 vigesimum
3713 1177 3897 1232 aetatis

2252 1293 2469 1333 annum
2519 1276 2847 1332 continuata
2898 1274 3292 1330 observatione
3337 1272 3631 1345 perduret.
3675 1271 3733 1327 Si
3778 1287 3898 1325 ma-

2246 1371 2340 1442 jor
2362 1374 2420 1426 et
2444 1370 2783 1442 grandaevus
2813 1367 3132 1435 accesserit,
3180 1367 3278 1438 qui
3318 1369 3513 1421 tamen
3552 1369 3686 1436 post
3712 1364 3897 1436 bapti-

2253 1481 2442 1520 smum
2487 1464 2679 1519 statim
2724 1462 2930 1517 divinae
2969 1461 3187 1516 militiae
3223 1459 3508 1515 desiderat
3549 1457 3894 1528 mancipari,

2255 1557 2368 1613 sive
2397 1557 2548 1612 inter
2571 1559 2811 1612 lectores
2839 1556 2953 1611 sive
2983 1555 3135 1610 inter
3166 1553 3466 1609 exorcistas
3494 1550 3897 1623 quinquennio

2253 1653 2536 1707 teneatur.
2584 1649 2800 1706 Exinde
2834 1649 3126 1720 acolythus
3173 1648 3260 1702 vel
3297 1645 3698 1712 subdiaconus,
3751 1660 3895 1715 qua-

2253 1748 2382 1800 tuor
2407 1743 2572 1800 annis
2601 1743 2691 1808 sit,
2719 1748 2774 1799 et
2816 1742 2894 1797 sic
2935 1743 3008 1798 ad
3050 1740 3508 1797 benedictionem
3554 1738 3896 1793 diaconatus

527 1855 724 1913 ordine
752 1856 946 1908 contra
973 1849 1262 1921 praecepta
1289 1846 1522 1900 Patrum
1548 1839 1905 1896 crediderant
1938 1853 2154 1909 prmsu-
2175 1837 2233 1910 B
2257 1839 2306 1893 si
2339 1843 2632 1894 mereatur
2664 1837 2914 1904 accedat,
2957 1835 3017 1890 in
3053 1853 3164 1908 quo
3208 1834 3410 1890 ordine
3447 1832 3703 1904 quinque
3729 1831 3897 1886 annis

525 1948 823 2006 mendum.
858 1943 1014 1999 Unde
1047 1939 1322 1995 miramur
1353 1937 1424 1991 ad
1467 1933 1824 1989 dilectionem
1855 1936 2015 1985 tuam
2051 1933 2156 1984 sta-

526 2048 649 2100 tuta
683 2039 827 2096 sedis
853 2034 1172 2109 apostolicae
1209 2047 1324 2087 non
1352 2029 1523 2084 fuisse
1557 2027 1791 2099 perlata.
1833 2023 2156 2080 Laudamus

524 2139 702 2210 igitur
757 2129 1138 2189 constantiam
1184 2130 1366 2192 tuam,
1420 2123 1601 2178 frater
1646 2118 1994 2187 charissime,
2051 2133 2156 2172 nec

527 2230 683 2288 aliud
727 2228 797 2282 de
844 2221 1118 2298 pontiﬁcii
1165 2234 1400 2275 censura
1445 2214 1650 2271 veteris
1687 2211 2034 2268 auctoritatis
2064 2226 2158 2282 ge-

528 2342 638 2381 nus
662 2317 1109 2395 exspectandum
1133 2314 1260 2380 fuit,
1290 2327 1460 2385 quam
1489 2311 1553 2364 ut
1579 2307 1789 2362 talibus
1827 2303 2154 2360 ambitioni—

526 2419 634 2477 bus
668 2433 770 2489 pro
799 2409 1098 2486 praeceptis
1124 2409 1355 2463 Patrum
1386 2405 1444 2459 in
1471 2401 1763 2475 procinctu
1791 2399 1924 2454 ﬁdei
1950 2397 2156 2452 consti-

2254 1933 2300 1986 si
2341 1932 2629 2003 inculpata
2676 1948 2735 1986 se
2781 1930 3040 2002 gesserit,
3072 1930 3363 1984 adhaerere
3391 1925 3638 1982 debebit.
3673 1924 3895 1980 Exinde

2255 2024 2700 2096 suifragantibus
2733 2023 3034 2095 stipendiis
3069 2039 3174 2094 per
3206 2024 3291 2076 tot
3330 2019 3537 2092 gradus
3575 2018 3718 2073 datis
3757 2034 3894 2089 pro-

2255 2118 2394 2191 prias
2419 2116 2552 2172 ﬁdei
2579 2117 2958 2186 documentis,
2982 2114 3396 2188 presbyterium
3429 2111 3637 2184 poterit
3660 2127 3893 2182 prome-

2255 2211 2385 2267 reri.
2439 2213 2515 2266 De
2559 2227 2673 2282 quo
2715 2211 2837 2265 loco
2863 2210 2909 2264 si
2936 2226 3071 2264 eum
3099 2209 3350 2263 exactior
3391 2206 3464 2261 ad
3487 2206 3666 2260 bonos
3695 2220 3896 2259 mores

2255 2305 2370 2361 vita
2397 2304 2740 2376 perduxerit,
2773 2320 3064 2358 summum
3095 2302 3488 2374 pontiﬁcatum
3525 2315 3758 2370 sperare
3787 2298 3892 2353 de-

2255 2398 2432 2454 bebit.
2461 2399 2572 2454 Hac
2609 2402 2802 2453 tamen
2840 2398 2967 2469 lege
3008 2400 3248 2465 servata,
3293 2397 3356 2449 ut
3385 2409 3573 2464 neque
3603 2392 3894 2463 bigamus,

527 2513 637 2568 tuti
662 2485 1010 2567 occurreres.
1046 2503 1223 2574 Igitur
1252 2499 1299 2554 si
1333 2497 1474 2570 quid
1499 2493 1824 2550 auctoritati
1849 2497 1966 2547 tua
1986 2490 2158 2562 (quod
2255 2509 2445 2565 neque
2479 2491 2660 2547 viduas
2695 2492 2952 2561 maritus,
2997 2507 3181 2563 neque
3208 2487 3490 2560 paenitens
3527 2485 3599 2540 ad
3624 2486 3730 2541 hos
3761 2501 3896 2557 gra-

526 2623 641 2664 non
677 2598 1000 2676 opinamur)
1036 2595 1284 2652 aestimas
1319 2590 1586 2659 defuisse,
1625 2587 1975 2659 supplemus.
2025 2586 2154 2654 V05,
2256 2587 2361 2643 dus
2384 2585 2566 2658 possit
2601 2585 2849 2641 admitti.
2887 2586 3028 2641 Sane
3066 2584 3241 2640 etiam
3273 2582 3598 2637 defensores
3621 2579 3896 2635 Ecclesiae

528 2675 785 2758 obsistite
821 2693 1028 2750 talibus
1069 2685 1547 2752 ordinationibus,
1581 2681 1836 2738 obsistite
1874 2677 2156 2750 superbiae
2259 2680 2356 2752 qui
2385 2696 2453 2734 ex
2480 2678 2634 2734 laicis
2656 2679 2804 2734 ﬁunt
2822 2677 3150 2750 supradicta
3169 2675 3558 2732 observatione
3586 2675 3899 2728 teneantur

527 2799 585 2850 et
630 2786 976 2861 arrogantiae
1015 2781 1289 2840 venienti.
1344 2780 1555 2834 Tecum
1609 2774 1826 2829 faciunt
1872 2773 2159 2844 praacepta
2256 2773 2303 2828 si
2351 2772 2666 2829 meruerint
2712 2773 2773 2826 in
2824 2772 3025 2827 ordine
3071 2787 3194 2825 esse
3244 2769 3558 2825 clericatus.
3611 2768 3750 2821 Data
3796 2781 3899 2820 vni

525 2889 784 2952 Patrum,
812 2886 1002 2936 tecum
1029 2874 1346 2948 apostolicae
1371 2871 1519 2926 sedis
1561 2867 1885 2923 auctoritas.
1917 2865 1975 2920 Si
2003 2864 2156 2919 enim
2256 2867 2488 2923 Kalend.
2518 2866 2715 2934 Martii,
2747 2866 2994 2921 Honorio
3020 2867 3108 2922 XII
3131 2869 3190 2920 et
3207 2861 3524 2920 Theodosio
3556 2861 3667 2916 VIII
3696 2864 3893 2931 Λυδα-

528 2978 714 3034 ofiicia
742 2971 1033 3029 saecularia
1057 2966 1427 3040 principalem
1457 2963 1646 3016 locum
1675 2976 1789 3015 non
1815 2957 2158 3012 vestibulum
2257 2962 2358 3017 stis
2384 2960 2728 3016 cansulibus.

528 3071 765 3129 actionis
804 3063 1096 3139 ingressis,
1133 3061 1230 3116 sed
1262 3076 1363 3131 per
1399 3055 1679 3129 plurimos
1718 3053 1927 3125 gradus
1953 3049 2158 3105 exami-
2502 3054 2597 3109 Ad
2621 3055 2820 3109 clerum
2849 3056 3244 3110 Ravennensem
3266 3052 3633 3126 manuarium,

527 3167 663 3224 tatis
691 3158 1100 3234 temporalibus
1127 3154 1412 3221 deferunt,
1445 3149 1573 3221 quis
1596 3148 1689 3203 ille
1721 3150 1837 3201 tam
1861 3161 2152 3216 arrogans,
2180 3213 2228 3234 Π
2327 3150 2560 3204 Zozmus
2599 3147 2893 3219 episcopus
2933 3146 3091 3201 urbis
3146 3147 3340 3200 Romae
3381 3142 3897 3199 commonitorium

527 3213 648 3317 tam
676 3213 979 3329 imp—ﬁdens
1008 3249 1313 3314 invenitur,
1339 3213 1487 3300 utin
1527 3241 1737 3298 caelesti
1773 3213 2232 3311 militia,vquaaC
2257 3242 2601 3315 presbyteris
2634 3213 2696 3297 ξι
2737 3213 3067 3296 ἀίᾉοοηὼιιε
3117 3240 3215 3311 qui
3264 3240 3549 3294 Ravenna;
3609 3241 3759 3292 sunt,
3816 3237 3898 3290 Ex

462 3416 470 3419 _
527 3351 867 3429 propensius
892 3343 1264 3420 ponderanda
1292 3343 1396 3409 est,
1427 3343 1485 3394 et
1509 3338 1653 3392 sicut
1669 3351 1874 3391 aurum
1902 3333 2158 3405 repetitis
2255 3336 2534 3392 relatione
2553 3333 2745 3390 fratris
2766 3333 2946 3389 nostri
2963 3331 3293 3388 Archidami
3313 3329 3626 3403 presbyteri
3649 3329 3902 3401 qualiter

525 3425 755 3522 ignibus
796 3439 1162 3515 exploranda,
1200 3435 1395 3491 statim
1433 3432 1546 3487 dux
1571 3446 1692 3486 esse
1712 3429 1999 3485 desiderat
2027 3443 2157 3481 cum
2258 3429 2502 3501 suscepti
2531 3428 2670 3498 sitis,
2700 3428 2786 3483 vel
2808 3426 2946 3499 quid
2972 3427 3204 3499 egeritis
3230 3425 3616 3498 cognovimus,
3643 3425 3735 3479 vel
3760 3441 3902 3495 qua-

523 3519 637 3602 tiro
683 3545 815 3596 ante
852 3553 967 3592 non
1011 3532 1202 3599 fuerit,
1259 3532 1316 3584 et
1357 3527 1518 3600 prius
1558 3524 1686 3580 velli
1735 3523 1941 3578 docere
1983 3536 2157 3592 quam
2256 3524 2388 3580 liter
2409 3523 2488 3578 illi
2517 3521 2760 3594 suscepti
2789 3524 2940 3587 sunt,
2970 3521 3068 3592 qui
3093 3525 3286 3575 contra
3313 3535 3562 3574 canones
3595 3519 3898 3574 adversum

530 3638 747 3694 discere
771 3635 798 3689 τ
832 3630 1125 3688 Assuescat
1158 3626 1218 3680 in
1251 3621 1478 3678 Domini
1519 3618 1732 3688 castris,
1772 3617 1833 3671 in
1878 3616 2157 3670 lectorum
2259 3635 2361 3673 nos
2386 3617 2456 3673 ad
2485 3617 2820 3672 comitatum
2849 3615 3044 3670 nescio
3071 3631 3184 3686 qua
3215 3613 3418 3668 audaci
3454 3611 3776 3668 temeritate
3818 3612 3898 3666 ire

527 3730 794 3807 primitus
835 3724 1036 3798 gradu,
1082 3717 1257 3776 divini
1286 3714 1624 3771 rudimentis
1655 3709 1899 3777 servitii;
1942 3725 2049 3764 nec
2075 3707 2158 3762 illi
2257 3713 2576 3766 voluerunt.
2619 3711 2702 3765 Ad
2744 3726 2842 3764 vos
2885 3709 3006 3764 haec
3047 3725 3176 3780 quae
3219 3724 3371 3763 nunc
3402 3705 3683 3773 misimus,
3757 3705 3897 3760 olim

527 3799 640 3882 vile
677 3823 748 3877 sit
775 3817 1132 3880 exorcistam,
1170 3809 1516 3882 acolythum,
1558 3805 1991 3870 subdiaconum,
2036 3801 2156 3857 dia-

2259 3806 2468 3877 scripta
2495 3805 2837 3873 feceramus,
2877 3819 3076 3858 eorum
3122 3818 3260 3874 quas
3288 3801 3563 3872 injuriose
3597 3799 3895 3865 miserant,

531 3932 744 3974 conum
769 3929 872 3985 per
893 3908 1154 3965 ordinem
1179 3903 1334 3972 ﬁeri;
1365 3918 1472 3957 nec
1491 3901 1598 3955 hoc
1621 3899 1790 3965 saltu,
1819 3897 1916 3952 sed
1941 3895 2160 3950 statutis
2257 3898 2667 3971 respondentes
2693 3897 2960 3969 epistolis.
2995 3896 3104 3952 Sed
3141 3895 3409 3968 quoniam
3439 3911 3557 3949 non
3586 3895 3902 3965 potuerunt

532 4011 819 4082 majorum
869 4000 1224 4060 ordinatione
1279 3994 1662 4067 temporibus,
1728 3992 1850 4063 jam
1902 4006 2034 4045 vero
2087 3988 2159 4043 ad
2257 3993 2342 4049 rei
2373 3993 2432 4047 in
2464 4009 2584 4061 sua,
2622 3992 2728 4046 hoc
2758 3996 2842 4046 est
2865 3991 2924 4045 in
2953 3995 3147 4044 nostra
3185 3989 3425 4044 Ecclesia
3468 3988 3736 4042 Romana
3764 4002 3898 4041 cum

530 4079 869 4181 presbyterii
887 4095 1178 4167 fastigium
1198 4091 1328 4146 talis
1345 4087 1593 4156 accedat,
1617 4091 1678 4142 ut
1704 4089 1762 4140 et
1789 4101 2002 4140 nomen
2025 4087 2159 4138 aetas
2258 4085 2470 4142 nostris
2494 4083 2970 4157 compresbyteris
3011 4082 3378 4150 commorari,
3430 4082 3534 4136 hos
3564 4081 3639 4135 ad
3665 4096 3766 4135 vos
3792 4079 3902 4134 illis

531 4174 786 4271 impleat,
819 4197 876 4249 et
912 4190 1181 4247 meritum
1213 4182 1512 4258 probitatis
1546 4179 1831 4254 stipendia
1865 4182 1997 4235 ante
2033 4181 2160 4233 acta
2259 4180 2568 4252 tragendas
2593 4179 2808 4235 litteras
2838 4178 3211 4245 destinamus,
3235 4177 3294 4231 in
3327 4175 3531 4248 quibus
3552 4174 3782 4230 decreto
3803 4191 3903 4229 no-

530 4267 830 4351 testentur.
857 4289 988 4343 Jure
1010 4282 1146 4340 inde
1171 4279 1380 4336 summi
1407 4275 1692 4350 pontiﬁcis
1715 4275 1903 4330 locum
1930 4289 2160 4345 sperare
2261 4279 2376 4330 stro
2396 4274 2697 4342 sancimus,
2721 4275 3065 4327 memoratos
3090 4269 3514 4342 perturbatores
3537 4267 3804 4323 omnium
3830 4268 3901 4321 ab

535 4386 782 4444 debebit.
839 4379 989 4438 Facit
1012 4380 1121 4434 hoc
1163 4373 1343 4430 nimia
1385 4370 1646 4427 remissio
1690 4367 2160 4425 consacerdotum
2259 4367 2585 4442 apostolicae
2614 4367 2760 4422 sedis
2787 4371 2998 4421 nostras
3026 4363 3435 4419 communione
3461 4362 3676 4416 alienos
3700 4361 3899 4428 fuisse,

530 4486 858 4540 nostrorum
906 4473 1003 4547 qui
1043 4485 1316 4544 pompam
1356 4463 1735 4522 multitudinis
1772 4465 2055 4535 quaerunt,
2107 4466 2163 4516 et
2259 4466 2430 4534 atque
2453 4466 2644 4517 nostra
2661 4459 3072 4532 subscriptione
3093 4458 3392 4531 probatam
3419 4456 3762 4511 sententiam
3785 4471 3902 4510 sus-

531 4579 737 4651 putant
763 4588 831 4628 ex
857 4571 961 4625 hac
993 4566 1161 4623 turba
1195 4561 1406 4634 aliquid
1443 4559 1551 4615 sibi
1591 4557 1882 4651 dignitatis
1920 4553 2157 4626 acquiri.
2179 4589 2240 4651 ῃ
2261 4557 2493 4629 cepisse,
2519 4557 2644 4611 illos
2674 4555 2846 4610 etiam
2874 4554 2971 4626 qui
2997 4553 3272 4608 effrenato
3293 4552 3425 4607 huic
3458 4551 3604 4605 facto
3630 4549 3900 4604 consilio-

535 4643 678 4727 Hinc
722 4663 936 4740 passim
982 4673 1288 4716 numerosa
1327 4652 1677 4727 popularitas
1722 4650 1890 4706 etiam
1935 4648 2023 4703 his
2064 4643 2237 4702 ubi"
2263 4667 2373 4724 que
2398 4667 2691 4706 assensum
2722 4648 3082 4703 commodare
3103 4647 3422 4714 voluerunt,
3444 4649 3647 4699 vestrae
3663 4643 3904 4698 charita-

535 4737 776 4821 solitudo
799 4764 883 4815 est
908 4755 1107 4811 talium
1126 4750 1430 4825 reperitur,
1456 4749 1595 4803 dum
1614 4745 1912 4818 parochias
1937 4741 2164 4797 extendi
2263 4745 2334 4800 tis
2363 4748 2447 4800 cst
2471 4745 2754 4799 aestimare
2779 4742 3023 4815 qualiter
3047 4741 3381 4796 habeantur.
3426 4737 3644 4802 Quibus
3669 4737 3779 4792 hoc
3801 4737 3900 4792 ob-

536 4857 794 4931 cupiunt,
837 4855 936 4908 aut
973 4848 1176 4922 quibus
1218 4843 1372 4900 aliud
1417 4846 1685 4914 prestera
1741 4855 1858 4892 non
1907 4838 2161 4908 possunt,

540 4928 761 5008 divinos
797 4945 1027 5002 ordines
1057 4939 1400 5012 largiuntur.
1447 4933 1612 4999 Quod
1654 4934 1879 5003 oportet
1929 4928 2166 4983 districti

539 5061 765 5117 semper
790 5056 910 5097 esse
927 5035 1149 5111 judicii,
1178 5046 1371 5089 rarum
1391 5033 1474 5084 est
1489 5027 1648 5082 enim
1677 5040 1850 5080 omne
1875 5022 2029 5094 quod
2049 5037 2166 5076 ma-

583 5157 722 5196 num
749 5141 854 5192 est.

785 5158 810 5191 S
841 5176 854 5190 ο

541 5158 952 5289 εῃίἓηιδῐοέηάθ
997 5241 1102 5282 nos
1140 5239 1211 5278 ne
1251 5216 1387 5292 quid
1437 5213 1656 5272 meritis
1698 5210 2013 5268 dilectionis
2050 5213 2165 5267 tuae

543 5333 969 5399 derogaremus,
1012 5321 1082 5374 ad
1120 5323 1174 5372 te
1205 5313 1563 5387 potissimum
1591 5307 1798 5378 scripta
1831 5305 2162 5374 direximus,

543 5425 746 5500 quibus
784 5422 844 5474 in
873 5415 1137 5472 omnium
1170 5410 1414 5464 fratrum
1447 5402 1914 5474 coepiscoporum
1944 5403 2164 5456 nostro-

541 5494 674 5578 rum
705 5514 874 5571 facies
907 5511 990 5564 ire
1024 5503 1308 5568 notitiam,
1346 5514 1462 5554 non
1498 5499 1720 5552 tantum
1753 5512 1951 5551 eorum
1979 5494 2076 5567 qui
2105 5495 2166 5548 in

544 5632 609 5670 ea
635 5604 924 5684 provincia
962 5603 1112 5665 sunt,
1146 5595 1245 5652 sed
1272 5593 1442 5648 etiam
1467 5591 1563 5663 qui
1595 5591 1653 5645 in
1679 5589 1873 5644 vicinis
1917 5589 2166 5644 dilectio-

2255 4838 2431 4911 jicere
2482 4855 2580 4894 vos
2629 4837 2862 4904 debetis,
2917 4835 3071 4907 quod
3101 4835 3263 4906 juxta
3303 4848 3588 4888 canonum
3620 4835 3903 4903 praecepta

2262 4932 2484 4988 fortiter
2502 4931 2888 4999 incurrerunt,
2919 4933 2975 4983 et
3003 4929 3246 5000 qualiter
3269 4926 3632 4998 presbyteros
3663 4941 3781 4980 non
3811 4924 3903 4979 de«

2264 5025 2426 5080 cebat
2450 5025 2691 5081 rebelles
2719 5023 2981 5092 existere,
3009 5025 3386 5078 tentaverunt.
3415 5021 3519 5075 Vos
3549 5021 3746 5073 autem
3777 5033 3901 5072 mo-

2263 5136 2466 5175 nemus
2483 5120 2540 5174 in
2561 5119 2803 5192 speculis
2820 5134 2940 5173 esse
2961 5117 3185 5184 debere,
3209 5131 3396 5187 neque
3417 5129 3618 5168 eorum
3641 5128 3904 5185 prorum-

2265 5219 2366 5286 pat
2390 5214 2644 5284 audacia,
2675 5231 2816 5284 quos
2842 5209 3354 5267 anathematizatos
3380 5207 3483 5263 scit
3505 5209 3704 5261 sancta
3733 5221 3898 5276 apos.

2264 5308 2436 5363 tolica
2458 5308 2722 5364 Ecclesia.
2771 5308 2849 5362 De
2901 5306 2990 5360 his
3033 5321 3166 5360 vero
3212 5304 3309 5375 qui
3337 5317 3534 5357 eorum
3565 5316 3623 5353 se
3649 5297 3903 5354 societati

2258 5399 2593 5474 junxerunt,
2635 5401 2770 5472 quid
2803 5417 2972 5471 agere
3013 5399 3344 5465 debeamus,
3375 5411 3504 5449 cum
3530 5392 3748 5448 reversi
3779 5393 3897 5446 fue-

2268 5497 2408 5565 ritis,
2454 5495 2691 5551 consilio
2741 5494 2978 5549 meliore
3018 5493 3402 5548 tractabimus.
3453 5489 3520 5543 Et
3564 5486 3678 5542 alia
3704 5501 3898 5540 manu.

2268 5593 2406 5646 Data
2433 5606 2467 5642 v
2499 5591 2730 5645 Kalend.
2781 5588 3051 5655 Octobris,
3103 5585 3348 5642 Honorio
3373 5584 3460 5640 XII
3512 5585 3570 5636 et
3591 5579 3903 5637 Theodosio

546 5683 772 5760 uisitare
807 5694 1108 5771 provinciis
1127 5689 1538 5762 adjunguntur.
1577 5684 1728 5740 Sciet
1768 5683 2022 5755 quisquis
2062 5683 2170 5737 hoc
2268 5685 2533 5758 Augustis
2555 5683 2900 5738 consulibus.
