4034 6292
155 358 262 411 745

168 472 539 485 *φτρ-η-η-ν-ο-
552 474 741 484 --—-——-—-

1392 362 1862 418 DECRETALIUM
1899 362 2287 419 COLLECTIO.

3415 359 3513 417 746

2334 476 2926 486 σ-ο-ΜΜ*
2936 476 2973 484 υ.
2980 477 3033 485 ε..-

2076 478 2331 487 Μ

692 565 1268 660 INCIPIUNT
1358 568 1880 663 DECRETA
1972 568 2542 665 BONIFACII
2634 566 2999 659 PAPIE.

152 697 425 793 Epistola‘
460 695 831 793 deprecatoria
879 697 955 779 ad
1001 700 1310 793 Honorium
1342 700 1679 793 Augyst'um,
1725 705 1786 755 ut
1807 720 1866 793 Α
1889 701 2455 793 Constitutio‘Hoporii
2478 696 2821 793 imperatogis
2849 697 2922 751 ad
2945 698 3284 793 Bonifaciu’m
3308 711 3516 793 p‘ap’am

228 770 594 822 constituatur
635 784 671 821 a
710 769 960 837 principe
988 772 1248 837 quatenus
1288 771 1347 823 in
1390 771 1520 825 urbe
1545 772 1787 827 Romana

220 854 325 908 per
354 838 619 893 ambitum
648 854 929 908 nunquam
952 841 1209 908 pontifex
1237 840 1538 895 ordinetur.

229 933 281 1007 1
297 933 424 1007 83
453 936 777 991 Bomucms
799 935 1099 1007 episcopus
1130 937 1376 993 Houomo
1399 939 1667 1009 Augusto.
1691 940 1786 994 Ec-

158 1028 351 1083 clesim
377 1044 519 1083 meae
539 1030 808 1084 Romanae
839 1029 947 1099 (cui
972 1030 1118 1085 Deus
1144 1034 1337 1086 noster
1371 1047 1564 1087 meum
1598 1049 1782 1088 sacer-

153 1122 379 1177 dotium
432 1122 590 1177 vobis
642 1139 732 1179 res
783 1123 1056 1178 humanas
1101 1123 1428 1195 regentibus
1479 1126 1784 1198 deputavit)

153 1231 293 1270 cura
319 1215 676 1288 constringit,
708 1233 783 1271 ne
810 1216 990 1271 causis
1013 1217 1133 1288 ejus
1162 1218 1423 1289 quamvis
1451 1218 1635 1273 adhuc
1667 1236 1787 1274 cor-

151 1308 307 1379 poris
361 1309 833 1365 incommoditate
880 1309 1137 1365 detinear
1190 1316 1425 1383 propter
1479 1315 1786 1367 conventus

152 1403 251 1473 qui
288 1419 322 1457 a
359 1403 746 1459 sacerdotibus
774 1402 1046 1458 universis
1075 1407 1131 1459 et
1168 1405 1401 1473 clericis,
1431 1410 1487 1461 et
1523 1406 1787 1461 Christia-

152 1512 243 1549 na:
292 1495 476 1567 plebis
528 1496 1054 1569 perturbationibus
1092 1497 1385 1569 agitantur
1427 1499 1581 1570 apud
1622 1516 1786 1555 aures

153 1588 624 1644 Christianissimi
676 1589 949 1661 principis
1010 1590 1207 1645 desim.
1266 1591 1563 1663 Siquidem
1627 1609 1786 1649 secus

150 1698 327 1753 quam
360 1685 586 1754 Oportet
616 1682 857 1751 eveniat,
889 1700 1003 1738 non
1032 1700 1131 1738 vos
1159 1683 1220 1739 id
1246 1684 1430 1741 facere
1460 1685 1561 1758 qui
1586 1690 1786 1741 cuncta

151 1791 317 1846 aequa
336 1776 737 1831 moderatione
761 1776 1119 1848 componitis,
1150 1777 1246 1833 sed
1275 1794 1379 1832 nos
1405 1795 1508 1850 per
1530 1783 1783 1835 nostram

150 1872 407 1923 tacentes
437 1869 711 1924 desidiam
744 1869 1081 1937 videbimur,
1098 1870 1249 1941 quod
1276 1871 1512 1927 civitatis
1532 1872 1784 1945 quietem

150 1967 207 2016 et
233 1962 495 2017 Ecclesia!
524 1978 725 2033 pacem
753 1966 1079 2033 pervertere
1101 1964 1281 2019 valeat
1308 1964 1618 2021 admisisse.
1640 1966 1782 2022 Cum

154 2054 310 2109 enim
330 2055 600 2110 humanis
618 2055 788 2111 rebus
808 2056 1010 2112 divinae
1025 2058 1207 2112 cultor
1220 2057 1529 2130 religionis,
1544 2060 1783 2116 Domino

140 2147 405 2219 jubente,
437 2148 764 2220 praesideas,
795 2154 989 2206 nostra
1016 2151 1183 2222 culpa
1214 2151 1342 2219 erit,
1373 2152 1417 2206 si
1447 2168 1566 2207 non
1595 2152 1655 2208 id
1681 2154 1783 2209 sub

148 2246 339 2296 vestra
371 2241 555 2313 gloria
581 2258 756 2314 quam
788 2246 1007 2299 certum
1035 2247 1120 2298 est
1139 2243 1340 2299 divinis
1365 2262 1596 2317 semper
1615 2246 1784 2303 rebus

148 2334 343 2390 animo
370 2334 723 2407 promptiore
750 2335 951 2392 favisse
989 2336 1153 2391 ﬁrmo
1199 2342 1254 2393 et
1295 2338 1481 2393 stabili
1517 2338 1648 2409 jure
1686 2357 1779 2395 cu-

152 2428 449 2496 stodiatur,
479 2429 633 2501 quod
667 2447 773 2501 per
800 2433 885 2485 tot
905 2447 1189 2486 annorum
1225 2432 1432 2487 seriem
1464 2435 1522 2486 et
1545 2433 1648 2487 sub
1671 2433 1783 2489 illis

150 2521 324 2577 etiam
362 2522 714 2594 principibus
755 2523 1020 2591 obtinuit,
1048 2541 1189 2597 quos
1217 2524 1375 2580 nulla
1402 2528 1609 2580 nostra;
1646 2527 1781 2581 reli-
1816 2590 1824 2597 ι

150 2615 335 2687 gionis
382 2632 516 2670 cura
553 2616 907 2685 constrinxit,
947 2622 1012 2672 ut
1045 2618 1230 2672 fidens
1275 2621 1468 2674 utatur
1508 2618 1693 2688 licitis,
1726 2620 1819 2721 et

147 2708 253 2763 sub
278 2711 480 2763 vestrae
507 2709 746 2780 imperio
773 2710 1089 2766 clementiae
1111 2711 1345 2766 minime
1368 2728 1495 2783 quae
1521 2716 1654 2767 sunt
1668 2711 1779 2767 illi-

148 2802 670 2859 citaformidentur.
685 2804 804 2875 Ipsa
820 2804 971 2859 enim
986 2804 1230 2860 Ecclesia
1242 2805 1608 2861 devotionem
1624 2810 1781 2862 tuam

145 2895 628 2952 Christianissime
664 2898 975 2969 imperator
1017 2898 1075 2953 in
1115 2915 1180 2953 eo
1224 2899 1457 2970 quidem
1493 2916 1777 2969 sermone,

148 2988 249 3043 sed
298 3006 401 3043 suo
441 2989 750 3046 venerabili
795 2991 1043 3064 appellat
1082 2991 1310 3060 affectu,
1348 2992 1482 3064 quia
1528 2993 1782 3049 Christus

149 3081 427 3137 Dominus
467 3088 679 3150 noster,
711 3085 881 3139 vestri
915 3084 1063 3139 ﬁdus
1103 3088 1289 3140 rector
1329 3088 1387 3140 et
1430 3085 1782 3157 gubernator

150 3175 402 3247 imperii,
421 3193 591 3231 unam
608 3176 1011 3249 desponsatam
1027 3178 1132 3233 sibi
1149 3181 1204 3233 et
1216 3178 1485 3235 intactam
1496 3179 1781 3251 virginem

146 3274 351 3336 servat,
393 3286 469 3324 ne
511 3286 639 3325 eam
679 3271 738 3325 in
782 3272 1000 3343 aliquos
1046 3272 1338 3344 patiamini
1384 3272 1779 3329 insidiantium

142 3362 530 3432 procellarum
559 3363 762 3419 fluctus
793 3364 956 3433 illidi,
979 3368 1035 3421 et
1054 3365 1304 3437 quietam
1333 3366 1535 3421 faciem
1554 3369 1775 3438 tempe—

1958 774 2143 833 missa,
2174 775 2235 825 ut
2267 772 2315 825 si
2342 771 2513 825 denuo
2538 767 2715 825 Roma
2740 770 2847 823 duo
2873 769 3109 838 episcopi
3136 767 3378 822 ordinati
3398 769 3515 836 fue-

1957 844 2090 903 rint,
2125 842 2280 896 ambo
2308 842 2374 895 de
2399 843 2618 895 civitate
2635 841 2934 911 pellantur.

1956 935 2145 989 Victor
2203 936 2475 990 Houomus
2528 934 2768 1005 inclytus
2832 931 3230 1003 triumphator,
3287 947 3514 1003 semper

1885 1031 2190 1100 Augustus,
2211 1031 2405 1084 sancto
2427 1044 2491 1083 ac
2513 1026 2823 1083 venerabili
2852 1027 3140 1082 BONIFACIO
3168 1042 3333 1098 papte
3355 1024 3512 1083 urbis

1886 1124 2100 1178 Romus.

1957 1215 2179 1287 Scripta
2202 1215 2572 1270 beatitudinis
2598 1217 2712 1269 tuae
2741 1213 2929 1269 debita
2958 1212 3289 1268 reverentiae
3315 1218 3509 1285 gratu-

1884 1309 2095 1365 latione
2122 1309 2493 1382 suscepimus.
2510 1308 2722 1373 Quibus
2740 1306 3052 1376 recensitis,
3075 1306 3295 1377 egimus
3324 1307 3508 1361 omni-

1860 1402 2102 1474 ‘potenti
2150 1404 2265 1457 Deo
2308 1402 2584 1457 maximas
2626 1400 2839 1473 gratias
2880 1400 3036 1472 quod
3078 1399 3511 1454 sanctimoniam

1883 1501 2043 1550 tuam
2086 1501 2211 1567 post
2252 1496 2489 1566 longum
2531 1494 2958 1550 incommodum
3003 1498 3195 1564 Optate
3237 1493 3512 1549 redditam

1886 1589 2194 1644 didicimus
2223 1589 2469 1643 sanitati.
2501 1590 2569 1644 Et
2596 1587 2721 1643 ideo
2751 1587 3156 1654 reverentibus,
3184 1586 3514 1641 venerabili-

1884 1683 1992 1737 bus
2018 1684 2152 1737 viris
2180 1682 2454 1754 gaudium
2492 1686 2751 1737 nostrum
2791 1696 3084 1735 sacrorum
3120 1680 3342 1751 apicum
3376 1682 3517 1734 atte-

1884 1777 2125 1831 statione
2174 1777 2465 1848 signemus
2513 1792 2576 1830 ac
2623 1775 2894 1847 petimus,
2928 1777 2989 1827 ut
3022 1772 3514 1844 quotidianisora—
3610 1802 3611 1805 η

1882 1869 2129 1924 tionibus
2166 1868 2518 1941 apostolatus
2557 1873 2687 1923 tuus
2733 1868 2981 1923 studium
3023 1882 3086 1921 ac
3120 1870 3313 1921 votum
3346 1882 3512 1922 suum

1883 1962 2029 2018 circa
2071 1963 2310 2018 salutem
2352 1965 2522 2035 atque
2573 1962 2882 2034 imperium
2932 1964 3189 2015 nostrum
3242 1960 3512 2031 dignetur

1883 2056 2236 2128 impendere.
2255 2056 2393 2111 Illud
2411 2060 2601 2110 autem
2614 2055 2840 2127 pietatis
2853 2059 3061 2109 nostrae
3086 2054 3222 2108 satis
3236 2054 3511 2125 placitum

1885 2167 2002 2205 esse
2030 2166 2325 2221 cognosce,
2348 2150 2497 2221 quod
2530 2130 2899 2203 sanctimonia
2916 2153 3012 2203 tua
3042 2147 3111 2203 de
3138 2147 3510 2203 Ecclesarium

1883 2249 1979 2298 aut
2015 2244 2212 2315 populi
2253 2242 2672 2314 perturbatione
2712 2242 2946 2297 sollicita
2981 2244 3083 2296 est.
3115 2240 3250 2305 Qum
3291 2257 3364 2295 ne
3401 2240 3508 2295 ali-

1882 2353 1994 2409 qua
2018 2336 2240 2392 ratione
2261 2336 2439 2409 possit
2457 2336 2683 2391 evenire
2702 2335 2836 2390 satis
2857 2334 3167 2390 clementia
3184 2338 3366 2389 vestra
3386 2350 3510 2390 cre-

1884 2430 2027 2484 didit
2051 2446 2170 2485 esse
2196 2429 2476 2501 provisus.
2507 2429 2762 2500 Denique
2787 2428 3129 2500 praedicante
3160 2427 3510 2483 beatitudine

1883 2526 1981 2577 tua
2018 2523 2077 2577 id
2108 2524 2177 2578 ad
2216 2526 2549 2578 cunctorum
2587 2522 2922 2577 clericorum
2957 2520 3220 2577 notitiam
3244 2521 3509 2576 volumus

1881 2616 2198 2688 pervenire,
2227 2619 2289 2669 ut
2317 2616 2363 2670 si
2396 2616 2548 2687 quod
2575 2616 2717 2670 forte
2748 2615 3015 2686 religioni
3043 2618 3157 2669 tuae
3191 2614 3362 2685 (quod
3391 2630 3510 2670 non

1882 2711 2163 2783 Optamus)
2194 2710 2445 2764 humana
2470 2713 2621 2764 sorte
2651 2708 2973 2780 contigerit,
3006 2708 3183 2763 sciant
3208 2724 3409 2763 omnes
3437 2707 3509 2763 ab

1884 2803 2286 2859 ambitionibus
2324 2819 2443 2858 esse
2480 2787 2921 2881 cessandum,\ac
2943 2802 2990 2857 si
3010 2802 3121 2856 duo
3141 2802 3291 2857 forte
3314 2806 3513 2857 contra

1880 2898 1962 2953 fas
1979 2897 2295 2952 temeritate
2316 2896 2659 2951 certantium
2675 2896 2889 2951 fuerint
2908 2894 3173 2963 ordinati,
3194 2895 3418 2949 nullum
3440 2911 3511 2950 ex

1882 2990 1963 3045 eis
1992 2991 2218 3063 penitus
2262 2991 2517 3046 futurum
2557 2989 2931 3056 sacerdotem,
2962 3005 3021 3042 se
3049 2988 3207 3043 illum
3235 2988 3420 3043 solum
3449 2984 3508 3042 in

1885 3085 2015 3139 sede
2044 3085 2347 3156 apostolica
2371 3099 2830 3156 permansurum,
2855 3099 3026 3155 quem
3050 3098 3113 3137 ex
3139 3098 3380 3137 numero
3399 3082 3509 3137 cleo

1883 3178 2132 3233 ricorum
2154 3194 2301 3232 nova
2322 3176 2680 3232 ordinatione
2708 3175 2963 3231 divinum
2986 3175 3265 3246 judicium
3294 3179 3351 3230 et
3380 3175 3507 3231 uni-

1881 3271 2160 3326 versitatis
2186 3287 2490 3325 consensus
2517 3269 2774 3341 elegerit.
2799 3269 2957 3325 Unde
2995 3268 3054 3322 id
3088 3268 3507 3325 observandum

1879 3370 1981 3433 est,
2007 3368 2068 3418 ut
2106 3381 2305 3419 omnes
2340 3364 2705 3434 tranquillam
2728 3368 2981 3418 mentem
3012 3366 3069 3417 et
3095 3362 3355 3433 paciﬁcos
3384 3362 3506 3417 ani-

144 3454 306 3509 statis
334 3455 577 3511 insolitae
603 3461 825 3512 tumore
848 3458 1062 3513 turbari
1093 3458 1497 3529 gloriosissime
1531 3465 1587 3515 et
1616 3463 1773 3515 tran-
1797 3463 1853 3538 ρ
1877 3475 2001 3513 mos
2031 3475 2096 3512 ex
2135 3457 2455 3512 serenitatis
2492 3460 2701 3512 nostrai
2737 3454 3128 3511 admonitione
3164 3454 3503 3523 custodiant,

143 3548 485 3619 quillissime
525 3550 840 3622 imperator
873 3544 1156 3623 Auguste.)
1176 3554 1297 3623 Ipsa
1338 3569 1475 3623 ergo
1515 3569 1642 3623 quae
1675 3553 1777 3608 uni

143 3612 485 3712 desponsata
526 3612 627 3697 est-
647 3648 832 3699 vestra
874 3612 1067 3700 tamen
1114 3612 1300 3700 mater
1341 3612 1586 3701 Ecclesia
1630 3648 1777 3703 hanc

141 3735 417 3805 pietatem
445 3742 694 3793 vestram
723 3738 1009 3810 legatione
1041 3756 1211 3811 quam
1240 3738 1354 3793 suis
1386 3740 1777 3796 sacerdotibus

143 3828 436 3883 commisit
472 3831 734 3901 appellat,
767 3833 1053 3903 praeterita
1091 3832 1508 3905 praesentiaque
1542 3835 1772 3907 repetit,

143 3921 302 3976 vobis
327 3922 550 3995 (inquit)
568 3924 825 3996 religiose
850 3926 1262 3997 imperantibus
1291 3927 1465 3983 crevit
1486 3945 1647 3983 meus
1678 3928 1777 4001 qui

142 4014 315 4069 modo
343 4020 477 4070 tuus
509 4020 596 4071 est
620 4019 881 4090 populus,
904 4023 1019 4073 tam
1044 4019 1187 4075 ﬁdus
1208 4021 1347 4091 Deo,
1370 4038 1539 4093 quam
1558 4022 1661 4077 tibi
1678 4022 1777 4094 qui

146 4125 205 4162 es
234 4110 504 4181 princeps
532 4111 757 4167 Christi.
789 4114 927 4168 Ecce
959 4113 1115 4168 enim
1148 4114 1300 4169 inter
1329 4114 1453 4186 ipsa
1481 4116 1773 4188 mysteria,

139 4201 294 4257 inter
320 4219 515 4274 preces
544 4221 670 4259 suas
706 4223 845 4278 quas
875 4223 978 4278 pro
1004 4207 1181 4262 nostri
1210 4208 1479 4263 felicitate
1506 4210 1775 4281 dependit

141 4295 390 4367 imperii,
422 4300 563 4354 teste
606 4300 755 4371 apud
794 4316 969 4371 quem
1011 4304 1069 4355 et
1109 4300 1179 4355 de
1215 4302 1375 4373 cujus
1410 4303 1539 4358 sede
1584 4304 1774 4374 agitur

140 4393 335 4444 sancto
364 4392 551 4460 Petro,
576 4393 823 4448 sollicitis
855 4411 959 4465 pro
989 4395 1281 4467 religionis
1301 4396 1659 4451 observantia
1683 4414 1775 4452 vo-

137 4483 298 4537 cibus
325 4484 553 4539 clamat.
585 4486 727 4541 Cum
764 4487 1001 4543 sollicita
1036 4489 1312 4560 petitione
1344 4490 1613 4545 miscetur
1641 4507 1770 4546 ora-

136 4576 294 4631 tione
321 4594 426 4632 nos
454 4578 512 4633 in
542 4580 726 4634 varias
750 4597 840 4635 res
871 4582 1047 4638 semel
1074 4584 1266 4636 evulsa
1300 4583 1579 4638 distrahat
1610 4601 1643 4638 a
1676 4585 1772 4639 Dei

138 4670 292 4723 cultu
322 4670 486 4725 solito
522 4674 805 4728 tentatore
837 4674 1173 4729 sollicitante
1207 4674 1536 4743 discordias,
1563 4678 1772 4748 Ageret

138 4763 420 4834 pluribus,
452 4766 717 4838 princeps
746 4767 1240 4837 Christianissime,
1262 4769 1370 4823 nisi
1391 4769 1543 4841 apud
1569 4774 1625 4824 te
1653 4787 1771 4825 sua-

1876 3569 1982 3607 nec
2023 3550 2235 3623 aliquid
2274 3549 2559 3605 seditiosis
2604 3548 3115 3620 conspirationibus
3156 3551 3373 3604 tentare
3413 3564 3505 3603 co-

1877 3648 2108 3715 nentur,
2143 3660 2273 3699 cum
2310 3646 2528 3699 certum
2563 3643 2635 3698 sit
2668 3642 2810 3697 nulli
2840 3642 3089 3713 partium
3120 3658 3353 3697 suarum
3384 3645 3501 3697 stu-

1878 3739 1970 3794 dia
1995 3738 2312 3810 profutura.

1875 3853 2123 3923 Epistola
2153 3852 2427 3919 Boni/acii
2451 3866 2616 3921 papae
2660 3850 2736 3905 ad
2774 3853 3040 3923 episcopos
3068 3848 3263 3905 Gallias
3288 3849 3355 3905 de
3381 3853 3500 3906 Ma-

2032 3926 2179 3978 :m'mo
2211 3925 2452 3993 episcopo
2478 3923 2703 3977 diversis
2734 3922 3048 3976 criminibus
3075 3926 3342 3976 accusata.

1952 4024 2275 4078 Bomucms
2305 4020 2624 4093 episcopus,
2645 4021 2940 4087 PATROCLO,
2972 4020 3224 4089 Remoto,
3257 4020 3500 4088 ΜΑχιιιο,

1877 4118 2127 4183 Hiulmo,
2164 4116 2391 4181 Savaao,
2428 4116 2681 4182 VALERIO,
2719 4115 2969 4182 JULIANO,
3011 4115 3298 4181 CAsromo,
3341 4114 3506 4171 LEON-

1875 4226 1986 4280 TIO,
2046 4210 2436 4275 CONSTANTINO,
2482 4210 2701 4274 ΙοΑΝΝῐ,
2754 4208 3032 4275 MONTANO,
3082 4207 3314 4276 MARINO,
3361 4208 3507 4263 MAU-

1874 4320 2039 4371 mmo,
2085 4306 2141 4357 et
2186 4301 2404 4356 caeteris
2455 4300 2728 4372 episcopis
2779 4316 2883 4371 per
2938 4299 3139 4355 Gallias
3187 4306 3242 4354 et
3288 4304 3501 4371 septem

1873 4396 2190 4469 provincias
2221 4394 2561 4449 constitutis.

1941 4489 2252 4544 Valentinus
2281 4504 2386 4542 nos
2414 4487 2604 4541 clerici
2630 4486 2867 4541 civitatis
2888 4486 3149 4541 adierunt
3174 4504 3499 4558 proponen-

1873 4587 1955 4638 tes
1985 4600 2089 4655 per
2116 4582 2369 4638 libellum
2405 4579 2642 4635 crimina
2685 4597 2813 4651 quae
2852 4581 3176 4649 Maximum,
3204 4584 3344 4635 teste
3380 4584 3501 4636 tota

1872 4676 2183 4749 provincia,
2215 4678 2475 4731 asserunt
2503 4673 2873 4729 commisisse.
2910 4674 3179 4743 Delegata
3215 4673 3379 4729 toties
3406 4692 3497 4729 co-

1874 4770 2131 4843 gnitione
2152 4769 2310 4824 illum
2334 4767 2640 4824 constituta
2666 4783 2894 4839 semper
2923 4766 3329 4839 subterfugisse
3343 4768 3499 4838 judi-

140 4872 266 4910 rum
311 4863 455 4913 esset
500 4874 696 4914 secura
743 4877 1048 4916 causarum
1096 4866 1150 4916 et
1202 4862 1260 4916 in
1312 4835 1973 4934 oppressionibusDcia,
1996 4881 2067 4920 ne
2093 4863 2360 4919 confusus
2391 4862 2733 4918 conscientia
2756 4861 3067 4930 festinasse,
3086 4863 3149 4914 ut
3168 4860 3215 4915 si
3236 4864 3386 4916 esset
3409 4860 3497 4916 in-

139 4950 446 5020 idolorum,
491 4952 551 5007 in
593 4953 997 5010 haereticorum
1039 4956 1484 5011 correctionibus
1523 4957 1634 5012 ﬁde
1670 4963 1771 5013 tua
1872 4976 2084 5015 nocens
2133 4957 2466 5013 examinatis
2528 4956 2795 5011 omnibus
2854 4959 3230 5026 purgaretur,
3281 4955 3502 5028 quoties

140 5043 327 5098 divino
356 5046 511 5101 cultu
554 5048 769 5118 pariter
804 5065 937 5103 cum
976 5049 1219 5122 imperio
1264 5066 1490 5122 semper
1527 5050 1769 5107 ﬂorente
1869 5055 2093 5109 decreta
2138 5069 2207 5107 ex
2256 5056 2581 5107 nostrarum
2628 5066 2855 5123 quoque
2910 5049 3237 5104 chartarum
3286 5049 3500 5105 instru-

134 5137 374 5195 vicisset.
411 5140 591 5195 Habet
635 5141 925 5213 refugium
977 5147 1089 5197 tua:
1140 5144 1598 5199 mansuetudinis
1652 5146 1770 5200 ani-
1868 5148 2054 5202 ctione
2095 5146 2485 5218 cognovimus.
2518 5144 2624 5208 Qui
2670 5160 2700 5197 e
2746 5142 3028 5197 contrario
3053 5142 3313 5215 probavit
3342 5144 3412 5200 de
3441 5161 3501 5200 se

135 5247 293 5287 mum
333 5250 467 5288 cum
507 5250 623 5289 suae
663 5235 959 5308 religionis
986 5238 1351 5293 veneratione
1380 5240 1765 5310 conjunctum,
1867 5241 1965 5295 illa
1981 5258 2109 5313 quae
2131 5241 2276 5295 dicta
2290 5243 2440 5305 sunt,
2464 5253 2593 5309 qua:
2612 5237 2682 5291 ad
2707 5253 2774 5291 ea
2796 5236 3141 5292 confutanda
3160 5254 3289 5293 cum
3318 5244 3503 5295 essent

136 5341 265 5380 cum
305 5326 593 5399 quidquid
637 5328 768 5383 huic
806 5330 1067 5401 proﬁciat
1094 5348 1193 5386 vos
1220 5332 1425 5403 agatis.
1448 5315 1771 5401 iConferatis
1869 5336 2191 5401 innumera,
2219 5350 2251 5387 a
2276 5330 2665 5388 decessoribus
2689 5330 2833 5384 meis
2861 5330 3223 5402 provincialis
3245 5335 3327 5387 est
3345 5333 3497 5389 dele-

132 5418 402 5475 fratribus
431 5426 489 5476 et
516 5423 1011 5479 consacerdotibus
1028 5424 1189 5495 meis,
1210 5422 1622 5497 probatissimis
1637 5426 1770 5481 viris
1869 5434 2002 5499 gata
2037 5426 2308 5499 cognitio.
2349 5428 2671 5481 Conventus
2704 5424 2878 5479 etiam
2918 5423 3125 5480 dicitur
3165 5425 3417 5494 evitasse,
3446 5432 3501 5482 et

136 5528 168 5566 a
208 5530 300 5567 me
343 5517 400 5569 et
450 5515 519 5570 ab
569 5516 836 5572 omnibus
882 5518 979 5589 qui
1030 5520 1335 5574 Ecclesiam
1392 5520 1610 5576 faciunt
1664 5520 1771 5576 ista
1870 5522 2064 5577 adesse
2093 5520 2328 5576 minime
2357 5517 2622 5573 voluisse.
2654 5519 2720 5573 Et
2761 5518 2949 5574 nullus
2990 5518 3213 5574 dubitat
3236 5520 3387 5591 quod
3425 5520 3502 5574 ita

139 5608 357 5663 munda
393 5609 701 5681 legatione,
742 5611 949 5683 quibus
988 5629 1290 5684 precamur
1327 5630 1499 5669 sacras
1539 5631 1768 5669 causam
1861 5615 2144 5687 judicium
2199 5614 2473 5669 innocens
2516 5611 2879 5684 subterfugit,
2914 5612 3401 5684 quemadmodum
3436 5615 3501 5665 ut

136 5700 425 5772 religionis
451 5704 929 5776 prosequentibus
948 5706 1008 5762 in
1033 5706 1173 5761 urbe
1204 5711 1403 5762 vestra:
1435 5712 1769 5763 mansuetu-
1870 5709 2190 5763 absolvatur
2229 5707 2327 5780 qui
2365 5710 2449 5763 est
2486 5706 2756 5763 innocens
2802 5707 3023 5778 quaerit,
3060 5722 3159 5761 seu
3195 5708 3378 5759 astuta
3415 5721 3501 5759 ca-

136 5793 303 5849 dinis.
333 5796 445 5851 Hoc
481 5799 671 5853 animo
711 5816 825 5871 quo
855 5800 1158 5869 postulatis
1182 5818 1214 5855 a
1240 5800 1435 5856 multis
1468 5802 1528 5857 in
1565 5818 1768 5873 perpe-
1871 5803 2080 5858 villatio
2131 5818 2329 5857 eorum
2380 5801 2478 5873 qui
2522 5801 2762 5856 versutis
2789 5801 3077 5872 agendum
3113 5798 3346 5852 credunt
3378 5816 3497 5853 esse

140 5892 301 5942 tuum
363 5891 532 5945 statui
586 5892 915 5949 universalis
957 5894 1217 5953 Ecclesia:
1263 5895 1585 5953 consulatis.
1637 5897 1772 5953 Data
1871 5896 2452 5968 consiliis,nunquam
2476 5894 2817 5951 innocentiae
2839 5909 3049 5948 nomen
3068 5890 3325 5962 accipiet.
3348 5894 3496 5947 Con-

143 5979 385 6042 Kalend.
419 5984 589 6045 Junii.
1872 5994 2063 6048 litetur
2104 5992 2258 6049 enim
2294 5990 2364 6047 de
2410 5988 2691 6059 omnibus,
2720 5985 2975 6061 quisquis
3010 6000 3069 6044 se
3103 5983 3497 6059 subterfugere
