4034 6302
519 343 618 395 747

1397 338 1679 392 APPEND.
1719 337 1806 391 AD
1845 337 2006 390 S.EC.
2049 336 2136 389 IX.
2168 362 2237 374 -ο
2277 335 2526 390 lSlDORl
2565 336 2989 390 MERCATORIS

3783 341 3811 389 7
3821 338 3887 390 48

515 443 798 518 judicium
826 440 1186 500 dilationibus
1205 447 1386 515 putat.
1407 443 1607 498 Veniet
1622 447 1813 498 tamen
1843 442 2149 515 aliquando
2171 453 2229 526 Α
2251 442 2557 497 constituto
2596 445 2939 512 praesentare
2973 441 3212 513 judicio.
3239 442 3523 514 Quidquid
3562 443 3762 496 autem
3789 459 3888 495 ve-

524 540 619 594 ille
651 539 745 610 qui
776 540 904 593 talis
931 539 1254 609 perhibetur
1286 537 1347 590 in
1380 537 1653 603 medium,
1685 555 1786 591 nec
1814 538 2043 608 prodest
2071 537 2152 590 illi

527 633 694 687 toties
724 632 969 698 latuisse,
994 631 1156 686 toties
1184 631 1614 700 subterfugisse,
1635 648 1808 702 quem
1831 633 1914 685 sui
1940 634 2096 684 actus
2121 647 2151 685 e

527 742 714 781 comm
727 725 1217 795 issa,quocumque
1231 724 1460 794 fugerit,
1475 741 1541 778 ea
1553 741 1677 796 quze
1691 725 2036 794 objiciuntur
2049 724 2149 794 illi,

527 819 572 872 si
585 835 710 872 vera
723 823 851 872 sunt
862 817 1124 886 crimina,
1141 822 1572 888 persequuntur.
1588 819 1907 872 Debueram
1921 818 2152 888 quidem

519 913 642 983 jam
683 928 834 965 nunc
879 911 1110 982 dignam
1148 928 1252 981 pro
1292 911 1413 981 ejus
1450 912 1722 965 accusatis
1751 911 1811 966 in
1843 916 2037 965 nostro
2056 911 2151 980 ju-

528 1005 673 1058 dicio
703 1005 920 1059 actibus
946 1004 1042 1076 qui
1069 1004 1450 1076 cognitionem
1483 1008 1538 1059 et
1563 1005 1854 1059 decretum
1875 1004 2156 1074 judicium

529 1114 677 1169 saepe
704 1098 1042 1152 declinando
1073 1097 1311 1152 credidit
1341 1097 1716 1165 illudendum,
1748 1099 1895 1152 ferre
1924 1102 2151 1152 senten-

525 1192 688 1247 tiam.
723 1193 877 1246 Hanc
906 1208 978 1245 ne
1002 1191 1208 1262 aliquis
1237 1207 1426 1260 praeco
1461 1192 1513 1245 ei
1547 1208 1716 1262 quem
1743 1191 1979 1246 forsitan
1998 1191 2152 1261 judi-

529 1289 700 1354 caret,
743 1289 800 1339 et
842 1285 949 1339 sibi
991 1285 1090 1356 qui
1136 1285 1339 1339 absens
1382 1287 1485 1351 est,
1530 1284 1660 1340 licet
1704 1285 1776 1339 sit
1819 1285 2088 1356 qumsitus
2123 1301 2157 1338 a

527 1379 692 1434 nobis
717 1383 1065 1434 reservatum
1093 1395 1213 1432 esse
1239 1378 1381 1432 nihil
1403 1378 1632 1444 diceret,
1648 1378 1955 1433 maluimus
1975 1378 2153 1432 inter-

529 1472 804 1543 capedine
832 1472 1110 1543 temporis
1130 1472 1262 1526 data
1282 1471 1507 1526 deferri.
1533 1473 1674 1527 Cum
1704 1473 1809 1526 hoc
1835 1473 2007 1526 etiam
2036 1473 2157 1541 ejus

529 1569 880 1620 accusatores
905 1571 1243 1633 assererent,
1271 1566 1340 1620 de
1380 1582 1624 1636 quorum
1663 1565 2073 1620 intentionibus
2102 1569 2159 1620 et.

529 1660 781 1714 moribus
829 1659 900 1714 sit
942 1675 1204 1714 securum
1246 1659 1556 1713 maximum
1597 1663 1755 1713 tanto
1796 1660 1976 1729 magis
2003 1659 2158 1713 dam-

526 1754 720 1808 nanda
745 1752 1127 1834 committere,
1159 1758 1368 1824 quanto
1395 1752 1608 1807 tardius
1648 1769 1707 1806 se
1747 1753 2052 1807 constituto
2069 1753 2158 1823 ju-

529 1846 675 1900 dicio
719 1828 1320 1916 prtesentarit.\Quem
1364 1845 1799 1900 Manichaeorum
1837 1821 2233 1900 involutumB

531 1939 773 2010 caligine
814 1941 1064 2010 arguunt
1092 1938 1276 2009 turpis
1304 1943 1491 2005 sectae,
1515 1938 1653 1992 olim
1683 1939 1758 1993 ita
1785 1956 1856 1993 ne
1883 1956 2016 1993 eum
2040 1957 2160 2010 pos-

531 2039 617 2086 set
642 2033 873 2088 abluere
899 2032 1155 2087 animum
1183 2032 1501 2086 sordidasse
1536 2032 1595 2086 in
1636 2032 2034 2102 probationem
2066 2033 2161 2087 ob-

525 2128 689 2198 jectaz
721 2127 801 2181 rei
836 2130 992 2197 gesta
1020 2126 1312 2196 synodalia
1347 2125 1725 2196 proferentes,
1757 2131 1811 2180 et
1848 2127 2161 2180 commissis

535 2220 855 2274 involutum
883 2219 1115 2290 indique
1137 2219 1365 2288 flagitiis
1391 2218 1613 2272 nullum
1643 2236 1774 2272 eum
1798 2219 2055 2273 sanitatis
2069 2220 2164 2272 ha-

530 2312 718 2367 buisse
748 2316 1088 2382 respectum,
1123 2329 1294 2383 quem
1312 2311 1502 2367 furore
1528 2329 1628 2366 suo
1651 2315 1708 2367 et
1732 2312 1927 2366 insana
1943 2314 2162 2368 temeri-

536 2410 650 2460 tate
682 2406 755 2460 ad
784 2405 1139 2460 saecularium
1169 2421 1395 2476 quoque
1417 2406 1677 2476 judicum
1705 2405 2005 2460 tribunalia
2029 2406 2161 2460 sub-

532 2500 717 2554 ditum
751 2499 1074 2570 quaestioni,
1106 2499 1256 2570 quod
1298 2500 1355 2553 in
1393 2499 1489 2553 vili
1522 2515 1746 2570 quoque
1776 2515 2013 2570 persona
2041 2502 2159 2553 tur-

532 2594 829 2664 pissimum
886 2598 969 2648 est
1015 2593 1329 2664 objicerent
1376 2593 1712 2664 pervenisse,
1769 2595 1827 2646 et
1870 2591 2164 2647 homicidii

535 2687 872 2742 damnatum
905 2692 1186 2756 asserunt,
1218 2686 1386 2757 gestis
1420 2686 1658 2758 prolatis
1697 2686 1753 2740 in
1788 2686 2069 2740 medium.
2098 2689 2165 2741 Et

532 2781 685 2836 hunc
717 2783 908 2848 talem,
946 2784 1076 2852 post
1119 2784 1277 2835 tanta
1323 2780 1567 2850 taliaque
1615 2780 1931 2849 commissa,
1959 2780 2165 2851 episco-

533 2879 697 2946 patus
723 2875 906 2928 adhuc
942 2874 1042 2928 sibi
1081 2891 1292 2928 nomen
1326 2874 1387 2927 in
1420 2873 1535 2927 suis
1572 2873 1818 2928 latibulis
1845 2874 2162 2942 vendicare,

536 2968 591 3020 in
627 2968 871 3038 propriae
902 2967 1144 3022 civitatis
1174 2967 1470 3021 infamiam
1500 2967 1690 3021 nimiis
1719 2967 2010 3021 doloribus
2039 2985 2166 3022 con-

537 3064 870 3132 querentur,
907 3066 962 3115 et
995 3064 1250 3114 sanctum
1278 3076 1492 3114 nomen
1526 3059 1864 3114 vindicando
1895 3061 2000 3114 sibi
2026 3061 2166 3116 velle

2253 542 2366 591 stra
2387 537 2629 591 Charitas
2646 537 2714 590 de
2737 538 2838 590 hac
2854 553 3020 590 causa
3039 537 3260 590 duxerit
3276 536 3704 590 decernendum
3718 579 3732 598 ,
3757 554 3889 590 cum

2252 631 2321 684 ad
2345 647 2447 684 nos
2467 632 2713 684 relatum
2730 631 2920 697 fuerit,
2937 636 3132 684 nostra
3158 635 3222 684 ut
3246 630 3517 684 condecet
3545 647 3786 684 necesse
3810 635 3893 684 est.

2254 724 2586 778 auctoritate
2631 725 2952 778 firmentur.
3005 726 3143 778 Data
3196 724 3297 779 sub
3347 724 3436 779 die
3487 724 3619 778 ldus
3667 724 3890 791 Junias,

2251 817 2499 872 Monario
2532 819 2576 872 ll
2605 819 2662 872 C.
2697 818 2948 872 consule.

2260 914 2327 967 Ut
2344 913 2526 966 nullus
2544 916 2840 982 contempto
2853 913 3261 982 metropolitano
3279 913 3563 968 ordinetur
3581 915 3891 983 episcopus.

2328 1006 2672 1073 Bommcws,
2707 1005 3003 1075 episcopus
3043 1006 3200 1059 urbis
3245 1007 3460 1074 Romae,
3491 1007 3746 1071 HILARIO,
3781 1007 3896 1076 epi-

2256 1115 2425 1170 scopo
2462 1098 2836 1166 Narbonensi,
2870 1098 3135 1152 salutem.
3177 1099 3412 1153 Difficile
3445 1100 3680 1170 quidem
3718 1099 3897 1153 ﬁdem

2256 1192 2632 1264 querimoniis
2665 1192 3113 1259 commodamus,
3149 1209 3393 1262 quarum
3423 1194 3746 1248 sacerdotes
3783 1194 3896 1247 Do-

2256 1285 2399 1340 mini
2440 1285 2625 1356 pulsat
2667 1285 2930 1354 intentio,
2977 1285 3226 1340 maxime
3270 1303 3400 1340 cum
3448 1303 3542 1340 eos
3587 1287 3895 1357 quidpiam

2256 1385 2452 1434 contra
2491 1381 2724 1433 Patrum
2765 1383 2972 1433 statuta
3008 1383 3280 1446 tentasse,
3309 1381 3404 1435 sed
3426 1381 3767 1451 frequenter
3797 1381 3898 1434 has

2255 1474 2472 1540 asserit,
2497 1473 2638 1526 sicut
2654 1489 2806 1526 nunc
2826 1472 3129 1526 multitudo
3147 1474 3521 1528 causantium.
3544 1475 3688 1528 Ecce
3710 1475 3894 1542 enim,

2256 1571 2320 1621 ut
2344 1567 2590 1621 Charitas
2629 1569 2731 1620 tua
2770 1567 3144 1636 recognoscit,
3180 1583 3248 1620 ex
3274 1567 3509 1621 subditis
3537 1568 3898 1622 Lucubensis

2255 1660 2538 1730 Ecclesiae,
2577 1660 2767 1714 clerici
2814 1659 2952 1713 ordo
2999 1660 3085 1712 vel
3134 1661 3315 1730 plebis
3352 1677 3551 1730 preces
3599 1679 3758 1728 suas,
3811 1663 3898 1716 vel

2258 1757 2534 1825 lacrymas
2583 1754 2653 1807 ad
2701 1769 2824 1821 nos,
2862 1757 3140 1822 quantum
3182 1754 3347 1807 datur
3393 1755 3633 1825 intelligi
3680 1771 3896 1825 magno

2258 1865 2389 1903 cum
2426 1848 2622 1902 dolore
2651 1847 2950 1913 miserunt,
2983 1847 3232 1900 dicentes
3259 1847 3590 1920 episcopum
3626 1854 3896 1902 nostrum

2258 1943 2579 1999 Patroclum
2599 1958 2697 1994 sua
2714 1941 2986 2010 petitione
3015 1943 3287 2009 cessante,
3316 1941 3376 1994 in
3400 1942 3589 1995 locum
3614 1942 3898 1996 deceden-

2258 2037 2328 2090 tis
2351 2035 2614 2105 episcopi,
2639 2034 2824 2088 nescio
2849 2051 3023 2104 quem
3045 2033 3104 2088 in
3128 2034 3317 2088 aliena
3346 2035 3640 2104 provincia
3660 2041 3897 2106 praeter-

2259 2130 2430 2185 misso
2465 2129 2922 2198 metropolitano,
2955 2132 3154 2181 contra
3197 2129 3430 2182 Patrum
3475 2129 3704 2198 regulas
3744 2129 3899 2182 ordi-

2261 2239 2445 2277 nasse.
2479 2221 2643 2286 Quod
2676 2238 3038 2291 nequaquam
3079 2237 3381 2291 possumus
3401 2221 3548 2277 ferre
3572 2222 3894 2292 patienter;

2261 2316 2395 2387 quia
2421 2315 2683 2369 convenit
2707 2331 2813 2368 nos
2842 2320 3211 2385 paternarum
3240 2315 3598 2369 sanctionum
3628 2331 3752 2370 esse
3781 2317 3899 2370 dili-

2209 2451 2223 2459 .
2264 2414 2460 2480 gentes
2517 2409 2796 2463 custodes.
2851 2408 3000 2462 Nulli
3053 2407 3268 2462 etenim
3322 2408 3540 2462 videtur
3599 2409 3898 2480 incognita

2262 2503 2462 2574 synodi
2491 2501 2814 2557 constitutio
2848 2501 3110 2570 Nicaenas,
3136 2517 3266 2572 quas
3291 2501 3370 2556 ita
3393 2503 3687 2573 praecepit,
3716 2507 3785 2557 ut
3812 2520 3900 2557 ea-

2264 2597 2394 2650 dem
2419 2596 2642 2666 proprie
2660 2596 2829 2649 verba
2846 2611 3144 2666 ponamus.
3162 2597 3269 2649 Per
3280 2611 3750 2667 unamquamque
3768 2614 3900 2667 pro-

2263 2689 2506 2743 vinciam
2537 2689 2632 2758 jus
2662 2688 3132 2758 metrOpolitanos
3154 2687 3406 2757 singulos
3424 2688 3636 2742 habere
3662 2689 3895 2756 debere,

2265 2799 2370 2836 nec
2392 2781 2657 2852 cuiquam
2681 2781 2824 2834 duas
2838 2797 2954 2834 esse
2976 2798 3140 2851 posse
3159 2781 3454 2850 subjectas,
3479 2782 3632 2852 quod
3655 2781 3739 2835 illi
3762 2783 3900 2852 quia

2263 2876 2424 2930 aliter
2465 2874 2816 2928 credendum
2865 2890 2979 2928 non
3023 2882 3126 2940 est,
3155 2874 3514 2940 servandum,
3547 2880 3740 2930 sancto
3766 2876 3898 2946 Spi-

2263 2970 2377 3024 ritu
2414 2971 2782 3038 suggerente,
2824 2967 3051 3021 sibimet
3098 2971 3462 3021 censuerunt.
3502 2968 3684 3035 Unde,
3721 2970 3902 3024 frater

2265 3060 2617 3129 charissime,
2641 3060 2684 3114 si
2707 3060 2782 3114 ita
2804 3077 2892 3113 res
2921 3064 3071 3128 sunt,
3094 3065 3151 3114 et
3171 3061 3481 3114 Ecclesiam
3511 3061 3900 3131 supradictam

534 3155 814 3226 polluere.
841 3154 1107 3226 Ideoque,
1131 3154 1330 3209 fratres
1359 3153 1696 3221 cbarissimi,
1729 3154 1827 3224 qui
1855 3154 2167 3209 audiendus
2187 3186 2242 3260 Ο
2269 3154 2572 3226 provincias
2620 3159 2727 3208 tuas
2781 3154 2944 3207 limes
2988 3153 3266 3219 includit,
3311 3155 3504 3207 nostra
3559 3155 3900 3210 auctoritate

535 3248 627 3302 hic
663 3251 1008 3318 prazsentare
1051 3264 1108 3302 se
1153 3247 1350 3314 noluit,
1383 3265 1455 3300 ne
1495 3246 1779 3302 convictus
1821 3247 2060 3302 forsitan
2093 3249 2164 3302 ab

535 3342 929 3397 accusantibus
969 3359 1028 3396 se
1081 3341 1297 3396 clericis
1338 3344 1528 3413 posset
1571 3341 1746 3412 digna
1786 3341 2021 3395 tandem
2063 3341 2163 3396 ali-

537 3436 766 3506 quando
793 3439 1169 3506 praesentatus
1194 3434 1497 3506 episcopali
1510 3433 1727 3505 judicio
1752 3435 2170 3505 pronuntiatio-

537 3531 621 3584 nis
668 3546 934 3601 congruae
981 3529 1137 3584 feriri
1182 3529 1480 3597 sententia,
1529 3544 1876 3599 quamquam
1923 3528 2002 3582 illi
2049 3530 2167 3583 haec

533 3625 731 3679 edocta
753 3624 966 3680 fuerint
993 3641 1120 3695 quze
1146 3626 1334 3694 potest
1351 3623 1518 3693 hujus
1540 3621 1789 3676 nominis
1811 3639 1931 3677 esse
1946 3623 2169 3693 jactura

535 3719 633 3788 qui
661 3718 939 3788 pudorem
970 3733 1265 3788 nunquam
1290 3716 1591 3770 sacerdotii
1619 3715 1880 3769 habuisse
1909 3716 2169 3786 perhibe-

536 3817 650 3878 tur,
681 3816 735 3865 et
764 3811 952 3864 locum
981 3827 1144 3863 suum
1167 3826 1239 3863 ne
1260 3810 1485 3864 modico
1523 3809 1756 3879 quidem
1791 3811 2042 3879 tempore
2070 3825 2166 3863 cu-

539 3902 1153 3958 stodisse.‘-Dilationem
1177 3906 1398 3956 tantum
1422 3901 1703 3971 dedimus,
1735 3907 1791 3956 et
1820 3902 2171 3956 decrevimus

538 3999 791 4051 vestrum
826 3996 1032 4050 debere
1070 3995 1222 4049 intra
1259 3995 1608 4066 provinciam
1637 4012 1756 4049 esse
1779 3995 2084 4065 judicium,
2115 4000 2173 4050 et

540 4090 880 4160 congregari
903 4089 1185 4160 synodum
1212 4095 1341 4144 ante
1361 4089 1512 4142 diem
1536 4089 1918 4143 Kalendarum
1941 4090 2172 4145 Novem-

540 4183 751 4253 brium,
789 4186 849 4237 ut
874 4183 921 4236 si
948 4183 1140 4238 adesse
1170 4183 1408 4237 voluerit
1433 4199 1703 4254 prwsens,
1732 4183 1777 4237 si
1813 4184 2066 4254 conlidit,
2099 4185 2170 4238 ad

541 4277 764 4347 objecta
799 4277 1157 4348 respondeat.
1190 4278 1245 4333 Si
1291 4295 1426 4332 vero
1457 4278 1649 4332 adesse
1688 4279 2008 4349 neglexerit
2042 4278 2172 4332 dila-

542 4373 760 4427 tionem
787 4371 1078 4426 sententiae
1103 4372 1170 4426 de
1194 4372 1449 4426 absentia
1468 4388 1584 4426 non
1605 4371 1873 4426 lucretur.
1896 4374 2036 4426 Nam
2056 4389 2174 4427 ma-

539 4467 807 4521 nifestum
837 4469 919 4520 est
947 4465 1197 4520 confiteri
1227 4482 1359 4520 eum
1403 4465 1470 4519 de
1511 4465 1771 4534 crimine,
1800 4466 1897 4536 qui
1929 4467 2170 4533 indulto,

2268 3247 2642 3316 communias,
2672 3246 2824 3318 quod
2853 3247 3082 3317 quidem
3107 3247 3289 3300 facere
3316 3250 3515 3317 sponte
3543 3247 3786 3302 deberes
3811 3249 3905 3303 de-

2267 3341 2487 3397 sideriis
2540 3341 2984 3412 supplicantium
3035 3345 3091 3394 et
3141 3341 3429 3394 voluntate
3476 3334 3901 3422 i'especta.lAd

2268 3436 2537 3490 eumdem
2566 3435 2752 3488 locum
2793 3435 2850 3487 in
2899 3450 3010 3504 quo
3047 3433 3326 3487 ordinatio
3352 3433 3479 3487 talis
3509 3435 3798 3488 celebrata
3825 3436 3904 3490 di-

2268 3530 2433 3595 citur,
2455 3528 2883 3598 metropolitani
2899 3527 3026 3597 jure
3054 3527 3312 3580 munitus
3339 3531 3397 3580 et
3418 3528 3903 3597 praeceptionibus

2267 3622 2476 3678 nostris
2497 3621 2912 3688 fretus,accede
2944 3621 3266 3690 intelligens
3300 3620 3533 3674 arbitrio
3565 3623 3664 3675 tuo
3693 3639 3898 3675 secun-

2270 3717 2408 3772 dum
2452 3716 2680 3785 regulas
2726 3717 2959 3769 Patrum
3007 3731 3360 3784 qumcunque
3408 3714 3669 3768 facienda
3706 3720 3843 3769 sunt
3870 3733 3900 3769 a

2270 3810 2432 3865 nobis
2450 3826 2570 3864 esse
2591 3825 2876 3876 concessa,
2898 3808 2977 3862 ita
3008 3811 3068 3860 ut
3097 3808 3340 3877 peractis
3367 3807 3654 3875 omnibus,
3681 3815 3902 3878 aposto-

2269 3903 2392 3958 lica:
2420 3903 2537 3956 sedi
2570 3901 2850 3973 quidquid
2886 3901 3163 3955 statueris'
3193 3905 3248 3954 te
3298 3901 3576 3954 referente
3611 3902 3898 3967 clarescat,

2274 3996 2364 4052 cui
2389 3995 2559 4049 totius
2587 3995 2891 4066 provincia:
2925 3993 3348 4048 ordinationem
3382 3995 3561 4064 liquet
3597 4010 3721 4048 esse
3748 4011 3904 4048 man-

2273 4090 2487 4145 datam.
2505 4091 2680 4143 Nemo
2701 4105 2838 4158 ergo
2865 4104 3063 4142 eorum
3091 4087 3361 4142 terminos
3380 4087 3562 4142 audax
3594 4091 3903 4142 temerator

2273 4184 2523 4252 excedat,
2552 4200 2656 4237 nec
2695 4182 2907 4253 aliquid
2948 4182 3007 4235 in
3045 4182 3272 4236 illorum
3300 4180 3707 4235 contumeliam
3738 4182 3902 4252 parti-

2271 4279 2378 4333 bus
2404 4278 2519 4332 suis
2548 4294 2676 4348 que:
2716 4276 2821 4329 sibi
2862 4292 2980 4329 non
3024 4275 3289 4328 videntur
3318 4291 3580 4328 concessa
3609 4275 3899 4329 defendat.

2272 4376 2457 4429 Cesset
2489 4369 2820 4440 hujusmodi
2852 4369 3145 4440 praemissa
3173 4372 3366 4422 nostra
3399 4368 3735 4422 auctoritate
3765 4386 3904 4438 prie-

2274 4465 2522 4536 sumptio
2545 4480 2744 4518 eorum
2766 4463 2864 4533 qui
2892 4464 3038 4516 ultra
3052 4462 3342 4532 dignitatis
3365 4478 3480 4515 suae
3498 4461 3742 4515 limitem
3767 4461 3904 4531 digi-

539 4566 595 4615 et
626 4560 790 4614 toties
819 4560 1083 4630 delegato
1103 4559 1321 4630 judicio
1343 4560 1630 4630 purgandi
1652 4577 1710 4612 se
1733 4560 2030 4614 occasione
2055 4577 2170 4614 non
2192 4556 2251 4627 Ι)
2274 4565 2335 4615 tu
2389 4557 2720 4614 extendunt.
2771 4556 2933 4620 Quod
2984 4555 3191 4609 idcirco
3237 4555 3493 4618 dicimus,
3536 4557 3601 4607 ut
3646 4555 3902 4608 advertat

543 4655 740 4709 utitur.
776 4653 922 4707 Nihil
951 4653 1105 4707 enim
1134 4654 1371 4707 interest
1399 4658 1589 4708 utrum
1628 4653 1686 4706 in
1735 4654 2001 4724 praesenti
2035 4670 2170 4707 exa-

541 4749 695 4802 mine
717 4747 909 4802 omnia
933 4765 1060 4818 quae
1083 4748 1231 4802 dicta
1252 4750 1385 4801 sunt
1405 4747 1874 4819 comprobentur,
1898 4764 2028 4801 cum
2055 4747 2174 4818 ipsa

542 4859 769 4912 quoque
833 4858 932 4912 pro
989 4840 1340 4912 professione
1392 4846 1695 4911 procurata
1744 4842 1910 4895 toties
1957 4844 2174 4893 constet

543 4934 820 4990 absentia.
853 4935 960 4989 Nos
997 4938 1188 4989 autem
1229 4952 1330 5005 per
1367 4951 1563 4989 omnes
1601 4934 1912 5004 provincias
1959 4934 2174 4987 litteras

543 5027 876 5098 dirigemus,
899 5045 968 5082 ne
1005 5029 1424 5082 excusationem
1453 5029 1559 5082 sibi
1583 5026 1960 5098 ignorationis
1980 5026 2175 5080 obten-

543 5120 656 5187 dat,
704 5124 765 5174 ut
804 5121 876 5176 ad
921 5121 1272 5192 provinciam
1316 5122 1510 5175 venire
1557 5123 1814 5191 cogatur,
1864 5125 1920 5173 et
1958 5120 2070 5174 illic
2115 5137 2172 5175 se

547 5216 586 5226 .-

1033 5297 1152 5388 IN
1157 5297 1607 5390 CIPIUNT
1702 5295 2226 5386 DECRETA

617 5431 665 5482 1.
713 5428 792 5481 De
839 5429 1111 5500 Prospero
1155 5435 1210 5484 et
1266 5428 1473 5483 Hilario
1518 5427 1614 5498 qui
1656 5425 1932 5498 quosdam
1977 5427 2170 5481 Galliae

541 5517 901 5590 presbyteros
927 5523 1211 5572 accusant.

611 5612 665 5663 2.
711 5611 788 5663 De
835 5614 1031 5664 sancto
1093 5606 1412 5678 Augustino
1477 5605 1733 5676 episcopo
1789 5605 1931 5660 mira
1985 5606 2169 5661 laudis

540 5697 792 5752 assertio.

608 5787 659 5837 3.
710 5786 1135 5841 Praeteritorum
1185 5783 1334 5838 sedis
1393 5787 1714 5856 apostolicae
1764 5787 2166 5857 episcoporum

538 5872 846 5927 auctoritas
871 5873 940 5928 de
973 5871 1157 5942 gratia
1183 5871 1282 5925 Dei
1309 5877 1502 5928 contra
1525 5876 1732 5946 Pelagii
1764 5880 2089 5930 sectatores.

599 5959 646 6011 4.
685 5960 846 6022 Quod
878 5959 1049 6016 Adam
1074 5976 1272 6017 omnes
1303 5961 1565 6020 homines
1591 5966 1820 6034 laeserit,
1844 5981 1946 6019 nec
1966 5979 2161 6036 quem-

2272 4653 2512 4709 charitas
2534 4657 2653 4718 tua,
2673 4650 2813 4705 adeo
2839 4666 2943 4703 nos
2959 4665 3246 4702 canonum
3269 4651 3551 4718 praecepta
3573 4663 3818 4713 servare,
3840 4653 3900 4700 ut

2271 4748 2376 4802 ista
2394 4744 2722 4800 constitutio
2746 4759 2974 4814 quoque
3001 4748 3190 4796 nostra
3218 4741 3451 4796 definiat
3479 4744 3763 4810 quatenus
3788 4757 3901 4794 me-

2271 4839 2598 4911 tropolitani
2613 4838 2701 4892 sui
2712 4852 3068 4907 unaquaaque
3081 4835 3374 4907 provincia
3385 4835 3444 4888 in
3459 4834 3727 4888 omnibus
3738 4834 3899 4887 rebus

2272 4949 2498 5004 semper
2524 4932 2780 4987 ordinem
2804 4933 3106 5000 exspectet.
3135 4931 3273 4983 Data
3294 4945 3326 4982 v
3352 4927 3632 4982 Kalendas
3663 4927 3901 4981 Februa-

2272 5026 2361 5093 rii,
2390 5025 2640 5080 Honorio
2669 5025 2754 5079 XII
2781 5026 2838 5078 et
2864 5023 3174 5077 Theodosio
3201 5023 3239 5075 X
3261 5021 3527 5091 Augustis
3556 5019 3894 5074 consulibus.

2558 5120 2873 5188 Ewplicz'unt
2899 5118 3110 5171 decreta
3136 5117 3405 5182 Bonifacii
3421 5129 3601 5183 papa.

2328 5291 2930 5388 COELESTIN
2939 5292 2971 5382 Ι
3067 5287 3432 5380 PAPIE.

2277 5443 2448 5497 quam
2484 5423 2675 5497 184
2722 5439 2826 5494 per
2861 5423 3106 5476 liberum
3141 5419 3442 5474 arbitrium
3481 5431 3642 5486 posse
3679 5430 3897 5468 consur-

2273 5532 2409 5587 gere
2435 5515 2544 5569 nisi
2574 5530 2706 5566 eum
2736 5512 2921 5583 gratia
2953 5511 3051 5565 Dei
3084 5509 3347 5564 erexerit.

2421 5603 2584 5668 Quod
2625 5619 2796 5656 nemo
2828 5602 2897 5655 sit
2925 5601 3108 5655 bonus
3143 5599 3257 5652 suis
3287 5595 3498 5651 viribus
3528 5593 3637 5648 nisi
3672 5593 3892 5664 partici-

2269 5695 2502 5766 patione
2533 5693 2657 5762 ejus
2685 5691 2783 5762 qui
2809 5691 2960 5744 solus
2984 5695 3068 5744 est
3095 5690 3298 5744 bonus.

2338 5788 2388 5838 6.
2426 5782 2588 5847 Quod
2625 5781 2736 5835 nisi
2773 5780 2955 5850 gratia
2994 5779 3096 5834 Dei
3136 5777 3405 5832 continua
3444 5775 3718 5846 juvemur
3761 5770 3887 5825 insi-

2267 5872 2391 5928 dias
2417 5871 2628 5925 diaboli
2661 5869 2908 5924 devitarc
2939 5886 3052 5924 non
3083 5883 3400 5940 possumus.

2335 5967 2387 6016 7.
2405 5961 2559 6026 Quod
2584 5976 2682 6036 per
2701 5957 2984 6017 Christum
3006 5957 3184 6012 libero
3209 5957 3351 6010 bene
3373 5958 3606 6012 utamur
3631 5949 3883 6008 arbitrio.
