4034 6298
240 311 349 364 ’749

1481 315 1951 372 DECRETALIUM
1991 320 2374 376 COLLECTIO.

3503 334 3605 385 75f)

315 422 367 474 8.
423 418 584 482 Quod
637 419 829 472 omnia
904 424 1232 476 sanctorum
1287 421 1488 477 merita
1552 424 1705 480 dona
1768 425 1880 480 sint
1899 427 2127 511 Aintra
2178 435 2406 500 portum
2453 435 2663 485 stantes
2704 433 2870 486 statio
2901 433 3034 487 facit
3075 434 3188 488 fida
3209 452 3452 491 securos.
3484 437 3618 492 Fida

239 512 363 567 Dei.

314 609 367 659 9.
389 605 550 670 Quod
572 605 756 659 omnis
787 611 975 662 sancta
1008 607 1273 679 cogitatio
1303 612 1360 662 et
1407 613 1594 665 motus
1620 610 1728 682 pite
1776 627 1873 667 vo-

241 698 481 753 luntatis
507 716 572 753 ex
603 700 719 753 Deo
749 699 838 753 sit.

319 795 404 846 {0.
437 793 593 856 Quod
633 793 815 863 gratia
843 793 941 846 Dei
971 809 1086 848 non
1130 795 1311 849 solum
1337 800 1571 866 peccata
1610 795 1876 864 dimittat,

241 886 342 940 sed
367 885 543 940 etiam
591 886 818 956 adjuvet
867 903 940 942 ne
971 888 1420 958 committantur,
1455 894 1513 944 et
1559 895 1792 961 praestet
1815 902 1880 946 ut

240 979 336 1032 lex
365 979 710 1050 impleatur;
741 997 857 1034 non
890 980 1035 1034 sicut
1073 981 1334 1052 Pelagius
1362 983 1458 1050 ait,
1501 982 1686 1051 facile,
1717 984 1880 1056 quasi

242 1073 366 1126 sine
400 1074 579 1144 gratia
606 1073 706 1127 Dei
741 1073 1024 1128 difficilius
1053 1080 1242 1146 posset
1270 1076 1517 1147 impleri.

317 1171 404 1222 11.
440 1167 600 1231 Quod
649 1172 860 1238 praeter
885 1172 1092 1223 statuta
1143 1169 1293 1224 sedis
1325 1169 1652 1240 apostolicae
1679 1186 1879 1225 omnes

241 1261 531 1315 orationes
559 1261 820 1316 Ecclesize
839 1261 1044 1316 Christi
1071 1262 1312 1333 gratiam
1337 1267 1625 1330 resonant,
1647 1280 1762 1335 qua
1788 1279 1880 1334 ge-

242 1371 352 1408 nus
384 1355 701 1410 humanum
739 1359 1034 1427 reparatur
1075 1361 1131 1411 et
1159 1355 1229 1410 ab
1275 1359 1488 1412 aeterna
1513 1358 1879 1413 damnatione

241 1447 558 1503 reducitur.

320 1544 404 1594 t2.
437 1542 598 1605 Quod
651 1542 894 1613 gratiam
935 1542 1036 1597 Dei
1079 1543 1252 1597 etiam
1288 1543 1759 1614 baptizandorum
1799 1548 1880 1599 te-

242 1637 426 1688 statur
475 1635 735 1690 instituta
777 1637 1042 1707 purgatio
1117 1653 1246 1691 cum
1301 1637 1627 1692 exorcismis
1681 1642 1738 1692 et
1787 1638 1876 1693 in-

242 1727 661 1783 sufflationibus
707 1730 936 1800 spiritus
959 1729 1030 1784 ab
1068 1730 1148 1785 eis
1175 1731 1537 1800 expelluntur
1571 1731 1874 1787 immundi.

321 1825 404 1876 t2.
451 1823 610 1886 Quod
652 1823 1055 1894 profundiores
1086 1825 1431 1894 quaestiones
1480 1841 1585 1880 nec
1623 1803 1954 1880 contem-B

241 1916 452 1973 nenda:
479 1920 627 1983 sunt,
662 1933 764 1972 nec
784 1917 1014 1987 penitus
1041 1919 1378 1973 asserendae.

317 2010 698 2066 Dilectissimis
739 2010 1007 2064 fratribus
1053 2012 1311 2080 VENERIO,
1345 2013 1582 2079 MARINO,
1620 2012 1876 2080 LEONTIO,

243 2107 842 2172 Arxomo,Aaanmo,
895 2105 1169 2175 SILLUCIO,
1217 2111 1274 2161 et
1317 2105 1536 2161 caeteris
1571 2106 1879 2162 Galliarum

244 2197 529 2271 episcopis
562 2198 922 2254 CGLESTINUS.

315 2292 622 2363 Apostolici
646 2292 819 2346 verba
841 2293 1113 2363 prmcepti
1140 2297 1273 2346 sunt
1288 2293 1440 2364 apud
1461 2293 1879 2365 Judzeos,atque

243 2385 488 2457 gentiles
523 2386 646 2439 sine
687 2386 999 2441 offensione
1037 2403 1143 2441 nos
1170 2403 1290 2441 esse
1337 2387 1566 2456 debere,
1598 2388 1706 2440 hoc
1732 2388 1881 2458 quis-

244 2480 374 2552 quis
428 2479 777 2534 Christianus
826 2497 896 2533 ex
949 2482 1066 2534 tota
1118 2479 1296 2533 animi
1351 2480 1557 2534 virtute
1611 2480 1877 2535 custodit.

243 2574 403 2638 Quod
429 2590 557 2627 cum
585 2573 664 2627 ita
691 2573 762 2628 sit
779 2589 892 2627 non
913 2590 1112 2644 parum
1140 2573 1374 2644 periculi
1405 2574 1482 2627 illi
1509 2589 1746 2628 manere
1774 2591 1879 2644 po-

245 2667 380 2721 terit
408 2671 540 2720 ante
573 2666 896 2734 Dominum,
930 2667 1030 2738 qui
1055 2667 1163 2720 hoc
1193 2666 1472 2720 detrectat
1502 2667 1670 2720 etiam
1697 2667 1879 2722 fideli-

242 2761 353 2815 bus
384 2760 674 2814 exhibere.
704 2761 845 2814 Nam
866 2760 1111 2831 qualiter
1130 2776 1234 2815 nos
1266 2759 1365 2831 qui
1384 2761 1675 2814 neminem
1696 2761 1880 2831 perire

243 2855 504 2908 volumus
533 2853 640 2908 ista
683 2854 1018 2908 contristent
1049 2870 1176 2924 quae
1202 2853 1522 2908 auCtoribus
1555 2853 1880 2910 Christianis

242 2948 578 3020 precellunt
619 2947 834 3001 animos
861 2947 1228 3014 Christianos,
1263 2947 1589 3002 Dominicus
1615 2948 1672 3001 in
1702 2949 1877 3002 Evan-

247 3041 393 3113 gelio
438 3057 624 3096 sermo
657 3045 917 3096 testatur.
948 3041 1036 3097 Ait
1083 3041 1233 3095 enim
1282 3041 1402 3112 ipse
1448 3041 1701 3096 Salvator
1728 3042 1881 3112 quod

247 3156 275 3184 ‹‹
305 3134 567 3205 expediat
607 3135 1003 3189 scandalizanti
1050 3151 1227 3189 unum
1254 3135 1324 3189 de
1372 3135 1591 3205 pusillis
1617 3134 1675 3189 in
1702 3134 1877 3190 maris

243 3229 596 3301 profundum
624 3229 880 3300 demergi
909 3230 1122 3298 (Matth,
1155 3245 1302 3296 xvm,
1336 3231 1407 3297 6).
1439 3250 1466 3277 ››
1491 3229 1621 3283 Ideo
1652 3245 1781 3300 quas
1805 3229 1878 3283 sit

236 3324 362 3394 jam
387 3323 506 3393 ejus
531 3339 696 3394 pcena
733 3339 1077 3395 quaeramus,
1120 3324 1209 3378 cui
1233 3323 1339 3377 tale
1370 3323 1708 3394 supplicium
1742 3323 1878 3393 legi-

241 3433 372 3471 mus
398 3417 678 3488 expedire.

313 3513 446 3566 CAP.
477 3512 516 3565 1.
547 3510 666 3564 Filii
691 3510 889 3578 nostri,
920 3514 1246 3581 przesentes,
1276 3511 1518 3580 Prosper
1538 3513 1594 3564 et
1610 3510 1874 3578 Hilarius,

243 3620 491 3676 quorum
536 3603 685 3658 circa
727 3603 1029 3659 Dominum
1090 3608 1346 3658 nostrum
1395 3603 1711 3658 sollicitudo
1751 3605 1873 3659 lau-

243 3697 429 3752 danda
459 3701 598 3765 est,‘
625 3702 847 3752 tantum
895 3698 1087 3752 nescio
1135 3698 1339 3768 quibus
1383 3697 1729 3769 presbyteris
1763 3698 1877 3752 illic

242 3792 414 3846 licere
459 3791 554 3862 qui
608 3791 940 3846 dissensioni
996 3791 1374 3846 Ecclesiarum
1429 3791 1695 3846 studeant
1747 3795 1879 3846 sunt

246 3885 398 3956 apud
445 3902 546 3938 nos
592 3885 898 3956 prosecuti,
950 3890 1015 3939 ut
1059 3884 1505 3955 indisciplinatas
1535 3885 1878 3956 quaestiones

241 3984 506 4033 vocantes
553 3979 610 4032 in
645 3979 902 4032 medium
928 3978 1294 4049 pertinaciter
1317 3995 1411 4033 eos
1446 3979 1638 4032 dicant
1668 3978 1874 4050 praedi-

245 4089 375 4126 care
418 4071 776 4126 adversantia
805 4072 1048 4126 veritati.
1085 4072 1191 4127 Sed
1230 4077 1428 4126 vestrae
1460 4072 1747 4127 dilectioni
1779 4073 1875 4143 ju-

243 4166 382 4220 stius
404 4166 772 4236 imputamus,
803 4165 1075 4237 quoniam
1121 4165 1201 4218 illi
1229 4183 1400 4235 supra
1425 4183 1522 4219 vos
1546 4166 1760 4220 habent
1779 4182 1876 4219 co-

242 4259 399 4330 piam
437 4259 780 4331 disputandi.
825 4260 1092 4330 Legimus
1121 4279 1147 4310 «
1181 4276 1350 4330 super
1394 4260 1730 4330 magistrum
1764 4275 1878 4313 non

245 4369 365 4406 esse
421 4353 760 4424 discipulum
813 4354 1031 4422 (Matth.
1066 4370 1118 4421 x,
1148 4354 1256 4424 24),
1291 4375 1318 4401 ››
1377 4354 1483 4406 1100
1517 4356 1600 4406 est
1631 4369 1747 4406 non
1771 4353 1877 4406 sibi

245 4447 448 4501 debere
477 4463 822 4518 quemquam
857 4448 926 4500 ad
953 4446 1226 4517 injuriam
1267 4448 1562 4501 doctorum
1587 4445 1876 4500 vindicare

1977 521 2188 592 quippe
2215 526 2298 576 est
2324 524 2585 578 omnium
2614 526 2798 593 statio,
2835 543 3083 597 quorum
3109 529 3378 598 perfectis
3409 531 3614 600 gressi-

1976 613 2082 668 bus
2102 616 2340 685 vestigia
2367 633 2485 671 non
2511 621 2833 674 moventur.
2876 621 3262 676 Recurrerunt
3291 622 3362 676 ad
3387 627 3616 695 aposto-

1975 706 2147 761 licam
2197 709 2451 779 prasdicti
2477 711 2693 779 sedem,
2743 713 2868 766 haac
2907 713 3031 784 ipsa
3074 714 3240 770 nobis
3271 732 3398 786 quae
3435 720 3618 773 tentat

1977 801 2329 872 perturbatio
2348 803 2772 874 conquirentes.
2801 806 3028 874 Habete,
3049 808 3248 863 fratres
3273 809 3614 880 charissimi,

1979 910 2080 966 pro
2126 895 2417 950 catholicae
2465 897 2641 967 plebis
2678 915 2815 969 pace
2856 904 3178 956 tractatum.
3223 902 3417 957 Sciant
3460 919 3538 971 se,
3569 905 3616 958 si

1977 992 2169 1043 tamen
2213 995 2556 1044 censeantur
2602 991 2939 1063 presbyterii
2983 993 3260 1064 dignitate
3299 995 3454 1050 vobis
3492 1013 3615 1052 esse

1978 1081 2276 1152 subjectos.
2329 1083 2519 1138 Sciant
2562 1099 2758 1139 omnes
2791 1085 2889 1155 qui
2915 1086 3062 1141 male
3092 1087 3300 1142 docent
3327 1089 3482 1160 quod
3510 1090 3614 1144 sibi

1978 1174 2193 1228 discere
2214 1176 2398 1246 magis
2423 1193 2487 1230 ac
2513 1177 2700 1248 magis
2721 1181 3006 1249 competat
3030 1197 3199 1251 quam
3216 1181 3438 1237 docere.
3468 1184 3611 1238 Nam

1977 1268 2114 1339 quid
2148 1268 2206 1322 iu
2233 1269 2493 1324 Ecclesiis
2528 1287 2624 1324 vos
2655 1271 2842 1342 agitis,
2882 1272 2927 1326 si
2954 1273 3035 1326 illi
3061 1290 3342 1330 summam
3381 1279 3614 1331 teneant

1977 1362 2369 1433 praedicandi?
2410 1363 2524 1417 Nisi
2563 1365 2706 1419 forte
2736 1365 2872 1420 illud
2917 1366 3147 1422 obsistat
3174 1369 3324 1438 quod
3361 1385 3478 1424 non
3505 1386 3610 1424 au-

1977 1455 2258 1523 ctoritate,
2304 1472 2422 1511 non
2447 1457 2630 1511 adhuc
2676 1459 2896 1514 ratione
2939 1460 3246 1531 colligitur,
3277 1467 3338 1515 ut
3369 1463 3544 1534 aliqui
3580 1481 3612 1518 e

1976 1548 2220 1602 fratrum
2268 1565 2510 1604 numero
2560 1567 2744 1621 nuper
2787 1552 2856 1606 de
2896 1552 3171 1608 laicorum
3217 1556 3502 1610 consortio
3551 1557 3610 1611 in

1976 1641 2279 1712 collegium
2328 1646 2588 1697 nostrum
2629 1643 2884 1699 fortassis
2909 1645 3162 1713 admissi,
3195 1648 3450 1702 nesciant
3475 1649 3613 1720 quid

1979 1735 2085 1789 sibi
2123 1735 2372 1789 debeant
2411 1736 2718 1792 vindicare.
2750 1738 2932 1809 Super
2973 1738 3062 1794 his
3090 1741 3271 1794 multa
3297 1741 3420 1811 jam
3465 1741 3614 1796 dicta

1979 1831 2112 1882 sunt
2161 1845 2228 1882 eo
2284 1834 2547 1900 tempore
2593 1847 2706 1901 quo
2753 1831 2822 1885 ad
2878 1831 3067 1886 fratris
3112 1833 3311 1888 tuendi
3357 1834 3616 1889 dedimus

1981 1921 2187 1992 scripta
2231 1911 2616 2001 responsum.\
2639 1924 2798 1978 Nunc
2841 1928 3031 1979 tamen
3063 1930 3384 1996 repetentes
3415 1928 3619 1999 saepius

1979 2015 2389 2070 admonemus:
2422 2017 2698 2071 Vetentur
2723 2017 3054 2088 hujusmodi
3091 2019 3188 2090 qui
3217 2020 3476 2075 laborant
3513 2039 3618 2092 per

1981 2112 2160 2163 terras
2187 2109 2340 2163 aliud
2381 2126 2556 2180 quam
2599 2110 2692 2164 ille
2719 2116 2914 2166 noster
2945 2112 3116 2182 jussit
3153 2114 3416 2184 Agricola
3445 2117 3613 2169 semi-

1979 2218 2140 2256 nare.
2168 2204 2278 2256 Nec
2313 2206 2504 2258 tamen
2547 2203 2742 2258 mirari
2775 2221 3096 2274 possumus,
3143 2205 3188 2260 si
3213 2207 3336 2261 haec
3367 2223 3505 2279 erga
3530 2207 3610 2261 vi-

1979 2300 2176 2349 ventes
2199 2295 2258 2350 hi
2289 2313 2440 2350 nunc
2486 2300 2707 2351 tentare
2737 2297 2972 2367 audent,
3016 2299 3113 2370 qui
3146 2299 3412 2354 nituntur
3440 2301 3616 2356 etiam

1979 2389 2393 2460 quiescentium
2418 2390 2661 2444 fratrum
2681 2391 3016 2445 memoriam
3055 2392 3349 2464 dissipare.

2051 2484 2117 2536 ll.
2149 2482 2550 2553 Augustinium
2580 2487 2791 2537 sanctae
2811 2485 3217 2539 recordationis
3235 2485 3420 2540 virum
3443 2502 3617 2557 quem

1980 2592 2084 2646 pro
2133 2576 2245 2629 vita
2272 2591 2375 2629 sua
2425 2581 2594 2646 atque
2626 2576 2844 2631 meritis
2874 2576 2932 2630 in
2977 2582 3170 2632 nostra
3210 2579 3615 2635 communione

1981 2685 2209 2739 semper
2235 2668 2563 2736 habuimus,
2590 2685 2693 2724 nec
2724 2686 2974 2741 unquam
3000 2671 3153 2725 hunc
3169 2671 3410 2726 sinistrae
3437 2673 3616 2744 suspi-

1981 2761 2158 2816 cionis
2188 2763 2387 2817 saltem
2432 2778 2632 2817 rumor
2658 2763 2916 2835 aspersit,
2965 2780 3136 2835 quem
3167 2768 3338 2820 tanta:
3364 2766 3616 2822 scientiae

1981 2855 2116 2909 olim
2143 2854 2316 2910 fuisse
2342 2855 2730 2923 meminimus,
2761 2860 2829 2910 ut
2863 2857 3012 2912 inter
3031 2858 3343 2928 magistros
3369 2860 3617 2930 optimos

1980 2947 2147 3002 etiam
2187 2951 2319 3002 ante
2363 2965 2396 3002 a
2426 2948 2570 3003 meis
2602 2965 2828 3021 semper
2853 2950 3244 3005 decessoribus
3284 2951 3612 3007 haberetur.

1984 3042 2132 3096 Bene
2179 3059 2316 3112 ergo
2361 3041 2432 3097 de
2477 3058 2546 3097 eo
2596 3059 2794 3097 omnes
2837 3044 2896 3097 in
2941 3060 3247 3099 commune
3294 3051 3613 3114 senserunt,

1979 3138 2176 3206 utpote
2207 3135 2302 3207 qui
2337 3135 2546 3207 ubique
2573 3137 2792 3190 cunctis
2818 3140 2874 3191 et.
2899 3137 3084 3191 amori
3112 3137 3284 3193 fuerit
3303 3142 3362 3194 et
3386 3139 3615 3210 honori,

1979 3229 2131 3283 unde
2155 3230 2448 3284 resistatur
2474 3229 2680 3284 talibus
2720 3246 2862 3301 quos
2888 3231 3031 3285 mala
3062 3247 3314 3286 crescere
3335 3232 3614 3299 videmus,

1975 3322 2133 3377 nefas
2165 3328 2250 3376 est
2277 3323 2399 3376 haec
2438 3323 2555 3394 pati
2591 3323 2882 3394 religiosas
2908 3323 3149 3394 animas,
3193 3342 3438 3396 quarum
3465 3325 3609 3380 afﬂi-

1975 3415 2180 3484 ctione,
2215 3415 2350 3487 quia
2373 3415 2640 3470 membra
2667 3419 2860 3470 nostra
2885 3421 3142 3484 sunt,nos
3164 3434 3393 3488 quoque
3419 3433 3617 3473 conve-

1977 3509 2064 3562 nit
2110 3509 2407 3577 macerari,
2451 3509 2708 3580 quamvis
2739 3513 2968 3564 maneat
3010 3510 3113 3564 hos
3143 3510 3434 3566 beatitudo
3481 3529 3612 3582 pro-

1977 3603 2150 3657 missa
2175 3602 2498 3673 quicunque
2535 3603 2851 3673 probantur
2877 3604 3336 3674 persecutionem
3379 3609 3616 3675 propter

1969 3689 2250 3768 justitiam
2278 3696 2576 3765 sustinere,
2605 3695 2809 3767 quibus
2840 3697 2980 3768 quid
3015 3697 3312 3769 promittat
3336 3698 3613 3753 Dominus

1976 3791 2033 3845 in
2059 3791 2315 3845 futurum
2353 3806 2598 3861 sequens
2629 3807 2814 3846 sermo
2859 3791 3120 3845 declarat.
3156 3792 3280 3846 Non
3321 3797 3406 3846 est
3431 3808 3608 3863 agen-

1977 3884 2120 3939 tium
2169 3901 2340 3938 causa
2381 3884 2652 3953 solarum,
2699 3884 3033 3939 universalis
3073 3885 3330 3940 Ecclesiae
3365 3901 3614 3957 quacun-

1977 3993 2086 4050 que
2124 3977 2369 4032 novitate
2413 3977 2693 4048 pulsatur.
2731 3977 3118 4048 lntelligamus
3139 3978 3263 4032 haec
3301 3978 3424 4049 ipsa
3451 3978 3610 4032 vobis

1979 4088 2107 4143 qua:
2154 4071 2319 4126 nobis
2347 4087 2461 4125 non
2490 4072 2714 4142 placent
2744 4071 3058 4141 displicere.
3084 4071 3244 4135 Quod
3269 4070 3350 4126 ita
3377 4072 3610 4127 demum

1981 4165 2227 4237 probare
2258 4165 2590 4235 poterimus,
2625 4165 2670 4218 si
2698 4164 2965 4235 imposito
2993 4164 3266 4236 improbis
3291 4165 3515 4221 silentio
3546 4165 3615 4220 de

1978 4259 2078 4313 tali
2098 4275 2157 4312 re
2188 4259 2246 4311 in
2274 4263 2568 4329 posterum
2597 4258 2831 4328 querela
2865 4257 3122 4312 cessabit.
3154 4257 3427 4312 Dominus
3453 4259 3609 4312 inco-

1976 4352 2160 4406 lumes
2185 4368 2282 4404 vos
2309 4351 2603 4417 custodiat,
2631 4351 2835 4404 fratres
2862 4350 3198 4405 charissimi.

2050 4446 2137 4500 lIl.
2168 4444 2306 4509 Quia
2333 4443 2589 4497 nonnulli
2617 4443 2898 4498 catholico
2919 4443 3157 4498 nomine
3180 4443 3519 4513 gloriantur,
3551 4443 3612 4499 in

240 4539 574 4594 doctrinam.
622 4542 760 4595 Nam
805 4543 859 4595 et
889 4542 992 4596 hos
1039 4540 1190 4611 ipsos
1217 4558 1251 4595 a
1283 4541 1390 4594 Deo
1444 4544 1635 4594 nostro
1663 4536 1953 4610 positosD
1978 4539 2262 4594 damnatis
2306 4536 2706 4591 haereticorum
2754 4536 3012 4590 sensibus
3043 4553 3143 4590 seu
3172 4535 3450 4607 pravitate
3496 4537 3610 4590 sive

237 4633 504 4688 novimus
551 4633 621 4687 ad
651 4633 997 4702 docendum,
1048 4651 1176 4687 cum
1204 4633 1294 4699 sit,
1323 4633 1557 4686 docente
1583 4633 1873 4702 Apostolo,

239 4728 319 4781 eis
344 4744 376 4780 a
402 4727 602 4782 tertius
648 4727 806 4781 locus
836 4727 881 4797 (Ι
909 4730 1028 4785 Cor.
1075 4744 1167 4794 xu,
1196 4730 1280 4795 28)
1317 4747 1345 4775 ‹‹
1379 4726 1530 4780 intra
1574 4726 1876 4781 Ecclesiam

238 4820 615 4892 depu‘tandus.
662 4821 805 4884 Quid
838 4821 950 4875 illic
998 4820 1205 4891 speciei
1236 4824 1318 4875 est
1343 4819 1438 4873 ubi
1470 4819 1757 4889 magistris
1787 4825 1873 4874 ta-

241 4914 498 4969 centibus
530 4914 591 4968 hi
622 4915 977 4985 loquuntur?
1010 4915 1135 4982 Qui,
1177 4913 1224 4967 si
1262 4913 1342 4968 ita
1367 4916 1470 4980 est,
1500 4929 1697 4967 eorum
1717 4913 1875 4968 disci-

237 5008 356 5078 puli
384 5024 500 5062 non
529 5007 780 5076 fuerunt;
811 5009 984 5063 timeo
1007 5025 1080 5061 ne
1107 5007 1412 5062 connivere
1443 5006 1514 5061 sit
1533 5007 1641 5062 hoc
1669 5011 1871 5076 tacere,

238 5101 414 5155 timeo
447 5116 520 5155 ne
552 5101 734 5171 magis
762 5101 868 5172 ipsi
915 5101 1225 5171 loquantur
1275 5100 1370 5171 qui
1400 5100 1740 5171 permittunt
1766 5100 1876 5156 illis

238 5195 430 5250 taliter
475 5195 652 5266 loqui.
680 5195 741 5249 In
785 5194 990 5249 talibus
1017 5194 1202 5248 causis
1228 5210 1346 5248 non
1373 5197 1527 5248 caret
1561 5193 1876 5264 suspicione

242 5287 612 5355 taciturnitas,
668 5288 801 5360 quia
847 5293 1170 5344 occurreret
1218 5287 1441 5356 veritas,
1495 5286 1706 5342 falsitas
1759 5288 1874 5343 dis-

240 5381 489 5451 pliceret.
563 5381 758 5436 Merito
816 5397 1067 5452 namque
1139 5397 1303 5435 causa
1345 5397 1449 5435 nos
1519 5380 1770 5451 respicit,
1830 5381 1874 5435 si

240 5474 464 5529 silentio
501 5474 794 5529 faveamus
835 5473 1031 5528 errori.
1075 5475 1222 5544 Ergo
1263 5473 1641 5544 corripiantur
1676 5473 1874 5544 hujus-

239 5567 414 5634 modi,
445 5584 561 5622 non
591 5567 663 5622 sit
692 5568 780 5622 his
808 5567 1054 5622 liberum
1083 5566 1294 5621 habere
1320 5583 1423 5637 pro
1451 5566 1734 5622 voluntate
1755 5583 1872 5622 ser-

242 5678 502 5717 monem.
554 5661 802 5730 Deserat,
833 5661 880 5716 si
919 5662 1000 5716 ita
1029 5677 1119 5715 res
1144 5663 1295 5726 sunt,
1349 5660 1632 5716 incessere
1660 5661 1874 5715 novitas

241 5759 596 5810 vetustatem.
621 5755 852 5810 Desinat
872 5755 1243 5810 Ecclesiarum
1265 5753 1517 5824 quietem
1542 5753 1874 5826 inquietudo

241 5849 500 5908 turbare.
545 5852 834 5906 Conantur
870 5865 1019 5922 sepe
1067 5847 1366 5920 naufragio
1411 5863 1692 5919 mergere,
1737 5864 1878 5922 quos

1976 4631 2262 4703 imperitia
2293 4631 2660 4685 demorantes
2703 4629 2970 4701 piissimis
3008 4627 3482 4700 disputationibus
3508 4629 3607 4684 ob-

1974 4726 2128 4780 viare
2156 4727 2533 4796 praesumunt.
2560 4726 2625 4780 Et
2643 4741 2772 4779 cum
2791 4723 3084 4795 Pelagium
3106 4725 3274 4794 atque
3289 4722 3611 4778 Caelestium

1974 4818 2454 4874 anathematizare
2482 4833 2596 4872 non
2627 4816 2906 4885 dubitent,
2948 4815 3260 4891 magistros
3289 4818 3480 4869 tamen
3512 4832 3610 4870 ve-

1975 4916 2122 4967 stros
2155 4916 2425 4983 tanquam
2452 4911 2834 4966 necessarium
2870 4910 3103 4964 modum
3147 4907 3490 4965 excesserint
3518 4909 3615 4964 ob-

1973 5007 2306 5078 loquuntur,
2357 5022 2533 5077 eaque
2588 5003 2987 5058 tantummodo
3038 5001 3220 5073 sequi,
3253 5004 3309 5056 et
3364 5002 3612 5073 probare

1976 5100 2316 5172 profitentur
2369 5115 2494 5170 quas
2535 5097 2913 5152 sacratissima
2958 5095 3109 5151 beati
3164 5095 3405 5167 apostoli
3450 5096 3613 5152 sedes

1975 5199 2169 5249 contra
2193 5193 2458 5248 inimicos
2479 5191 2673 5264 gratia:
2701 5191 2801 5246 Dei
2826 5206 2931 5261 per
2945 5188 3283 5260 mysterium
3301 5191 3610 5262 praesulum

1977 5303 2209 5343 suorum
2248 5286 2428 5340 sanxit
2457 5288 2514 5341 et
2540 5285 2750 5340 docuit.
2799 5283 3194 5340 Necessarium
3222 5283 3399 5356 igitur
3440 5285 3613 5339 fuerit

1977 5381 2282 5452 diligenter
2309 5379 2597 5451 inquirere
2616 5378 2755 5450 quid
2781 5381 3032 5434 rectores
3051 5379 3327 5434 Romanae
3350 5377 3611 5433 Ecclesiae

1975 5474 2045 5528 de
2070 5472 2272 5528 hwresi
2299 5489 2428 5545 quas
2458 5488 2657 5528 eorum
2685 5471 3043 5544 temporibus
3073 5475 3272 5526 exorta
3304 5472 3492 5526 fuerat
3513 5471 3606 5540 ju-

1976 5567 2301 5634 dicaverint,
2348 5569 2406 5621 et
2442 5571 2640 5622 contra
2683 5565 3114 5622 nocentissimos
3163 5564 3326 5620 liberi
3391 5562 3609 5617 arbitrii

1976 5660 2304 5715 defensores
2327 5660 2465 5732 quid
2493 5661 2562 5716 de
2593 5660 2776 5732 gratia
2806 5659 2905 5714 Dei
2935 5657 3300 5714 sentiendum
3322 5671 3440 5710 esse
3471 5671 3605 5708 cen-

1976 5754 2304 5823 suerint,ita
2329 5760 2393 5809 ut
2413 5755 2585 5810 etiam
2615 5755 3014 5810 Africanorum
3039 5749 3406 5806 concinorum
3435 5765 3607 5820 quas-

1977 5849 2110 5906 dam
2140 5849 2453 5906 sententias
2473 5849 2870 5922 jungeremus,
2907 5862 3046 5920 quas
3075 5843 3274 5916 utique
3301 5859 3429 5899 suas
3459 5841 3616 5900 1⁵000--
