  <div class='ocr_page' id='page_1' title='image "/cluster/home/n/w/nwhite01/storage/ocr_20150623/130/umn.319510024774230/451.png"; bbox 0 0 4034 6298; ppageno 0'>
   <div class='ocr_carea' id='block_1_1' title="bbox 417 301 512 354">
    <p class='ocr_par' dir='ltr' id='par_1_1' title="bbox 417 301 512 354">
     <span class='ocr_line' id='line_1_1' title="bbox 417 301 512 354; baseline 0 0"><span class='ocrx_word' id='word_1_1' title='bbox 417 301 512 354; x_wconf 80' lang='grc'><strong>751</strong></span> 
     </span>
    </p>
   </div>
   <div class='ocr_carea' id='block_1_2' title="bbox 1316 291 2894 353">
    <p class='ocr_par' dir='ltr' id='par_1_2' title="bbox 1316 291 2894 353">
     <span class='ocr_line' id='line_1_2' title="bbox 1316 291 2894 353; baseline -0.003 -1"><span class='ocrx_word' id='word_1_2' title='bbox 1316 297 1598 353; x_wconf 82' lang='lat' dir='ltr'><strong>APPEND.</strong></span> <span class='ocrx_word' id='word_1_3' title='bbox 1641 295 1728 352; x_wconf 85' lang='lat' dir='ltr'><strong>AD</strong></span> <span class='ocrx_word' id='word_1_4' title='bbox 1767 294 1930 350; x_wconf 70' lang='lat' dir='ltr'><strong>SAEC.</strong></span> <span class='ocrx_word' id='word_1_5' title='bbox 1971 294 2062 349; x_wconf 78' lang='lat' dir='ltr'><strong>IX.</strong></span> <span class='ocrx_word' id='word_1_6' title='bbox 2087 321 2157 334; x_wconf 89' lang='lat'><strong>â€”--</strong></span> <span class='ocrx_word' id='word_1_7' title='bbox 2191 291 2439 349; x_wconf 85' lang='lat' dir='ltr'><strong>ISlDORI</strong></span> <span class='ocrx_word' id='word_1_8' title='bbox 2473 291 2894 350; x_wconf 78' lang='lat' dir='ltr'><strong>MERCATORIS</strong></span> 
     </span>
    </p>
   </div>
   <div class='ocr_carea' id='block_1_3' title="bbox 3680 301 3787 354">
    <p class='ocr_par' dir='ltr' id='par_1_3' title="bbox 3680 301 3787 354">
     <span class='ocr_line' id='line_1_3' title="bbox 3680 301 3787 354; baseline 0.019 -2"><span class='ocrx_word' id='word_1_9' title='bbox 3680 301 3787 354; x_wconf 80' lang='lat'><strong>752</strong></span> 
     </span>
    </p>
   </div>
   <div class='ocr_carea' id='block_1_4' title="bbox 417 398 3789 486">
    <p class='ocr_par' dir='ltr' id='par_1_4' title="bbox 417 398 3789 486">
     <span class='ocr_line' id='line_1_4' title="bbox 417 398 3789 486; baseline -0 -25"><span class='ocrx_word' id='word_1_10' title='bbox 417 406 554 462; x_wconf 89' lang='lat' dir='ltr'><strong>runt</strong></span> <span class='ocrx_word' id='word_1_11' title='bbox 595 405 886 476; x_wconf 82' lang='lat' dir='ltr'><strong>apostolici</strong></span> <span class='ocrx_word' id='word_1_12' title='bbox 945 403 1220 460; x_wconf 82' lang='lat' dir='ltr'><strong>antistites</strong></span> <span class='ocrx_word' id='word_1_13' title='bbox 1283 409 1340 458; x_wconf 91' lang='lat' dir='ltr'><strong>et</strong></span> <span class='ocrx_word' id='word_1_14' title='bbox 1386 403 1718 474; x_wconf 85' lang='lat' dir='ltr'><strong>probarunt.</strong></span> <span class='ocrx_word' id='word_1_15' title='bbox 1789 403 1858 456; x_wconf 92' lang='lat' dir='ltr'><strong>Ut</strong></span> <span class='ocrx_word' id='word_1_16' title='bbox 1911 417 2047 472; x_wconf 90' lang='lat' dir='ltr'><strong>ergo</strong></span> <span class='ocrx_word' id='word_1_17' title='bbox 2069 401 2401 486; x_wconf 74' lang='lat' dir='ltr'><strong>Ascribeus</strong></span> <span class='ocrx_word' id='word_1_18' title='bbox 2440 400 2511 456; x_wconf 90' lang='lat' dir='ltr'><strong>ad</strong></span> <span class='ocrx_word' id='word_1_19' title='bbox 2556 399 2731 457; x_wconf 86' lang='lat' dir='ltr'><strong>totius</strong></span> <span class='ocrx_word' id='word_1_20' title='bbox 2772 399 2923 455; x_wconf 82' lang='lat' dir='ltr'><strong>orbis</strong></span> <span class='ocrx_word' id='word_1_21' title='bbox 2968 398 3268 471; x_wconf 84' lang='lat' dir='ltr'><strong>episcopos</strong></span> <span class='ocrx_word' id='word_1_22' title='bbox 3301 401 3550 458; x_wconf 81' lang='lat' dir='ltr'><strong>aitzNos</strong></span> <span class='ocrx_word' id='word_1_23' title='bbox 3590 406 3789 460; x_wconf 87' lang='lat' dir='ltr'><strong>autem</strong></span> 
     </span>
    </p>
   </div>
   <div class='ocr_carea' id='block_1_5' title="bbox 416 495 2046 571">
    <p class='ocr_par' dir='ltr' id='par_1_5' title="bbox 416 495 2046 571">
     <span class='ocr_line' id='line_1_5' title="bbox 416 495 2046 571; baseline -0.002 -19"><span class='ocrx_word' id='word_1_24' title='bbox 416 498 643 571; x_wconf 88' lang='lat' dir='ltr'><strong>plenius</strong></span> <span class='ocrx_word' id='word_1_25' title='bbox 675 499 770 570; x_wconf 88' lang='lat' dir='ltr'><strong>qui</strong></span> <span class='ocrx_word' id='word_1_26' title='bbox 801 500 859 554; x_wconf 91' lang='lat' dir='ltr'><strong>in</strong></span> <span class='ocrx_word' id='word_1_27' title='bbox 888 499 1074 571; x_wconf 90' lang='lat' dir='ltr'><strong>aliquo</strong></span> <span class='ocrx_word' id='word_1_28' title='bbox 1103 497 1383 566; x_wconf 91' lang='lat' dir='ltr'><strong>dubitant,</strong></span> <span class='ocrx_word' id='word_1_29' title='bbox 1419 497 1794 564; x_wconf 89' lang='lat' dir='ltr'><strong>instruantur,</strong></span> <span class='ocrx_word' id='word_1_30' title='bbox 1834 495 2046 550; x_wconf 91' lang='lat' dir='ltr'><strong>consti-</strong></span> 
     </span>
    </p>
   </div>
   <div class='ocr_carea' id='block_1_6' title="bbox 419 589 2047 661">
    <p class='ocr_par' dir='ltr' id='par_1_6' title="bbox 419 589 2047 661">
     <span class='ocr_line' id='line_1_6' title="bbox 419 589 2047 661; baseline -0.003 -14"><span class='ocrx_word' id='word_1_31' title='bbox 419 593 669 647; x_wconf 89' lang='lat' dir='ltr'><strong>tutiones</strong></span> <span class='ocrx_word' id='word_1_32' title='bbox 693 597 1014 648; x_wconf 86' lang='lat' dir='ltr'><strong>sanctorum</strong></span> <span class='ocrx_word' id='word_1_33' title='bbox 1042 594 1268 646; x_wconf 82' lang='lat' dir='ltr'><strong>Patrum</strong></span> <span class='ocrx_word' id='word_1_34' title='bbox 1285 589 1690 661; x_wconf 86' lang='lat' dir='ltr'><strong>compendiose</strong></span> <span class='ocrx_word' id='word_1_35' title='bbox 1719 589 2047 643; x_wconf 88' lang='lat' dir='ltr'><strong>manifeste-</strong></span> 
     </span>
    </p>
   </div>
   <div class='ocr_carea' id='block_1_7' title="bbox 419 683 2052 757">
    <p class='ocr_par' dir='ltr' id='par_1_7' title="bbox 419 683 2052 757">
     <span class='ocr_line' id='line_1_7' title="bbox 419 683 2052 757; baseline -0.004 -15"><span class='ocrx_word' id='word_1_36' title='bbox 419 703 551 742; x_wconf 87' lang='lat' dir='ltr'><strong>mus</strong></span> <span class='ocrx_word' id='word_1_37' title='bbox 579 686 840 741; x_wconf 91' lang='lat' dir='ltr'><strong>indiculo.</strong></span> <span class='ocrx_word' id='word_1_38' title='bbox 872 686 1029 750; x_wconf 90' lang='lat' dir='ltr'><strong>Quod</strong></span> <span class='ocrx_word' id='word_1_39' title='bbox 1058 686 1102 739; x_wconf 90' lang='lat' dir='ltr'><strong>si</strong></span> <span class='ocrx_word' id='word_1_40' title='bbox 1131 685 1256 757; x_wconf 88' lang='lat' dir='ltr'><strong>quis</strong></span> <span class='ocrx_word' id='word_1_41' title='bbox 1290 701 1406 738; x_wconf 91' lang='lat' dir='ltr'><strong>non</strong></span> <span class='ocrx_word' id='word_1_42' title='bbox 1433 683 1681 738; x_wconf 88' lang='lat' dir='ltr'><strong>nimium</strong></span> <span class='ocrx_word' id='word_1_43' title='bbox 1709 687 1792 736; x_wconf 87' lang='lat' dir='ltr'><strong>est</strong></span> <span class='ocrx_word' id='word_1_44' title='bbox 1820 685 2052 737; x_wconf 86' lang='lat' dir='ltr'><strong>conten-</strong></span> 
     </span>
    </p>
   </div>
   <div class='ocr_carea' id='block_1_8' title="bbox 419 775 2050 850">
    <p class='ocr_par' dir='ltr' id='par_1_8' title="bbox 419 775 2050 850">
     <span class='ocr_line' id='line_1_8' title="bbox 419 775 2050 850; baseline -0.002 -16"><span class='ocrx_word' id='word_1_45' title='bbox 419 779 884 850; x_wconf 87' lang='lat' dir='ltr'><strong>tiosus,agnoscat</strong></span> <span class='ocrx_word' id='word_1_46' title='bbox 895 779 1154 834; x_wconf 90' lang='lat' dir='ltr'><strong>omnium</strong></span> <span class='ocrx_word' id='word_1_47' title='bbox 1169 777 1619 850; x_wconf 81' lang='lat' dir='ltr'><strong>disputationum</strong></span> <span class='ocrx_word' id='word_1_48' title='bbox 1635 775 2050 832; x_wconf 91' lang='lat' dir='ltr'><strong>connexionem</strong></span> 
     </span>
    </p>
   </div>
   <div class='ocr_carea' id='block_1_9' title="bbox 419 870 2044 942">
    <p class='ocr_par' dir='ltr' id='par_1_9' title="bbox 419 870 2044 942">
     <span class='ocr_line' id='line_1_9' title="bbox 419 870 2044 942; baseline -0.004 -12"><span class='ocrx_word' id='word_1_49' title='bbox 419 889 486 930; x_wconf 87' lang='lat' dir='ltr'><strong>ex</strong></span> <span class='ocrx_word' id='word_1_50' title='bbox 515 873 616 926; x_wconf 90' lang='lat' dir='ltr'><strong>hac</strong></span> <span class='ocrx_word' id='word_1_51' title='bbox 656 873 1010 928; x_wconf 89' lang='lat' dir='ltr'><strong>subditarum</strong></span> <span class='ocrx_word' id='word_1_52' title='bbox 1034 873 1436 927; x_wconf 89' lang='lat' dir='ltr'><strong>auctoritatum</strong></span> <span class='ocrx_word' id='word_1_53' title='bbox 1478 871 1748 926; x_wconf 92' lang='lat' dir='ltr'><strong>brevitate</strong></span> <span class='ocrx_word' id='word_1_54' title='bbox 1775 870 2044 942; x_wconf 91' lang='lat' dir='ltr'><strong>pendere,</strong></span> 
     </span>
    </p>
   </div>
   <div class='ocr_carea' id='block_1_10' title="bbox 416 963 2044 1037">
    <p class='ocr_par' dir='ltr' id='par_1_10' title="bbox 416 963 2044 1037">
     <span class='ocr_line' id='line_1_10' title="bbox 416 963 2044 1037; baseline -0.002 -17"><span class='ocrx_word' id='word_1_55' title='bbox 416 965 745 1037; x_wconf 86' lang='lat' dir='ltr'><strong>nullamque</strong></span> <span class='ocrx_word' id='word_1_56' title='bbox 777 967 882 1021; x_wconf 87' lang='lat' dir='ltr'><strong>sibi</strong></span> <span class='ocrx_word' id='word_1_57' title='bbox 911 965 1373 1021; x_wconf 89' lang='lat' dir='ltr'><strong>contradictionis</strong></span> <span class='ocrx_word' id='word_1_58' title='bbox 1407 980 1698 1037; x_wconf 84' lang='lat' dir='ltr'><strong>superesse</strong></span> <span class='ocrx_word' id='word_1_59' title='bbox 1743 963 2044 1030; x_wconf 89' lang='lat' dir='ltr'><strong>rationem,</strong></span> 
     </span>
    </p>
   </div>
   <div class='ocr_carea' id='block_1_11' title="bbox 416 1059 1924 1124">
    <p class='ocr_par' dir='ltr' id='par_1_11' title="bbox 416 1059 1924 1124">
     <span class='ocr_line' id='line_1_11' title="bbox 416 1059 1924 1124; baseline 0 -11"><span class='ocrx_word' id='word_1_60' title='bbox 416 1060 461 1117; x_wconf 92' lang='lat' dir='ltr'><strong>si</strong></span> <span class='ocrx_word' id='word_1_61' title='bbox 487 1077 613 1114; x_wconf 92' lang='lat' dir='ltr'><strong>cum</strong></span> <span class='ocrx_word' id='word_1_62' title='bbox 640 1060 928 1115; x_wconf 88' lang='lat' dir='ltr'><strong>catholicis</strong></span> <span class='ocrx_word' id='word_1_63' title='bbox 953 1060 1151 1115; x_wconf 88' lang='lat' dir='ltr'><strong>credat</strong></span> <span class='ocrx_word' id='word_1_64' title='bbox 1181 1063 1240 1114; x_wconf 91' lang='lat' dir='ltr'><strong>et</strong></span> <span class='ocrx_word' id='word_1_65' title='bbox 1269 1059 1437 1114; x_wconf 86' lang='lat' dir='ltr'><strong>dicat.</strong></span> <span class='ocrx_word' id='word_1_66' title='bbox 1917 1117 1924 1124; x_wconf 56' lang='grc'>,</span> 
     </span>
    </p>
   </div>
   <div class='ocr_carea' id='block_1_12' title="bbox 487 1150 2046 1224">
    <p class='ocr_par' dir='ltr' id='par_1_12' title="bbox 487 1150 2046 1224">
     <span class='ocr_line' id='line_1_12' title="bbox 487 1150 2046 1224; baseline -0.003 -16"><span class='ocrx_word' id='word_1_67' title='bbox 487 1155 570 1208; x_wconf 87' lang='lat' dir='ltr'><strong>IV.</strong></span> <span class='ocrx_word' id='word_1_68' title='bbox 612 1155 674 1209; x_wconf 87' lang='lat' dir='ltr'><strong>In</strong></span> <span class='ocrx_word' id='word_1_69' title='bbox 703 1153 1172 1224; x_wconf 69' lang='lat' dir='ltr'><strong>praevaricatione</strong></span> <span class='ocrx_word' id='word_1_70' title='bbox 1215 1153 1350 1207; x_wconf 79' lang='lat' dir='ltr'><strong>Adae</strong></span> <span class='ocrx_word' id='word_1_71' title='bbox 1377 1167 1572 1207; x_wconf 90' lang='lat' dir='ltr'><strong>omnes</strong></span> <span class='ocrx_word' id='word_1_72' title='bbox 1603 1150 1866 1206; x_wconf 85' lang='lat' dir='ltr'><strong>homines</strong></span> <span class='ocrx_word' id='word_1_73' title='bbox 1891 1153 2046 1205; x_wconf 88' lang='lat' dir='ltr'><strong>natu-</strong></span> 
     </span>
    </p>
   </div>
   <div class='ocr_carea' id='block_1_13' title="bbox 414 1244 2048 1318">
    <p class='ocr_par' dir='ltr' id='par_1_13' title="bbox 414 1244 2048 1318">
     <span class='ocr_line' id='line_1_13' title="bbox 414 1244 2048 1318; baseline -0.002 -16"><span class='ocrx_word' id='word_1_74' title='bbox 414 1248 590 1302; x_wconf 84' lang='lat' dir='ltr'><strong>ralem</strong></span> <span class='ocrx_word' id='word_1_75' title='bbox 637 1246 1069 1318; x_wconf 87' lang='lat' dir='ltr'><strong>possibilitatem</strong></span> <span class='ocrx_word' id='word_1_76' title='bbox 1101 1249 1158 1301; x_wconf 89' lang='lat' dir='ltr'><strong>et</strong></span> <span class='ocrx_word' id='word_1_77' title='bbox 1201 1245 1588 1300; x_wconf 88' lang='lat' dir='ltr'><strong>innocentiam</strong></span> <span class='ocrx_word' id='word_1_78' title='bbox 1627 1244 1962 1315; x_wconf 89' lang='lat' dir='ltr'><strong>perdidisse,</strong></span> <span class='ocrx_word' id='word_1_79' title='bbox 1992 1247 2048 1299; x_wconf 91' lang='lat' dir='ltr'><strong>et</strong></span> 
     </span>
    </p>
   </div>
   <div class='ocr_carea' id='block_1_14' title="bbox 415 1338 2046 1412">
    <p class='ocr_par' dir='ltr' id='par_1_14' title="bbox 415 1338 2046 1412">
     <span class='ocr_line' id='line_1_14' title="bbox 415 1338 2046 1412; baseline -0.002 -17"><span class='ocrx_word' id='word_1_80' title='bbox 415 1340 710 1395; x_wconf 87' lang='lat' dir='ltr'><strong>neminem</strong></span> <span class='ocrx_word' id='word_1_81' title='bbox 743 1341 814 1395; x_wconf 91' lang='lat' dir='ltr'><strong>de</strong></span> <span class='ocrx_word' id='word_1_82' title='bbox 837 1340 1120 1412; x_wconf 87' lang='lat' dir='ltr'><strong>profundo</strong></span> <span class='ocrx_word' id='word_1_83' title='bbox 1146 1339 1296 1394; x_wconf 92' lang='lat' dir='ltr'><strong>illius</strong></span> <span class='ocrx_word' id='word_1_84' title='bbox 1313 1339 1492 1393; x_wconf 67' lang='lat' dir='ltr'><strong>ruinae</strong></span> <span class='ocrx_word' id='word_1_85' title='bbox 1517 1355 1619 1410; x_wconf 88' lang='lat' dir='ltr'><strong>per</strong></span> <span class='ocrx_word' id='word_1_86' title='bbox 1644 1339 1885 1394; x_wconf 88' lang='lat' dir='ltr'><strong>liberum</strong></span> <span class='ocrx_word' id='word_1_87' title='bbox 1903 1338 2046 1392; x_wconf 91' lang='lat' dir='ltr'><strong>arbi-</strong></span> 
     </span>
    </p>
   </div>
   <div class='ocr_carea' id='block_1_15' title="bbox 414 1432 2042 1506">
    <p class='ocr_par' dir='ltr' id='par_1_15' title="bbox 414 1432 2042 1506">
     <span class='ocr_line' id='line_1_15' title="bbox 414 1432 2042 1506; baseline -0.002 -18"><span class='ocrx_word' id='word_1_88' title='bbox 414 1434 587 1489; x_wconf 82' lang='lat' dir='ltr'><strong>trium</strong></span> <span class='ocrx_word' id='word_1_89' title='bbox 617 1451 778 1506; x_wconf 91' lang='lat' dir='ltr'><strong>posse</strong></span> <span class='ocrx_word' id='word_1_90' title='bbox 808 1450 1168 1505; x_wconf 86' lang='lat' dir='ltr'><strong>consurgere,</strong></span> <span class='ocrx_word' id='word_1_91' title='bbox 1213 1432 1319 1488; x_wconf 91' lang='lat' dir='ltr'><strong>nisi</strong></span> <span class='ocrx_word' id='word_1_92' title='bbox 1348 1449 1479 1488; x_wconf 90' lang='lat' dir='ltr'><strong>eum</strong></span> <span class='ocrx_word' id='word_1_93' title='bbox 1523 1432 1702 1503; x_wconf 89' lang='lat' dir='ltr'><strong>gratia</strong></span> <span class='ocrx_word' id='word_1_94' title='bbox 1733 1432 1832 1486; x_wconf 90' lang='lat' dir='ltr'><strong>Dei</strong></span> <span class='ocrx_word' id='word_1_95' title='bbox 1869 1432 2042 1486; x_wconf 89' lang='lat' dir='ltr'><strong>mise-</strong></span> 
     </span>
    </p>
   </div>
   <div class='ocr_carea' id='block_1_16' title="bbox 419 1525 2046 1599">
    <p class='ocr_par' dir='ltr' id='par_1_16' title="bbox 419 1525 2046 1599">
     <span class='ocr_line' id='line_1_16' title="bbox 419 1525 2046 1599; baseline -0.002 -17"><span class='ocrx_word' id='word_1_96' title='bbox 419 1528 596 1582; x_wconf 88' lang='lat' dir='ltr'><strong>rentis</strong></span> <span class='ocrx_word' id='word_1_97' title='bbox 626 1528 887 1595; x_wconf 80' lang='lat' dir='ltr'><strong>erexerit,</strong></span> <span class='ocrx_word' id='word_1_98' title='bbox 929 1526 1336 1599; x_wconf 79' lang='lat' dir='ltr'><strong>pronuntiante</strong></span> <span class='ocrx_word' id='word_1_99' title='bbox 1363 1527 1538 1582; x_wconf 69' lang='lat' dir='ltr'><strong>beata:</strong></span> <span class='ocrx_word' id='word_1_100' title='bbox 1566 1525 1856 1580; x_wconf 74' lang='lat' dir='ltr'><strong>memoria:</strong></span> <span class='ocrx_word' id='word_1_101' title='bbox 1882 1527 2046 1581; x_wconf 88' lang='lat' dir='ltr'><strong>Inno-</strong></span> 
     </span>
    </p>
   </div>
   <div class='ocr_carea' id='block_1_17' title="bbox 417 1624 2044 1697">
    <p class='ocr_par' dir='ltr' id='par_1_17' title="bbox 417 1624 2044 1697">
     <span class='ocr_line' id='line_1_17' title="bbox 417 1624 2044 1697; baseline -0.001 -18"><span class='ocrx_word' id='word_1_102' title='bbox 417 1627 623 1690; x_wconf 89' lang='lat' dir='ltr'><strong>centio,</strong></span> <span class='ocrx_word' id='word_1_103' title='bbox 668 1630 837 1697; x_wconf 90' lang='lat' dir='ltr'><strong>atque</strong></span> <span class='ocrx_word' id='word_1_104' title='bbox 869 1625 1088 1680; x_wconf 86' lang='lat' dir='ltr'><strong>dicente</strong></span> <span class='ocrx_word' id='word_1_105' title='bbox 1132 1625 1192 1679; x_wconf 94' lang='lat' dir='ltr'><strong>in</strong></span> <span class='ocrx_word' id='word_1_106' title='bbox 1224 1624 1463 1696; x_wconf 90' lang='lat' dir='ltr'><strong>epistola</strong></span> <span class='ocrx_word' id='word_1_107' title='bbox 1495 1625 1565 1680; x_wconf 93' lang='lat' dir='ltr'><strong>ad</strong></span> <span class='ocrx_word' id='word_1_108' title='bbox 1594 1624 2044 1696; x_wconf 89' lang='lat' dir='ltr'><strong>Carthaginense</strong></span> 
     </span>
    </p>
   </div>
   <div class='ocr_carea' id='block_1_18' title="bbox 416 1718 2041 1790">
    <p class='ocr_par' dir='ltr' id='par_1_18' title="bbox 416 1718 2041 1790">
     <span class='ocr_line' id='line_1_18' title="bbox 416 1718 2041 1790; baseline -0.002 -16"><span class='ocrx_word' id='word_1_109' title='bbox 416 1718 739 1774; x_wconf 89' lang='lat' dir='ltr'><strong>concilium.</strong></span> <span class='ocrx_word' id='word_1_110' title='bbox 785 1719 1051 1774; x_wconf 87' lang='lat' dir='ltr'><strong>Liberum</strong></span> <span class='ocrx_word' id='word_1_111' title='bbox 1079 1719 1232 1774; x_wconf 91' lang='lat' dir='ltr'><strong>enim</strong></span> <span class='ocrx_word' id='word_1_112' title='bbox 1263 1719 1562 1774; x_wconf 87' lang='lat' dir='ltr'><strong>arbitrium</strong></span> <span class='ocrx_word' id='word_1_113' title='bbox 1591 1718 1682 1774; x_wconf 90' lang='lat' dir='ltr'><strong>ille</strong></span> <span class='ocrx_word' id='word_1_114' title='bbox 1721 1734 2041 1790; x_wconf 88' lang='lat' dir='ltr'><strong>perpessus,</strong></span> 
     </span>
    </p>
   </div>
   <div class='ocr_carea' id='block_1_19' title="bbox 2149 493 3789 563">
    <p class='ocr_par' dir='ltr' id='par_1_19' title="bbox 2149 493 3789 563">
     <span class='ocr_line' id='line_1_19' title="bbox 2149 493 3789 563; baseline 0.002 -15"><span class='ocrx_word' id='word_1_115' title='bbox 2149 495 2418 549; x_wconf 90' lang='lat' dir='ltr'><strong>instinctu</strong></span> <span class='ocrx_word' id='word_1_116' title='bbox 2459 493 2557 548; x_wconf 88' lang='lat' dir='ltr'><strong>Dei</strong></span> <span class='ocrx_word' id='word_1_117' title='bbox 2584 494 2795 563; x_wconf 90' lang='lat' dir='ltr'><strong>(omnia</strong></span> <span class='ocrx_word' id='word_1_118' title='bbox 2833 494 2987 548; x_wconf 90' lang='lat' dir='ltr'><strong>enim</strong></span> <span class='ocrx_word' id='word_1_119' title='bbox 3013 493 3168 548; x_wconf 91' lang='lat' dir='ltr'><strong>bona</strong></span> <span class='ocrx_word' id='word_1_120' title='bbox 3193 495 3262 549; x_wconf 91' lang='lat' dir='ltr'><strong>ad</strong></span> <span class='ocrx_word' id='word_1_121' title='bbox 3289 500 3576 551; x_wconf 85' lang='lat' dir='ltr'><strong>auctorem</strong></span> <span class='ocrx_word' id='word_1_122' title='bbox 3617 514 3789 552; x_wconf 89' lang='lat' dir='ltr'><strong>suum</strong></span> 
     </span>
    </p>
   </div>
   <div class='ocr_carea' id='block_1_20' title="bbox 2149 587 3796 658">
    <p class='ocr_par' dir='ltr' id='par_1_20' title="bbox 2149 587 3796 658">
     <span class='ocr_line' id='line_1_20' title="bbox 2149 587 3796 658; baseline 0.002 -15"><span class='ocrx_word' id='word_1_123' title='bbox 2149 588 2448 643; x_wconf 87' lang='lat' dir='ltr'><strong>referenda</strong></span> <span class='ocrx_word' id='word_1_124' title='bbox 2513 592 2647 642; x_wconf 89' lang='lat' dir='ltr'><strong>sunt</strong></span> <span class='ocrx_word' id='word_1_125' title='bbox 2699 587 2848 642; x_wconf 88' lang='lat' dir='ltr'><strong>unde</strong></span> <span class='ocrx_word' id='word_1_126' title='bbox 2920 588 3251 658; x_wconf 88' lang='lat' dir='ltr'><strong>nascuntur)</strong></span> <span class='ocrx_word' id='word_1_127' title='bbox 3303 589 3372 644; x_wconf 88' lang='lat' dir='ltr'><strong>ad</strong></span> <span class='ocrx_word' id='word_1_128' title='bbox 3438 589 3686 645; x_wconf 82' lang='lat' dir='ltr'><strong>fratrum</strong></span> <span class='ocrx_word' id='word_1_129' title='bbox 3735 596 3796 647; x_wconf 84' lang='lat' dir='ltr'><strong>et</strong></span> 
     </span>
    </p>
   </div>
   <div class='ocr_carea' id='block_1_21' title="bbox 2149 681 3792 752">
    <p class='ocr_par' dir='ltr' id='par_1_21' title="bbox 2149 681 3792 752">
     <span class='ocr_line' id='line_1_21' title="bbox 2149 681 3792 752; baseline 0.002 -17"><span class='ocrx_word' id='word_1_130' title='bbox 2149 681 2611 752; x_wconf 89' lang='lat' dir='ltr'><strong>coepiscoporum</strong></span> <span class='ocrx_word' id='word_1_131' title='bbox 2674 683 2999 736; x_wconf 91' lang='lat' dir='ltr'><strong>nostrorum</strong></span> <span class='ocrx_word' id='word_1_132' title='bbox 3059 681 3461 736; x_wconf 89' lang='lat' dir='ltr'><strong>conscientiam</strong></span> <span class='ocrx_word' id='word_1_133' title='bbox 3525 683 3792 739; x_wconf 89' lang='lat' dir='ltr'><strong>universa</strong></span> 
     </span>
    </p>
   </div>
   <div class='ocr_carea' id='block_1_22' title="bbox 2147 775 3788 834">
    <p class='ocr_par' dir='ltr' id='par_1_22' title="bbox 2147 775 3788 834">
     <span class='ocr_line' id='line_1_22' title="bbox 2147 775 3788 834; baseline 0.002 -4"><span class='ocrx_word' id='word_1_134' title='bbox 2147 775 2464 831; x_wconf 88' lang='lat' dir='ltr'><strong>retulimus.</strong></span> <span class='ocrx_word' id='word_1_135' title='bbox 2498 775 2657 829; x_wconf 91' lang='lat' dir='ltr'><strong>Nunc</strong></span> <span class='ocrx_word' id='word_1_136' title='bbox 2695 779 2886 829; x_wconf 89' lang='lat' dir='ltr'><strong>autem</strong></span> <span class='ocrx_word' id='word_1_137' title='bbox 2913 791 3239 830; x_wconf 91' lang='lat' dir='ltr'><strong>sermonem</strong></span> <span class='ocrx_word' id='word_1_138' title='bbox 3269 775 3660 832; x_wconf 51' lang='lat' dir='ltr'><strong>sincerissima).</strong></span> <span class='ocrx_word' id='word_1_139' title='bbox 3688 795 3788 834; x_wconf 93' lang='lat' dir='ltr'><strong>ve-</strong></span> 
     </span>
    </p>
   </div>
   <div class='ocr_carea' id='block_1_23' title="bbox 2148 869 3788 943">
    <p class='ocr_par' dir='ltr' id='par_1_23' title="bbox 2148 869 3788 943">
     <span class='ocr_line' id='line_1_23' title="bbox 2148 869 3788 943; baseline 0.002 -19"><span class='ocrx_word' id='word_1_140' title='bbox 2148 869 2326 924; x_wconf 89' lang='lat' dir='ltr'><strong>ritatis</strong></span> <span class='ocrx_word' id='word_1_141' title='bbox 2369 869 2492 923; x_wconf 92' lang='lat' dir='ltr'><strong>luce</strong></span> <span class='ocrx_word' id='word_1_142' title='bbox 2535 869 2850 923; x_wconf 88' lang='lat' dir='ltr'><strong>radiantem</strong></span> <span class='ocrx_word' id='word_1_143' title='bbox 2896 872 3057 924; x_wconf 89' lang='lat' dir='ltr'><strong>tanto</strong></span> <span class='ocrx_word' id='word_1_144' title='bbox 3108 869 3225 924; x_wconf 84' lang='lat' dir='ltr'><strong>Afri</strong></span> <span class='ocrx_word' id='word_1_145' title='bbox 3273 870 3522 943; x_wconf 89' lang='lat' dir='ltr'><strong>episcopi</strong></span> <span class='ocrx_word' id='word_1_146' title='bbox 3566 872 3788 928; x_wconf 86' lang='lat' dir='ltr'><strong>honore</strong></span> 
     </span>
    </p>
   </div>
   <div class='ocr_carea' id='block_1_24' title="bbox 2147 961 3784 1034">
    <p class='ocr_par' dir='ltr' id='par_1_24' title="bbox 2147 961 3784 1034">
     <span class='ocr_line' id='line_1_24' title="bbox 2147 961 3784 1034; baseline 0.002 -16"><span class='ocrx_word' id='word_1_147' title='bbox 2147 961 2396 1018; x_wconf 86' lang='lat' dir='ltr'><strong>venerati</strong></span> <span class='ocrx_word' id='word_1_148' title='bbox 2421 965 2571 1030; x_wconf 90' lang='lat' dir='ltr'><strong>sunt,</strong></span> <span class='ocrx_word' id='word_1_149' title='bbox 2596 961 2672 1016; x_wconf 89' lang='lat' dir='ltr'><strong>ita</strong></span> <span class='ocrx_word' id='word_1_150' title='bbox 2693 965 2758 1016; x_wconf 92' lang='lat' dir='ltr'><strong>ut</strong></span> <span class='ocrx_word' id='word_1_151' title='bbox 2779 962 2853 1016; x_wconf 91' lang='lat' dir='ltr'><strong>ad</strong></span> <span class='ocrx_word' id='word_1_152' title='bbox 2884 963 3152 1018; x_wconf 88' lang='lat' dir='ltr'><strong>eumdem</strong></span> <span class='ocrx_word' id='word_1_153' title='bbox 3169 964 3356 1018; x_wconf 89' lang='lat' dir='ltr'><strong>virum</strong></span> <span class='ocrx_word' id='word_1_154' title='bbox 3380 965 3784 1034; x_wconf 89' lang='lat' dir='ltr'><strong>rescriberent,</strong></span> 
     </span>
    </p>
   </div>
   <div class='ocr_carea' id='block_1_25' title="bbox 2147 1055 3785 1131">
    <p class='ocr_par' dir='ltr' id='par_1_25' title="bbox 2147 1055 3785 1131">
     <span class='ocr_line' id='line_1_25' title="bbox 2147 1055 3785 1131; baseline 0.002 -21"><span class='ocrx_word' id='word_1_155' title='bbox 2147 1055 2288 1112; x_wconf 92' lang='lat' dir='ltr'><strong>illud</strong></span> <span class='ocrx_word' id='word_1_156' title='bbox 2328 1072 2460 1110; x_wconf 88' lang='lat' dir='ltr'><strong>vero</strong></span> <span class='ocrx_word' id='word_1_157' title='bbox 2504 1055 2657 1127; x_wconf 89' lang='lat' dir='ltr'><strong>quod</strong></span> <span class='ocrx_word' id='word_1_158' title='bbox 2688 1056 2748 1110; x_wconf 92' lang='lat' dir='ltr'><strong>in</strong></span> <span class='ocrx_word' id='word_1_159' title='bbox 2794 1055 3000 1110; x_wconf 87' lang='lat' dir='ltr'><strong>litteris</strong></span> <span class='ocrx_word' id='word_1_160' title='bbox 3044 1073 3186 1128; x_wconf 89' lang='lat' dir='ltr'><strong>quas</strong></span> <span class='ocrx_word' id='word_1_161' title='bbox 3212 1057 3280 1112; x_wconf 90' lang='lat' dir='ltr'><strong>ad</strong></span> <span class='ocrx_word' id='word_1_162' title='bbox 3315 1057 3608 1114; x_wconf 89' lang='lat' dir='ltr'><strong>universas</strong></span> <span class='ocrx_word' id='word_1_163' title='bbox 3646 1075 3785 1131; x_wconf 75' lang='lat' dir='ltr'><strong>pro-</strong></span> 
     </span>
    </p>
   </div>
   <div class='ocr_carea' id='block_1_26' title="bbox 2147 1148 3788 1222">
    <p class='ocr_par' dir='ltr' id='par_1_26' title="bbox 2147 1148 3788 1222">
     <span class='ocr_line' id='line_1_26' title="bbox 2147 1148 3788 1222; baseline 0.002 -19"><span class='ocrx_word' id='word_1_164' title='bbox 2147 1148 2355 1204; x_wconf 89' lang='lat' dir='ltr'><strong>vincias</strong></span> <span class='ocrx_word' id='word_1_165' title='bbox 2375 1149 2582 1204; x_wconf 88' lang='lat' dir='ltr'><strong>curasti</strong></span> <span class='ocrx_word' id='word_1_166' title='bbox 2607 1165 2724 1204; x_wconf 88' lang='lat' dir='ltr'><strong>esse</strong></span> <span class='ocrx_word' id='word_1_167' title='bbox 2757 1149 3082 1218; x_wconf 87' lang='lat' dir='ltr'><strong>mittendas,</strong></span> <span class='ocrx_word' id='word_1_168' title='bbox 3121 1151 3377 1222; x_wconf 88' lang='lat' dir='ltr'><strong>posuisti,</strong></span> <span class='ocrx_word' id='word_1_169' title='bbox 3409 1151 3600 1207; x_wconf 92' lang='lat' dir='ltr'><strong>dicens</strong></span> <span class='ocrx_word' id='word_1_170' title='bbox 3626 1170 3640 1207; x_wconf 93' lang='lat'>:</span> <span class='ocrx_word' id='word_1_171' title='bbox 3672 1154 3788 1209; x_wconf 86' lang='lat' dir='ltr'><strong>Nos</strong></span> 
     </span>
    </p>
   </div>
   <div class='ocr_carea' id='block_1_27' title="bbox 2145 1242 3789 1317">
    <p class='ocr_par' dir='ltr' id='par_1_27' title="bbox 2145 1242 3789 1317">
     <span class='ocr_line' id='line_1_27' title="bbox 2145 1242 3789 1317; baseline 0.001 -18"><span class='ocrx_word' id='word_1_172' title='bbox 2145 1247 2336 1300; x_wconf 80' lang='lat' dir='ltr'><strong>tamen</strong></span> <span class='ocrx_word' id='word_1_173' title='bbox 2364 1243 2637 1299; x_wconf 86' lang='lat' dir='ltr'><strong>instinctu</strong></span> <span class='ocrx_word' id='word_1_174' title='bbox 2675 1242 2790 1310; x_wconf 89' lang='lat' dir='ltr'><strong>Dei,</strong></span> <span class='ocrx_word' id='word_1_175' title='bbox 2821 1247 2930 1298; x_wconf 90' lang='lat' dir='ltr'><strong>etc.</strong></span> <span class='ocrx_word' id='word_1_176' title='bbox 2977 1243 3062 1299; x_wconf 91' lang='lat' dir='ltr'><strong>Sic</strong></span> <span class='ocrx_word' id='word_1_177' title='bbox 3095 1245 3415 1317; x_wconf 82' lang='lat' dir='ltr'><strong>accepimus</strong></span> <span class='ocrx_word' id='word_1_178' title='bbox 3449 1246 3691 1315; x_wconf 90' lang='lat' dir='ltr'><strong>dictum,</strong></span> <span class='ocrx_word' id='word_1_179' title='bbox 3721 1253 3789 1303; x_wconf 90' lang='lat' dir='ltr'><strong>ut</strong></span> 
     </span>
    </p>
   </div>
   <div class='ocr_carea' id='block_1_28' title="bbox 2145 1337 3787 1410">
    <p class='ocr_par' dir='ltr' id='par_1_28' title="bbox 2145 1337 3787 1410">
     <span class='ocr_line' id='line_1_28' title="bbox 2145 1337 3787 1410; baseline 0.002 -18"><span class='ocrx_word' id='word_1_180' title='bbox 2145 1337 2286 1405; x_wconf 90' lang='lat' dir='ltr'><strong>illos,</strong></span> <span class='ocrx_word' id='word_1_181' title='bbox 2333 1337 2429 1410; x_wconf 91' lang='lat' dir='ltr'><strong>qui</strong></span> <span class='ocrx_word' id='word_1_182' title='bbox 2453 1339 2654 1392; x_wconf 90' lang='lat' dir='ltr'><strong>contra</strong></span> <span class='ocrx_word' id='word_1_183' title='bbox 2700 1337 2792 1394; x_wconf 91' lang='lat' dir='ltr'><strong>Dei</strong></span> <span class='ocrx_word' id='word_1_184' title='bbox 2819 1337 3166 1408; x_wconf 90' lang='lat' dir='ltr'><strong>adjutorium</strong></span> <span class='ocrx_word' id='word_1_185' title='bbox 3211 1339 3506 1409; x_wconf 82' lang='lat' dir='ltr'><strong>extollunt,</strong></span> <span class='ocrx_word' id='word_1_186' title='bbox 3542 1341 3787 1396; x_wconf 88' lang='lat' dir='ltr'><strong>humani</strong></span> 
     </span>
    </p>
   </div>
   <div class='ocr_carea' id='block_1_29' title="bbox 2144 1430 3789 1503">
    <p class='ocr_par' dir='ltr' id='par_1_29' title="bbox 2144 1430 3789 1503">
     <span class='ocr_line' id='line_1_29' title="bbox 2144 1430 3789 1503; baseline 0.001 -17"><span class='ocrx_word' id='word_1_187' title='bbox 2144 1431 2364 1486; x_wconf 86' lang='lat' dir='ltr'><strong>arbitrii</strong></span> <span class='ocrx_word' id='word_1_188' title='bbox 2406 1431 2726 1487; x_wconf 87' lang='lat' dir='ltr'><strong>libertatem</strong></span> <span class='ocrx_word' id='word_1_189' title='bbox 2781 1430 3034 1486; x_wconf 90' lang='lat' dir='ltr'><strong>districto</strong></span> <span class='ocrx_word' id='word_1_190' title='bbox 3084 1432 3276 1503; x_wconf 89' lang='lat' dir='ltr'><strong>gladio</strong></span> <span class='ocrx_word' id='word_1_191' title='bbox 3321 1434 3574 1488; x_wconf 84' lang='lat' dir='ltr'><strong>veritatis</strong></span> <span class='ocrx_word' id='word_1_192' title='bbox 3629 1435 3789 1490; x_wconf 89' lang='lat' dir='ltr'><strong>velut</strong></span> 
     </span>
    </p>
   </div>
   <div class='ocr_carea' id='block_1_30' title="bbox 2145 1525 3786 1596">
    <p class='ocr_par' dir='ltr' id='par_1_30' title="bbox 2145 1525 3786 1596">
     <span class='ocr_line' id='line_1_30' title="bbox 2145 1525 3786 1596; baseline 0.002 -16"><span class='ocrx_word' id='word_1_193' title='bbox 2145 1525 2354 1580; x_wconf 89' lang='lat' dir='ltr'><strong>cursim</strong></span> <span class='ocrx_word' id='word_1_194' title='bbox 2380 1525 2660 1581; x_wconf 90' lang='lat' dir='ltr'><strong>transiens</strong></span> <span class='ocrx_word' id='word_1_195' title='bbox 2691 1528 3043 1596; x_wconf 88' lang='lat' dir='ltr'><strong>amputares.</strong></span> <span class='ocrx_word' id='word_1_196' title='bbox 3090 1526 3235 1590; x_wconf 89' lang='lat' dir='ltr'><strong>Quid</strong></span> <span class='ocrx_word' id='word_1_197' title='bbox 3265 1527 3417 1583; x_wconf 89' lang='lat' dir='ltr'><strong>enim</strong></span> <span class='ocrx_word' id='word_1_198' title='bbox 3457 1531 3577 1584; x_wconf 90' lang='lat' dir='ltr'><strong>tam</strong></span> <span class='ocrx_word' id='word_1_199' title='bbox 3601 1528 3786 1584; x_wconf 87' lang='lat' dir='ltr'><strong>libero</strong></span> 
     </span>
    </p>
   </div>
   <div class='ocr_carea' id='block_1_31' title="bbox 2143 1623 3783 1695">
    <p class='ocr_par' dir='ltr' id='par_1_31' title="bbox 2143 1623 3783 1695">
     <span class='ocr_line' id='line_1_31' title="bbox 2143 1623 3783 1695; baseline 0.002 -17"><span class='ocrx_word' id='word_1_200' title='bbox 2143 1624 2352 1680; x_wconf 90' lang='lat' dir='ltr'><strong>fecistis</strong></span> <span class='ocrx_word' id='word_1_201' title='bbox 2393 1623 2674 1679; x_wconf 89' lang='lat' dir='ltr'><strong>arbitrio?</strong></span> <span class='ocrx_word' id='word_1_202' title='bbox 2721 1640 2900 1695; x_wconf 89' lang='lat' dir='ltr'><strong>quam</strong></span> <span class='ocrx_word' id='word_1_203' title='bbox 2950 1625 3102 1695; x_wconf 90' lang='lat' dir='ltr'><strong>quod</strong></span> <span class='ocrx_word' id='word_1_204' title='bbox 3145 1625 3411 1680; x_wconf 91' lang='lat' dir='ltr'><strong>universo</strong></span> <span class='ocrx_word' id='word_1_205' title='bbox 3459 1625 3519 1680; x_wconf 91' lang='lat' dir='ltr'><strong>in</strong></span> <span class='ocrx_word' id='word_1_206' title='bbox 3566 1631 3783 1681; x_wconf 67' lang='lat' dir='ltr'><strong>nostras</strong></span> 
     </span>
    </p>
   </div>
   <div class='ocr_carea' id='block_1_32' title="bbox 2143 1717 3781 1786">
    <p class='ocr_par' dir='ltr' id='par_1_32' title="bbox 2143 1717 3781 1786">
     <span class='ocr_line' id='line_1_32' title="bbox 2143 1717 3781 1786; baseline 0.001 -14"><span class='ocrx_word' id='word_1_207' title='bbox 2143 1717 2488 1773; x_wconf 89' lang='lat' dir='ltr'><strong>humilitatis</strong></span> <span class='ocrx_word' id='word_1_208' title='bbox 2513 1717 2920 1773; x_wconf 88' lang='lat' dir='ltr'><strong>conscientiam</strong></span> <span class='ocrx_word' id='word_1_209' title='bbox 2960 1719 3244 1786; x_wconf 89' lang='lat' dir='ltr'><strong>retulistis,</strong></span> <span class='ocrx_word' id='word_1_210' title='bbox 3274 1723 3331 1774; x_wconf 91' lang='lat' dir='ltr'><strong>et</strong></span> <span class='ocrx_word' id='word_1_211' title='bbox 3357 1723 3543 1774; x_wconf 90' lang='lat' dir='ltr'><strong>tamen</strong></span> <span class='ocrx_word' id='word_1_212' title='bbox 3572 1719 3781 1774; x_wconf 83' lang='lat' dir='ltr'><strong>instin-</strong></span> 
     </span>
    </p>
   </div>
   <div class='ocr_carea' id='block_1_33' title="bbox 415 1785 3780 1886">
    <p class='ocr_par' dir='ltr' id='par_1_33' title="bbox 415 1785 3780 1886">
     <span class='ocr_line' id='line_1_33' title="bbox 415 1785 3780 1886; baseline 0 -20"><span class='ocrx_word' id='word_1_213' title='bbox 415 1813 553 1868; x_wconf 92' lang='lat' dir='ltr'><strong>dum</strong></span> <span class='ocrx_word' id='word_1_214' title='bbox 571 1812 686 1867; x_wconf 91' lang='lat' dir='ltr'><strong>suis</strong></span> <span class='ocrx_word' id='word_1_215' title='bbox 702 1812 1077 1867; x_wconf 89' lang='lat' dir='ltr'><strong>inconsultius</strong></span> <span class='ocrx_word' id='word_1_216' title='bbox 1089 1813 1271 1868; x_wconf 90' lang='lat' dir='ltr'><strong>utitur</strong></span> <span class='ocrx_word' id='word_1_217' title='bbox 1285 1811 1751 1882; x_wconf 90' lang='lat' dir='ltr'><strong>bonis,cadensin</strong></span> <span class='ocrx_word' id='word_1_218' title='bbox 1771 1812 2040 1884; x_wconf 79' lang='lat' dir='ltr'><strong>praevari-</strong></span> <span class='ocrx_word' id='word_1_219' title='bbox 2063 1785 2120 1858; x_wconf 83' lang='lat' dir='ltr'><strong>B</strong></span> <span class='ocrx_word' id='word_1_220' title='bbox 2144 1815 2239 1867; x_wconf 81' lang='lat' dir='ltr'><strong>ctu</strong></span> <span class='ocrx_word' id='word_1_221' title='bbox 2267 1811 2362 1867; x_wconf 90' lang='lat' dir='ltr'><strong>Dei</strong></span> <span class='ocrx_word' id='word_1_222' title='bbox 2406 1811 2616 1867; x_wconf 89' lang='lat' dir='ltr'><strong>factum</strong></span> <span class='ocrx_word' id='word_1_223' title='bbox 2645 1827 2767 1866; x_wconf 91' lang='lat' dir='ltr'><strong>esse</strong></span> <span class='ocrx_word' id='word_1_224' title='bbox 2812 1810 3058 1866; x_wconf 84' lang='lat' dir='ltr'><strong>fideliter</strong></span> <span class='ocrx_word' id='word_1_225' title='bbox 3101 1812 3495 1886; x_wconf 86' lang='lat' dir='ltr'><strong>sapienterque</strong></span> <span class='ocrx_word' id='word_1_226' title='bbox 3538 1813 3780 1884; x_wconf 86' lang='lat' dir='ltr'><strong>vidistis,</strong></span> 
     </span>
    </p>
   </div>
   <div class='ocr_carea' id='block_1_34' title="bbox 414 1905 2037 1978">
    <p class='ocr_par' dir='ltr' id='par_1_34' title="bbox 414 1905 2037 1978">
     <span class='ocr_line' id='line_1_34' title="bbox 414 1905 2037 1978; baseline 0 -18"><span class='ocrx_word' id='word_1_227' title='bbox 414 1907 649 1960; x_wconf 89' lang='lat' dir='ltr'><strong>cationis</strong></span> <span class='ocrx_word' id='word_1_228' title='bbox 678 1906 964 1978; x_wconf 85' lang='lat' dir='ltr'><strong>profunda</strong></span> <span class='ocrx_word' id='word_1_229' title='bbox 988 1907 1279 1962; x_wconf 89' lang='lat' dir='ltr'><strong>demersus</strong></span> <span class='ocrx_word' id='word_1_230' title='bbox 1301 1911 1402 1976; x_wconf 88' lang='lat' dir='ltr'><strong>est,</strong></span> <span class='ocrx_word' id='word_1_231' title='bbox 1421 1910 1477 1962; x_wconf 87' lang='lat' dir='ltr'><strong>et</strong></span> <span class='ocrx_word' id='word_1_232' title='bbox 1491 1906 1633 1961; x_wconf 86' lang='lat' dir='ltr'><strong>nihil</strong></span> <span class='ocrx_word' id='word_1_233' title='bbox 1659 1905 2037 1977; x_wconf 87' lang='lat' dir='ltr'><strong>quemadmo-</strong></span> 
     </span>
    </p>
   </div>
   <div class='ocr_carea' id='block_1_35' title="bbox 412 1999 2042 2072">
    <p class='ocr_par' dir='ltr' id='par_1_35' title="bbox 412 1999 2042 2072">
     <span class='ocr_line' id='line_1_35' title="bbox 412 1999 2042 2072; baseline -0.001 -18"><span class='ocrx_word' id='word_1_234' title='bbox 412 2000 548 2054; x_wconf 91' lang='lat' dir='ltr'><strong>dum</strong></span> <span class='ocrx_word' id='word_1_235' title='bbox 565 1999 768 2054; x_wconf 83' lang='lat' dir='ltr'><strong>exinde</strong></span> <span class='ocrx_word' id='word_1_236' title='bbox 787 2017 1084 2072; x_wconf 82' lang='lat' dir='ltr'><strong>resurgere</strong></span> <span class='ocrx_word' id='word_1_237' title='bbox 1107 2006 1298 2072; x_wconf 90' lang='lat' dir='ltr'><strong>posset</strong></span> <span class='ocrx_word' id='word_1_238' title='bbox 1314 1999 1548 2070; x_wconf 90' lang='lat' dir='ltr'><strong>invenit,</strong></span> <span class='ocrx_word' id='word_1_239' title='bbox 1573 2016 1788 2070; x_wconf 91' lang='lat' dir='ltr'><strong>suaque</strong></span> <span class='ocrx_word' id='word_1_240' title='bbox 1809 1999 1867 2054; x_wconf 91' lang='lat' dir='ltr'><strong>in</strong></span> <span class='ocrx_word' id='word_1_241' title='bbox 1885 2002 2042 2054; x_wconf 82' lang='lat' dir='ltr'><strong>aeter-</strong></span> 
     </span>
    </p>
   </div>
   <div class='ocr_carea' id='block_1_36' title="bbox 411 2093 2044 2166">
    <p class='ocr_par' dir='ltr' id='par_1_36' title="bbox 411 2093 2044 2166">
     <span class='ocr_line' id='line_1_36' title="bbox 411 2093 2044 2166; baseline 0 -19"><span class='ocrx_word' id='word_1_242' title='bbox 411 2110 551 2147; x_wconf 92' lang='lat' dir='ltr'><strong>num</strong></span> <span class='ocrx_word' id='word_1_243' title='bbox 573 2093 831 2149; x_wconf 84' lang='lat' dir='ltr'><strong>libertate</strong></span> <span class='ocrx_word' id='word_1_244' title='bbox 851 2094 1120 2166; x_wconf 90' lang='lat' dir='ltr'><strong>deceptus</strong></span> <span class='ocrx_word' id='word_1_245' title='bbox 1155 2094 1326 2165; x_wconf 87' lang='lat' dir='ltr'><strong>hujus</strong></span> <span class='ocrx_word' id='word_1_246' title='bbox 1358 2093 1520 2149; x_wconf 87' lang='lat' dir='ltr'><strong>ruina</strong></span> <span class='ocrx_word' id='word_1_247' title='bbox 1541 2093 1800 2148; x_wconf 89' lang='lat' dir='ltr'><strong>latuisset</strong></span> <span class='ocrx_word' id='word_1_248' title='bbox 1819 2109 2044 2164; x_wconf 82' lang='lat' dir='ltr'><strong>oppres-</strong></span> 
     </span>
    </p>
   </div>
   <div class='ocr_carea' id='block_1_37' title="bbox 412 2186 2043 2259">
    <p class='ocr_par' dir='ltr' id='par_1_37' title="bbox 412 2186 2043 2259">
     <span class='ocr_line' id='line_1_37' title="bbox 412 2186 2043 2259; baseline 0.001 -20"><span class='ocrx_word' id='word_1_249' title='bbox 412 2203 526 2254; x_wconf 88' lang='lat' dir='ltr'><strong>sus,</strong></span> <span class='ocrx_word' id='word_1_250' title='bbox 555 2187 663 2241; x_wconf 86' lang='lat' dir='ltr'><strong>nisi</strong></span> <span class='ocrx_word' id='word_1_251' title='bbox 684 2203 817 2243; x_wconf 91' lang='lat' dir='ltr'><strong>eum</strong></span> <span class='ocrx_word' id='word_1_252' title='bbox 848 2192 1046 2259; x_wconf 90' lang='lat' dir='ltr'><strong>postea</strong></span> <span class='ocrx_word' id='word_1_253' title='bbox 1073 2187 1279 2243; x_wconf 85' lang='lat' dir='ltr'><strong>Christi</strong></span> <span class='ocrx_word' id='word_1_254' title='bbox 1310 2204 1412 2258; x_wconf 90' lang='lat' dir='ltr'><strong>per</strong></span> <span class='ocrx_word' id='word_1_255' title='bbox 1437 2203 1599 2242; x_wconf 90' lang='lat' dir='ltr'><strong>suam</strong></span> <span class='ocrx_word' id='word_1_256' title='bbox 1631 2186 1877 2257; x_wconf 80' lang='lat' dir='ltr'><strong>gratiam</strong></span> <span class='ocrx_word' id='word_1_257' title='bbox 1904 2188 2043 2241; x_wconf 91' lang='lat' dir='ltr'><strong>rele-</strong></span> 
     </span>
    </p>
   </div>
   <div class='ocr_carea' id='block_1_38' title="bbox 408 2279 2039 2352">
    <p class='ocr_par' dir='ltr' id='par_1_38' title="bbox 408 2279 2039 2352">
     <span class='ocr_line' id='line_1_38' title="bbox 408 2279 2039 2352; baseline 0.001 -20"><span class='ocrx_word' id='word_1_258' title='bbox 408 2283 597 2334; x_wconf 88' lang='lat' dir='ltr'><strong>vasset</strong></span> <span class='ocrx_word' id='word_1_259' title='bbox 626 2280 918 2348; x_wconf 88' lang='lat' dir='ltr'><strong>adventus,</strong></span> <span class='ocrx_word' id='word_1_260' title='bbox 949 2280 1044 2352; x_wconf 89' lang='lat' dir='ltr'><strong>qui</strong></span> <span class='ocrx_word' id='word_1_261' title='bbox 1085 2296 1185 2352; x_wconf 92' lang='lat' dir='ltr'><strong>per</strong></span> <span class='ocrx_word' id='word_1_262' title='bbox 1220 2297 1380 2335; x_wconf 65' lang='lat' dir='ltr'><strong>novae</strong></span> <span class='ocrx_word' id='word_1_263' title='bbox 1409 2279 1856 2352; x_wconf 86' lang='lat' dir='ltr'><strong>regenerationis</strong></span> <span class='ocrx_word' id='word_1_264' title='bbox 1882 2279 2039 2352; x_wconf 88' lang='lat' dir='ltr'><strong>puri-</strong></span> 
     </span>
    </p>
   </div>
   <div class='ocr_carea' id='block_1_39' title="bbox 409 2373 2038 2446">
    <p class='ocr_par' dir='ltr' id='par_1_39' title="bbox 409 2373 2038 2446">
     <span class='ocr_line' id='line_1_39' title="bbox 409 2373 2038 2446; baseline 0.001 -20"><span class='ocrx_word' id='word_1_265' title='bbox 409 2373 738 2428; x_wconf 87' lang='lat' dir='ltr'><strong>ficationem</strong></span> <span class='ocrx_word' id='word_1_266' title='bbox 774 2390 946 2428; x_wconf 91' lang='lat' dir='ltr'><strong>omne</strong></span> <span class='ocrx_word' id='word_1_267' title='bbox 976 2373 1248 2445; x_wconf 85' lang='lat' dir='ltr'><strong>praeteriti</strong></span> <span class='ocrx_word' id='word_1_268' title='bbox 1278 2374 1494 2445; x_wconf 90' lang='lat' dir='ltr'><strong>peccati</strong></span> <span class='ocrx_word' id='word_1_269' title='bbox 1533 2373 1737 2430; x_wconf 89' lang='lat' dir='ltr'><strong>vitium</strong></span> <span class='ocrx_word' id='word_1_270' title='bbox 1776 2373 1862 2428; x_wconf 90' lang='lat' dir='ltr'><strong>sui</strong></span> <span class='ocrx_word' id='word_1_271' title='bbox 1895 2373 2038 2446; x_wconf 84' lang='lat' dir='ltr'><strong>bap-</strong></span> 
     </span>
    </p>
   </div>
   <div class='ocr_carea' id='block_1_40' title="bbox 409 2467 1219 2539">
    <p class='ocr_par' dir='ltr' id='par_1_40' title="bbox 409 2467 1219 2539">
     <span class='ocr_line' id='line_1_40' title="bbox 409 2467 1219 2539; baseline 0.002 -19"><span class='ocrx_word' id='word_1_272' title='bbox 409 2467 651 2521; x_wconf 89' lang='lat' dir='ltr'><strong>tismatis</strong></span> <span class='ocrx_word' id='word_1_273' title='bbox 677 2468 898 2521; x_wconf 91' lang='lat' dir='ltr'><strong>lavacro</strong></span> <span class='ocrx_word' id='word_1_274' title='bbox 933 2467 1219 2539; x_wconf 88' lang='lat' dir='ltr'><strong>purgavit.</strong></span> 
     </span>
    </p>
   </div>
   <div class='ocr_carea' id='block_1_41' title="bbox 477 2561 2041 2634">
    <p class='ocr_par' dir='ltr' id='par_1_41' title="bbox 477 2561 2041 2634">
     <span class='ocr_line' id='line_1_41' title="bbox 477 2561 2041 2634; baseline 0 -19"><span class='ocrx_word' id='word_1_275' title='bbox 477 2562 537 2615; x_wconf 89' lang='lat' dir='ltr'><strong>V.</strong></span> <span class='ocrx_word' id='word_1_276' title='bbox 590 2561 890 2617; x_wconf 86' lang='lat' dir='ltr'><strong>Neminem</strong></span> <span class='ocrx_word' id='word_1_277' title='bbox 938 2579 1058 2617; x_wconf 91' lang='lat' dir='ltr'><strong>esse</strong></span> <span class='ocrx_word' id='word_1_278' title='bbox 1104 2579 1210 2633; x_wconf 92' lang='lat' dir='ltr'><strong>per</strong></span> <span class='ocrx_word' id='word_1_279' title='bbox 1243 2562 1613 2634; x_wconf 89' lang='lat' dir='ltr'><strong>semetipsum</strong></span> <span class='ocrx_word' id='word_1_280' title='bbox 1655 2562 1891 2629; x_wconf 91' lang='lat' dir='ltr'><strong>bonum,</strong></span> <span class='ocrx_word' id='word_1_281' title='bbox 1932 2561 2041 2616; x_wconf 91' lang='lat' dir='ltr'><strong>nisi</strong></span> 
     </span>
    </p>
   </div>
   <div class='ocr_carea' id='block_1_42' title="bbox 408 2655 2041 2728">
    <p class='ocr_par' dir='ltr' id='par_1_42' title="bbox 408 2655 2041 2728">
     <span class='ocr_line' id='line_1_42' title="bbox 408 2655 2041 2728; baseline 0.001 -19"><span class='ocrx_word' id='word_1_282' title='bbox 408 2655 906 2727; x_wconf 87' lang='lat' dir='ltr'><strong>participationem</strong></span> <span class='ocrx_word' id='word_1_283' title='bbox 927 2655 1012 2710; x_wconf 92' lang='lat' dir='ltr'><strong>sui</strong></span> <span class='ocrx_word' id='word_1_284' title='bbox 1044 2655 1137 2712; x_wconf 91' lang='lat' dir='ltr'><strong>ille</strong></span> <span class='ocrx_word' id='word_1_285' title='bbox 1167 2657 1343 2711; x_wconf 90' lang='lat' dir='ltr'><strong>donet</strong></span> <span class='ocrx_word' id='word_1_286' title='bbox 1385 2679 1410 2705; x_wconf 82' lang='lat'><strong>Â«</strong></span> <span class='ocrx_word' id='word_1_287' title='bbox 1441 2656 1539 2728; x_wconf 91' lang='lat' dir='ltr'><strong>qui</strong></span> <span class='ocrx_word' id='word_1_288' title='bbox 1572 2656 1721 2710; x_wconf 90' lang='lat' dir='ltr'><strong>solus</strong></span> <span class='ocrx_word' id='word_1_289' title='bbox 1747 2660 1830 2710; x_wconf 86' lang='lat' dir='ltr'><strong>est</strong></span> <span class='ocrx_word' id='word_1_290' title='bbox 1859 2656 2041 2710; x_wconf 92' lang='lat' dir='ltr'><strong>bonus</strong></span> 
     </span>
    </p>
   </div>
   <div class='ocr_carea' id='block_1_43' title="bbox 407 2748 2038 2820">
    <p class='ocr_par' dir='ltr' id='par_1_43' title="bbox 407 2748 2038 2820">
     <span class='ocr_line' id='line_1_43' title="bbox 407 2748 2038 2820; baseline -0.001 -16"><span class='ocrx_word' id='word_1_291' title='bbox 407 2749 596 2816; x_wconf 85' lang='lat' dir='ltr'><strong>(Marc.</strong></span> <span class='ocrx_word' id='word_1_292' title='bbox 640 2765 692 2815; x_wconf 84' lang='lat' dir='ltr'><strong>x,</strong></span> <span class='ocrx_word' id='word_1_293' title='bbox 749 2749 854 2820; x_wconf 84' lang='grc'><strong>18).</strong></span> <span class='ocrx_word' id='word_1_294' title='bbox 895 2772 922 2798; x_wconf 89' lang='grc'><strong>â€ºâ€º</strong></span> <span class='ocrx_word' id='word_1_295' title='bbox 967 2749 1129 2814; x_wconf 88' lang='lat' dir='ltr'><strong>Quod</strong></span> <span class='ocrx_word' id='word_1_296' title='bbox 1172 2749 1230 2804; x_wconf 91' lang='lat' dir='ltr'><strong>in</strong></span> <span class='ocrx_word' id='word_1_297' title='bbox 1277 2749 1488 2804; x_wconf 90' lang='lat' dir='ltr'><strong>eisdem</strong></span> <span class='ocrx_word' id='word_1_298' title='bbox 1533 2748 1755 2820; x_wconf 83' lang='lat' dir='ltr'><strong>scriptis</strong></span> <span class='ocrx_word' id='word_1_299' title='bbox 1781 2749 2038 2820; x_wconf 90' lang='lat' dir='ltr'><strong>ejusdem</strong></span> 
     </span>
    </p>
   </div>
   <div class='ocr_carea' id='block_1_44' title="bbox 407 2841 2040 2914">
    <p class='ocr_par' dir='ltr' id='par_1_44' title="bbox 407 2841 2040 2914">
     <span class='ocr_line' id='line_1_44' title="bbox 407 2841 2040 2914; baseline 0.002 -20"><span class='ocrx_word' id='word_1_300' title='bbox 407 2841 689 2913; x_wconf 79' lang='lat' dir='ltr'><strong>pontificis</strong></span> <span class='ocrx_word' id='word_1_301' title='bbox 714 2843 998 2898; x_wconf 89' lang='lat' dir='ltr'><strong>sententia</strong></span> <span class='ocrx_word' id='word_1_302' title='bbox 1028 2846 1376 2914; x_wconf 90' lang='lat' dir='ltr'><strong>protestatur</strong></span> <span class='ocrx_word' id='word_1_303' title='bbox 1396 2843 1586 2898; x_wconf 87' lang='lat' dir='ltr'><strong>dicens</strong></span> <span class='ocrx_word' id='word_1_304' title='bbox 1610 2860 1622 2897; x_wconf 90' lang='lat'><strong>:</strong></span> <span class='ocrx_word' id='word_1_305' title='bbox 1651 2843 1913 2914; x_wconf 80' lang='lat' dir='ltr'><strong>Nunquid</strong></span> <span class='ocrx_word' id='word_1_306' title='bbox 1935 2859 2040 2897; x_wconf 92' lang='lat' dir='ltr'><strong>nos</strong></span> 
     </span>
    </p>
   </div>
   <div class='ocr_carea' id='block_1_45' title="bbox 406 2935 2036 3008">
    <p class='ocr_par' dir='ltr' id='par_1_45' title="bbox 406 2935 2036 3008">
     <span class='ocr_line' id='line_1_45' title="bbox 406 2935 2036 3008; baseline 0.001 -19"><span class='ocrx_word' id='word_1_307' title='bbox 406 2936 476 2988; x_wconf 88' lang='lat' dir='ltr'><strong>de</strong></span> <span class='ocrx_word' id='word_1_308' title='bbox 521 2952 718 2990; x_wconf 89' lang='lat' dir='ltr'><strong>eorum</strong></span> <span class='ocrx_word' id='word_1_309' title='bbox 764 2936 1014 3008; x_wconf 68' lang='lat' dir='ltr'><strong>posthaec</strong></span> <span class='ocrx_word' id='word_1_310' title='bbox 1057 2939 1279 2990; x_wconf 88' lang='lat' dir='ltr'><strong>rectum</strong></span> <span class='ocrx_word' id='word_1_311' title='bbox 1323 2935 1613 2990; x_wconf 88' lang='lat' dir='ltr'><strong>mentibus</strong></span> <span class='ocrx_word' id='word_1_312' title='bbox 1672 2937 2036 3003; x_wconf 65' lang='lat' dir='ltr'><strong>aestimemus,</strong></span> 
     </span>
    </p>
   </div>
   <div class='ocr_carea' id='block_1_46' title="bbox 406 3028 2038 3101">
    <p class='ocr_par' dir='ltr' id='par_1_46' title="bbox 406 3028 2038 3101">
     <span class='ocr_line' id='line_1_46' title="bbox 406 3028 2038 3101; baseline 0.001 -19"><span class='ocrx_word' id='word_1_313' title='bbox 406 3028 506 3101; x_wconf 87' lang='lat' dir='ltr'><strong>qui</strong></span> <span class='ocrx_word' id='word_1_314' title='bbox 531 3029 638 3082; x_wconf 90' lang='lat' dir='ltr'><strong>sibi</strong></span> <span class='ocrx_word' id='word_1_315' title='bbox 665 3046 723 3083; x_wconf 93' lang='lat' dir='ltr'><strong>se</strong></span> <span class='ocrx_word' id='word_1_316' title='bbox 753 3032 958 3100; x_wconf 90' lang='lat' dir='ltr'><strong>putant</strong></span> <span class='ocrx_word' id='word_1_317' title='bbox 990 3029 1186 3083; x_wconf 88' lang='lat' dir='ltr'><strong>deberi</strong></span> <span class='ocrx_word' id='word_1_318' title='bbox 1214 3029 1362 3100; x_wconf 91' lang='lat' dir='ltr'><strong>quod</strong></span> <span class='ocrx_word' id='word_1_319' title='bbox 1400 3029 1532 3084; x_wconf 92' lang='lat' dir='ltr'><strong>boni</strong></span> <span class='ocrx_word' id='word_1_320' title='bbox 1563 3035 1711 3096; x_wconf 90' lang='lat' dir='ltr'><strong>sunt,</strong></span> <span class='ocrx_word' id='word_1_321' title='bbox 1743 3046 1847 3084; x_wconf 92' lang='lat' dir='ltr'><strong>nec</strong></span> <span class='ocrx_word' id='word_1_322' title='bbox 1878 3030 2038 3084; x_wconf 90' lang='lat' dir='ltr'><strong>illum</strong></span> 
     </span>
    </p>
   </div>
   <div class='ocr_carea' id='block_1_47' title="bbox 2140 1904 3782 1979">
    <p class='ocr_par' dir='ltr' id='par_1_47' title="bbox 2140 1904 3782 1979">
     <span class='ocr_line' id='line_1_47' title="bbox 2140 1904 3782 1979; baseline 0.001 -19"><span class='ocrx_word' id='word_1_323' title='bbox 2140 1905 2413 1960; x_wconf 89' lang='lat' dir='ltr'><strong>veraciter</strong></span> <span class='ocrx_word' id='word_1_324' title='bbox 2451 1904 2807 1977; x_wconf 85' lang='lat' dir='ltr'><strong>fideliterque</strong></span> <span class='ocrx_word' id='word_1_325' title='bbox 2849 1907 2916 1960; x_wconf 90' lang='lat' dir='ltr'><strong>ut</strong></span> <span class='ocrx_word' id='word_1_326' title='bbox 2944 1905 3178 1972; x_wconf 84' lang='lat' dir='ltr'><strong>dixistis,</strong></span> <span class='ocrx_word' id='word_1_327' title='bbox 3207 1906 3352 1974; x_wconf 83' lang='lat' dir='ltr'><strong>(ideo</strong></span> <span class='ocrx_word' id='word_1_328' title='bbox 3399 1906 3594 1978; x_wconf 89' lang='lat' dir='ltr'><strong>utique</strong></span> <span class='ocrx_word' id='word_1_329' title='bbox 3641 1907 3782 1979; x_wconf 90' lang='lat' dir='ltr'><strong>quia</strong></span> 
     </span>
    </p>
   </div>
   <div class='ocr_carea' id='block_1_48' title="bbox 2146 1981 3776 2071">
    <p class='ocr_par' dir='ltr' id='par_1_48' title="bbox 2146 1981 3776 2071">
     <span class='ocr_line' id='line_1_48' title="bbox 2146 1981 3776 2071; baseline -0.001 -17"><span class='ocrx_word' id='word_1_330' title='bbox 2146 2019 2174 2049; x_wconf 89' lang='grc'><strong>â€¹â€¹</strong></span> <span class='ocrx_word' id='word_1_331' title='bbox 2204 1981 2558 2071; x_wconf 70' lang='lat' dir='ltr'><strong>praeparatur</strong></span> <span class='ocrx_word' id='word_1_332' title='bbox 2587 1999 2846 2054; x_wconf 90' lang='lat' dir='ltr'><strong>voluntas</strong></span> <span class='ocrx_word' id='word_1_333' title='bbox 2889 2016 2924 2053; x_wconf 92' lang='lat' dir='ltr'><strong>a</strong></span> <span class='ocrx_word' id='word_1_334' title='bbox 2959 1999 3198 2054; x_wconf 91' lang='lat' dir='ltr'><strong>Domino</strong></span> <span class='ocrx_word' id='word_1_335' title='bbox 3247 1999 3421 2070; x_wconf 82' lang='lat' dir='ltr'><strong>(Prov.</strong></span> <span class='ocrx_word' id='word_1_336' title='bbox 3451 2017 3560 2068; x_wconf 77' lang='lat' dir='ltr'><strong>XIX,</strong></span> <span class='ocrx_word' id='word_1_337' title='bbox 3601 2001 3717 2071; x_wconf 81' lang='lat' dir='ltr'><strong>2t),</strong></span> <span class='ocrx_word' id='word_1_338' title='bbox 3750 2023 3776 2052; x_wconf 86' lang='grc'>â€ºâ€º</span> 
     </span>
    </p>
   </div>
   <div class='ocr_carea' id='block_1_49' title="bbox 2144 2093 3782 2165">
    <p class='ocr_par' dir='ltr' id='par_1_49' title="bbox 2144 2093 3782 2165">
     <span class='ocr_line' id='line_1_49' title="bbox 2144 2093 3782 2165; baseline 0.002 -18"><span class='ocrx_word' id='word_1_339' title='bbox 2144 2096 2202 2147; x_wconf 92' lang='lat' dir='ltr'><strong>et</strong></span> <span class='ocrx_word' id='word_1_340' title='bbox 2242 2098 2306 2148; x_wconf 91' lang='lat' dir='ltr'><strong>ut</strong></span> <span class='ocrx_word' id='word_1_341' title='bbox 2351 2093 2488 2147; x_wconf 93' lang='lat' dir='ltr'><strong>boni</strong></span> <span class='ocrx_word' id='word_1_342' title='bbox 2537 2093 2748 2165; x_wconf 88' lang='lat' dir='ltr'><strong>aliquid</strong></span> <span class='ocrx_word' id='word_1_343' title='bbox 2788 2097 2965 2165; x_wconf 85' lang='lat' dir='ltr'><strong>agant</strong></span> <span class='ocrx_word' id='word_1_344' title='bbox 3017 2093 3270 2165; x_wconf 89' lang='lat' dir='ltr'><strong>paternis</strong></span> <span class='ocrx_word' id='word_1_345' title='bbox 3317 2093 3782 2165; x_wconf 89' lang='lat' dir='ltr'><strong>inspirationibus</strong></span> 
     </span>
    </p>
   </div>
   <div class='ocr_carea' id='block_1_50' title="bbox 2142 2185 3780 2259">
    <p class='ocr_par' dir='ltr' id='par_1_50' title="bbox 2142 2185 3780 2259">
     <span class='ocr_line' id='line_1_50' title="bbox 2142 2185 3780 2259; baseline 0.002 -19"><span class='ocrx_word' id='word_1_346' title='bbox 2142 2203 2373 2241; x_wconf 91' lang='lat' dir='ltr'><strong>suorum</strong></span> <span class='ocrx_word' id='word_1_347' title='bbox 2397 2185 2518 2257; x_wconf 91' lang='lat' dir='ltr'><strong>ipse</strong></span> <span class='ocrx_word' id='word_1_348' title='bbox 2541 2186 2727 2257; x_wconf 86' lang='lat' dir='ltr'><strong>tangit</strong></span> <span class='ocrx_word' id='word_1_349' title='bbox 2745 2186 2919 2241; x_wconf 91' lang='lat' dir='ltr'><strong>corda</strong></span> <span class='ocrx_word' id='word_1_350' title='bbox 2945 2186 3223 2241; x_wconf 86' lang='lat' dir='ltr'><strong>fidelium.</strong></span> <span class='ocrx_word' id='word_1_351' title='bbox 3249 2187 3587 2259; x_wconf 86' lang='lat' dir='ltr'><strong>Â«Quotquot</strong></span> <span class='ocrx_word' id='word_1_352' title='bbox 3613 2189 3780 2245; x_wconf 90' lang='lat' dir='ltr'><strong>enim</strong></span> 
     </span>
    </p>
   </div>
   <div class='ocr_carea' id='block_1_51' title="bbox 2143 2278 3780 2350">
    <p class='ocr_par' dir='ltr' id='par_1_51' title="bbox 2143 2278 3780 2350">
     <span class='ocr_line' id='line_1_51' title="bbox 2143 2278 3780 2350; baseline 0.001 -15"><span class='ocrx_word' id='word_1_353' title='bbox 2143 2278 2354 2350; x_wconf 89' lang='lat' dir='ltr'><strong>Spiritu</strong></span> <span class='ocrx_word' id='word_1_354' title='bbox 2398 2279 2496 2335; x_wconf 91' lang='lat' dir='ltr'><strong>Dei</strong></span> <span class='ocrx_word' id='word_1_355' title='bbox 2542 2283 2811 2350; x_wconf 89' lang='lat' dir='ltr'><strong>aguntur,</strong></span> <span class='ocrx_word' id='word_1_356' title='bbox 2861 2280 2921 2334; x_wconf 92' lang='lat' dir='ltr'><strong>hi</strong></span> <span class='ocrx_word' id='word_1_357' title='bbox 2965 2279 3067 2334; x_wconf 85' lang='lat' dir='ltr'><strong>ï¬lii</strong></span> <span class='ocrx_word' id='word_1_358' title='bbox 3109 2284 3243 2334; x_wconf 91' lang='lat' dir='ltr'><strong>sunt</strong></span> <span class='ocrx_word' id='word_1_359' title='bbox 3279 2280 3378 2336; x_wconf 86' lang='lat' dir='ltr'><strong>Dei</strong></span> <span class='ocrx_word' id='word_1_360' title='bbox 3427 2281 3594 2350; x_wconf 85' lang='lat' dir='ltr'><strong>(Rom.</strong></span> <span class='ocrx_word' id='word_1_361' title='bbox 3653 2297 3780 2350; x_wconf 82' lang='lat' dir='ltr'><strong>vni,</strong></span> 
     </span>
    </p>
   </div>
   <div class='ocr_carea' id='block_1_52' title="bbox 2147 2373 3783 2442">
    <p class='ocr_par' dir='ltr' id='par_1_52' title="bbox 2147 2373 3783 2442">
     <span class='ocr_line' id='line_1_52' title="bbox 2147 2373 3783 2442; baseline 0.001 -14"><span class='ocrx_word' id='word_1_362' title='bbox 2147 2375 2251 2442; x_wconf 80' lang='grc'><strong>14),</strong></span> <span class='ocrx_word' id='word_1_363' title='bbox 2283 2392 2310 2423; x_wconf 88' lang='grc'><strong>â€ºâ€º</strong></span> <span class='ocrx_word' id='word_1_364' title='bbox 2339 2377 2403 2428; x_wconf 91' lang='lat' dir='ltr'><strong>ut</strong></span> <span class='ocrx_word' id='word_1_365' title='bbox 2428 2389 2534 2427; x_wconf 92' lang='lat' dir='ltr'><strong>nec</strong></span> <span class='ocrx_word' id='word_1_366' title='bbox 2553 2377 2810 2428; x_wconf 90' lang='lat' dir='ltr'><strong>nostrum</strong></span> <span class='ocrx_word' id='word_1_367' title='bbox 2837 2373 3030 2429; x_wconf 91' lang='lat' dir='ltr'><strong>deesse</strong></span> <span class='ocrx_word' id='word_1_368' title='bbox 3055 2375 3370 2429; x_wconf 88' lang='lat' dir='ltr'><strong>sentiamus</strong></span> <span class='ocrx_word' id='word_1_369' title='bbox 3395 2375 3698 2430; x_wconf 88' lang='lat' dir='ltr'><strong>arbitrium</strong></span> <span class='ocrx_word' id='word_1_370' title='bbox 3722 2379 3783 2431; x_wconf 87' lang='lat' dir='ltr'><strong>et</strong></span> 
     </span>
    </p>
   </div>
   <div class='ocr_carea' id='block_1_53' title="bbox 2140 2466 3780 2541">
    <p class='ocr_par' dir='ltr' id='par_1_53' title="bbox 2140 2466 3780 2541">
     <span class='ocr_line' id='line_1_53' title="bbox 2140 2466 3780 2541; baseline 0.001 -20"><span class='ocrx_word' id='word_1_371' title='bbox 2140 2466 2200 2521; x_wconf 90' lang='lat' dir='ltr'><strong>in</strong></span> <span class='ocrx_word' id='word_1_372' title='bbox 2263 2466 2430 2522; x_wconf 91' lang='lat' dir='ltr'><strong>bonis</strong></span> <span class='ocrx_word' id='word_1_373' title='bbox 2487 2467 2803 2539; x_wconf 90' lang='lat' dir='ltr'><strong>quibusque</strong></span> <span class='ocrx_word' id='word_1_374' title='bbox 2846 2467 3154 2523; x_wconf 90' lang='lat' dir='ltr'><strong>voluntatis</strong></span> <span class='ocrx_word' id='word_1_375' title='bbox 3202 2469 3472 2523; x_wconf 62' lang='lat' dir='ltr'><strong>humanas</strong></span> <span class='ocrx_word' id='word_1_376' title='bbox 3533 2468 3780 2541; x_wconf 88' lang='lat' dir='ltr'><strong>singulis</strong></span> 
     </span>
    </p>
   </div>
   <div class='ocr_carea' id='block_1_54' title="bbox 2139 2560 3775 2632">
    <p class='ocr_par' dir='ltr' id='par_1_54' title="bbox 2139 2560 3775 2632">
     <span class='ocr_line' id='line_1_54' title="bbox 2139 2560 3775 2632; baseline 0.002 -17"><span class='ocrx_word' id='word_1_377' title='bbox 2139 2560 2396 2616; x_wconf 91' lang='lat' dir='ltr'><strong>moribus</strong></span> <span class='ocrx_word' id='word_1_378' title='bbox 2441 2561 2625 2632; x_wconf 89' lang='lat' dir='ltr'><strong>magis</strong></span> <span class='ocrx_word' id='word_1_379' title='bbox 2663 2561 2816 2616; x_wconf 90' lang='lat' dir='ltr'><strong>illius</strong></span> <span class='ocrx_word' id='word_1_380' title='bbox 2861 2562 3045 2616; x_wconf 91' lang='lat' dir='ltr'><strong>valere</strong></span> <span class='ocrx_word' id='word_1_381' title='bbox 3092 2579 3210 2617; x_wconf 90' lang='lat' dir='ltr'><strong>non</strong></span> <span class='ocrx_word' id='word_1_382' title='bbox 3241 2561 3572 2618; x_wconf 90' lang='lat' dir='ltr'><strong>dubitemus</strong></span> <span class='ocrx_word' id='word_1_383' title='bbox 3613 2563 3775 2619; x_wconf 86' lang='lat' dir='ltr'><strong>auxi-</strong></span> 
     </span>
    </p>
   </div>
   <div class='ocr_carea' id='block_1_55' title="bbox 2140 2654 2304 2710">
    <p class='ocr_par' dir='ltr' id='par_1_55' title="bbox 2140 2654 2304 2710">
     <span class='ocr_line' id='line_1_55' title="bbox 2140 2654 2304 2710; baseline 0.012 -2"><span class='ocrx_word' id='word_1_384' title='bbox 2140 2654 2304 2710; x_wconf 92' lang='lat' dir='ltr'><strong>lium.</strong></span> 
     </span>
    </p>
   </div>
   <div class='ocr_carea' id='block_1_56' title="bbox 2212 2747 3777 2823">
    <p class='ocr_par' dir='ltr' id='par_1_56' title="bbox 2212 2747 3777 2823">
     <span class='ocr_line' id='line_1_56' title="bbox 2212 2747 3777 2823; baseline 0.003 -21"><span class='ocrx_word' id='word_1_385' title='bbox 2212 2749 2295 2803; x_wconf 80' lang='lat' dir='ltr'><strong>IX.</strong></span> <span class='ocrx_word' id='word_1_386' title='bbox 2342 2747 2503 2812; x_wconf 92' lang='lat' dir='ltr'><strong>Quod</strong></span> <span class='ocrx_word' id='word_1_387' title='bbox 2532 2747 2611 2802; x_wconf 86' lang='lat' dir='ltr'><strong>ita</strong></span> <span class='ocrx_word' id='word_1_388' title='bbox 2654 2749 2801 2803; x_wconf 91' lang='lat' dir='ltr'><strong>Deus</strong></span> <span class='ocrx_word' id='word_1_389' title='bbox 2840 2748 2898 2803; x_wconf 91' lang='lat' dir='ltr'><strong>in</strong></span> <span class='ocrx_word' id='word_1_390' title='bbox 2940 2749 3203 2804; x_wconf 90' lang='lat' dir='ltr'><strong>cordibus</strong></span> <span class='ocrx_word' id='word_1_391' title='bbox 3245 2750 3565 2821; x_wconf 89' lang='lat' dir='ltr'><strong>hominum,</strong></span> <span class='ocrx_word' id='word_1_392' title='bbox 3599 2755 3777 2823; x_wconf 87' lang='lat' dir='ltr'><strong>atque</strong></span> 
     </span>
    </p>
   </div>
   <div class='ocr_carea' id='block_1_57' title="bbox 2137 2841 3775 2916">
    <p class='ocr_par' dir='ltr' id='par_1_57' title="bbox 2137 2841 3775 2916">
     <span class='ocr_line' id='line_1_57' title="bbox 2137 2841 3775 2916; baseline 0.001 -19"><span class='ocrx_word' id='word_1_393' title='bbox 2137 2842 2197 2897; x_wconf 91' lang='lat' dir='ltr'><strong>in</strong></span> <span class='ocrx_word' id='word_1_394' title='bbox 2226 2842 2348 2912; x_wconf 90' lang='lat' dir='ltr'><strong>ipso</strong></span> <span class='ocrx_word' id='word_1_395' title='bbox 2390 2841 2567 2896; x_wconf 91' lang='lat' dir='ltr'><strong>libero</strong></span> <span class='ocrx_word' id='word_1_396' title='bbox 2598 2846 2869 2912; x_wconf 91' lang='lat' dir='ltr'><strong>operetur</strong></span> <span class='ocrx_word' id='word_1_397' title='bbox 2895 2842 3150 2909; x_wconf 90' lang='lat' dir='ltr'><strong>arbitrio,</strong></span> <span class='ocrx_word' id='word_1_398' title='bbox 3177 2846 3244 2897; x_wconf 92' lang='lat' dir='ltr'><strong>ut</strong></span> <span class='ocrx_word' id='word_1_399' title='bbox 3280 2849 3469 2899; x_wconf 89' lang='lat' dir='ltr'><strong>sancta</strong></span> <span class='ocrx_word' id='word_1_400' title='bbox 3497 2844 3775 2916; x_wconf 88' lang='lat' dir='ltr'><strong>cogitatio</strong></span> 
     </span>
    </p>
   </div>
   <div class='ocr_carea' id='block_1_58' title="bbox 2137 2934 3778 3006">
    <p class='ocr_par' dir='ltr' id='par_1_58' title="bbox 2137 2934 3778 3006">
     <span class='ocr_line' id='line_1_58' title="bbox 2137 2934 3778 3006; baseline 0.002 -17"><span class='ocrx_word' id='word_1_401' title='bbox 2137 2935 2296 3006; x_wconf 91' lang='lat' dir='ltr'><strong>pium</strong></span> <span class='ocrx_word' id='word_1_402' title='bbox 2327 2934 2622 2989; x_wconf 90' lang='lat' dir='ltr'><strong>consilium</strong></span> <span class='ocrx_word' id='word_1_403' title='bbox 2645 2934 2946 3006; x_wconf 90' lang='lat' dir='ltr'><strong>omnisque</strong></span> <span class='ocrx_word' id='word_1_404' title='bbox 2974 2940 3160 2990; x_wconf 92' lang='lat' dir='ltr'><strong>motus</strong></span> <span class='ocrx_word' id='word_1_405' title='bbox 3178 2936 3346 2992; x_wconf 68' lang='lat' dir='ltr'><strong>bona:</strong></span> <span class='ocrx_word' id='word_1_406' title='bbox 3370 2937 3678 2993; x_wconf 88' lang='lat' dir='ltr'><strong>voluntatis</strong></span> <span class='ocrx_word' id='word_1_407' title='bbox 3705 2956 3778 2994; x_wconf 85' lang='lat' dir='ltr'><strong>ex</strong></span> 
     </span>
    </p>
   </div>
   <div class='ocr_carea' id='block_1_59' title="bbox 2138 3027 3772 3102">
    <p class='ocr_par' dir='ltr' id='par_1_59' title="bbox 2138 3027 3772 3102">
     <span class='ocr_line' id='line_1_59' title="bbox 2138 3027 3772 3102; baseline 0.004 -21"><span class='ocrx_word' id='word_1_408' title='bbox 2138 3029 2252 3082; x_wconf 91' lang='lat' dir='ltr'><strong>Deo</strong></span> <span class='ocrx_word' id='word_1_409' title='bbox 2281 3027 2370 3095; x_wconf 90' lang='lat' dir='ltr'><strong>sit,</strong></span> <span class='ocrx_word' id='word_1_410' title='bbox 2401 3028 2533 3099; x_wconf 89' lang='lat' dir='ltr'><strong>quia</strong></span> <span class='ocrx_word' id='word_1_411' title='bbox 2562 3044 2664 3098; x_wconf 89' lang='lat' dir='ltr'><strong>per</strong></span> <span class='ocrx_word' id='word_1_412' title='bbox 2692 3029 2855 3082; x_wconf 92' lang='lat' dir='ltr'><strong>illum</strong></span> <span class='ocrx_word' id='word_1_413' title='bbox 2884 3029 3099 3101; x_wconf 88' lang='lat' dir='ltr'><strong>aliquid</strong></span> <span class='ocrx_word' id='word_1_414' title='bbox 3119 3030 3252 3084; x_wconf 91' lang='lat' dir='ltr'><strong>boni</strong></span> <span class='ocrx_word' id='word_1_415' title='bbox 3269 3047 3568 3102; x_wconf 89' lang='lat' dir='ltr'><strong>possumus</strong></span> <span class='ocrx_word' id='word_1_416' title='bbox 3593 3053 3620 3082; x_wconf 85' lang='grc'><strong>â€¹â€¹</strong></span> <span class='ocrx_word' id='word_1_417' title='bbox 3644 3033 3772 3091; x_wconf 87' lang='lat' dir='ltr'><strong>sine</strong></span> 
     </span>
    </p>
   </div>
   <div class='ocr_carea' id='block_1_60' title="bbox 403 3121 3773 3226">
    <p class='ocr_par' dir='ltr' id='par_1_60' title="bbox 403 3121 3773 3226">
     <span class='ocr_line' id='line_1_60' title="bbox 403 3121 3773 3226; baseline 0.001 -50"><span class='ocrx_word' id='word_1_418' title='bbox 403 3122 785 3191; x_wconf 86' lang='lat' dir='ltr'><strong>considerant,</strong></span> <span class='ocrx_word' id='word_1_419' title='bbox 820 3122 980 3193; x_wconf 88' lang='lat' dir='ltr'><strong>cujus</strong></span> <span class='ocrx_word' id='word_1_420' title='bbox 1037 3122 1286 3194; x_wconf 88' lang='lat' dir='ltr'><strong>quotidie</strong></span> <span class='ocrx_word' id='word_1_421' title='bbox 1330 3123 1570 3194; x_wconf 80' lang='lat' dir='ltr'><strong>gratiam</strong></span> <span class='ocrx_word' id='word_1_422' title='bbox 1616 3129 2038 3196; x_wconf 88' lang='lat' dir='ltr'><strong>consequuntur</strong></span> <span class='ocrx_word' id='word_1_423' title='bbox 2057 3150 2112 3226; x_wconf 68' lang='grc' dir='ltr'>ÎŸ</span> <span class='ocrx_word' id='word_1_424' title='bbox 2139 3137 2250 3193; x_wconf 91' lang='lat' dir='ltr'><strong>quo</strong></span> <span class='ocrx_word' id='word_1_425' title='bbox 2277 3121 2419 3175; x_wconf 93' lang='lat' dir='ltr'><strong>nihil</strong></span> <span class='ocrx_word' id='word_1_426' title='bbox 2467 3137 2768 3192; x_wconf 89' lang='lat' dir='ltr'><strong>possumus</strong></span> <span class='ocrx_word' id='word_1_427' title='bbox 2814 3122 2986 3193; x_wconf 87' lang='lat' dir='ltr'><strong>(Joan.</strong></span> <span class='ocrx_word' id='word_1_428' title='bbox 3018 3139 3106 3191; x_wconf 89' lang='lat' dir='ltr'><strong>xv,</strong></span> <span class='ocrx_word' id='word_1_429' title='bbox 3137 3125 3208 3194; x_wconf 78' lang='lat'><strong>5).</strong></span> <span class='ocrx_word' id='word_1_430' title='bbox 3239 3143 3266 3176; x_wconf 89' lang='lat'>Â»</span> <span class='ocrx_word' id='word_1_431' title='bbox 3314 3123 3394 3178; x_wconf 89' lang='lat' dir='ltr'><strong>Ad</strong></span> <span class='ocrx_word' id='word_1_432' title='bbox 3425 3124 3567 3179; x_wconf 91' lang='lat' dir='ltr'><strong>hanc</strong></span> <span class='ocrx_word' id='word_1_433' title='bbox 3611 3125 3773 3180; x_wconf 90' lang='lat' dir='ltr'><strong>enim</strong></span> 
     </span>
    </p>
   </div>
   <div class='ocr_carea' id='block_1_61' title="bbox 405 3216 2028 3289">
    <p class='ocr_par' dir='ltr' id='par_1_61' title="bbox 405 3216 2028 3289">
     <span class='ocr_line' id='line_1_61' title="bbox 405 3216 2028 3289; baseline 0.002 -19"><span class='ocrx_word' id='word_1_434' title='bbox 405 3217 502 3288; x_wconf 88' lang='lat' dir='ltr'><strong>qui</strong></span> <span class='ocrx_word' id='word_1_435' title='bbox 549 3216 668 3272; x_wconf 90' lang='lat' dir='ltr'><strong>sine</strong></span> <span class='ocrx_word' id='word_1_436' title='bbox 716 3217 814 3272; x_wconf 93' lang='lat' dir='ltr'><strong>illo</strong></span> <span class='ocrx_word' id='word_1_437' title='bbox 855 3221 1078 3272; x_wconf 91' lang='lat' dir='ltr'><strong>tantum</strong></span> <span class='ocrx_word' id='word_1_438' title='bbox 1123 3233 1182 3272; x_wconf 90' lang='lat' dir='ltr'><strong>se</strong></span> <span class='ocrx_word' id='word_1_439' title='bbox 1226 3217 1446 3289; x_wconf 88' lang='lat' dir='ltr'><strong>assequi</strong></span> <span class='ocrx_word' id='word_1_440' title='bbox 1499 3234 1664 3289; x_wconf 91' lang='lat' dir='ltr'><strong>posse</strong></span> <span class='ocrx_word' id='word_1_441' title='bbox 1719 3217 2028 3273; x_wconf 84' lang='lat' dir='ltr'><strong>conï¬dunt.</strong></span> 
     </span>
    </p>
   </div>
   <div class='ocr_carea' id='block_1_62' title="bbox 477 3309 2030 3382">
    <p class='ocr_par' dir='ltr' id='par_1_62' title="bbox 477 3309 2030 3382">
     <span class='ocr_line' id='line_1_62' title="bbox 477 3309 2030 3382; baseline 0.001 -19"><span class='ocrx_word' id='word_1_442' title='bbox 477 3310 558 3363; x_wconf 89' lang='lat' dir='ltr'><strong>Vl.</strong></span> <span class='ocrx_word' id='word_1_443' title='bbox 608 3309 910 3364; x_wconf 88' lang='lat' dir='ltr'><strong>Neminem</strong></span> <span class='ocrx_word' id='word_1_444' title='bbox 959 3309 1132 3364; x_wconf 90' lang='lat' dir='ltr'><strong>etiam</strong></span> <span class='ocrx_word' id='word_1_445' title='bbox 1173 3309 1532 3382; x_wconf 89' lang='lat' dir='ltr'><strong>baptismatis</strong></span> <span class='ocrx_word' id='word_1_446' title='bbox 1575 3310 1754 3381; x_wconf 89' lang='lat' dir='ltr'><strong>gratia</strong></span> <span class='ocrx_word' id='word_1_447' title='bbox 1797 3327 2030 3365; x_wconf 88' lang='lat' dir='ltr'><strong>renova-</strong></span> 
     </span>
    </p>
   </div>
   <div class='ocr_carea' id='block_1_63' title="bbox 405 3402 2034 3474">
    <p class='ocr_par' dir='ltr' id='par_1_63' title="bbox 405 3402 2034 3474">
     <span class='ocr_line' id='line_1_63' title="bbox 405 3402 2034 3474; baseline 0.001 -18"><span class='ocrx_word' id='word_1_448' title='bbox 405 3407 527 3456; x_wconf 88' lang='lat' dir='ltr'><strong>tum</strong></span> <span class='ocrx_word' id='word_1_449' title='bbox 553 3402 821 3457; x_wconf 91' lang='lat' dir='ltr'><strong>idoneum</strong></span> <span class='ocrx_word' id='word_1_450' title='bbox 849 3419 968 3458; x_wconf 87' lang='lat' dir='ltr'><strong>esse</strong></span> <span class='ocrx_word' id='word_1_451' title='bbox 996 3403 1068 3458; x_wconf 93' lang='lat' dir='ltr'><strong>ad</strong></span> <span class='ocrx_word' id='word_1_452' title='bbox 1095 3404 1444 3474; x_wconf 89' lang='lat' dir='ltr'><strong>superandas</strong></span> <span class='ocrx_word' id='word_1_453' title='bbox 1464 3404 1674 3459; x_wconf 90' lang='lat' dir='ltr'><strong>diaboli</strong></span> <span class='ocrx_word' id='word_1_454' title='bbox 1704 3403 1954 3473; x_wconf 88' lang='lat' dir='ltr'><strong>insidias,</strong></span> <span class='ocrx_word' id='word_1_455' title='bbox 1977 3407 2034 3458; x_wconf 91' lang='lat' dir='ltr'><strong>et</strong></span> 
     </span>
    </p>
   </div>
   <div class='ocr_carea' id='block_1_64' title="bbox 405 3497 2032 3569">
    <p class='ocr_par' dir='ltr' id='par_1_64' title="bbox 405 3497 2032 3569">
     <span class='ocr_line' id='line_1_64' title="bbox 405 3497 2032 3569; baseline 0.001 -18"><span class='ocrx_word' id='word_1_456' title='bbox 405 3498 474 3550; x_wconf 90' lang='lat' dir='ltr'><strong>ad</strong></span> <span class='ocrx_word' id='word_1_457' title='bbox 539 3497 874 3552; x_wconf 89' lang='lat' dir='ltr'><strong>evincendas</strong></span> <span class='ocrx_word' id='word_1_458' title='bbox 935 3498 1118 3552; x_wconf 90' lang='lat' dir='ltr'><strong>carnis</strong></span> <span class='ocrx_word' id='word_1_459' title='bbox 1186 3497 1685 3569; x_wconf 89' lang='lat' dir='ltr'><strong>concupiscentias,</strong></span> <span class='ocrx_word' id='word_1_460' title='bbox 1760 3497 1870 3553; x_wconf 91' lang='lat' dir='ltr'><strong>nisi</strong></span> <span class='ocrx_word' id='word_1_461' title='bbox 1928 3514 2032 3569; x_wconf 88' lang='lat' dir='ltr'><strong>per</strong></span> 
     </span>
    </p>
   </div>
   <div class='ocr_carea' id='block_1_65' title="bbox 401 3591 2030 3663">
    <p class='ocr_par' dir='ltr' id='par_1_65' title="bbox 401 3591 2030 3663">
     <span class='ocr_line' id='line_1_65' title="bbox 401 3591 2030 3663; baseline 0.001 -19"><span class='ocrx_word' id='word_1_462' title='bbox 401 3591 799 3661; x_wconf 89' lang='lat' dir='ltr'><strong>quotidianum</strong></span> <span class='ocrx_word' id='word_1_463' title='bbox 843 3591 1192 3662; x_wconf 90' lang='lat' dir='ltr'><strong>adjutorium</strong></span> <span class='ocrx_word' id='word_1_464' title='bbox 1233 3592 1329 3646; x_wconf 92' lang='lat' dir='ltr'><strong>Dei</strong></span> <span class='ocrx_word' id='word_1_465' title='bbox 1355 3591 1839 3663; x_wconf 88' lang='lat' dir='ltr'><strong>perseverantiam</strong></span> <span class='ocrx_word' id='word_1_466' title='bbox 1863 3591 2030 3646; x_wconf 67' lang='lat' dir='ltr'><strong>bona:</strong></span> 
     </span>
    </p>
   </div>
   <div class='ocr_carea' id='block_1_66' title="bbox 401 3685 2028 3755">
    <p class='ocr_par' dir='ltr' id='par_1_66' title="bbox 401 3685 2028 3755">
     <span class='ocr_line' id='line_1_66' title="bbox 401 3685 2028 3755; baseline 0.001 -18"><span class='ocrx_word' id='word_1_467' title='bbox 401 3685 840 3739; x_wconf 89' lang='lat' dir='ltr'><strong>conversationis</strong></span> <span class='ocrx_word' id='word_1_468' title='bbox 867 3685 1164 3755; x_wconf 92' lang='lat' dir='ltr'><strong>acceperit.</strong></span> <span class='ocrx_word' id='word_1_469' title='bbox 1208 3685 1366 3749; x_wconf 90' lang='lat' dir='ltr'><strong>Quod</strong></span> <span class='ocrx_word' id='word_1_470' title='bbox 1397 3685 1651 3754; x_wconf 90' lang='lat' dir='ltr'><strong>ejusdem</strong></span> <span class='ocrx_word' id='word_1_471' title='bbox 1678 3685 1942 3740; x_wconf 87' lang='lat' dir='ltr'><strong>antistitis</strong></span> <span class='ocrx_word' id='word_1_472' title='bbox 1967 3685 2028 3739; x_wconf 90' lang='lat' dir='ltr'><strong>in</strong></span> 
     </span>
    </p>
   </div>
   <div class='ocr_carea' id='block_1_67' title="bbox 401 3777 2026 3848">
    <p class='ocr_par' dir='ltr' id='par_1_67' title="bbox 401 3777 2026 3848">
     <span class='ocr_line' id='line_1_67' title="bbox 401 3777 2026 3848; baseline 0.001 -17"><span class='ocrx_word' id='word_1_473' title='bbox 401 3778 617 3832; x_wconf 89' lang='lat' dir='ltr'><strong>eisdem</strong></span> <span class='ocrx_word' id='word_1_474' title='bbox 663 3777 883 3848; x_wconf 87' lang='lat' dir='ltr'><strong>paginis</strong></span> <span class='ocrx_word' id='word_1_475' title='bbox 935 3778 1192 3832; x_wconf 88' lang='lat' dir='ltr'><strong>doctrina</strong></span> <span class='ocrx_word' id='word_1_476' title='bbox 1243 3778 1542 3834; x_wconf 84' lang='lat' dir='ltr'><strong>confirmat</strong></span> <span class='ocrx_word' id='word_1_477' title='bbox 1587 3779 1816 3833; x_wconf 90' lang='lat' dir='ltr'><strong>dicens:</strong></span> <span class='ocrx_word' id='word_1_478' title='bbox 1883 3780 2026 3833; x_wconf 91' lang='lat' dir='ltr'><strong>Nam</strong></span> 
     </span>
    </p>
   </div>
   <div class='ocr_carea' id='block_1_68' title="bbox 399 3870 2024 3943">
    <p class='ocr_par' dir='ltr' id='par_1_68' title="bbox 399 3870 2024 3943">
     <span class='ocr_line' id='line_1_68' title="bbox 399 3870 2024 3943; baseline 0.002 -20"><span class='ocrx_word' id='word_1_479' title='bbox 399 3870 659 3942; x_wconf 87' lang='lat' dir='ltr'><strong>quamvis</strong></span> <span class='ocrx_word' id='word_1_480' title='bbox 706 3871 1000 3925; x_wconf 90' lang='lat' dir='ltr'><strong>hominem</strong></span> <span class='ocrx_word' id='word_1_481' title='bbox 1045 3871 1356 3926; x_wconf 90' lang='lat' dir='ltr'><strong>redimeret</strong></span> <span class='ocrx_word' id='word_1_482' title='bbox 1385 3889 1418 3926; x_wconf 90' lang='lat' dir='ltr'><strong>a</strong></span> <span class='ocrx_word' id='word_1_483' title='bbox 1448 3871 1748 3943; x_wconf 68' lang='lat' dir='ltr'><strong>praeteritis</strong></span> <span class='ocrx_word' id='word_1_484' title='bbox 1775 3872 1867 3926; x_wconf 90' lang='lat' dir='ltr'><strong>ille</strong></span> <span class='ocrx_word' id='word_1_485' title='bbox 1893 3889 2024 3942; x_wconf 88' lang='lat' dir='ltr'><strong>pec-</strong></span> 
     </span>
    </p>
   </div>
   <div class='ocr_carea' id='block_1_69' title="bbox 397 3963 2026 4038">
    <p class='ocr_par' dir='ltr' id='par_1_69' title="bbox 397 3963 2026 4038">
     <span class='ocr_line' id='line_1_69' title="bbox 397 3963 2026 4038; baseline 0.001 -20"><span class='ocrx_word' id='word_1_486' title='bbox 397 3963 559 4032; x_wconf 87' lang='lat' dir='ltr'><strong>catis,</strong></span> <span class='ocrx_word' id='word_1_487' title='bbox 593 3968 783 4017; x_wconf 91' lang='lat' dir='ltr'><strong>tamen</strong></span> <span class='ocrx_word' id='word_1_488' title='bbox 810 3963 990 4018; x_wconf 86' lang='lat' dir='ltr'><strong>sciens</strong></span> <span class='ocrx_word' id='word_1_489' title='bbox 1018 3964 1225 4018; x_wconf 91' lang='lat' dir='ltr'><strong>iterum</strong></span> <span class='ocrx_word' id='word_1_490' title='bbox 1252 3981 1417 4036; x_wconf 90' lang='lat' dir='ltr'><strong>posse</strong></span> <span class='ocrx_word' id='word_1_491' title='bbox 1445 3981 1674 4035; x_wconf 90' lang='lat' dir='ltr'><strong>peccare</strong></span> <span class='ocrx_word' id='word_1_492' title='bbox 1702 3966 1772 4020; x_wconf 92' lang='lat' dir='ltr'><strong>ad</strong></span> <span class='ocrx_word' id='word_1_493' title='bbox 1799 3983 2026 4038; x_wconf 89' lang='lat' dir='ltr'><strong>repara-</strong></span> 
     </span>
    </p>
   </div>
   <div class='ocr_carea' id='block_1_70' title="bbox 397 4056 2029 4131">
    <p class='ocr_par' dir='ltr' id='par_1_70' title="bbox 397 4056 2029 4131">
     <span class='ocr_line' id='line_1_70' title="bbox 397 4056 2029 4131; baseline 0.003 -20"><span class='ocrx_word' id='word_1_494' title='bbox 397 4058 613 4112; x_wconf 89' lang='lat' dir='ltr'><strong>tionem</strong></span> <span class='ocrx_word' id='word_1_495' title='bbox 662 4056 785 4123; x_wconf 91' lang='lat' dir='ltr'><strong>sibi,</strong></span> <span class='ocrx_word' id='word_1_496' title='bbox 835 4057 1319 4128; x_wconf 90' lang='lat' dir='ltr'><strong>quemadmodnm</strong></span> <span class='ocrx_word' id='word_1_497' title='bbox 1371 4074 1531 4129; x_wconf 91' lang='lat' dir='ltr'><strong>posse</strong></span> <span class='ocrx_word' id='word_1_498' title='bbox 1571 4057 1752 4126; x_wconf 92' lang='lat' dir='ltr'><strong>illum,</strong></span> <span class='ocrx_word' id='word_1_499' title='bbox 1801 4065 1858 4114; x_wconf 89' lang='lat' dir='ltr'><strong>et</strong></span> <span class='ocrx_word' id='word_1_500' title='bbox 1901 4066 2029 4131; x_wconf 92' lang='lat' dir='ltr'><strong>post</strong></span> 
     </span>
    </p>
   </div>
   <div class='ocr_carea' id='block_1_71' title="bbox 397 4151 2026 4225">
    <p class='ocr_par' dir='ltr' id='par_1_71' title="bbox 397 4151 2026 4225">
     <span class='ocr_line' id='line_1_71' title="bbox 397 4151 2026 4225; baseline 0.002 -20"><span class='ocrx_word' id='word_1_501' title='bbox 397 4153 502 4205; x_wconf 88' lang='lat' dir='ltr'><strong>ista</strong></span> <span class='ocrx_word' id='word_1_502' title='bbox 526 4151 812 4222; x_wconf 86' lang='lat' dir='ltr'><strong>corrigere</strong></span> <span class='ocrx_word' id='word_1_503' title='bbox 854 4151 1034 4206; x_wconf 90' lang='lat' dir='ltr'><strong>multa</strong></span> <span class='ocrx_word' id='word_1_504' title='bbox 1078 4151 1335 4220; x_wconf 88' lang='lat' dir='ltr'><strong>servavit,</strong></span> <span class='ocrx_word' id='word_1_505' title='bbox 1369 4151 1700 4223; x_wconf 87' lang='lat' dir='ltr'><strong>quotidiana</strong></span> <span class='ocrx_word' id='word_1_506' title='bbox 1749 4158 2026 4225; x_wconf 64' lang='lat' dir='ltr'><strong>praestans</strong></span> 
     </span>
    </p>
   </div>
   <div class='ocr_carea' id='block_1_72' title="bbox 396 4244 2022 4318">
    <p class='ocr_par' dir='ltr' id='par_1_72' title="bbox 396 4244 2022 4318">
     <span class='ocr_line' id='line_1_72' title="bbox 396 4244 2022 4318; baseline 0.004 -20"><span class='ocrx_word' id='word_1_507' title='bbox 396 4245 474 4299; x_wconf 91' lang='lat' dir='ltr'><strong>illi</strong></span> <span class='ocrx_word' id='word_1_508' title='bbox 517 4244 768 4300; x_wconf 82' lang='lat' dir='ltr'><strong>remedia</strong></span> <span class='ocrx_word' id='word_1_509' title='bbox 821 4245 1027 4316; x_wconf 90' lang='lat' dir='ltr'><strong>quibus</strong></span> <span class='ocrx_word' id='word_1_510' title='bbox 1068 4245 1174 4300; x_wconf 90' lang='lat' dir='ltr'><strong>nisi</strong></span> <span class='ocrx_word' id='word_1_511' title='bbox 1228 4245 1357 4301; x_wconf 85' lang='lat' dir='ltr'><strong>freti</strong></span> <span class='ocrx_word' id='word_1_512' title='bbox 1404 4246 1708 4318; x_wconf 82' lang='lat' dir='ltr'><strong>conï¬sique</strong></span> <span class='ocrx_word' id='word_1_513' title='bbox 1751 4248 2022 4316; x_wconf 91' lang='lat' dir='ltr'><strong>nitamur,</strong></span> 
     </span>
    </p>
   </div>
   <div class='ocr_carea' id='block_1_73' title="bbox 393 4339 2020 4411">
    <p class='ocr_par' dir='ltr' id='par_1_73' title="bbox 393 4339 2020 4411">
     <span class='ocr_line' id='line_1_73' title="bbox 393 4339 2020 4411; baseline 0.003 -18"><span class='ocrx_word' id='word_1_514' title='bbox 393 4339 717 4394; x_wconf 86' lang='lat' dir='ltr'><strong>nullatenus</strong></span> <span class='ocrx_word' id='word_1_515' title='bbox 747 4339 1023 4393; x_wconf 89' lang='lat' dir='ltr'><strong>humanos</strong></span> <span class='ocrx_word' id='word_1_516' title='bbox 1052 4339 1277 4395; x_wconf 80' lang='lat' dir='ltr'><strong>vincere</strong></span> <span class='ocrx_word' id='word_1_517' title='bbox 1301 4340 1614 4411; x_wconf 90' lang='lat' dir='ltr'><strong>poterimus</strong></span> <span class='ocrx_word' id='word_1_518' title='bbox 1642 4357 1879 4397; x_wconf 88' lang='lat' dir='ltr'><strong>errores.</strong></span> <span class='ocrx_word' id='word_1_519' title='bbox 1917 4345 2020 4398; x_wconf 89' lang='lat' dir='ltr'><strong>Ne-</strong></span> 
     </span>
    </p>
   </div>
   <div class='ocr_carea' id='block_1_74' title="bbox 394 4433 2022 4505">
    <p class='ocr_par' dir='ltr' id='par_1_74' title="bbox 394 4433 2022 4505">
     <span class='ocr_line' id='line_1_74' title="bbox 394 4433 2022 4505; baseline 0.004 -19"><span class='ocrx_word' id='word_1_520' title='bbox 394 4449 545 4487; x_wconf 86' lang='lat' dir='ltr'><strong>cesse</strong></span> <span class='ocrx_word' id='word_1_521' title='bbox 576 4437 661 4487; x_wconf 91' lang='lat' dir='ltr'><strong>est</strong></span> <span class='ocrx_word' id='word_1_522' title='bbox 686 4433 838 4487; x_wconf 91' lang='lat' dir='ltr'><strong>enim</strong></span> <span class='ocrx_word' id='word_1_523' title='bbox 870 4436 930 4486; x_wconf 91' lang='lat' dir='ltr'><strong>ut</strong></span> <span class='ocrx_word' id='word_1_524' title='bbox 952 4449 1063 4505; x_wconf 88' lang='lat' dir='ltr'><strong>quo</strong></span> <span class='ocrx_word' id='word_1_525' title='bbox 1078 4433 1382 4489; x_wconf 86' lang='lat' dir='ltr'><strong>auxiliante</strong></span> <span class='ocrx_word' id='word_1_526' title='bbox 1409 4435 1705 4504; x_wconf 86' lang='lat' dir='ltr'><strong>vincimus,</strong></span> <span class='ocrx_word' id='word_1_527' title='bbox 1725 4452 1789 4491; x_wconf 91' lang='lat' dir='ltr'><strong>eo</strong></span> <span class='ocrx_word' id='word_1_528' title='bbox 1815 4436 2022 4492; x_wconf 91' lang='lat' dir='ltr'><strong>iterum</strong></span> 
     </span>
    </p>
   </div>
   <div class='ocr_carea' id='block_1_75' title="bbox 392 4526 1192 4598">
    <p class='ocr_par' dir='ltr' id='par_1_75' title="bbox 392 4526 1192 4598">
     <span class='ocr_line' id='line_1_75' title="bbox 392 4526 1192 4598; baseline 0.003 -18"><span class='ocrx_word' id='word_1_529' title='bbox 392 4544 506 4581; x_wconf 88' lang='lat' dir='ltr'><strong>non</strong></span> <span class='ocrx_word' id='word_1_530' title='bbox 539 4527 840 4598; x_wconf 91' lang='lat' dir='ltr'><strong>adjuvante</strong></span> <span class='ocrx_word' id='word_1_531' title='bbox 875 4526 1192 4582; x_wconf 89' lang='lat' dir='ltr'><strong>vincamur.</strong></span> 
     </span>
    </p>
   </div>
   <div class='ocr_carea' id='block_1_76' title="bbox 459 4621 2024 4694">
    <p class='ocr_par' dir='ltr' id='par_1_76' title="bbox 459 4621 2024 4694">
     <span class='ocr_line' id='line_1_76' title="bbox 459 4621 2024 4694; baseline 0.003 -19"><span class='ocrx_word' id='word_1_532' title='bbox 459 4623 566 4675; x_wconf 77' lang='grc' dir='ltr'><strong>Î½Î·.</strong></span> <span class='ocrx_word' id='word_1_533' title='bbox 596 4622 752 4686; x_wconf 90' lang='lat' dir='ltr'><strong>Quod</strong></span> <span class='ocrx_word' id='word_1_534' title='bbox 770 4638 940 4676; x_wconf 90' lang='lat' dir='ltr'><strong>nemo</strong></span> <span class='ocrx_word' id='word_1_535' title='bbox 961 4621 1068 4676; x_wconf 90' lang='lat' dir='ltr'><strong>nisi</strong></span> <span class='ocrx_word' id='word_1_536' title='bbox 1088 4638 1190 4693; x_wconf 90' lang='lat' dir='ltr'><strong>per</strong></span> <span class='ocrx_word' id='word_1_537' title='bbox 1217 4622 1648 4694; x_wconf 90' lang='lat' dir='ltr'><strong>gratiamlibero</strong></span> <span class='ocrx_word' id='word_1_538' title='bbox 1666 4624 1814 4679; x_wconf 90' lang='lat' dir='ltr'><strong>bene</strong></span> <span class='ocrx_word' id='word_1_539' title='bbox 1831 4629 2024 4679; x_wconf 90' lang='lat' dir='ltr'><strong>utatur</strong></span> 
     </span>
    </p>
   </div>
   <div class='ocr_carea' id='block_1_77' title="bbox 389 4715 2018 4787">
    <p class='ocr_par' dir='ltr' id='par_1_77' title="bbox 389 4715 2018 4787">
     <span class='ocr_line' id='line_1_77' title="bbox 389 4715 2018 4787; baseline 0.003 -19"><span class='ocrx_word' id='word_1_540' title='bbox 389 4715 646 4769; x_wconf 86' lang='lat' dir='ltr'><strong>arbitrio.</strong></span> <span class='ocrx_word' id='word_1_541' title='bbox 689 4716 842 4770; x_wconf 92' lang='lat' dir='ltr'><strong>ldem</strong></span> <span class='ocrx_word' id='word_1_542' title='bbox 870 4717 1145 4787; x_wconf 87' lang='lat' dir='ltr'><strong>magister</strong></span> <span class='ocrx_word' id='word_1_543' title='bbox 1174 4715 1232 4770; x_wconf 94' lang='lat' dir='ltr'><strong>in</strong></span> <span class='ocrx_word' id='word_1_544' title='bbox 1263 4716 1498 4787; x_wconf 89' lang='lat' dir='ltr'><strong>epistola</strong></span> <span class='ocrx_word' id='word_1_545' title='bbox 1541 4718 1610 4772; x_wconf 92' lang='lat' dir='ltr'><strong>ad</strong></span> <span class='ocrx_word' id='word_1_546' title='bbox 1636 4718 2018 4773; x_wconf 86' lang='lat' dir='ltr'><strong>Milevitanum</strong></span> 
     </span>
    </p>
   </div>
   <div class='ocr_carea' id='block_1_78' title="bbox 387 4809 2016 4882">
    <p class='ocr_par' dir='ltr' id='par_1_78' title="bbox 387 4809 2016 4882">
     <span class='ocr_line' id='line_1_78' title="bbox 387 4809 2016 4882; baseline 0.002 -20"><span class='ocrx_word' id='word_1_547' title='bbox 387 4809 689 4863; x_wconf 91' lang='lat' dir='ltr'><strong>concilium</strong></span> <span class='ocrx_word' id='word_1_548' title='bbox 716 4809 847 4864; x_wconf 91' lang='lat' dir='ltr'><strong>data</strong></span> <span class='ocrx_word' id='word_1_549' title='bbox 891 4810 1166 4882; x_wconf 60' lang='lat' dir='ltr'><strong>praedicat</strong></span> <span class='ocrx_word' id='word_1_550' title='bbox 1209 4810 1444 4866; x_wconf 89' lang='lat' dir='ltr'><strong>dicens:</strong></span> <span class='ocrx_word' id='word_1_551' title='bbox 1484 4811 1725 4867; x_wconf 83' lang='lat' dir='ltr'><strong>Adverte</strong></span> <span class='ocrx_word' id='word_1_552' title='bbox 1765 4813 2016 4881; x_wconf 85' lang='lat' dir='ltr'><strong>tandem,</strong></span> 
     </span>
    </p>
   </div>
   <div class='ocr_carea' id='block_1_79' title="bbox 390 4903 2019 4978">
    <p class='ocr_par' dir='ltr' id='par_1_79' title="bbox 390 4903 2019 4978">
     <span class='ocr_line' id='line_1_79' title="bbox 390 4903 2019 4978; baseline 0.003 -23"><span class='ocrx_word' id='word_1_553' title='bbox 390 4919 421 4956; x_wconf 94' lang='grc' dir='ltr'>Î¿</span> <span class='ocrx_word' id='word_1_554' title='bbox 447 4903 909 4973; x_wconf 90' lang='lat' dir='ltr'><strong>pravissimarum</strong></span> <span class='ocrx_word' id='word_1_555' title='bbox 948 4903 1224 4960; x_wconf 82' lang='lat' dir='ltr'><strong>mentium</strong></span> <span class='ocrx_word' id='word_1_556' title='bbox 1271 4921 1531 4976; x_wconf 87' lang='lat' dir='ltr'><strong>perversa</strong></span> <span class='ocrx_word' id='word_1_557' title='bbox 1557 4905 1834 4974; x_wconf 89' lang='lat' dir='ltr'><strong>doctrina,</strong></span> <span class='ocrx_word' id='word_1_558' title='bbox 1865 4906 2019 4978; x_wconf 91' lang='lat' dir='ltr'><strong>quod</strong></span> 
     </span>
    </p>
   </div>
   <div class='ocr_carea' id='block_1_80' title="bbox 385 4995 2015 5069">
    <p class='ocr_par' dir='ltr' id='par_1_80' title="bbox 385 4995 2015 5069">
     <span class='ocr_line' id='line_1_80' title="bbox 385 4995 2015 5069; baseline 0.003 -21"><span class='ocrx_word' id='word_1_559' title='bbox 385 4995 636 5066; x_wconf 89' lang='lat' dir='ltr'><strong>primum</strong></span> <span class='ocrx_word' id='word_1_560' title='bbox 662 4997 955 5052; x_wconf 90' lang='lat' dir='ltr'><strong>hominem</strong></span> <span class='ocrx_word' id='word_1_561' title='bbox 991 4998 1068 5053; x_wconf 90' lang='lat' dir='ltr'><strong>ita</strong></span> <span class='ocrx_word' id='word_1_562' title='bbox 1093 4998 1326 5054; x_wconf 89' lang='lat' dir='ltr'><strong>libertas</strong></span> <span class='ocrx_word' id='word_1_563' title='bbox 1353 4999 1475 5069; x_wconf 91' lang='lat' dir='ltr'><strong>ipsa</strong></span> <span class='ocrx_word' id='word_1_564' title='bbox 1520 4999 1760 5069; x_wconf 91' lang='lat' dir='ltr'><strong>decepit,</strong></span> <span class='ocrx_word' id='word_1_565' title='bbox 1792 5002 1851 5052; x_wconf 93' lang='lat' dir='ltr'><strong>ut</strong></span> <span class='ocrx_word' id='word_1_566' title='bbox 1879 4999 2015 5053; x_wconf 93' lang='lat' dir='ltr'><strong>dum</strong></span> 
     </span>
    </p>
   </div>
   <div class='ocr_carea' id='block_1_81' title="bbox 383 5088 2013 5162">
    <p class='ocr_par' dir='ltr' id='par_1_81' title="bbox 383 5088 2013 5162">
     <span class='ocr_line' id='line_1_81' title="bbox 383 5088 2013 5162; baseline 0.003 -21"><span class='ocrx_word' id='word_1_567' title='bbox 383 5088 772 5158; x_wconf 88' lang='lat' dir='ltr'><strong>indulgentius</strong></span> <span class='ocrx_word' id='word_1_568' title='bbox 810 5091 989 5145; x_wconf 87' lang='lat' dir='ltr'><strong>frenis</strong></span> <span class='ocrx_word' id='word_1_569' title='bbox 1017 5093 1137 5162; x_wconf 86' lang='lat' dir='ltr'><strong>ejus</strong></span> <span class='ocrx_word' id='word_1_570' title='bbox 1189 5093 1367 5147; x_wconf 90' lang='lat' dir='ltr'><strong>utitur</strong></span> <span class='ocrx_word' id='word_1_571' title='bbox 1394 5092 1450 5145; x_wconf 92' lang='lat' dir='ltr'><strong>in</strong></span> <span class='ocrx_word' id='word_1_572' title='bbox 1494 5091 2013 5162; x_wconf 68' lang='lat' dir='ltr'><strong>prrevaricationem</strong></span> 
     </span>
    </p>
   </div>
   <div class='ocr_carea' id='block_1_82' title="bbox 381 5183 2010 5256">
    <p class='ocr_par' dir='ltr' id='par_1_82' title="bbox 381 5183 2010 5256">
     <span class='ocr_line' id='line_1_82' title="bbox 381 5183 2010 5256; baseline 0.002 -21"><span class='ocrx_word' id='word_1_573' title='bbox 381 5183 844 5254; x_wconf 66' lang='lat' dir='ltr'><strong>praesumptionis</strong></span> <span class='ocrx_word' id='word_1_574' title='bbox 888 5185 1211 5254; x_wconf 85' lang='lat' dir='ltr'><strong>incederet;</strong></span> <span class='ocrx_word' id='word_1_575' title='bbox 1259 5203 1364 5240; x_wconf 91' lang='lat' dir='ltr'><strong>nec</strong></span> <span class='ocrx_word' id='word_1_576' title='bbox 1403 5202 1472 5240; x_wconf 85' lang='lat' dir='ltr'><strong>ex</strong></span> <span class='ocrx_word' id='word_1_577' title='bbox 1512 5185 1616 5239; x_wconf 89' lang='lat' dir='ltr'><strong>hac</strong></span> <span class='ocrx_word' id='word_1_578' title='bbox 1657 5185 1842 5256; x_wconf 90' lang='lat' dir='ltr'><strong>potuit</strong></span> <span class='ocrx_word' id='word_1_579' title='bbox 1869 5186 2010 5252; x_wconf 90' lang='lat' dir='ltr'><strong>erui,</strong></span> 
     </span>
    </p>
   </div>
   <div class='ocr_carea' id='block_1_83' title="bbox 379 5275 2011 5351">
    <p class='ocr_par' dir='ltr' id='par_1_83' title="bbox 379 5275 2011 5351">
     <span class='ocr_line' id='line_1_83' title="bbox 379 5275 2011 5351; baseline 0.002 -21"><span class='ocrx_word' id='word_1_580' title='bbox 379 5275 488 5331; x_wconf 90' lang='lat' dir='ltr'><strong>nisi</strong></span> <span class='ocrx_word' id='word_1_581' title='bbox 528 5276 582 5331; x_wconf 89' lang='lat' dir='ltr'><strong>ei</strong></span> <span class='ocrx_word' id='word_1_582' title='bbox 621 5277 980 5348; x_wconf 87' lang='lat' dir='ltr'><strong>providentia</strong></span> <span class='ocrx_word' id='word_1_583' title='bbox 1024 5279 1471 5351; x_wconf 87' lang='lat' dir='ltr'><strong>regenerationis</strong></span> <span class='ocrx_word' id='word_1_584' title='bbox 1508 5283 1717 5334; x_wconf 89' lang='lat' dir='ltr'><strong>statum</strong></span> <span class='ocrx_word' id='word_1_585' title='bbox 1755 5278 2011 5350; x_wconf 71' lang='lat' dir='ltr'><strong>pristinas</strong></span> 
     </span>
    </p>
   </div>
   <div class='ocr_carea' id='block_1_84' title="bbox 376 5368 1841 5428">
    <p class='ocr_par' dir='ltr' id='par_1_84' title="bbox 376 5368 1841 5428">
     <span class='ocr_line' id='line_1_84' title="bbox 376 5368 1841 5428; baseline 0.002 -5"><span class='ocrx_word' id='word_1_586' title='bbox 376 5368 656 5424; x_wconf 87' lang='lat' dir='ltr'><strong>libertatis</strong></span> <span class='ocrx_word' id='word_1_587' title='bbox 681 5371 886 5426; x_wconf 87' lang='lat' dir='ltr'><strong>Christi</strong></span> <span class='ocrx_word' id='word_1_588' title='bbox 912 5373 1134 5427; x_wconf 90' lang='lat' dir='ltr'><strong>Domini</strong></span> <span class='ocrx_word' id='word_1_589' title='bbox 1162 5374 1522 5428; x_wconf 89' lang='lat' dir='ltr'><strong>reformasset</strong></span> <span class='ocrx_word' id='word_1_590' title='bbox 1549 5372 1841 5427; x_wconf 89' lang='lat' dir='ltr'><strong>adventus.</strong></span> 
     </span>
    </p>
   </div>
   <div class='ocr_carea' id='block_1_85' title="bbox 451 5465 2004 5536">
    <p class='ocr_par' dir='ltr' id='par_1_85' title="bbox 451 5465 2004 5536">
     <span class='ocr_line' id='line_1_85' title="bbox 451 5465 2004 5536; baseline 0.003 -17"><span class='ocrx_word' id='word_1_591' title='bbox 451 5465 579 5520; x_wconf 90' lang='lat' dir='ltr'><strong>Vlll.</strong></span> <span class='ocrx_word' id='word_1_592' title='bbox 609 5465 771 5530; x_wconf 91' lang='lat' dir='ltr'><strong>Quod</strong></span> <span class='ocrx_word' id='word_1_593' title='bbox 808 5467 1001 5521; x_wconf 92' lang='lat' dir='ltr'><strong>omnia</strong></span> <span class='ocrx_word' id='word_1_594' title='bbox 1047 5467 1233 5522; x_wconf 91' lang='lat' dir='ltr'><strong>studia</strong></span> <span class='ocrx_word' id='word_1_595' title='bbox 1265 5471 1324 5520; x_wconf 88' lang='lat' dir='ltr'><strong>et</strong></span> <span class='ocrx_word' id='word_1_596' title='bbox 1352 5465 1544 5520; x_wconf 89' lang='lat' dir='ltr'><strong>omnia</strong></span> <span class='ocrx_word' id='word_1_597' title='bbox 1574 5482 1746 5536; x_wconf 90' lang='lat' dir='ltr'><strong>opera</strong></span> <span class='ocrx_word' id='word_1_598' title='bbox 1791 5484 1855 5522; x_wconf 92' lang='lat' dir='ltr'><strong>ac</strong></span> <span class='ocrx_word' id='word_1_599' title='bbox 1883 5484 2004 5524; x_wconf 93' lang='lat' dir='ltr'><strong>me-</strong></span> 
     </span>
    </p>
   </div>
   <div class='ocr_carea' id='block_1_86' title="bbox 375 5557 2005 5632">
    <p class='ocr_par' dir='ltr' id='par_1_86' title="bbox 375 5557 2005 5632">
     <span class='ocr_line' id='line_1_86' title="bbox 375 5557 2005 5632; baseline 0.005 -21"><span class='ocrx_word' id='word_1_600' title='bbox 375 5557 482 5612; x_wconf 78' lang='lat' dir='ltr'><strong>rita</strong></span> <span class='ocrx_word' id='word_1_601' title='bbox 507 5565 832 5616; x_wconf 89' lang='lat' dir='ltr'><strong>sanctorum</strong></span> <span class='ocrx_word' id='word_1_602' title='bbox 861 5560 933 5616; x_wconf 89' lang='lat' dir='ltr'><strong>ad</strong></span> <span class='ocrx_word' id='word_1_603' title='bbox 960 5561 1055 5614; x_wconf 91' lang='lat' dir='ltr'><strong>Dei</strong></span> <span class='ocrx_word' id='word_1_604' title='bbox 1075 5560 1313 5630; x_wconf 87' lang='lat' dir='ltr'><strong>gratiam</strong></span> <span class='ocrx_word' id='word_1_605' title='bbox 1348 5559 1686 5632; x_wconf 89' lang='lat' dir='ltr'><strong>laudemque</strong></span> <span class='ocrx_word' id='word_1_606' title='bbox 1707 5562 2005 5620; x_wconf 87' lang='lat' dir='ltr'><strong>referenda</strong></span> 
     </span>
    </p>
   </div>
   <div class='ocr_carea' id='block_1_87' title="bbox 375 5653 2002 5729">
    <p class='ocr_par' dir='ltr' id='par_1_87' title="bbox 375 5653 2002 5729">
     <span class='ocr_line' id='line_1_87' title="bbox 375 5653 2002 5729; baseline 0.006 -25"><span class='ocrx_word' id='word_1_607' title='bbox 375 5657 525 5722; x_wconf 89' lang='lat' dir='ltr'><strong>sunt,</strong></span> <span class='ocrx_word' id='word_1_608' title='bbox 555 5654 689 5725; x_wconf 89' lang='lat' dir='ltr'><strong>quia</strong></span> <span class='ocrx_word' id='word_1_609' title='bbox 727 5670 898 5709; x_wconf 92' lang='lat' dir='ltr'><strong>nemo</strong></span> <span class='ocrx_word' id='word_1_610' title='bbox 929 5653 1156 5708; x_wconf 91' lang='lat' dir='ltr'><strong>aliunde</strong></span> <span class='ocrx_word' id='word_1_611' title='bbox 1185 5654 1237 5708; x_wconf 92' lang='lat' dir='ltr'><strong>ei</strong></span> <span class='ocrx_word' id='word_1_612' title='bbox 1283 5654 1481 5724; x_wconf 90' lang='lat' dir='ltr'><strong>placet,</strong></span> <span class='ocrx_word' id='word_1_613' title='bbox 1528 5654 1635 5710; x_wconf 91' lang='lat' dir='ltr'><strong>nisi</strong></span> <span class='ocrx_word' id='word_1_614' title='bbox 1666 5673 1734 5712; x_wconf 85' lang='lat' dir='ltr'><strong>ex</strong></span> <span class='ocrx_word' id='word_1_615' title='bbox 1763 5674 1830 5712; x_wconf 91' lang='lat' dir='ltr'><strong>eo</strong></span> <span class='ocrx_word' id='word_1_616' title='bbox 1851 5659 2002 5729; x_wconf 91' lang='lat' dir='ltr'><strong>quod</strong></span> 
     </span>
    </p>
   </div>
   <div class='ocr_carea' id='block_1_88' title="bbox 373 5743 2000 5824">
    <p class='ocr_par' dir='ltr' id='par_1_88' title="bbox 373 5743 2000 5824">
     <span class='ocr_line' id='line_1_88' title="bbox 373 5743 2000 5824; baseline 0.006 -26"><span class='ocrx_word' id='word_1_617' title='bbox 373 5743 492 5813; x_wconf 91' lang='lat' dir='ltr'><strong>ipse</strong></span> <span class='ocrx_word' id='word_1_618' title='bbox 515 5746 825 5817; x_wconf 85' lang='lat' dir='ltr'><strong>donaverit,</strong></span> <span class='ocrx_word' id='word_1_619' title='bbox 847 5748 907 5802; x_wconf 91' lang='lat' dir='ltr'><strong>in</strong></span> <span class='ocrx_word' id='word_1_620' title='bbox 927 5763 1103 5818; x_wconf 91' lang='lat' dir='ltr'><strong>quam</strong></span> <span class='ocrx_word' id='word_1_621' title='bbox 1125 5763 1227 5801; x_wconf 92' lang='lat' dir='ltr'><strong>nos</strong></span> <span class='ocrx_word' id='word_1_622' title='bbox 1246 5747 1583 5804; x_wconf 89' lang='lat' dir='ltr'><strong>sententiam</strong></span> <span class='ocrx_word' id='word_1_623' title='bbox 1598 5750 1791 5824; x_wconf 88' lang='lat' dir='ltr'><strong>dirigit</strong></span> <span class='ocrx_word' id='word_1_624' title='bbox 1815 5752 2000 5808; x_wconf 72' lang='lat' dir='ltr'><strong>beatae</strong></span> 
     </span>
    </p>
   </div>
   <div class='ocr_carea' id='block_1_89' title="bbox 373 5837 2000 5916">
    <p class='ocr_par' dir='ltr' id='par_1_89' title="bbox 373 5837 2000 5916">
     <span class='ocr_line' id='line_1_89' title="bbox 373 5837 2000 5916; baseline 0.007 -26"><span class='ocrx_word' id='word_1_625' title='bbox 373 5837 781 5894; x_wconf 85' lang='lat' dir='ltr'><strong>recordationis</strong></span> <span class='ocrx_word' id='word_1_626' title='bbox 800 5853 960 5911; x_wconf 82' lang='lat' dir='ltr'><strong>papae</strong></span> <span class='ocrx_word' id='word_1_627' title='bbox 982 5839 1190 5896; x_wconf 82' lang='lat' dir='ltr'><strong>Zozimi</strong></span> <span class='ocrx_word' id='word_1_628' title='bbox 1212 5841 1484 5914; x_wconf 87' lang='lat' dir='ltr'><strong>regularis</strong></span> <span class='ocrx_word' id='word_1_629' title='bbox 1518 5847 1845 5916; x_wconf 86' lang='lat' dir='ltr'><strong>auctoritas,</strong></span> <span class='ocrx_word' id='word_1_630' title='bbox 1869 5863 2000 5902; x_wconf 89' lang='lat' dir='ltr'><strong>cum</strong></span> 
     </span>
    </p>
   </div>
   <div class='ocr_carea' id='block_1_90' title="bbox 2136 3213 3772 3288">
    <p class='ocr_par' dir='ltr' id='par_1_90' title="bbox 2136 3213 3772 3288">
     <span class='ocr_line' id='line_1_90' title="bbox 2136 3213 3772 3288; baseline 0.002 -19"><span class='ocrx_word' id='word_1_631' title='bbox 2136 3231 2239 3269; x_wconf 91' lang='lat' dir='ltr'><strong>nos</strong></span> <span class='ocrx_word' id='word_1_632' title='bbox 2269 3213 2675 3286; x_wconf 88' lang='lat' dir='ltr'><strong>professionem</strong></span> <span class='ocrx_word' id='word_1_633' title='bbox 2709 3214 2862 3270; x_wconf 91' lang='lat' dir='ltr'><strong>idem</strong></span> <span class='ocrx_word' id='word_1_634' title='bbox 2894 3215 3093 3270; x_wconf 90' lang='lat' dir='ltr'><strong>doctor</strong></span> <span class='ocrx_word' id='word_1_635' title='bbox 3119 3215 3383 3284; x_wconf 89' lang='lat' dir='ltr'><strong>instituit,</strong></span> <span class='ocrx_word' id='word_1_636' title='bbox 3411 3217 3508 3288; x_wconf 91' lang='lat' dir='ltr'><strong>qui</strong></span> <span class='ocrx_word' id='word_1_637' title='bbox 3535 3234 3667 3272; x_wconf 92' lang='lat' dir='ltr'><strong>cum</strong></span> <span class='ocrx_word' id='word_1_638' title='bbox 3697 3219 3772 3274; x_wconf 91' lang='lat' dir='ltr'><strong>ad</strong></span> 
     </span>
    </p>
   </div>
   <div class='ocr_carea' id='block_1_91' title="bbox 2132 3307 3771 3383">
    <p class='ocr_par' dir='ltr' id='par_1_91' title="bbox 2132 3307 3771 3383">
     <span class='ocr_line' id='line_1_91' title="bbox 2132 3307 3771 3383; baseline 0.003 -20"><span class='ocrx_word' id='word_1_639' title='bbox 2132 3308 2305 3364; x_wconf 87' lang='lat' dir='ltr'><strong>totius</strong></span> <span class='ocrx_word' id='word_1_640' title='bbox 2349 3308 2499 3363; x_wconf 89' lang='lat' dir='ltr'><strong>orbis</strong></span> <span class='ocrx_word' id='word_1_641' title='bbox 2527 3307 2819 3380; x_wconf 88' lang='lat' dir='ltr'><strong>episcopos</strong></span> <span class='ocrx_word' id='word_1_642' title='bbox 2854 3309 2923 3364; x_wconf 92' lang='lat' dir='ltr'><strong>de</strong></span> <span class='ocrx_word' id='word_1_643' title='bbox 2941 3309 3146 3364; x_wconf 84' lang='lat' dir='ltr'><strong>divinae</strong></span> <span class='ocrx_word' id='word_1_644' title='bbox 3176 3311 3368 3382; x_wconf 77' lang='lat' dir='ltr'><strong>gratiae</strong></span> <span class='ocrx_word' id='word_1_645' title='bbox 3391 3311 3771 3383; x_wconf 86' lang='lat' dir='ltr'><strong>opitulatione</strong></span> 
     </span>
    </p>
   </div>
   <div class='ocr_carea' id='block_1_92' title="bbox 2132 3401 3770 3478">
    <p class='ocr_par' dir='ltr' id='par_1_92' title="bbox 2132 3401 3770 3478">
     <span class='ocr_line' id='line_1_92' title="bbox 2132 3401 3770 3478; baseline 0.003 -22"><span class='ocrx_word' id='word_1_646' title='bbox 2132 3403 2463 3473; x_wconf 89' lang='lat' dir='ltr'><strong>loqueretur</strong></span> <span class='ocrx_word' id='word_1_647' title='bbox 2489 3419 2502 3456; x_wconf 90' lang='lat'><strong>:</strong></span> <span class='ocrx_word' id='word_1_648' title='bbox 2541 3401 2693 3473; x_wconf 94' lang='lat' dir='ltr'><strong>quod</strong></span> <span class='ocrx_word' id='word_1_649' title='bbox 2725 3419 2862 3474; x_wconf 87' lang='lat' dir='ltr'><strong>ergo</strong></span> <span class='ocrx_word' id='word_1_650' title='bbox 2891 3407 3134 3474; x_wconf 90' lang='lat' dir='ltr'><strong>tempus,</strong></span> <span class='ocrx_word' id='word_1_651' title='bbox 3169 3405 3267 3472; x_wconf 85' lang='lat' dir='ltr'><strong>ait,</strong></span> <span class='ocrx_word' id='word_1_652' title='bbox 3299 3406 3623 3472; x_wconf 89' lang='lat' dir='ltr'><strong>intervenit,</strong></span> <span class='ocrx_word' id='word_1_653' title='bbox 3653 3423 3770 3478; x_wconf 92' lang='lat' dir='ltr'><strong>quo</strong></span> 
     </span>
    </p>
   </div>
   <div class='ocr_carea' id='block_1_93' title="bbox 2131 3496 3765 3570">
    <p class='ocr_par' dir='ltr' id='par_1_93' title="bbox 2131 3496 3765 3570">
     <span class='ocr_line' id='line_1_93' title="bbox 2131 3496 3765 3570; baseline 0.003 -21"><span class='ocrx_word' id='word_1_654' title='bbox 2131 3496 2179 3566; x_wconf 89' lang='lat' dir='ltr'><strong>ej</strong></span> <span class='ocrx_word' id='word_1_655' title='bbox 2189 3513 2254 3549; x_wconf 92' lang='lat' dir='ltr'><strong>us</strong></span> <span class='ocrx_word' id='word_1_656' title='bbox 2283 3512 2394 3550; x_wconf 90' lang='lat' dir='ltr'><strong>non</strong></span> <span class='ocrx_word' id='word_1_657' title='bbox 2409 3512 2683 3567; x_wconf 88' lang='lat' dir='ltr'><strong>egeamus</strong></span> <span class='ocrx_word' id='word_1_658' title='bbox 2696 3496 2906 3551; x_wconf 88' lang='lat' dir='ltr'><strong>auxilio</strong></span> <span class='ocrx_word' id='word_1_659' title='bbox 2924 3497 2950 3551; x_wconf 86' lang='lat'><strong>?</strong></span> <span class='ocrx_word' id='word_1_660' title='bbox 2968 3499 3029 3550; x_wconf 92' lang='lat' dir='ltr'><strong>In</strong></span> <span class='ocrx_word' id='word_1_661' title='bbox 3046 3498 3313 3552; x_wconf 90' lang='lat' dir='ltr'><strong>omnibus</strong></span> <span class='ocrx_word' id='word_1_662' title='bbox 3328 3499 3503 3570; x_wconf 89' lang='lat' dir='ltr'><strong>igitur</strong></span> <span class='ocrx_word' id='word_1_663' title='bbox 3522 3499 3765 3569; x_wconf 90' lang='lat' dir='ltr'><strong>actibus,</strong></span> 
     </span>
    </p>
   </div>
   <div class='ocr_carea' id='block_1_94' title="bbox 2131 3588 3771 3663">
    <p class='ocr_par' dir='ltr' id='par_1_94' title="bbox 2131 3588 3771 3663">
     <span class='ocr_line' id='line_1_94' title="bbox 2131 3588 3771 3663; baseline 0.003 -20"><span class='ocrx_word' id='word_1_664' title='bbox 2131 3589 2336 3658; x_wconf 90' lang='lat' dir='ltr'><strong>causis,</strong></span> <span class='ocrx_word' id='word_1_665' title='bbox 2371 3588 2826 3660; x_wconf 88' lang='lat' dir='ltr'><strong>cogitationibus,</strong></span> <span class='ocrx_word' id='word_1_666' title='bbox 2857 3590 3122 3658; x_wconf 89' lang='lat' dir='ltr'><strong>motibus,</strong></span> <span class='ocrx_word' id='word_1_667' title='bbox 3149 3591 3376 3662; x_wconf 89' lang='lat' dir='ltr'><strong>adjutor</strong></span> <span class='ocrx_word' id='word_1_668' title='bbox 3395 3596 3451 3646; x_wconf 90' lang='lat' dir='ltr'><strong>et</strong></span> <span class='ocrx_word' id='word_1_669' title='bbox 3476 3596 3771 3663; x_wconf 88' lang='lat' dir='ltr'><strong>protector</strong></span> 
     </span>
    </p>
   </div>
   <div class='ocr_carea' id='block_1_95' title="bbox 2129 3683 3767 3758">
    <p class='ocr_par' dir='ltr' id='par_1_95' title="bbox 2129 3683 3767 3758">
     <span class='ocr_line' id='line_1_95' title="bbox 2129 3683 3767 3758; baseline 0.003 -21"><span class='ocrx_word' id='word_1_670' title='bbox 2129 3683 2379 3737; x_wconf 90' lang='lat' dir='ltr'><strong>orandus</strong></span> <span class='ocrx_word' id='word_1_671' title='bbox 2407 3687 2511 3750; x_wconf 91' lang='lat' dir='ltr'><strong>est,</strong></span> <span class='ocrx_word' id='word_1_672' title='bbox 2557 3683 2864 3754; x_wconf 90' lang='lat' dir='ltr'><strong>superbum</strong></span> <span class='ocrx_word' id='word_1_673' title='bbox 2911 3687 2995 3738; x_wconf 92' lang='lat' dir='ltr'><strong>est</strong></span> <span class='ocrx_word' id='word_1_674' title='bbox 3023 3685 3178 3740; x_wconf 90' lang='lat' dir='ltr'><strong>enim</strong></span> <span class='ocrx_word' id='word_1_675' title='bbox 3210 3689 3269 3739; x_wconf 92' lang='lat' dir='ltr'><strong>ut</strong></span> <span class='ocrx_word' id='word_1_676' title='bbox 3310 3686 3625 3758; x_wconf 90' lang='lat' dir='ltr'><strong>quidquam</strong></span> <span class='ocrx_word' id='word_1_677' title='bbox 3657 3688 3767 3743; x_wconf 90' lang='lat' dir='ltr'><strong>sibi</strong></span> 
     </span>
    </p>
   </div>
   <div class='ocr_carea' id='block_1_96' title="bbox 2128 3778 3756 3853">
    <p class='ocr_par' dir='ltr' id='par_1_96' title="bbox 2128 3778 3756 3853">
     <span class='ocr_line' id='line_1_96' title="bbox 2128 3778 3756 3853; baseline 0.004 -21"><span class='ocrx_word' id='word_1_678' title='bbox 2128 3778 2384 3833; x_wconf 90' lang='lat' dir='ltr'><strong>humana</strong></span> <span class='ocrx_word' id='word_1_679' title='bbox 2437 3780 2640 3833; x_wconf 90' lang='lat' dir='ltr'><strong>natura</strong></span> <span class='ocrx_word' id='word_1_680' title='bbox 2708 3785 3043 3850; x_wconf 61' lang='lat' dir='ltr'><strong>prmsumat,</strong></span> <span class='ocrx_word' id='word_1_681' title='bbox 3108 3781 3383 3836; x_wconf 91' lang='lat' dir='ltr'><strong>clamante</strong></span> <span class='ocrx_word' id='word_1_682' title='bbox 3451 3783 3756 3853; x_wconf 88' lang='lat' dir='ltr'><strong>Apostolo:</strong></span> 
     </span>
    </p>
   </div>
   <div class='ocr_carea' id='block_1_97' title="bbox 2130 3873 3762 3934">
    <p class='ocr_par' dir='ltr' id='par_1_97' title="bbox 2130 3873 3762 3934">
     <span class='ocr_line' id='line_1_97' title="bbox 2130 3873 3762 3934; baseline 0.006 -11"><span class='ocrx_word' id='word_1_683' title='bbox 2130 3893 2159 3923; x_wconf 83' lang='lat'><strong>Â«</strong></span> <span class='ocrx_word' id='word_1_684' title='bbox 2187 3873 2310 3926; x_wconf 90' lang='lat' dir='ltr'><strong>Non</strong></span> <span class='ocrx_word' id='word_1_685' title='bbox 2336 3875 2420 3926; x_wconf 92' lang='lat' dir='ltr'><strong>est</strong></span> <span class='ocrx_word' id='word_1_686' title='bbox 2437 3873 2598 3927; x_wconf 91' lang='lat' dir='ltr'><strong>nobis</strong></span> <span class='ocrx_word' id='word_1_687' title='bbox 2628 3873 2947 3928; x_wconf 87' lang='lat' dir='ltr'><strong>colluctatio</strong></span> <span class='ocrx_word' id='word_1_688' title='bbox 2974 3874 3244 3929; x_wconf 87' lang='lat' dir='ltr'><strong>adversus</strong></span> <span class='ocrx_word' id='word_1_689' title='bbox 3280 3891 3508 3930; x_wconf 89' lang='lat' dir='ltr'><strong>carnem</strong></span> <span class='ocrx_word' id='word_1_690' title='bbox 3541 3881 3599 3931; x_wconf 90' lang='lat' dir='ltr'><strong>et</strong></span> <span class='ocrx_word' id='word_1_691' title='bbox 3625 3894 3762 3934; x_wconf 86' lang='lat' dir='ltr'><strong>san-</strong></span> 
     </span>
    </p>
   </div>
   <div class='ocr_carea' id='block_1_98' title="bbox 2128 3965 3761 4043">
    <p class='ocr_par' dir='ltr' id='par_1_98' title="bbox 2128 3965 3761 4043">
     <span class='ocr_line' id='line_1_98' title="bbox 2128 3965 3761 4043; baseline 0.004 -24"><span class='ocrx_word' id='word_1_692' title='bbox 2128 3965 2362 4037; x_wconf 90' lang='lat' dir='ltr'><strong>guinem</strong></span> <span class='ocrx_word' id='word_1_693' title='bbox 2370 3965 2489 4036; x_wconf 89' lang='lat' dir='ltr'><strong>,sed</strong></span> <span class='ocrx_word' id='word_1_694' title='bbox 2505 3969 2703 4020; x_wconf 89' lang='lat' dir='ltr'><strong>contra</strong></span> <span class='ocrx_word' id='word_1_695' title='bbox 2716 3966 3000 4038; x_wconf 90' lang='lat' dir='ltr'><strong>principes</strong></span> <span class='ocrx_word' id='word_1_696' title='bbox 3013 3972 3071 4022; x_wconf 89' lang='lat' dir='ltr'><strong>et</strong></span> <span class='ocrx_word' id='word_1_697' title='bbox 3087 3971 3391 4039; x_wconf 90' lang='lat' dir='ltr'><strong>potestates</strong></span> <span class='ocrx_word' id='word_1_698' title='bbox 3407 3970 3551 4024; x_wconf 89' lang='lat' dir='ltr'><strong>aeris</strong></span> <span class='ocrx_word' id='word_1_699' title='bbox 3564 3971 3761 4043; x_wconf 89' lang='lat' dir='ltr'><strong>hujus,</strong></span> 
     </span>
    </p>
   </div>
   <div class='ocr_carea' id='block_1_99' title="bbox 2125 4059 3764 4134">
    <p class='ocr_par' dir='ltr' id='par_1_99' title="bbox 2125 4059 3764 4134">
     <span class='ocr_line' id='line_1_99' title="bbox 2125 4059 3764 4134; baseline 0.004 -20"><span class='ocrx_word' id='word_1_700' title='bbox 2125 4062 2322 4114; x_wconf 88' lang='lat' dir='ltr'><strong>contra</strong></span> <span class='ocrx_word' id='word_1_701' title='bbox 2348 4059 2663 4131; x_wconf 86' lang='lat' dir='ltr'><strong>spiritualia</strong></span> <span class='ocrx_word' id='word_1_702' title='bbox 2690 4060 2959 4132; x_wconf 74' lang='lat' dir='ltr'><strong>nequitiae</strong></span> <span class='ocrx_word' id='word_1_703' title='bbox 2990 4059 3178 4134; x_wconf 79' lang='grc'><strong>185</strong></span> <span class='ocrx_word' id='word_1_704' title='bbox 3203 4063 3262 4116; x_wconf 92' lang='lat' dir='ltr'><strong>in</strong></span> <span class='ocrx_word' id='word_1_705' title='bbox 3288 4063 3623 4120; x_wconf 74' lang='lat' dir='ltr'><strong>ccelestibus.</strong></span> <span class='ocrx_word' id='word_1_706' title='bbox 3644 4073 3672 4127; x_wconf 62' lang='grc' dir='ltr'><strong>Î¿</strong></span> <span class='ocrx_word' id='word_1_707' title='bbox 3698 4069 3764 4122; x_wconf 87' lang='lat' dir='ltr'><strong>Et</strong></span> 
     </span>
    </p>
   </div>
   <div class='ocr_carea' id='block_1_100' title="bbox 2127 4152 3762 4230">
    <p class='ocr_par' dir='ltr' id='par_1_100' title="bbox 2127 4152 3762 4230">
     <span class='ocr_line' id='line_1_100' title="bbox 2127 4152 3762 4230; baseline 0.006 -24"><span class='ocrx_word' id='word_1_708' title='bbox 2127 4153 2269 4207; x_wconf 92' lang='lat' dir='ltr'><strong>sicut</strong></span> <span class='ocrx_word' id='word_1_709' title='bbox 2293 4153 2412 4224; x_wconf 92' lang='lat' dir='ltr'><strong>ipse</strong></span> <span class='ocrx_word' id='word_1_710' title='bbox 2430 4152 2636 4207; x_wconf 89' lang='lat' dir='ltr'><strong>iterum</strong></span> <span class='ocrx_word' id='word_1_711' title='bbox 2671 4153 2840 4209; x_wconf 88' lang='lat' dir='ltr'><strong>dicit:</strong></span> <span class='ocrx_word' id='word_1_712' title='bbox 2866 4155 3108 4210; x_wconf 86' lang='lat' dir='ltr'><strong>Â«Infelix</strong></span> <span class='ocrx_word' id='word_1_713' title='bbox 3135 4172 3273 4228; x_wconf 90' lang='lat' dir='ltr'><strong>ergo</strong></span> <span class='ocrx_word' id='word_1_714' title='bbox 3300 4157 3641 4230; x_wconf 88' lang='lat' dir='ltr'><strong>homo,quis</strong></span> <span class='ocrx_word' id='word_1_715' title='bbox 3663 4177 3762 4215; x_wconf 91' lang='lat' dir='ltr'><strong>me</strong></span> 
     </span>
    </p>
   </div>
   <div class='ocr_carea' id='block_1_101' title="bbox 2124 4245 3764 4324">
    <p class='ocr_par' dir='ltr' id='par_1_101' title="bbox 2124 4245 3764 4324">
     <span class='ocr_line' id='line_1_101' title="bbox 2124 4245 3764 4324; baseline 0.005 -24"><span class='ocrx_word' id='word_1_716' title='bbox 2124 4245 2384 4301; x_wconf 90' lang='lat' dir='ltr'><strong>liberabit</strong></span> <span class='ocrx_word' id='word_1_717' title='bbox 2429 4247 2498 4302; x_wconf 91' lang='lat' dir='ltr'><strong>de</strong></span> <span class='ocrx_word' id='word_1_718' title='bbox 2529 4263 2766 4318; x_wconf 90' lang='lat' dir='ltr'><strong>corpore</strong></span> <span class='ocrx_word' id='word_1_719' title='bbox 2802 4248 2998 4303; x_wconf 88' lang='lat' dir='ltr'><strong>mortis</strong></span> <span class='ocrx_word' id='word_1_720' title='bbox 3049 4249 3236 4320; x_wconf 89' lang='lat' dir='ltr'><strong>hujus.</strong></span> <span class='ocrx_word' id='word_1_721' title='bbox 3284 4251 3473 4306; x_wconf 89' lang='lat' dir='ltr'><strong>Gratia</strong></span> <span class='ocrx_word' id='word_1_722' title='bbox 3517 4253 3620 4307; x_wconf 91' lang='lat' dir='ltr'><strong>Dei</strong></span> <span class='ocrx_word' id='word_1_723' title='bbox 3658 4271 3764 4324; x_wconf 90' lang='lat' dir='ltr'><strong>per</strong></span> 
     </span>
    </p>
   </div>
   <div class='ocr_carea' id='block_1_102' title="bbox 2121 4340 3758 4415">
    <p class='ocr_par' dir='ltr' id='par_1_102' title="bbox 2121 4340 3758 4415">
     <span class='ocr_line' id='line_1_102' title="bbox 2121 4340 3758 4415; baseline 0.004 -20"><span class='ocrx_word' id='word_1_724' title='bbox 2121 4342 2312 4395; x_wconf 88' lang='lat' dir='ltr'><strong>Jesum</strong></span> <span class='ocrx_word' id='word_1_725' title='bbox 2353 4340 2641 4396; x_wconf 87' lang='lat' dir='ltr'><strong>Christum</strong></span> <span class='ocrx_word' id='word_1_726' title='bbox 2676 4341 2976 4396; x_wconf 91' lang='lat' dir='ltr'><strong>Dominum</strong></span> <span class='ocrx_word' id='word_1_727' title='bbox 3013 4347 3274 4398; x_wconf 92' lang='lat' dir='ltr'><strong>nostrum</strong></span> <span class='ocrx_word' id='word_1_728' title='bbox 3314 4346 3482 4414; x_wconf 86' lang='lat' dir='ltr'><strong>(Rom.</strong></span> <span class='ocrx_word' id='word_1_729' title='bbox 3529 4363 3626 4413; x_wconf 86' lang='lat' dir='ltr'><strong>vn,</strong></span> <span class='ocrx_word' id='word_1_730' title='bbox 3668 4350 3758 4415; x_wconf 80' lang='grc'><strong>24,</strong></span> 
     </span>
    </p>
   </div>
   <div class='ocr_carea' id='block_1_103' title="bbox 2122 4433 3756 4510">
    <p class='ocr_par' dir='ltr' id='par_1_103' title="bbox 2122 4433 3756 4510">
     <span class='ocr_line' id='line_1_103' title="bbox 2122 4433 3756 4510; baseline 0.005 -23"><span class='ocrx_word' id='word_1_731' title='bbox 2122 4433 2230 4504; x_wconf 76' lang='grc'>22),</span> <span class='ocrx_word' id='word_1_732' title='bbox 2262 4455 2288 4482; x_wconf 86' lang='grc'><strong>â€ºâ€º</strong></span> <span class='ocrx_word' id='word_1_733' title='bbox 2341 4436 2405 4488; x_wconf 90' lang='lat' dir='ltr'><strong>Et</strong></span> <span class='ocrx_word' id='word_1_734' title='bbox 2433 4434 2677 4489; x_wconf 89' lang='lat' dir='ltr'><strong>iterum:</strong></span> <span class='ocrx_word' id='word_1_735' title='bbox 2732 4457 2758 4483; x_wconf 90' lang='grc'><em>â€¹â€¹</em></span> <span class='ocrx_word' id='word_1_736' title='bbox 2791 4435 2985 4490; x_wconf 87' lang='lat' dir='ltr'><strong>Gratia</strong></span> <span class='ocrx_word' id='word_1_737' title='bbox 3029 4437 3126 4490; x_wconf 91' lang='lat' dir='ltr'><strong>Dei</strong></span> <span class='ocrx_word' id='word_1_738' title='bbox 3165 4454 3292 4491; x_wconf 91' lang='lat' dir='ltr'><strong>sum</strong></span> <span class='ocrx_word' id='word_1_739' title='bbox 3326 4438 3382 4492; x_wconf 93' lang='lat' dir='ltr'><strong>id</strong></span> <span class='ocrx_word' id='word_1_740' title='bbox 3423 4440 3574 4510; x_wconf 94' lang='lat' dir='ltr'><strong>quod</strong></span> <span class='ocrx_word' id='word_1_741' title='bbox 3605 4457 3756 4509; x_wconf 90' lang='lat' dir='ltr'><strong>sum,</strong></span> 
     </span>
    </p>
   </div>
   <div class='ocr_carea' id='block_1_104' title="bbox 2038 4523 3759 4604">
    <p class='ocr_par' dir='ltr' id='par_1_104' title="bbox 2038 4523 3759 4604">
     <span class='ocr_line' id='line_1_104' title="bbox 2038 4523 3759 4604; baseline 0.005 -24"><span class='ocrx_word' id='word_1_742' title='bbox 2038 4523 2098 4595; x_wconf 88' lang='lat' dir='ltr'><strong>D</strong></span> <span class='ocrx_word' id='word_1_743' title='bbox 2122 4531 2179 4581; x_wconf 89' lang='lat' dir='ltr'><strong>et</strong></span> <span class='ocrx_word' id='word_1_744' title='bbox 2221 4527 2402 4598; x_wconf 89' lang='lat' dir='ltr'><strong>gratia</strong></span> <span class='ocrx_word' id='word_1_745' title='bbox 2445 4527 2569 4598; x_wconf 90' lang='lat' dir='ltr'><strong>ejus</strong></span> <span class='ocrx_word' id='word_1_746' title='bbox 2598 4527 2654 4582; x_wconf 91' lang='lat' dir='ltr'><strong>in</strong></span> <span class='ocrx_word' id='word_1_747' title='bbox 2699 4545 2792 4582; x_wconf 90' lang='lat' dir='ltr'><strong>me</strong></span> <span class='ocrx_word' id='word_1_748' title='bbox 2825 4545 2993 4582; x_wconf 88' lang='lat' dir='ltr'><strong>vacua</strong></span> <span class='ocrx_word' id='word_1_749' title='bbox 3026 4547 3140 4584; x_wconf 93' lang='lat' dir='ltr'><strong>non</strong></span> <span class='ocrx_word' id='word_1_750' title='bbox 3182 4531 3310 4601; x_wconf 91' lang='lat' dir='ltr'><strong>fuit,</strong></span> <span class='ocrx_word' id='word_1_751' title='bbox 3345 4532 3440 4588; x_wconf 89' lang='lat' dir='ltr'><strong>sed</strong></span> <span class='ocrx_word' id='word_1_752' title='bbox 3478 4534 3606 4604; x_wconf 89' lang='lat' dir='ltr'><strong>plus</strong></span> <span class='ocrx_word' id='word_1_753' title='bbox 3645 4535 3759 4590; x_wconf 91' lang='lat' dir='ltr'><strong>illis</strong></span> 
     </span>
    </p>
   </div>
   <div class='ocr_carea' id='block_1_105' title="bbox 2125 4621 3756 4698">
    <p class='ocr_par' dir='ltr' id='par_1_105' title="bbox 2125 4621 3756 4698">
     <span class='ocr_line' id='line_1_105' title="bbox 2125 4621 3756 4698; baseline 0.006 -25"><span class='ocrx_word' id='word_1_754' title='bbox 2125 4621 2389 4675; x_wconf 89' lang='lat' dir='ltr'><strong>omnibus</strong></span> <span class='ocrx_word' id='word_1_755' title='bbox 2435 4621 2704 4691; x_wconf 89' lang='lat' dir='ltr'><strong>laboravi,</strong></span> <span class='ocrx_word' id='word_1_756' title='bbox 2749 4638 2863 4676; x_wconf 90' lang='lat' dir='ltr'><strong>non</strong></span> <span class='ocrx_word' id='word_1_757' title='bbox 2894 4639 3000 4694; x_wconf 90' lang='lat' dir='ltr'><strong>ego</strong></span> <span class='ocrx_word' id='word_1_758' title='bbox 3043 4629 3256 4694; x_wconf 88' lang='lat' dir='ltr'><strong>autem,</strong></span> <span class='ocrx_word' id='word_1_759' title='bbox 3287 4625 3388 4680; x_wconf 91' lang='lat' dir='ltr'><strong>sed</strong></span> <span class='ocrx_word' id='word_1_760' title='bbox 3431 4627 3612 4698; x_wconf 89' lang='lat' dir='ltr'><strong>gratia</strong></span> <span class='ocrx_word' id='word_1_761' title='bbox 3655 4629 3756 4684; x_wconf 89' lang='lat' dir='ltr'><strong>Dei</strong></span> 
     </span>
    </p>
   </div>
   <div class='ocr_carea' id='block_1_106' title="bbox 2122 4715 2870 4785">
    <p class='ocr_par' dir='ltr' id='par_1_106' title="bbox 2122 4715 2870 4785">
     <span class='ocr_line' id='line_1_106' title="bbox 2122 4715 2870 4785; baseline 0.004 -17"><span class='ocrx_word' id='word_1_762' title='bbox 2122 4730 2350 4768; x_wconf 89' lang='lat' dir='ltr'><strong>mecum</strong></span> <span class='ocrx_word' id='word_1_763' title='bbox 2374 4715 2420 4783; x_wconf 87' lang='grc' dir='ltr'><strong>(Î™</strong></span> <span class='ocrx_word' id='word_1_764' title='bbox 2434 4715 2554 4770; x_wconf 87' lang='lat' dir='ltr'><strong>Cor.</strong></span> <span class='ocrx_word' id='word_1_765' title='bbox 2585 4731 2670 4782; x_wconf 84' lang='lat' dir='ltr'><strong>xv,</strong></span> <span class='ocrx_word' id='word_1_766' title='bbox 2703 4717 2806 4785; x_wconf 80' lang='lat' dir='ltr'><strong>l8).</strong></span> <span class='ocrx_word' id='word_1_767' title='bbox 2843 4737 2870 4764; x_wconf 85' lang='lat'><strong>Â»</strong></span> 
     </span>
    </p>
   </div>
   <div class='ocr_carea' id='block_1_107' title="bbox 2191 4813 3753 4891">
    <p class='ocr_par' dir='ltr' id='par_1_107' title="bbox 2191 4813 3753 4891">
     <span class='ocr_line' id='line_1_107' title="bbox 2191 4813 3753 4891; baseline 0.005 -24"><span class='ocrx_word' id='word_1_768' title='bbox 2191 4814 2248 4867; x_wconf 83' lang='grc' dir='ltr'><strong>Î§.</strong></span> <span class='ocrx_word' id='word_1_769' title='bbox 2281 4813 2426 4868; x_wconf 92' lang='lat' dir='ltr'><strong>lliud</strong></span> <span class='ocrx_word' id='word_1_770' title='bbox 2452 4813 2623 4868; x_wconf 92' lang='lat' dir='ltr'><strong>etiam</strong></span> <span class='ocrx_word' id='word_1_771' title='bbox 2656 4814 2812 4885; x_wconf 91' lang='lat' dir='ltr'><strong>quod</strong></span> <span class='ocrx_word' id='word_1_772' title='bbox 2857 4814 3006 4870; x_wconf 89' lang='lat' dir='ltr'><strong>intra</strong></span> <span class='ocrx_word' id='word_1_773' title='bbox 3045 4817 3510 4889; x_wconf 87' lang='lat' dir='ltr'><strong>Carthaginensis</strong></span> <span class='ocrx_word' id='word_1_774' title='bbox 3547 4821 3753 4891; x_wconf 89' lang='lat' dir='ltr'><strong>synodi</strong></span> 
     </span>
    </p>
   </div>
   <div class='ocr_carea' id='block_1_108' title="bbox 2119 4909 3752 4990">
    <p class='ocr_par' dir='ltr' id='par_1_108' title="bbox 2119 4909 3752 4990">
     <span class='ocr_line' id='line_1_108' title="bbox 2119 4909 3752 4990; baseline 0.006 -26"><span class='ocrx_word' id='word_1_775' title='bbox 2119 4909 2342 4965; x_wconf 90' lang='lat' dir='ltr'><strong>decreta</strong></span> <span class='ocrx_word' id='word_1_776' title='bbox 2370 4912 2741 4967; x_wconf 91' lang='lat' dir='ltr'><strong>constitutum</strong></span> <span class='ocrx_word' id='word_1_777' title='bbox 2771 4916 2876 4982; x_wconf 89' lang='lat' dir='ltr'><strong>est,</strong></span> <span class='ocrx_word' id='word_1_778' title='bbox 2915 4915 3076 4985; x_wconf 89' lang='lat' dir='ltr'><strong>quasi</strong></span> <span class='ocrx_word' id='word_1_779' title='bbox 3102 4917 3398 4989; x_wconf 91' lang='lat' dir='ltr'><strong>proprium</strong></span> <span class='ocrx_word' id='word_1_780' title='bbox 3431 4919 3752 4990; x_wconf 82' lang='lat' dir='ltr'><strong>apostolicae</strong></span> 
     </span>
    </p>
   </div>
   <div class='ocr_carea' id='block_1_109' title="bbox 2118 5007 3752 5086">
    <p class='ocr_par' dir='ltr' id='par_1_109' title="bbox 2118 5007 3752 5086">
     <span class='ocr_line' id='line_1_109' title="bbox 2118 5007 3752 5086; baseline 0.006 -25"><span class='ocrx_word' id='word_1_781' title='bbox 2118 5007 2276 5062; x_wconf 91' lang='lat' dir='ltr'><strong>Sedis</strong></span> <span class='ocrx_word' id='word_1_782' title='bbox 2305 5009 2720 5080; x_wconf 85' lang='lat' dir='ltr'><strong>amplectimur,</strong></span> <span class='ocrx_word' id='word_1_783' title='bbox 2753 5011 2903 5082; x_wconf 92' lang='lat' dir='ltr'><strong>quod</strong></span> <span class='ocrx_word' id='word_1_784' title='bbox 2929 5013 3142 5069; x_wconf 90' lang='lat' dir='ltr'><strong>scilicet</strong></span> <span class='ocrx_word' id='word_1_785' title='bbox 3165 5015 3330 5070; x_wconf 91' lang='lat' dir='ltr'><strong>tertio</strong></span> <span class='ocrx_word' id='word_1_786' title='bbox 3349 5016 3592 5086; x_wconf 91' lang='lat' dir='ltr'><strong>capitulo</strong></span> <span class='ocrx_word' id='word_1_787' title='bbox 3617 5017 3752 5072; x_wconf 81' lang='lat' dir='ltr'><strong>defi-</strong></span> 
     </span>
    </p>
   </div>
   <div class='ocr_carea' id='block_1_110' title="bbox 2115 5101 3751 5182">
    <p class='ocr_par' dir='ltr' id='par_1_110' title="bbox 2115 5101 3751 5182">
     <span class='ocr_line' id='line_1_110' title="bbox 2115 5101 3751 5182; baseline 0.007 -28"><span class='ocrx_word' id='word_1_788' title='bbox 2115 5101 2300 5156; x_wconf 91' lang='lat' dir='ltr'><strong>nitum</strong></span> <span class='ocrx_word' id='word_1_789' title='bbox 2333 5107 2437 5169; x_wconf 91' lang='lat' dir='ltr'><strong>est,</strong></span> <span class='ocrx_word' id='word_1_790' title='bbox 2485 5107 2545 5156; x_wconf 87' lang='lat' dir='ltr'><strong>ut</strong></span> <span class='ocrx_word' id='word_1_791' title='bbox 2598 5104 2924 5176; x_wconf 90' lang='lat' dir='ltr'><strong>quicunque</strong></span> <span class='ocrx_word' id='word_1_792' title='bbox 2959 5106 3166 5163; x_wconf 85' lang='lat' dir='ltr'><strong>dixerit</strong></span> <span class='ocrx_word' id='word_1_793' title='bbox 3217 5108 3462 5179; x_wconf 87' lang='lat' dir='ltr'><strong>gratiam</strong></span> <span class='ocrx_word' id='word_1_794' title='bbox 3493 5109 3590 5164; x_wconf 92' lang='lat' dir='ltr'><strong>Dei</strong></span> <span class='ocrx_word' id='word_1_795' title='bbox 3637 5127 3751 5182; x_wconf 88' lang='lat' dir='ltr'><strong>qua</strong></span> 
     </span>
    </p>
   </div>
   <div class='ocr_carea' id='block_1_111' title="bbox 2105 5193 3749 5266">
    <p class='ocr_par' dir='ltr' id='par_1_111' title="bbox 2105 5193 3749 5266">
     <span class='ocr_line' id='line_1_111' title="bbox 2105 5193 3749 5266; baseline 0.007 -20"><span class='ocrx_word' id='word_1_796' title='bbox 2105 5193 2504 5264; x_wconf 84' lang='lat' dir='ltr'><strong>justificamur,</strong></span> <span class='ocrx_word' id='word_1_797' title='bbox 2529 5212 2631 5266; x_wconf 90' lang='lat' dir='ltr'><strong>per</strong></span> <span class='ocrx_word' id='word_1_798' title='bbox 2647 5199 2836 5252; x_wconf 84' lang='lat' dir='ltr'><strong>Jesum</strong></span> <span class='ocrx_word' id='word_1_799' title='bbox 2861 5199 3147 5254; x_wconf 89' lang='lat' dir='ltr'><strong>Christum</strong></span> <span class='ocrx_word' id='word_1_800' title='bbox 3171 5202 3474 5257; x_wconf 89' lang='lat' dir='ltr'><strong>Dominum</strong></span> <span class='ocrx_word' id='word_1_801' title='bbox 3489 5207 3749 5258; x_wconf 90' lang='lat' dir='ltr'><strong>nostrum</strong></span> 
     </span>
    </p>
   </div>
   <div class='ocr_carea' id='block_1_112' title="bbox 2112 5286 3749 5367">
    <p class='ocr_par' dir='ltr' id='par_1_112' title="bbox 2112 5286 3749 5367">
     <span class='ocr_line' id='line_1_112' title="bbox 2112 5286 3749 5367; baseline 0.007 -27"><span class='ocrx_word' id='word_1_802' title='bbox 2112 5286 2184 5341; x_wconf 89' lang='lat' dir='ltr'><strong>ad</strong></span> <span class='ocrx_word' id='word_1_803' title='bbox 2214 5288 2389 5343; x_wconf 88' lang='lat' dir='ltr'><strong>solam</strong></span> <span class='ocrx_word' id='word_1_804' title='bbox 2418 5289 2805 5344; x_wconf 90' lang='lat' dir='ltr'><strong>remissionem</strong></span> <span class='ocrx_word' id='word_1_805' title='bbox 2847 5297 3208 5362; x_wconf 84' lang='lat' dir='ltr'><strong>peccatorum</strong></span> <span class='ocrx_word' id='word_1_806' title='bbox 3234 5296 3422 5350; x_wconf 90' lang='lat' dir='ltr'><strong>valere</strong></span> <span class='ocrx_word' id='word_1_807' title='bbox 3465 5313 3592 5367; x_wconf 59' lang='lat' dir='ltr'><strong>qua</strong></span> <span class='ocrx_word' id='word_1_808' title='bbox 3628 5297 3749 5367; x_wconf 85' lang='lat' dir='ltr'><strong>jam</strong></span> 
     </span>
    </p>
   </div>
   <div class='ocr_carea' id='block_1_113' title="bbox 2109 5381 3747 5459">
    <p class='ocr_par' dir='ltr' id='par_1_113' title="bbox 2109 5381 3747 5459">
     <span class='ocr_line' id='line_1_113' title="bbox 2109 5381 3747 5459; baseline 0.007 -25"><span class='ocrx_word' id='word_1_809' title='bbox 2109 5381 2410 5437; x_wconf 91' lang='lat' dir='ltr'><strong>commissa</strong></span> <span class='ocrx_word' id='word_1_810' title='bbox 2461 5387 2613 5449; x_wconf 91' lang='lat' dir='ltr'><strong>sunt,</strong></span> <span class='ocrx_word' id='word_1_811' title='bbox 2656 5401 2773 5439; x_wconf 90' lang='lat' dir='ltr'><strong>non</strong></span> <span class='ocrx_word' id='word_1_812' title='bbox 2818 5385 2992 5441; x_wconf 91' lang='lat' dir='ltr'><strong>etiam</strong></span> <span class='ocrx_word' id='word_1_813' title='bbox 3043 5389 3113 5442; x_wconf 92' lang='lat' dir='ltr'><strong>ad</strong></span> <span class='ocrx_word' id='word_1_814' title='bbox 3139 5389 3484 5459; x_wconf 86' lang='lat' dir='ltr'><strong>adjutorium</strong></span> <span class='ocrx_word' id='word_1_815' title='bbox 3529 5395 3747 5446; x_wconf 91' lang='lat' dir='ltr'><strong>utnon</strong></span> 
     </span>
    </p>
   </div>
   <div class='ocr_carea' id='block_1_114' title="bbox 2107 5476 3740 5556">
    <p class='ocr_par' dir='ltr' id='par_1_114' title="bbox 2107 5476 3740 5556">
     <span class='ocr_line' id='line_1_114' title="bbox 2107 5476 3740 5556; baseline 0.006 -26"><span class='ocrx_word' id='word_1_816' title='bbox 2107 5476 2555 5542; x_wconf 87' lang='lat' dir='ltr'><strong>committantur,</strong></span> <span class='ocrx_word' id='word_1_817' title='bbox 2585 5478 2891 5534; x_wconf 88' lang='lat' dir='ltr'><strong>anathema</strong></span> <span class='ocrx_word' id='word_1_818' title='bbox 2917 5481 3006 5534; x_wconf 91' lang='lat' dir='ltr'><strong>sit.</strong></span> <span class='ocrx_word' id='word_1_819' title='bbox 3043 5482 3111 5536; x_wconf 87' lang='lat' dir='ltr'><strong>Et</strong></span> <span class='ocrx_word' id='word_1_820' title='bbox 3138 5482 3347 5537; x_wconf 90' lang='lat' dir='ltr'><strong>iterum</strong></span> <span class='ocrx_word' id='word_1_821' title='bbox 3369 5490 3570 5556; x_wconf 89' lang='lat' dir='ltr'><strong>quarto</strong></span> <span class='ocrx_word' id='word_1_822' title='bbox 3590 5486 3740 5556; x_wconf 88' lang='lat' dir='ltr'><strong>capi-</strong></span> 
     </span>
    </p>
   </div>
   <div class='ocr_carea' id='block_1_115' title="bbox 2105 5569 3743 5648">
    <p class='ocr_par' dir='ltr' id='par_1_115' title="bbox 2105 5569 3743 5648">
     <span class='ocr_line' id='line_1_115' title="bbox 2105 5569 3743 5648; baseline 0.007 -25"><span class='ocrx_word' id='word_1_823' title='bbox 2105 5569 2223 5624; x_wconf 93' lang='lat' dir='ltr'><strong>tulo</strong></span> <span class='ocrx_word' id='word_1_824' title='bbox 2253 5570 2362 5624; x_wconf 90' lang='lat' dir='ltr'><strong>ait:</strong></span> <span class='ocrx_word' id='word_1_825' title='bbox 2411 5572 2478 5624; x_wconf 90' lang='lat' dir='ltr'><strong>Ut</strong></span> <span class='ocrx_word' id='word_1_826' title='bbox 2508 5571 2551 5624; x_wconf 91' lang='lat' dir='ltr'><strong>si</strong></span> <span class='ocrx_word' id='word_1_827' title='bbox 2599 5571 2725 5642; x_wconf 89' lang='lat' dir='ltr'><strong>quis</strong></span> <span class='ocrx_word' id='word_1_828' title='bbox 2757 5572 2965 5627; x_wconf 88' lang='lat' dir='ltr'><strong>dixerit</strong></span> <span class='ocrx_word' id='word_1_829' title='bbox 3009 5575 3253 5645; x_wconf 88' lang='lat' dir='ltr'><strong>gratiam</strong></span> <span class='ocrx_word' id='word_1_830' title='bbox 3297 5577 3397 5631; x_wconf 92' lang='lat' dir='ltr'><strong>Dei</strong></span> <span class='ocrx_word' id='word_1_831' title='bbox 3421 5594 3526 5648; x_wconf 89' lang='lat' dir='ltr'><strong>per</strong></span> <span class='ocrx_word' id='word_1_832' title='bbox 3549 5580 3743 5633; x_wconf 80' lang='lat' dir='ltr'><strong>Jesum</strong></span> 
     </span>
    </p>
   </div>
   <div class='ocr_carea' id='block_1_116' title="bbox 2103 5662 3742 5741">
    <p class='ocr_par' dir='ltr' id='par_1_116' title="bbox 2103 5662 3742 5741">
     <span class='ocr_line' id='line_1_116' title="bbox 2103 5662 3742 5741; baseline 0.005 -22"><span class='ocrx_word' id='word_1_833' title='bbox 2103 5662 2411 5730; x_wconf 90' lang='lat' dir='ltr'><strong>Christum,</strong></span> <span class='ocrx_word' id='word_1_834' title='bbox 2440 5669 2680 5736; x_wconf 86' lang='lat' dir='ltr'><strong>prepter</strong></span> <span class='ocrx_word' id='word_1_835' title='bbox 2708 5666 2815 5720; x_wconf 92' lang='lat' dir='ltr'><strong>hoc</strong></span> <span class='ocrx_word' id='word_1_836' title='bbox 2842 5670 3066 5722; x_wconf 90' lang='lat' dir='ltr'><strong>tantum</strong></span> <span class='ocrx_word' id='word_1_837' title='bbox 3093 5686 3197 5724; x_wconf 91' lang='lat' dir='ltr'><strong>nos</strong></span> <span class='ocrx_word' id='word_1_838' title='bbox 3224 5670 3495 5741; x_wconf 90' lang='lat' dir='ltr'><strong>adjuvare</strong></span> <span class='ocrx_word' id='word_1_839' title='bbox 3523 5673 3597 5728; x_wconf 90' lang='lat' dir='ltr'><strong>ad</strong></span> <span class='ocrx_word' id='word_1_840' title='bbox 3630 5689 3742 5728; x_wconf 90' lang='lat' dir='ltr'><strong>non</strong></span> 
     </span>
    </p>
   </div>
   <div class='ocr_carea' id='block_1_117' title="bbox 2101 5757 3739 5838">
    <p class='ocr_par' dir='ltr' id='par_1_117' title="bbox 2101 5757 3739 5838">
     <span class='ocr_line' id='line_1_117' title="bbox 2101 5757 3739 5838; baseline 0.007 -27"><span class='ocrx_word' id='word_1_841' title='bbox 2101 5757 2476 5828; x_wconf 89' lang='lat' dir='ltr'><strong>peccandum,</strong></span> <span class='ocrx_word' id='word_1_842' title='bbox 2511 5759 2648 5829; x_wconf 85' lang='lat' dir='ltr'><strong>quia</strong></span> <span class='ocrx_word' id='word_1_843' title='bbox 2677 5775 2778 5830; x_wconf 91' lang='lat' dir='ltr'><strong>per</strong></span> <span class='ocrx_word' id='word_1_844' title='bbox 2807 5760 2982 5831; x_wconf 91' lang='lat' dir='ltr'><strong>ipsam</strong></span> <span class='ocrx_word' id='word_1_845' title='bbox 3012 5762 3173 5817; x_wconf 91' lang='lat' dir='ltr'><strong>nobis</strong></span> <span class='ocrx_word' id='word_1_846' title='bbox 3202 5765 3489 5819; x_wconf 89' lang='lat' dir='ltr'><strong>revelatur</strong></span> <span class='ocrx_word' id='word_1_847' title='bbox 3517 5769 3576 5821; x_wconf 91' lang='lat' dir='ltr'><strong>et</strong></span> <span class='ocrx_word' id='word_1_848' title='bbox 3604 5783 3739 5838; x_wconf 84' lang='lat' dir='ltr'><strong>ape-</strong></span> 
     </span>
    </p>
   </div>
   <div class='ocr_carea' id='block_1_118' title="bbox 2102 5850 3740 5934">
    <p class='ocr_par' dir='ltr' id='par_1_118' title="bbox 2102 5850 3740 5934">
     <span class='ocr_line' id='line_1_118' title="bbox 2102 5850 3740 5934; baseline 0.007 -29"><span class='ocrx_word' id='word_1_849' title='bbox 2102 5850 2249 5905; x_wconf 86' lang='lat' dir='ltr'><strong>ritur</strong></span> <span class='ocrx_word' id='word_1_850' title='bbox 2297 5851 2674 5924; x_wconf 80' lang='lat' dir='ltr'><strong>intelligentia</strong></span> <span class='ocrx_word' id='word_1_851' title='bbox 2708 5853 3132 5925; x_wconf 86' lang='lat' dir='ltr'><strong>mandatorum,</strong></span> <span class='ocrx_word' id='word_1_852' title='bbox 3190 5864 3252 5914; x_wconf 89' lang='lat' dir='ltr'><strong>ut</strong></span> <span class='ocrx_word' id='word_1_853' title='bbox 3303 5858 3544 5916; x_wconf 78' lang='lat' dir='ltr'><strong>sciamus</strong></span> <span class='ocrx_word' id='word_1_854' title='bbox 3590 5861 3740 5934; x_wconf 87' lang='lat' dir='ltr'><strong>quod</strong></span> 
     </span>
    </p>
   </div>
  </div>
