  <div class='ocr_page' id='page_1' title='image "/cluster/home/n/w/nwhite01/storage/ocr_20150623/130/umn.319510024774230/452.png"; bbox 0 0 4034 6304; ppageno 0'>
   <div class='ocr_carea' id='block_1_1' title="bbox 156 329 261 379">
    <p class='ocr_par' dir='ltr' id='par_1_1' title="bbox 156 329 261 379">
     <span class='ocr_line' id='line_1_1' title="bbox 156 329 261 379; baseline 0.01 -1"><span class='ocrx_word' id='word_1_1' title='bbox 156 329 261 379; x_wconf 79' lang='lat'>753</span> 
     </span>
    </p>
   </div>
   <div class='ocr_carea' id='block_1_2' title="bbox 1421 324 2316 385">
    <p class='ocr_par' dir='ltr' id='par_1_2' title="bbox 1421 324 2316 385">
     <span class='ocr_line' id='line_1_2' title="bbox 1421 324 2316 385; baseline 0.007 -8"><span class='ocrx_word' id='word_1_2' title='bbox 1421 324 1896 385; x_wconf 81' lang='lat' dir='ltr'>DECRETALIUM</span> <span class='ocrx_word' id='word_1_3' title='bbox 1933 328 2316 385; x_wconf 87' lang='lat' dir='ltr'>COLLECTIO.</span> 
     </span>
    </p>
   </div>
   <div class='ocr_carea' id='block_1_3' title="bbox 3428 340 3530 395">
    <p class='ocr_par' dir='ltr' id='par_1_3' title="bbox 3428 340 3530 395">
     <span class='ocr_line' id='line_1_3' title="bbox 3428 340 3530 395; baseline 0.01 -1"><span class='ocrx_word' id='word_1_4' title='bbox 3428 340 3530 395; x_wconf 71' lang='grc'>’754</span> 
     </span>
    </p>
   </div>
   <div class='ocr_carea' id='block_1_4' title="bbox 155 428 3524 521">
    <p class='ocr_par' dir='ltr' id='par_1_4' title="bbox 155 428 3524 521">
     <span class='ocr_line' id='line_1_4' title="bbox 155 428 3524 521; baseline 0.005 -36"><span class='ocrx_word' id='word_1_5' title='bbox 155 432 427 502; x_wconf 86' lang='lat' dir='ltr'>appetere</span> <span class='ocrx_word' id='word_1_6' title='bbox 473 431 530 485; x_wconf 85' lang='lat' dir='ltr'>et</span> <span class='ocrx_word' id='word_1_7' title='bbox 559 428 711 501; x_wconf 64' lang='lat' dir='ltr'>(mod</span> <span class='ocrx_word' id='word_1_8' title='bbox 741 429 918 485; x_wconf 89' lang='lat' dir='ltr'>vitare</span> <span class='ocrx_word' id='word_1_9' title='bbox 950 431 1276 502; x_wconf 79' lang='lat' dir='ltr'>debeamus,</span> <span class='ocrx_word' id='word_1_10' title='bbox 1306 449 1425 488; x_wconf 91' lang='lat' dir='ltr'>non</span> <span class='ocrx_word' id='word_1_11' title='bbox 1459 437 1652 489; x_wconf 87' lang='lat' dir='ltr'>autem</span> <span class='ocrx_word' id='word_1_12' title='bbox 1687 452 1789 507; x_wconf 89' lang='lat' dir='ltr'>per</span> <span class='ocrx_word' id='word_1_13' title='bbox 1810 447 1870 521; x_wconf 80' lang='grc' dir='ltr'><strong>Α</strong></span> <span class='ocrx_word' id='word_1_14' title='bbox 1889 436 2091 492; x_wconf 89' lang='lat' dir='ltr'>mundi</span> <span class='ocrx_word' id='word_1_15' title='bbox 2120 437 2291 508; x_wconf 88' lang='lat' dir='ltr'>hujus</span> <span class='ocrx_word' id='word_1_16' title='bbox 2321 437 2583 493; x_wconf 79' lang='lat' dir='ltr'>mittatur</span> <span class='ocrx_word' id='word_1_17' title='bbox 2608 439 2783 509; x_wconf 89' lang='lat' dir='ltr'>foras,</span> <span class='ocrx_word' id='word_1_18' title='bbox 2819 443 2877 496; x_wconf 88' lang='lat' dir='ltr'>et</span> <span class='ocrx_word' id='word_1_19' title='bbox 2905 440 3191 513; x_wconf 88' lang='lat' dir='ltr'>quomodo</span> <span class='ocrx_word' id='word_1_20' title='bbox 3212 444 3370 516; x_wconf 84' lang='lat' dir='ltr'>prius</span> <span class='ocrx_word' id='word_1_21' title='bbox 3399 447 3524 501; x_wconf 87' lang='lat' dir='ltr'>alli-</span> 
     </span>
    </p>
   </div>
   <div class='ocr_carea' id='block_1_5' title="bbox 153 523 1789 599">
    <p class='ocr_par' dir='ltr' id='par_1_5' title="bbox 153 523 1789 599">
     <span class='ocr_line' id='line_1_5' title="bbox 153 523 1789 599; baseline 0.004 -21"><span class='ocrx_word' id='word_1_22' title='bbox 153 525 313 579; x_wconf 90' lang='lat' dir='ltr'>illam</span> <span class='ocrx_word' id='word_1_23' title='bbox 332 523 497 579; x_wconf 91' lang='lat' dir='ltr'>nobis</span> <span class='ocrx_word' id='word_1_24' title='bbox 518 524 799 594; x_wconf 68' lang='lat' dir='ltr'>praestari,</span> <span class='ocrx_word' id='word_1_25' title='bbox 822 529 887 579; x_wconf 91' lang='lat' dir='ltr'>ut</span> <span class='ocrx_word' id='word_1_26' title='bbox 903 525 1041 596; x_wconf 88' lang='lat' dir='ltr'>quid</span> <span class='ocrx_word' id='word_1_27' title='bbox 1066 526 1390 581; x_wconf 89' lang='lat' dir='ltr'>faciendum</span> <span class='ocrx_word' id='word_1_28' title='bbox 1411 528 1789 599; x_wconf 81' lang='lat' dir='ltr'>cognovimus</span> 
     </span>
    </p>
   </div>
   <div class='ocr_carea' id='block_1_6' title="bbox 154 618 1789 692">
    <p class='ocr_par' dir='ltr' id='par_1_6' title="bbox 154 618 1789 692">
     <span class='ocr_line' id='line_1_6' title="bbox 154 618 1789 692; baseline 0.004 -20"><span class='ocrx_word' id='word_1_29' title='bbox 154 618 328 673; x_wconf 89' lang='lat' dir='ltr'>etiam</span> <span class='ocrx_word' id='word_1_30' title='bbox 371 620 559 674; x_wconf 89' lang='lat' dir='ltr'>facere</span> <span class='ocrx_word' id='word_1_31' title='bbox 597 618 903 690; x_wconf 82' lang='lat' dir='ltr'>diligamus</span> <span class='ocrx_word' id='word_1_32' title='bbox 935 626 1109 692; x_wconf 89' lang='lat' dir='ltr'>atque</span> <span class='ocrx_word' id='word_1_33' title='bbox 1144 621 1446 688; x_wconf 79' lang='lat' dir='ltr'>valeamus,</span> <span class='ocrx_word' id='word_1_34' title='bbox 1485 624 1789 679; x_wconf 86' lang='lat' dir='ltr'>anathema</span> 
     </span>
    </p>
   </div>
   <div class='ocr_carea' id='block_1_7' title="bbox 152 712 1790 785">
    <p class='ocr_par' dir='ltr' id='par_1_7' title="bbox 152 712 1790 785">
     <span class='ocr_line' id='line_1_7' title="bbox 152 712 1790 785; baseline 0.003 -19"><span class='ocrx_word' id='word_1_35' title='bbox 152 713 242 766; x_wconf 86' lang='lat' dir='ltr'>sit.</span> <span class='ocrx_word' id='word_1_36' title='bbox 259 712 400 767; x_wconf 90' lang='lat' dir='ltr'>Cum</span> <span class='ocrx_word' id='word_1_37' title='bbox 414 713 571 767; x_wconf 90' lang='lat' dir='ltr'>enim</span> <span class='ocrx_word' id='word_1_38' title='bbox 592 713 1075 784; x_wconf 86' lang='lat' dir='ltr'>dicatApostolus:</span> <span class='ocrx_word' id='word_1_39' title='bbox 1102 736 1128 763; x_wconf 90' lang='grc'>‹‹</span> <span class='ocrx_word' id='word_1_40' title='bbox 1143 714 1390 770; x_wconf 90' lang='lat' dir='ltr'>Scientia</span> <span class='ocrx_word' id='word_1_41' title='bbox 1404 716 1584 785; x_wconf 94' lang='lat' dir='ltr'>inﬂat,</span> <span class='ocrx_word' id='word_1_42' title='bbox 1607 717 1790 772; x_wconf 87' lang='lat' dir='ltr'>chari-</span> 
     </span>
    </p>
   </div>
   <div class='ocr_carea' id='block_1_8' title="bbox 150 807 1790 881">
    <p class='ocr_par' dir='ltr' id='par_1_8' title="bbox 150 807 1790 881">
     <span class='ocr_line' id='line_1_8' title="bbox 150 807 1790 881; baseline 0.003 -20"><span class='ocrx_word' id='word_1_43' title='bbox 150 811 235 861; x_wconf 89' lang='lat' dir='ltr'>tas</span> <span class='ocrx_word' id='word_1_44' title='bbox 257 823 389 862; x_wconf 86' lang='lat' dir='ltr'>vero</span> <span class='ocrx_word' id='word_1_45' title='bbox 419 807 663 865; x_wconf 61' lang='lat' dir='ltr'>aediﬁcat</span> <span class='ocrx_word' id='word_1_46' title='bbox 692 808 853 863; x_wconf 82' lang='lat' dir='ltr'>valde</span> <span class='ocrx_word' id='word_1_47' title='bbox 903 809 944 877; x_wconf 90' lang='lat'>(1</span> <span class='ocrx_word' id='word_1_48' title='bbox 974 812 1092 867; x_wconf 86' lang='lat' dir='ltr'>Cor.</span> <span class='ocrx_word' id='word_1_49' title='bbox 1123 826 1241 877; x_wconf 79' lang='lat' dir='ltr'>vni,</span> <span class='ocrx_word' id='word_1_50' title='bbox 1280 811 1349 879; x_wconf 83' lang='lat' dir='ltr'>l),</span> <span class='ocrx_word' id='word_1_51' title='bbox 1380 831 1406 857; x_wconf 82' lang='grc'><strong>››</strong></span> <span class='ocrx_word' id='word_1_52' title='bbox 1439 809 1678 881; x_wconf 91' lang='lat' dir='ltr'>impium</span> <span class='ocrx_word' id='word_1_53' title='bbox 1703 814 1790 866; x_wconf 90' lang='lat' dir='ltr'>est</span> 
     </span>
    </p>
   </div>
   <div class='ocr_carea' id='block_1_9' title="bbox 148 899 1786 973">
    <p class='ocr_par' dir='ltr' id='par_1_9' title="bbox 148 899 1786 973">
     <span class='ocr_line' id='line_1_9' title="bbox 148 899 1786 973; baseline 0.004 -20"><span class='ocrx_word' id='word_1_54' title='bbox 148 903 215 953; x_wconf 90' lang='lat' dir='ltr'>ut</span> <span class='ocrx_word' id='word_1_55' title='bbox 240 901 544 955; x_wconf 87' lang='lat' dir='ltr'>credamus</span> <span class='ocrx_word' id='word_1_56' title='bbox 571 901 642 957; x_wconf 89' lang='lat' dir='ltr'>ad</span> <span class='ocrx_word' id='word_1_57' title='bbox 663 917 791 956; x_wconf 89' lang='lat' dir='ltr'>eam</span> <span class='ocrx_word' id='word_1_58' title='bbox 818 918 944 972; x_wconf 75' lang='lat' dir='ltr'>quas</span> <span class='ocrx_word' id='word_1_59' title='bbox 977 899 1140 956; x_wconf 87' lang='lat' dir='ltr'>inﬂat</span> <span class='ocrx_word' id='word_1_60' title='bbox 1175 919 1279 957; x_wconf 91' lang='lat' dir='ltr'>nos</span> <span class='ocrx_word' id='word_1_61' title='bbox 1307 903 1514 958; x_wconf 90' lang='lat' dir='ltr'>habere</span> <span class='ocrx_word' id='word_1_62' title='bbox 1542 905 1786 973; x_wconf 85' lang='lat' dir='ltr'>gratiam</span> 
     </span>
    </p>
   </div>
   <div class='ocr_carea' id='block_1_10' title="bbox 150 994 1787 1067">
    <p class='ocr_par' dir='ltr' id='par_1_10' title="bbox 150 994 1787 1067">
     <span class='ocr_line' id='line_1_10' title="bbox 150 994 1787 1067; baseline 0.002 -17"><span class='ocrx_word' id='word_1_63' title='bbox 150 994 381 1063; x_wconf 87' lang='lat' dir='ltr'>Christi,</span> <span class='ocrx_word' id='word_1_64' title='bbox 427 998 483 1049; x_wconf 90' lang='lat' dir='ltr'>et</span> <span class='ocrx_word' id='word_1_65' title='bbox 521 994 593 1049; x_wconf 92' lang='lat' dir='ltr'>ad</span> <span class='ocrx_word' id='word_1_66' title='bbox 629 1011 757 1050; x_wconf 89' lang='lat' dir='ltr'>eam</span> <span class='ocrx_word' id='word_1_67' title='bbox 801 1012 930 1067; x_wconf 82' lang='lat' dir='ltr'>quae</span> <span class='ocrx_word' id='word_1_68' title='bbox 971 995 1212 1050; x_wconf 71' lang='lat' dir='ltr'>aediﬁcat</span> <span class='ocrx_word' id='word_1_69' title='bbox 1250 1012 1368 1051; x_wconf 92' lang='lat' dir='ltr'>non</span> <span class='ocrx_word' id='word_1_70' title='bbox 1394 997 1626 1064; x_wconf 91' lang='lat' dir='ltr'>habere,</span> <span class='ocrx_word' id='word_1_71' title='bbox 1655 1015 1787 1054; x_wconf 90' lang='lat' dir='ltr'>cum</span> 
     </span>
    </p>
   </div>
   <div class='ocr_carea' id='block_1_11' title="bbox 151 1089 1788 1161">
    <p class='ocr_par' dir='ltr' id='par_1_11' title="bbox 151 1089 1788 1161">
     <span class='ocr_line' id='line_1_11' title="bbox 151 1089 1788 1161; baseline 0.002 -18"><span class='ocrx_word' id='word_1_72' title='bbox 151 1089 223 1143; x_wconf 90' lang='lat' dir='ltr'>sit</span> <span class='ocrx_word' id='word_1_73' title='bbox 258 1094 565 1160; x_wconf 88' lang='lat' dir='ltr'>utrumque</span> <span class='ocrx_word' id='word_1_74' title='bbox 604 1089 821 1143; x_wconf 90' lang='lat' dir='ltr'>donum</span> <span class='ocrx_word' id='word_1_75' title='bbox 863 1089 981 1158; x_wconf 90' lang='lat' dir='ltr'>Dei,</span> <span class='ocrx_word' id='word_1_76' title='bbox 1026 1093 1083 1144; x_wconf 90' lang='lat' dir='ltr'>et</span> <span class='ocrx_word' id='word_1_77' title='bbox 1121 1089 1264 1143; x_wconf 87' lang='lat' dir='ltr'>scire</span> <span class='ocrx_word' id='word_1_78' title='bbox 1314 1090 1454 1161; x_wconf 91' lang='lat' dir='ltr'>quid</span> <span class='ocrx_word' id='word_1_79' title='bbox 1482 1092 1667 1145; x_wconf 90' lang='lat' dir='ltr'>facere</span> <span class='ocrx_word' id='word_1_80' title='bbox 1696 1092 1788 1147; x_wconf 83' lang='lat' dir='ltr'>de-</span> 
     </span>
    </p>
   </div>
   <div class='ocr_carea' id='block_1_12' title="bbox 149 1181 1785 1254">
    <p class='ocr_par' dir='ltr' id='par_1_12' title="bbox 149 1181 1785 1254">
     <span class='ocr_line' id='line_1_12' title="bbox 149 1181 1785 1254; baseline 0.002 -18"><span class='ocrx_word' id='word_1_81' title='bbox 149 1183 416 1251; x_wconf 86' lang='lat' dir='ltr'>beamus,</span> <span class='ocrx_word' id='word_1_82' title='bbox 450 1185 507 1237; x_wconf 90' lang='lat' dir='ltr'>et</span> <span class='ocrx_word' id='word_1_83' title='bbox 532 1181 769 1254; x_wconf 85' lang='lat' dir='ltr'>diligere</span> <span class='ocrx_word' id='word_1_84' title='bbox 797 1187 860 1237; x_wconf 92' lang='lat' dir='ltr'>ut</span> <span class='ocrx_word' id='word_1_85' title='bbox 883 1183 1183 1250; x_wconf 86' lang='lat' dir='ltr'>faciamus,</span> <span class='ocrx_word' id='word_1_86' title='bbox 1211 1186 1296 1250; x_wconf 89' lang='lat' dir='ltr'>ut,</span> <span class='ocrx_word' id='word_1_87' title='bbox 1316 1184 1629 1239; x_wconf 63' lang='lat' dir='ltr'>aediﬁcante</span> <span class='ocrx_word' id='word_1_88' title='bbox 1651 1186 1785 1240; x_wconf 91' lang='lat' dir='ltr'>cha-</span> 
     </span>
    </p>
   </div>
   <div class='ocr_carea' id='block_1_13' title="bbox 150 1276 1785 1347">
    <p class='ocr_par' dir='ltr' id='par_1_13' title="bbox 150 1276 1785 1347">
     <span class='ocr_line' id='line_1_13' title="bbox 150 1276 1785 1347; baseline 0.002 -17"><span class='ocrx_word' id='word_1_89' title='bbox 150 1278 342 1344; x_wconf 90' lang='lat' dir='ltr'>ritate,</span> <span class='ocrx_word' id='word_1_90' title='bbox 386 1277 624 1332; x_wconf 88' lang='lat' dir='ltr'>scientia</span> <span class='ocrx_word' id='word_1_91' title='bbox 656 1293 775 1332; x_wconf 90' lang='lat' dir='ltr'>non</span> <span class='ocrx_word' id='word_1_92' title='bbox 815 1277 991 1347; x_wconf 87' lang='lat' dir='ltr'>possit</span> <span class='ocrx_word' id='word_1_93' title='bbox 1026 1276 1243 1332; x_wconf 88' lang='lat' dir='ltr'>inﬂare.</span> <span class='ocrx_word' id='word_1_94' title='bbox 1285 1277 1440 1332; x_wconf 92' lang='lat' dir='ltr'>Sicut</span> <span class='ocrx_word' id='word_1_95' title='bbox 1478 1283 1672 1333; x_wconf 88' lang='lat' dir='ltr'>autem</span> <span class='ocrx_word' id='word_1_96' title='bbox 1713 1280 1785 1334; x_wconf 93' lang='lat' dir='ltr'>de</span> 
     </span>
    </p>
   </div>
   <div class='ocr_carea' id='block_1_14' title="bbox 151 1369 1784 1441">
    <p class='ocr_par' dir='ltr' id='par_1_14' title="bbox 151 1369 1784 1441">
     <span class='ocr_line' id='line_1_14' title="bbox 151 1369 1784 1441; baseline 0.002 -17"><span class='ocrx_word' id='word_1_97' title='bbox 151 1372 265 1424; x_wconf 88' lang='lat' dir='ltr'>Deo</span> <span class='ocrx_word' id='word_1_98' title='bbox 294 1369 569 1441; x_wconf 91' lang='lat' dir='ltr'>scriptum</span> <span class='ocrx_word' id='word_1_99' title='bbox 599 1374 684 1426; x_wconf 90' lang='lat' dir='ltr'>est</span> <span class='ocrx_word' id='word_1_100' title='bbox 710 1387 722 1425; x_wconf 86' lang='lat'>:</span> <span class='ocrx_word' id='word_1_101' title='bbox 759 1391 786 1420; x_wconf 87' lang='lat'><strong>«</strong></span> <span class='ocrx_word' id='word_1_102' title='bbox 823 1370 932 1435; x_wconf 88' lang='lat' dir='ltr'>Qui</span> <span class='ocrx_word' id='word_1_103' title='bbox 970 1370 1136 1426; x_wconf 90' lang='lat' dir='ltr'>docet</span> <span class='ocrx_word' id='word_1_104' title='bbox 1163 1372 1458 1426; x_wconf 88' lang='lat' dir='ltr'>hominem</span> <span class='ocrx_word' id='word_1_105' title='bbox 1486 1372 1784 1427; x_wconf 88' lang='lat' dir='ltr'>scientiam</span> 
     </span>
    </p>
   </div>
   <div class='ocr_carea' id='block_1_15' title="bbox 151 1464 1786 1536">
    <p class='ocr_par' dir='ltr' id='par_1_15' title="bbox 151 1464 1786 1536">
     <span class='ocr_line' id='line_1_15' title="bbox 151 1464 1786 1536; baseline 0.002 -18"><span class='ocrx_word' id='word_1_106' title='bbox 151 1465 316 1533; x_wconf 83' lang='lat' dir='ltr'>(Psal.</span> <span class='ocrx_word' id='word_1_107' title='bbox 350 1480 500 1532; x_wconf 82' lang='lat' dir='ltr'>xcm,</span> <span class='ocrx_word' id='word_1_108' title='bbox 530 1465 638 1531; x_wconf 81' lang='grc'>10),</span> <span class='ocrx_word' id='word_1_109' title='bbox 669 1486 696 1513; x_wconf 80' lang='grc'><strong>››</strong></span> <span class='ocrx_word' id='word_1_110' title='bbox 729 1465 810 1519; x_wconf 87' lang='lat' dir='ltr'>ita</span> <span class='ocrx_word' id='word_1_111' title='bbox 845 1464 1124 1536; x_wconf 91' lang='lat' dir='ltr'>scriptum</span> <span class='ocrx_word' id='word_1_112' title='bbox 1153 1469 1236 1520; x_wconf 90' lang='lat' dir='ltr'>est</span> <span class='ocrx_word' id='word_1_113' title='bbox 1273 1465 1445 1521; x_wconf 90' lang='lat' dir='ltr'>etiam</span> <span class='ocrx_word' id='word_1_114' title='bbox 1482 1483 1494 1522; x_wconf 92' lang='lat'>:</span> <span class='ocrx_word' id='word_1_115' title='bbox 1528 1466 1786 1523; x_wconf 88' lang='lat' dir='ltr'>Charitas</span> 
     </span>
    </p>
   </div>
   <div class='ocr_carea' id='block_1_16' title="bbox 150 1558 1787 1630">
    <p class='ocr_par' dir='ltr' id='par_1_16' title="bbox 150 1558 1787 1630">
     <span class='ocr_line' id='line_1_16' title="bbox 150 1558 1787 1630; baseline 0.002 -18"><span class='ocrx_word' id='word_1_116' title='bbox 150 1576 214 1612; x_wconf 83' lang='lat' dir='ltr'>ex</span> <span class='ocrx_word' id='word_1_117' title='bbox 242 1560 358 1613; x_wconf 92' lang='lat' dir='ltr'>Deo</span> <span class='ocrx_word' id='word_1_118' title='bbox 388 1560 471 1612; x_wconf 91' lang='lat' dir='ltr'>est</span> <span class='ocrx_word' id='word_1_119' title='bbox 494 1558 546 1629; x_wconf 91' lang='grc' dir='ltr'>(Ι</span> <span class='ocrx_word' id='word_1_120' title='bbox 567 1561 723 1613; x_wconf 81' lang='lat' dir='ltr'>Joan.</span> <span class='ocrx_word' id='word_1_121' title='bbox 756 1574 829 1627; x_wconf 86' lang='lat' dir='ltr'>IV,</span> <span class='ocrx_word' id='word_1_122' title='bbox 863 1560 935 1625; x_wconf 89' lang='lat'>7).</span> <span class='ocrx_word' id='word_1_123' title='bbox 968 1580 995 1607; x_wconf 85' lang='lat'>»</span> <span class='ocrx_word' id='word_1_124' title='bbox 1026 1560 1167 1614; x_wconf 88' lang='lat' dir='ltr'>Item</span> <span class='ocrx_word' id='word_1_125' title='bbox 1195 1559 1396 1630; x_wconf 89' lang='lat' dir='ltr'>quinto</span> <span class='ocrx_word' id='word_1_126' title='bbox 1428 1560 1692 1630; x_wconf 88' lang='lat' dir='ltr'>capitulo,</span> <span class='ocrx_word' id='word_1_127' title='bbox 1727 1565 1787 1615; x_wconf 90' lang='lat' dir='ltr'>ut</span> 
     </span>
    </p>
   </div>
   <div class='ocr_carea' id='block_1_17' title="bbox 149 1651 1785 1723">
    <p class='ocr_par' dir='ltr' id='par_1_17' title="bbox 149 1651 1785 1723">
     <span class='ocr_line' id='line_1_17' title="bbox 149 1651 1785 1723; baseline 0.001 -18"><span class='ocrx_word' id='word_1_128' title='bbox 149 1651 406 1723; x_wconf 85' lang='lat' dir='ltr'>quisquis</span> <span class='ocrx_word' id='word_1_129' title='bbox 452 1651 655 1707; x_wconf 86' lang='lat' dir='ltr'>dixerit</span> <span class='ocrx_word' id='word_1_130' title='bbox 696 1651 823 1707; x_wconf 91' lang='lat' dir='ltr'>ideo</span> <span class='ocrx_word' id='word_1_131' title='bbox 870 1651 1037 1706; x_wconf 92' lang='lat' dir='ltr'>nobis</span> <span class='ocrx_word' id='word_1_132' title='bbox 1086 1652 1332 1723; x_wconf 84' lang='lat' dir='ltr'>gratiam</span> <span class='ocrx_word' id='word_1_133' title='bbox 1368 1652 1785 1723; x_wconf 85' lang='lat' dir='ltr'>justiﬁcationis</span> 
     </span>
    </p>
   </div>
   <div class='ocr_carea' id='block_1_18' title="bbox 147 1745 1788 1817">
    <p class='ocr_par' dir='ltr' id='par_1_18' title="bbox 147 1745 1788 1817">
     <span class='ocr_line' id='line_1_18' title="bbox 147 1745 1788 1817; baseline 0.002 -18"><span class='ocrx_word' id='word_1_134' title='bbox 147 1745 294 1815; x_wconf 88' lang='lat' dir='ltr'>dari,</span> <span class='ocrx_word' id='word_1_135' title='bbox 317 1750 382 1800; x_wconf 90' lang='lat' dir='ltr'>ut</span> <span class='ocrx_word' id='word_1_136' title='bbox 405 1745 556 1817; x_wconf 91' lang='lat' dir='ltr'>quod</span> <span class='ocrx_word' id='word_1_137' title='bbox 584 1745 773 1801; x_wconf 90' lang='lat' dir='ltr'>facere</span> <span class='ocrx_word' id='word_1_138' title='bbox 794 1762 899 1816; x_wconf 91' lang='lat' dir='ltr'>per</span> <span class='ocrx_word' id='word_1_139' title='bbox 918 1745 1165 1800; x_wconf 88' lang='lat' dir='ltr'>liberum</span> <span class='ocrx_word' id='word_1_140' title='bbox 1194 1746 1495 1802; x_wconf 88' lang='lat' dir='ltr'>arbitrium</span> <span class='ocrx_word' id='word_1_141' title='bbox 1514 1747 1788 1817; x_wconf 85' lang='lat' dir='ltr'>jubemur</span> 
     </span>
    </p>
   </div>
   <div class='ocr_carea' id='block_1_19' title="bbox 1892 530 3527 608">
    <p class='ocr_par' dir='ltr' id='par_1_19' title="bbox 1892 530 3527 608">
     <span class='ocr_line' id='line_1_19' title="bbox 1892 530 3527 608; baseline 0.007 -25"><span class='ocrx_word' id='word_1_142' title='bbox 1892 532 2056 601; x_wconf 90' lang='lat' dir='ltr'>getur</span> <span class='ocrx_word' id='word_1_143' title='bbox 2108 530 2292 598; x_wconf 90' lang='lat' dir='ltr'>fortis,</span> <span class='ocrx_word' id='word_1_144' title='bbox 2336 536 2393 586; x_wconf 90' lang='lat' dir='ltr'>et</span> <span class='ocrx_word' id='word_1_145' title='bbox 2422 532 2687 604; x_wconf 87' lang='lat' dir='ltr'>deinceps</span> <span class='ocrx_word' id='word_1_146' title='bbox 2739 550 2871 588; x_wconf 89' lang='lat' dir='ltr'>vasa</span> <span class='ocrx_word' id='word_1_147' title='bbox 2909 536 3031 605; x_wconf 84' lang='lat' dir='ltr'>ejus</span> <span class='ocrx_word' id='word_1_148' title='bbox 3077 536 3421 608; x_wconf 86' lang='lat' dir='ltr'>diripiantur</span> <span class='ocrx_word' id='word_1_149' title='bbox 3466 539 3527 595; x_wconf 89' lang='lat' dir='ltr'>in</span> 
     </span>
    </p>
   </div>
   <div class='ocr_carea' id='block_1_20' title="bbox 1891 623 3530 701">
    <p class='ocr_par' dir='ltr' id='par_1_20' title="bbox 1891 623 3530 701">
     <span class='ocr_line' id='line_1_20' title="bbox 1891 623 3530 701; baseline 0.007 -25"><span class='ocrx_word' id='word_1_150' title='bbox 1891 623 2304 693; x_wconf 89' lang='lat' dir='ltr'>possessionem</span> <span class='ocrx_word' id='word_1_151' title='bbox 2328 625 2600 681; x_wconf 89' lang='lat' dir='ltr'>translata</span> <span class='ocrx_word' id='word_1_152' title='bbox 2621 626 2870 695; x_wconf 84' lang='lat' dir='ltr'>victoris,</span> <span class='ocrx_word' id='word_1_153' title='bbox 2898 649 2924 677; x_wconf 87' lang='lat'>«</span> <span class='ocrx_word' id='word_1_154' title='bbox 2947 629 3044 701; x_wconf 87' lang='lat' dir='ltr'>qui</span> <span class='ocrx_word' id='word_1_155' title='bbox 3067 630 3350 701; x_wconf 89' lang='lat' dir='ltr'>captivam</span> <span class='ocrx_word' id='word_1_156' title='bbox 3373 633 3530 688; x_wconf 89' lang='lat' dir='ltr'>ducit</span> 
     </span>
    </p>
   </div>
   <div class='ocr_carea' id='block_1_21' title="bbox 1890 716 3523 797">
    <p class='ocr_par' dir='ltr' id='par_1_21' title="bbox 1890 716 3523 797">
     <span class='ocr_line' id='line_1_21' title="bbox 1890 716 3523 797; baseline 0.007 -28"><span class='ocrx_word' id='word_1_157' title='bbox 1890 716 2296 787; x_wconf 86' lang='lat' dir='ltr'>captivitatem,</span> <span class='ocrx_word' id='word_1_158' title='bbox 2324 722 2379 772; x_wconf 90' lang='lat' dir='ltr'>et</span> <span class='ocrx_word' id='word_1_159' title='bbox 2407 718 2503 773; x_wconf 89' lang='lat' dir='ltr'>dat</span> <span class='ocrx_word' id='word_1_160' title='bbox 2523 719 2675 774; x_wconf 89' lang='lat' dir='ltr'>dona</span> <span class='ocrx_word' id='word_1_161' title='bbox 2695 720 3024 777; x_wconf 91' lang='lat' dir='ltr'>hominibus</span> <span class='ocrx_word' id='word_1_162' title='bbox 3052 722 3263 793; x_wconf 86' lang='lat' dir='ltr'>(Ephes.</span> <span class='ocrx_word' id='word_1_163' title='bbox 3288 741 3365 793; x_wconf 85' lang='lat' dir='ltr'>1x,</span> <span class='ocrx_word' id='word_1_164' title='bbox 3391 728 3461 797; x_wconf 92' lang='lat'>8).</span> <span class='ocrx_word' id='word_1_165' title='bbox 3495 748 3523 775; x_wconf 87' lang='lat'>»</span> 
     </span>
    </p>
   </div>
   <div class='ocr_carea' id='block_1_22' title="bbox 1890 809 3524 887">
    <p class='ocr_par' dir='ltr' id='par_1_22' title="bbox 1890 809 3524 887">
     <span class='ocr_line' id='line_1_22' title="bbox 1890 809 3524 887; baseline 0.007 -24"><span class='ocrx_word' id='word_1_166' title='bbox 1890 809 1987 863; x_wconf 89' lang='lat' dir='ltr'>His</span> <span class='ocrx_word' id='word_1_167' title='bbox 2015 826 2151 881; x_wconf 88' lang='lat' dir='ltr'>ergo</span> <span class='ocrx_word' id='word_1_168' title='bbox 2179 811 2562 866; x_wconf 88' lang='lat' dir='ltr'>ecclesiasticis</span> <span class='ocrx_word' id='word_1_169' title='bbox 2592 830 2663 867; x_wconf 84' lang='lat' dir='ltr'>ex</span> <span class='ocrx_word' id='word_1_170' title='bbox 2690 813 2880 869; x_wconf 90' lang='lat' dir='ltr'>divina</span> <span class='ocrx_word' id='word_1_171' title='bbox 2911 816 3155 887; x_wconf 86' lang='lat' dir='ltr'>sumptis</span> <span class='ocrx_word' id='word_1_172' title='bbox 3193 819 3524 875; x_wconf 86' lang='lat' dir='ltr'>auctoritate</span> 
     </span>
    </p>
   </div>
   <div class='ocr_carea' id='block_1_23' title="bbox 1892 903 3522 980">
    <p class='ocr_par' dir='ltr' id='par_1_23' title="bbox 1892 903 3522 980">
     <span class='ocr_line' id='line_1_23' title="bbox 1892 903 3522 980; baseline 0.007 -23"><span class='ocrx_word' id='word_1_173' title='bbox 1892 903 2248 959; x_wconf 89' lang='lat' dir='ltr'>documentis</span> <span class='ocrx_word' id='word_1_174' title='bbox 2265 904 2363 974; x_wconf 90' lang='lat' dir='ltr'>ita,</span> <span class='ocrx_word' id='word_1_175' title='bbox 2389 905 2692 975; x_wconf 87' lang='lat' dir='ltr'>adjuvante</span> <span class='ocrx_word' id='word_1_176' title='bbox 2708 908 2971 979; x_wconf 90' lang='lat' dir='ltr'>Domino,</span> <span class='ocrx_word' id='word_1_177' title='bbox 2992 910 3289 965; x_wconf 89' lang='lat' dir='ltr'>confortati</span> <span class='ocrx_word' id='word_1_178' title='bbox 3305 930 3522 980; x_wconf 90' lang='lat' dir='ltr'>sumus,</span> 
     </span>
    </p>
   </div>
   <div class='ocr_carea' id='block_1_24' title="bbox 1892 998 3526 1076">
    <p class='ocr_par' dir='ltr' id='par_1_24' title="bbox 1892 998 3526 1076">
     <span class='ocr_line' id='line_1_24' title="bbox 1892 998 3526 1076; baseline 0.007 -25"><span class='ocrx_word' id='word_1_179' title='bbox 1892 1001 1954 1052; x_wconf 90' lang='lat' dir='ltr'>ut</span> <span class='ocrx_word' id='word_1_180' title='bbox 1991 998 2251 1052; x_wconf 91' lang='lat' dir='ltr'>omnium</span> <span class='ocrx_word' id='word_1_181' title='bbox 2298 998 2582 1054; x_wconf 91' lang='lat' dir='ltr'>bonorum</span> <span class='ocrx_word' id='word_1_182' title='bbox 2623 1000 2931 1056; x_wconf 77' lang='lat' dir='ltr'>affectuum</span> <span class='ocrx_word' id='word_1_183' title='bbox 2981 1006 3151 1075; x_wconf 88' lang='lat' dir='ltr'>atque</span> <span class='ocrx_word' id='word_1_184' title='bbox 3203 1022 3441 1076; x_wconf 92' lang='lat' dir='ltr'>operum</span> <span class='ocrx_word' id='word_1_185' title='bbox 3469 1013 3526 1062; x_wconf 92' lang='lat' dir='ltr'>et</span> 
     </span>
    </p>
   </div>
   <div class='ocr_carea' id='block_1_25' title="bbox 1890 1091 3525 1170">
    <p class='ocr_par' dir='ltr' id='par_1_25' title="bbox 1890 1091 3525 1170">
     <span class='ocr_line' id='line_1_25' title="bbox 1890 1091 3525 1170; baseline 0.007 -26"><span class='ocrx_word' id='word_1_186' title='bbox 1890 1091 2151 1145; x_wconf 91' lang='lat' dir='ltr'>omnium</span> <span class='ocrx_word' id='word_1_187' title='bbox 2173 1091 2490 1146; x_wconf 91' lang='lat' dir='ltr'>studiorum</span> <span class='ocrx_word' id='word_1_188' title='bbox 2514 1093 2886 1166; x_wconf 91' lang='lat' dir='ltr'>omniumque</span> <span class='ocrx_word' id='word_1_189' title='bbox 2910 1095 3203 1165; x_wconf 89' lang='lat' dir='ltr'>virtutum,</span> <span class='ocrx_word' id='word_1_190' title='bbox 3230 1099 3435 1170; x_wconf 88' lang='lat' dir='ltr'>quibus</span> <span class='ocrx_word' id='word_1_191' title='bbox 3454 1101 3525 1155; x_wconf 89' lang='lat' dir='ltr'>ab</span> 
     </span>
    </p>
   </div>
   <div class='ocr_carea' id='block_1_26' title="bbox 1889 1184 3525 1257">
    <p class='ocr_par' dir='ltr' id='par_1_26' title="bbox 1889 1184 3525 1257">
     <span class='ocr_line' id='line_1_26' title="bbox 1889 1184 3525 1257; baseline 0.006 -19"><span class='ocrx_word' id='word_1_192' title='bbox 1889 1184 2049 1239; x_wconf 88' lang='lat' dir='ltr'>initio</span> <span class='ocrx_word' id='word_1_193' title='bbox 2075 1184 2205 1240; x_wconf 84' lang='lat' dir='ltr'>fidei</span> <span class='ocrx_word' id='word_1_194' title='bbox 2232 1186 2301 1240; x_wconf 89' lang='lat' dir='ltr'>ad</span> <span class='ocrx_word' id='word_1_195' title='bbox 2330 1186 2511 1241; x_wconf 91' lang='lat' dir='ltr'>Deum</span> <span class='ocrx_word' id='word_1_196' title='bbox 2533 1186 2803 1257; x_wconf 88' lang='lat' dir='ltr'>tenditur,</span> <span class='ocrx_word' id='word_1_197' title='bbox 2836 1189 3011 1243; x_wconf 89' lang='lat' dir='ltr'>Deum</span> <span class='ocrx_word' id='word_1_198' title='bbox 3032 1191 3313 1247; x_wconf 88' lang='lat' dir='ltr'>fateamur</span> <span class='ocrx_word' id='word_1_199' title='bbox 3334 1198 3525 1248; x_wconf 89' lang='lat' dir='ltr'>aucto-</span> 
     </span>
    </p>
   </div>
   <div class='ocr_carea' id='block_1_27' title="bbox 1888 1278 3525 1352">
    <p class='ocr_par' dir='ltr' id='par_1_27' title="bbox 1888 1278 3525 1352">
     <span class='ocr_line' id='line_1_27' title="bbox 1888 1278 3525 1352; baseline 0.007 -21"><span class='ocrx_word' id='word_1_200' title='bbox 1888 1294 2033 1347; x_wconf 91' lang='lat' dir='ltr'>rem,</span> <span class='ocrx_word' id='word_1_201' title='bbox 2059 1283 2250 1333; x_wconf 89' lang='lat' dir='ltr'>etnon</span> <span class='ocrx_word' id='word_1_202' title='bbox 2273 1278 2598 1335; x_wconf 88' lang='lat' dir='ltr'>dubitemus</span> <span class='ocrx_word' id='word_1_203' title='bbox 2618 1281 2692 1335; x_wconf 88' lang='lat' dir='ltr'>ad</span> <span class='ocrx_word' id='word_1_204' title='bbox 2718 1281 2895 1352; x_wconf 90' lang='lat' dir='ltr'>ipsius</span> <span class='ocrx_word' id='word_1_205' title='bbox 2915 1283 3099 1352; x_wconf 89' lang='lat' dir='ltr'>gratia</span> <span class='ocrx_word' id='word_1_206' title='bbox 3127 1285 3319 1339; x_wconf 89' lang='lat' dir='ltr'>omnia</span> <span class='ocrx_word' id='word_1_207' title='bbox 3341 1286 3525 1342; x_wconf 89' lang='lat' dir='ltr'>homi-</span> 
     </span>
    </p>
   </div>
   <div class='ocr_carea' id='block_1_28' title="bbox 1886 1371 3525 1449">
    <p class='ocr_par' dir='ltr' id='par_1_28' title="bbox 1886 1371 3525 1449">
     <span class='ocr_line' id='line_1_28' title="bbox 1886 1371 3525 1449; baseline 0.007 -25"><span class='ocrx_word' id='word_1_208' title='bbox 1886 1371 1974 1425; x_wconf 91' lang='lat' dir='ltr'>nis</span> <span class='ocrx_word' id='word_1_209' title='bbox 2003 1372 2208 1426; x_wconf 90' lang='lat' dir='ltr'>merita</span> <span class='ocrx_word' id='word_1_210' title='bbox 2233 1372 2553 1443; x_wconf 61' lang='lat' dir='ltr'>praeveniri,</span> <span class='ocrx_word' id='word_1_211' title='bbox 2585 1390 2689 1444; x_wconf 90' lang='lat' dir='ltr'>per</span> <span class='ocrx_word' id='word_1_212' title='bbox 2710 1390 2881 1446; x_wconf 90' lang='lat' dir='ltr'>quem</span> <span class='ocrx_word' id='word_1_213' title='bbox 2906 1376 2972 1429; x_wconf 88' lang='lat' dir='ltr'>ﬁt</span> <span class='ocrx_word' id='word_1_214' title='bbox 2997 1382 3057 1431; x_wconf 92' lang='lat' dir='ltr'>ut</span> <span class='ocrx_word' id='word_1_215' title='bbox 3076 1377 3289 1449; x_wconf 90' lang='lat' dir='ltr'>aliquid</span> <span class='ocrx_word' id='word_1_216' title='bbox 3309 1379 3447 1435; x_wconf 89' lang='lat' dir='ltr'>boni</span> <span class='ocrx_word' id='word_1_217' title='bbox 3469 1386 3525 1436; x_wconf 89' lang='lat' dir='ltr'>et</span> 
     </span>
    </p>
   </div>
   <div class='ocr_carea' id='block_1_29' title="bbox 1886 1463 3525 1542">
    <p class='ocr_par' dir='ltr' id='par_1_29' title="bbox 1886 1463 3525 1542">
     <span class='ocr_line' id='line_1_29' title="bbox 1886 1463 3525 1542; baseline 0.007 -26"><span class='ocrx_word' id='word_1_218' title='bbox 1886 1464 2031 1519; x_wconf 90' lang='lat' dir='ltr'>velle</span> <span class='ocrx_word' id='word_1_219' title='bbox 2070 1463 2409 1537; x_wconf 86' lang='lat' dir='ltr'>incipiamus</span> <span class='ocrx_word' id='word_1_220' title='bbox 2456 1470 2513 1521; x_wconf 89' lang='lat' dir='ltr'>et</span> <span class='ocrx_word' id='word_1_221' title='bbox 2550 1467 2755 1523; x_wconf 86' lang='lat' dir='ltr'>facere.</span> <span class='ocrx_word' id='word_1_222' title='bbox 2807 1469 2966 1532; x_wconf 88' lang='lat' dir='ltr'>Quod</span> <span class='ocrx_word' id='word_1_223' title='bbox 3002 1469 3196 1542; x_wconf 86' lang='lat' dir='ltr'>utique</span> <span class='ocrx_word' id='word_1_224' title='bbox 3225 1473 3434 1527; x_wconf 84' lang='lat' dir='ltr'>auxilio</span> <span class='ocrx_word' id='word_1_225' title='bbox 3468 1480 3525 1528; x_wconf 90' lang='lat' dir='ltr'>et</span> 
     </span>
    </p>
   </div>
   <div class='ocr_carea' id='block_1_30' title="bbox 1885 1559 3526 1635">
    <p class='ocr_par' dir='ltr' id='par_1_30' title="bbox 1885 1559 3526 1635">
     <span class='ocr_line' id='line_1_30' title="bbox 1885 1559 3526 1635; baseline 0.005 -23"><span class='ocrx_word' id='word_1_226' title='bbox 1885 1575 2127 1613; x_wconf 91' lang='lat' dir='ltr'>munere</span> <span class='ocrx_word' id='word_1_227' title='bbox 2150 1559 2247 1614; x_wconf 90' lang='lat' dir='ltr'>Dei</span> <span class='ocrx_word' id='word_1_228' title='bbox 2263 1576 2379 1613; x_wconf 90' lang='lat' dir='ltr'>non</span> <span class='ocrx_word' id='word_1_229' title='bbox 2398 1559 2652 1616; x_wconf 82' lang='lat' dir='ltr'>aufertur</span> <span class='ocrx_word' id='word_1_230' title='bbox 2669 1560 2914 1617; x_wconf 90' lang='lat' dir='ltr'>liberum</span> <span class='ocrx_word' id='word_1_231' title='bbox 2935 1563 3252 1635; x_wconf 88' lang='lat' dir='ltr'>arbitrium,</span> <span class='ocrx_word' id='word_1_232' title='bbox 3276 1566 3375 1620; x_wconf 92' lang='lat' dir='ltr'>sed</span> <span class='ocrx_word' id='word_1_233' title='bbox 3394 1566 3526 1622; x_wconf 91' lang='lat' dir='ltr'>libe-</span> 
     </span>
    </p>
   </div>
   <div class='ocr_carea' id='block_1_31' title="bbox 1886 1652 3523 1731">
    <p class='ocr_par' dir='ltr' id='par_1_31' title="bbox 1886 1652 3523 1731">
     <span class='ocr_line' id='line_1_31' title="bbox 1886 1652 3523 1731; baseline 0.005 -25"><span class='ocrx_word' id='word_1_234' title='bbox 1886 1655 2063 1721; x_wconf 87' lang='lat' dir='ltr'>ratur,</span> <span class='ocrx_word' id='word_1_235' title='bbox 2096 1656 2160 1707; x_wconf 92' lang='lat' dir='ltr'>ut</span> <span class='ocrx_word' id='word_1_236' title='bbox 2197 1652 2269 1705; x_wconf 91' lang='lat' dir='ltr'>de</span> <span class='ocrx_word' id='word_1_237' title='bbox 2302 1653 2600 1709; x_wconf 84' lang='lat' dir='ltr'>tenebroso</span> <span class='ocrx_word' id='word_1_238' title='bbox 2634 1655 2909 1724; x_wconf 89' lang='lat' dir='ltr'>lucidum,</span> <span class='ocrx_word' id='word_1_239' title='bbox 2954 1656 3025 1710; x_wconf 90' lang='lat' dir='ltr'>de</span> <span class='ocrx_word' id='word_1_240' title='bbox 3064 1674 3238 1728; x_wconf 90' lang='lat' dir='ltr'>pravo</span> <span class='ocrx_word' id='word_1_241' title='bbox 3281 1663 3523 1731; x_wconf 90' lang='lat' dir='ltr'>rectum,</span> 
     </span>
    </p>
   </div>
   <div class='ocr_carea' id='block_1_32' title="bbox 1887 1745 3523 1823">
    <p class='ocr_par' dir='ltr' id='par_1_32' title="bbox 1887 1745 3523 1823">
     <span class='ocr_line' id='line_1_32' title="bbox 1887 1745 3523 1823; baseline 0.006 -25"><span class='ocrx_word' id='word_1_242' title='bbox 1887 1745 1955 1799; x_wconf 93' lang='lat' dir='ltr'>de</span> <span class='ocrx_word' id='word_1_243' title='bbox 2003 1745 2279 1817; x_wconf 88' lang='lat' dir='ltr'>languido</span> <span class='ocrx_word' id='word_1_244' title='bbox 2319 1762 2542 1814; x_wconf 88' lang='lat' dir='ltr'>sanum,</span> <span class='ocrx_word' id='word_1_245' title='bbox 2591 1747 2660 1801; x_wconf 87' lang='lat' dir='ltr'>de</span> <span class='ocrx_word' id='word_1_246' title='bbox 2712 1747 3045 1819; x_wconf 89' lang='lat' dir='ltr'>impudente</span> <span class='ocrx_word' id='word_1_247' title='bbox 3095 1750 3167 1805; x_wconf 89' lang='lat' dir='ltr'>sit</span> <span class='ocrx_word' id='word_1_248' title='bbox 3201 1752 3523 1823; x_wconf 89' lang='lat' dir='ltr'>providum.</span> 
     </span>
    </p>
   </div>
   <div class='ocr_carea' id='block_1_33' title="bbox 146 1815 3527 1914">
    <p class='ocr_par' dir='ltr' id='par_1_33' title="bbox 146 1815 3527 1914">
     <span class='ocr_line' id='line_1_33' title="bbox 146 1815 3527 1914; baseline 0.002 -20"><span class='ocrx_word' id='word_1_249' title='bbox 146 1839 370 1894; x_wconf 89' lang='lat' dir='ltr'>facilius</span> <span class='ocrx_word' id='word_1_250' title='bbox 396 1815 677 1911; x_wconf 73' lang='lat' dir='ltr'>possimus</span> <span class='ocrx_word' id='word_1_251' title='bbox 712 1839 955 1911; x_wconf 90' lang='lat' dir='ltr'>implere</span> <span class='ocrx_word' id='word_1_252' title='bbox 985 1855 1088 1911; x_wconf 91' lang='lat' dir='ltr'>per</span> <span class='ocrx_word' id='word_1_253' title='bbox 1126 1839 1388 1910; x_wconf 87' lang='lat' dir='ltr'>gratiam,</span> <span class='ocrx_word' id='word_1_254' title='bbox 1424 1815 1702 1913; x_wconf 32' lang='lat' dir='ltr'>tan—quam</span> <span class='ocrx_word' id='word_1_255' title='bbox 1731 1815 1863 1897; x_wconf 83' lang='lat' dir='ltr'>etB</span> <span class='ocrx_word' id='word_1_256' title='bbox 1886 1841 2063 1894; x_wconf 91' lang='lat' dir='ltr'>Tanta</span> <span class='ocrx_word' id='word_1_257' title='bbox 2090 1815 2243 1895; x_wconf 84' lang='lat' dir='ltr'>enim</span> <span class='ocrx_word' id='word_1_258' title='bbox 2275 1856 2412 1911; x_wconf 89' lang='lat' dir='ltr'>erga</span> <span class='ocrx_word' id='word_1_259' title='bbox 2443 1856 2644 1895; x_wconf 90' lang='lat' dir='ltr'>omnes</span> <span class='ocrx_word' id='word_1_260' title='bbox 2670 1815 2932 1896; x_wconf 75' lang='lat' dir='ltr'>homines</span> <span class='ocrx_word' id='word_1_261' title='bbox 2959 1847 3043 1897; x_wconf 91' lang='lat' dir='ltr'>est</span> <span class='ocrx_word' id='word_1_262' title='bbox 3067 1815 3288 1899; x_wconf 75' lang='lat' dir='ltr'>bonitas</span> <span class='ocrx_word' id='word_1_263' title='bbox 3314 1845 3432 1914; x_wconf 92' lang='lat' dir='ltr'>Dei,</span> <span class='ocrx_word' id='word_1_264' title='bbox 3464 1852 3527 1901; x_wconf 92' lang='lat' dir='ltr'>ut</span> 
     </span>
    </p>
   </div>
   <div class='ocr_carea' id='block_1_34' title="bbox 145 1933 1782 2004">
    <p class='ocr_par' dir='ltr' id='par_1_34' title="bbox 145 1933 1782 2004">
     <span class='ocr_line' id='line_1_34' title="bbox 145 1933 1782 2004; baseline 0.002 -17"><span class='ocrx_word' id='word_1_265' title='bbox 145 1935 189 1988; x_wconf 92' lang='lat' dir='ltr'>si</span> <span class='ocrx_word' id='word_1_266' title='bbox 220 1934 405 2004; x_wconf 89' lang='lat' dir='ltr'>gratia</span> <span class='ocrx_word' id='word_1_267' title='bbox 428 1950 543 1988; x_wconf 89' lang='lat' dir='ltr'>non</span> <span class='ocrx_word' id='word_1_268' title='bbox 574 1934 803 1988; x_wconf 86' lang='lat' dir='ltr'>daretur</span> <span class='ocrx_word' id='word_1_269' title='bbox 832 1950 949 1988; x_wconf 91' lang='lat' dir='ltr'>non</span> <span class='ocrx_word' id='word_1_270' title='bbox 978 1933 1212 2004; x_wconf 89' lang='lat' dir='ltr'>quidem</span> <span class='ocrx_word' id='word_1_271' title='bbox 1238 1933 1423 2000; x_wconf 88' lang='lat' dir='ltr'>facile,</span> <span class='ocrx_word' id='word_1_272' title='bbox 1458 1936 1555 1989; x_wconf 89' lang='lat' dir='ltr'>sed</span> <span class='ocrx_word' id='word_1_273' title='bbox 1586 1938 1782 1991; x_wconf 90' lang='lat' dir='ltr'>tamen</span> 
     </span>
    </p>
   </div>
   <div class='ocr_carea' id='block_1_35' title="bbox 145 2026 1780 2099">
    <p class='ocr_par' dir='ltr' id='par_1_35' title="bbox 145 2026 1780 2099">
     <span class='ocr_line' id='line_1_35' title="bbox 145 2026 1780 2099; baseline 0.001 -17"><span class='ocrx_word' id='word_1_274' title='bbox 145 2028 430 2099; x_wconf 89' lang='lat' dir='ltr'>possimus</span> <span class='ocrx_word' id='word_1_275' title='bbox 463 2026 633 2082; x_wconf 89' lang='lat' dir='ltr'>etiam</span> <span class='ocrx_word' id='word_1_276' title='bbox 662 2026 783 2081; x_wconf 91' lang='lat' dir='ltr'>sine</span> <span class='ocrx_word' id='word_1_277' title='bbox 833 2027 930 2081; x_wconf 91' lang='lat' dir='ltr'>illa</span> <span class='ocrx_word' id='word_1_278' title='bbox 970 2027 1160 2081; x_wconf 90' lang='lat' dir='ltr'>divina</span> <span class='ocrx_word' id='word_1_279' title='bbox 1204 2027 1445 2099; x_wconf 90' lang='lat' dir='ltr'>implere</span> <span class='ocrx_word' id='word_1_280' title='bbox 1490 2030 1780 2096; x_wconf 88' lang='lat' dir='ltr'>mandata,</span> 
     </span>
    </p>
   </div>
   <div class='ocr_carea' id='block_1_36' title="bbox 149 2119 1786 2178">
    <p class='ocr_par' dir='ltr' id='par_1_36' title="bbox 149 2119 1786 2178">
     <span class='ocr_line' id='line_1_36' title="bbox 149 2119 1786 2178; baseline 0.002 -3"><span class='ocrx_word' id='word_1_281' title='bbox 149 2122 456 2176; x_wconf 87' lang='lat' dir='ltr'>anathema</span> <span class='ocrx_word' id='word_1_282' title='bbox 494 2120 584 2176; x_wconf 89' lang='lat' dir='ltr'>sit.</span> <span class='ocrx_word' id='word_1_283' title='bbox 631 2121 711 2175; x_wconf 91' lang='lat' dir='ltr'>De</span> <span class='ocrx_word' id='word_1_284' title='bbox 748 2119 1025 2174; x_wconf 79' lang='lat' dir='ltr'>fructibus</span> <span class='ocrx_word' id='word_1_285' title='bbox 1057 2120 1215 2175; x_wconf 90' lang='lat' dir='ltr'>enim</span> <span class='ocrx_word' id='word_1_286' title='bbox 1254 2122 1657 2177; x_wconf 88' lang='lat' dir='ltr'>mandatorum</span> <span class='ocrx_word' id='word_1_287' title='bbox 1681 2124 1786 2178; x_wconf 94' lang='lat' dir='ltr'>Do-</span> 
     </span>
    </p>
   </div>
   <div class='ocr_carea' id='block_1_37' title="bbox 145 2213 1783 2285">
    <p class='ocr_par' dir='ltr' id='par_1_37' title="bbox 145 2213 1783 2285">
     <span class='ocr_line' id='line_1_37' title="bbox 145 2213 1783 2285; baseline 0.001 -16"><span class='ocrx_word' id='word_1_288' title='bbox 145 2216 340 2269; x_wconf 90' lang='lat' dir='ltr'>minus</span> <span class='ocrx_word' id='word_1_289' title='bbox 385 2213 749 2285; x_wconf 87' lang='lat' dir='ltr'>loquebatur,</span> <span class='ocrx_word' id='word_1_290' title='bbox 792 2214 888 2269; x_wconf 92' lang='lat' dir='ltr'>ubi</span> <span class='ocrx_word' id='word_1_291' title='bbox 923 2230 1042 2268; x_wconf 90' lang='lat' dir='ltr'>non</span> <span class='ocrx_word' id='word_1_292' title='bbox 1079 2214 1176 2284; x_wconf 90' lang='lat' dir='ltr'>ait,</span> <span class='ocrx_word' id='word_1_293' title='bbox 1218 2213 1339 2269; x_wconf 91' lang='lat' dir='ltr'>sine</span> <span class='ocrx_word' id='word_1_294' title='bbox 1365 2216 1474 2284; x_wconf 51' lang='lat' dir='ltr'>fme</span> <span class='ocrx_word' id='word_1_295' title='bbox 1502 2215 1783 2270; x_wconf 88' lang='lat' dir='ltr'>difﬁcilius</span> 
     </span>
    </p>
   </div>
   <div class='ocr_carea' id='block_1_38' title="bbox 144 2307 1783 2381">
    <p class='ocr_par' dir='ltr' id='par_1_38' title="bbox 144 2307 1783 2381">
     <span class='ocr_line' id='line_1_38' title="bbox 144 2307 1783 2381; baseline 0.002 -18"><span class='ocrx_word' id='word_1_296' title='bbox 144 2310 385 2381; x_wconf 90' lang='lat' dir='ltr'>potestis</span> <span class='ocrx_word' id='word_1_297' title='bbox 404 2308 607 2376; x_wconf 89' lang='lat' dir='ltr'>facere,</span> <span class='ocrx_word' id='word_1_298' title='bbox 631 2307 730 2362; x_wconf 91' lang='lat' dir='ltr'>sed</span> <span class='ocrx_word' id='word_1_299' title='bbox 747 2308 846 2378; x_wconf 89' lang='lat' dir='ltr'>ait,</span> <span class='ocrx_word' id='word_1_300' title='bbox 878 2328 905 2357; x_wconf 88' lang='grc'>‹‹</span> <span class='ocrx_word' id='word_1_301' title='bbox 927 2307 1048 2362; x_wconf 89' lang='lat' dir='ltr'>sine</span> <span class='ocrx_word' id='word_1_302' title='bbox 1066 2324 1158 2363; x_wconf 89' lang='lat' dir='ltr'>me</span> <span class='ocrx_word' id='word_1_303' title='bbox 1180 2307 1322 2363; x_wconf 89' lang='lat' dir='ltr'>nihil</span> <span class='ocrx_word' id='word_1_304' title='bbox 1344 2309 1578 2380; x_wconf 89' lang='lat' dir='ltr'>potestis</span> <span class='ocrx_word' id='word_1_305' title='bbox 1594 2309 1783 2366; x_wconf 86' lang='lat' dir='ltr'>facere</span> 
     </span>
    </p>
   </div>
   <div class='ocr_carea' id='block_1_39' title="bbox 148 2402 616 2473">
    <p class='ocr_par' dir='ltr' id='par_1_39' title="bbox 148 2402 616 2473">
     <span class='ocr_line' id='line_1_39' title="bbox 148 2402 616 2473; baseline -0.006 -15"><span class='ocrx_word' id='word_1_306' title='bbox 148 2404 326 2473; x_wconf 86' lang='lat' dir='ltr'>(Joan.</span> <span class='ocrx_word' id='word_1_307' title='bbox 362 2419 451 2471; x_wconf 83' lang='lat' dir='ltr'>xv,</span> <span class='ocrx_word' id='word_1_308' title='bbox 485 2402 556 2471; x_wconf 79' lang='grc'>5).</span> <span class='ocrx_word' id='word_1_309' title='bbox 588 2423 616 2450; x_wconf 85' lang='grc'>›)</span> 
     </span>
    </p>
   </div>
   <div class='ocr_carea' id='block_1_40' title="bbox 216 2494 1782 2568">
    <p class='ocr_par' dir='ltr' id='par_1_40' title="bbox 216 2494 1782 2568">
     <span class='ocr_line' id='line_1_40' title="bbox 216 2494 1782 2568; baseline 0.001 -17"><span class='ocrx_word' id='word_1_310' title='bbox 216 2498 304 2552; x_wconf 84' lang='grc' dir='ltr'>ΧΙ.</span> <span class='ocrx_word' id='word_1_311' title='bbox 352 2498 568 2550; x_wconf 70' lang='lat' dir='ltr'>Praeter</span> <span class='ocrx_word' id='word_1_312' title='bbox 612 2511 704 2549; x_wconf 89' lang='lat' dir='ltr'>eas</span> <span class='ocrx_word' id='word_1_313' title='bbox 752 2502 946 2550; x_wconf 90' lang='lat' dir='ltr'>autem</span> <span class='ocrx_word' id='word_1_314' title='bbox 987 2494 1329 2550; x_wconf 69' lang='lat' dir='ltr'>beatissimas</span> <span class='ocrx_word' id='word_1_315' title='bbox 1377 2500 1433 2551; x_wconf 90' lang='lat' dir='ltr'>et</span> <span class='ocrx_word' id='word_1_316' title='bbox 1457 2497 1782 2568; x_wconf 70' lang='lat' dir='ltr'>apostolicae</span> 
     </span>
    </p>
   </div>
   <div class='ocr_carea' id='block_1_41' title="bbox 147 2589 1781 2661">
    <p class='ocr_par' dir='ltr' id='par_1_41' title="bbox 147 2589 1781 2661">
     <span class='ocr_line' id='line_1_41' title="bbox 147 2589 1781 2661; baseline -0.001 -14"><span class='ocrx_word' id='word_1_317' title='bbox 147 2591 309 2647; x_wconf 89' lang='lat' dir='ltr'>Sedis</span> <span class='ocrx_word' id='word_1_318' title='bbox 352 2589 703 2644; x_wconf 83' lang='lat' dir='ltr'>inviolabiles</span> <span class='ocrx_word' id='word_1_319' title='bbox 746 2590 1090 2657; x_wconf 88' lang='lat' dir='ltr'>sanctiones,</span> <span class='ocrx_word' id='word_1_320' title='bbox 1150 2589 1356 2661; x_wconf 90' lang='lat' dir='ltr'>quibus</span> <span class='ocrx_word' id='word_1_321' title='bbox 1400 2607 1503 2645; x_wconf 89' lang='lat' dir='ltr'>nos</span> <span class='ocrx_word' id='word_1_322' title='bbox 1540 2591 1781 2661; x_wconf 90' lang='lat' dir='ltr'>piissimi</span> 
     </span>
    </p>
   </div>
   <div class='ocr_carea' id='block_1_42' title="bbox 144 2683 1782 2755">
    <p class='ocr_par' dir='ltr' id='par_1_42' title="bbox 144 2683 1782 2755">
     <span class='ocr_line' id='line_1_42' title="bbox 144 2683 1782 2755; baseline -0.001 -15"><span class='ocrx_word' id='word_1_323' title='bbox 144 2688 337 2741; x_wconf 86' lang='lat' dir='ltr'>Patres</span> <span class='ocrx_word' id='word_1_324' title='bbox 362 2684 649 2755; x_wconf 72' lang='lat' dir='ltr'>pestifera:</span> <span class='ocrx_word' id='word_1_325' title='bbox 676 2683 944 2738; x_wconf 87' lang='lat' dir='ltr'>novitatis</span> <span class='ocrx_word' id='word_1_326' title='bbox 984 2683 1229 2740; x_wconf 89' lang='lat' dir='ltr'>elatione</span> <span class='ocrx_word' id='word_1_327' title='bbox 1256 2683 1494 2754; x_wconf 90' lang='lat' dir='ltr'>dejecta,</span> <span class='ocrx_word' id='word_1_328' title='bbox 1534 2687 1591 2737; x_wconf 90' lang='lat' dir='ltr'>et</span> <span class='ocrx_word' id='word_1_329' title='bbox 1617 2684 1782 2739; x_wconf 80' lang='lat' dir='ltr'>bonae</span> 
     </span>
    </p>
   </div>
   <div class='ocr_carea' id='block_1_43' title="bbox 142 2776 1782 2847">
    <p class='ocr_par' dir='ltr' id='par_1_43' title="bbox 142 2776 1782 2847">
     <span class='ocr_line' id='line_1_43' title="bbox 142 2776 1782 2847; baseline 0 -15"><span class='ocrx_word' id='word_1_330' title='bbox 142 2778 453 2834; x_wconf 73' lang='lat' dir='ltr'>voluntatis</span> <span class='ocrx_word' id='word_1_331' title='bbox 478 2778 736 2843; x_wconf 86' lang='lat' dir='ltr'>exordia,</span> <span class='ocrx_word' id='word_1_332' title='bbox 770 2781 828 2832; x_wconf 88' lang='lat' dir='ltr'>et</span> <span class='ocrx_word' id='word_1_333' title='bbox 857 2777 1214 2831; x_wconf 89' lang='lat' dir='ltr'>incrementa</span> <span class='ocrx_word' id='word_1_334' title='bbox 1259 2776 1644 2847; x_wconf 88' lang='lat' dir='ltr'>probabilium</span> <span class='ocrx_word' id='word_1_335' title='bbox 1671 2781 1782 2833; x_wconf 89' lang='lat' dir='ltr'>stu-</span> 
     </span>
    </p>
   </div>
   <div class='ocr_carea' id='block_1_44' title="bbox 144 2869 1780 2942">
    <p class='ocr_par' dir='ltr' id='par_1_44' title="bbox 144 2869 1780 2942">
     <span class='ocr_line' id='line_1_44' title="bbox 144 2869 1780 2942; baseline 0 -15"><span class='ocrx_word' id='word_1_336' title='bbox 144 2874 395 2941; x_wconf 87' lang='lat' dir='ltr'>diorum,</span> <span class='ocrx_word' id='word_1_337' title='bbox 445 2874 503 2927; x_wconf 89' lang='lat' dir='ltr'>et</span> <span class='ocrx_word' id='word_1_338' title='bbox 550 2871 631 2926; x_wconf 90' lang='lat' dir='ltr'>eis</span> <span class='ocrx_word' id='word_1_339' title='bbox 668 2888 845 2942; x_wconf 90' lang='lat' dir='ltr'>usque</span> <span class='ocrx_word' id='word_1_340' title='bbox 888 2869 948 2924; x_wconf 89' lang='lat' dir='ltr'>in</span> <span class='ocrx_word' id='word_1_341' title='bbox 986 2870 1159 2925; x_wconf 89' lang='lat' dir='ltr'>ﬁnem</span> <span class='ocrx_word' id='word_1_342' title='bbox 1199 2871 1683 2941; x_wconf 84' lang='lat' dir='ltr'>perseverantiam</span> <span class='ocrx_word' id='word_1_343' title='bbox 1712 2872 1780 2927; x_wconf 91' lang='lat' dir='ltr'>ad</span> 
     </span>
    </p>
   </div>
   <div class='ocr_carea' id='block_1_45' title="bbox 142 2964 1781 3037">
    <p class='ocr_par' dir='ltr' id='par_1_45' title="bbox 142 2964 1781 3037">
     <span class='ocr_line' id='line_1_45' title="bbox 142 2964 1781 3037; baseline -0.001 -15"><span class='ocrx_word' id='word_1_344' title='bbox 142 2965 351 3022; x_wconf 87' lang='lat' dir='ltr'>Christi</span> <span class='ocrx_word' id='word_1_345' title='bbox 398 2964 642 3037; x_wconf 88' lang='lat' dir='ltr'>gratiam</span> <span class='ocrx_word' id='word_1_346' title='bbox 681 2965 898 3019; x_wconf 86' lang='lat' dir='ltr'>referre</span> <span class='ocrx_word' id='word_1_347' title='bbox 951 2964 1286 3032; x_wconf 88' lang='lat' dir='ltr'>docuerunt,</span> <span class='ocrx_word' id='word_1_348' title='bbox 1329 2964 1781 3020; x_wconf 90' lang='lat' dir='ltr'>obsecrationum</span> 
     </span>
    </p>
   </div>
   <div class='ocr_carea' id='block_1_46' title="bbox 142 3057 1781 3131">
    <p class='ocr_par' dir='ltr' id='par_1_46' title="bbox 142 3057 1781 3131">
     <span class='ocr_line' id='line_1_46' title="bbox 142 3057 1781 3131; baseline -0.001 -18"><span class='ocrx_word' id='word_1_349' title='bbox 142 3074 372 3131; x_wconf 90' lang='lat' dir='ltr'>quoque</span> <span class='ocrx_word' id='word_1_350' title='bbox 401 3057 832 3113; x_wconf 88' lang='lat' dir='ltr'>sacerdotalium</span> <span class='ocrx_word' id='word_1_351' title='bbox 857 3062 1210 3113; x_wconf 87' lang='lat' dir='ltr'>sacramenta</span> <span class='ocrx_word' id='word_1_352' title='bbox 1226 3057 1615 3128; x_wconf 89' lang='lat' dir='ltr'>respiciamus,</span> <span class='ocrx_word' id='word_1_353' title='bbox 1651 3075 1781 3130; x_wconf 63' lang='lat' dir='ltr'>quae</span> 
     </span>
    </p>
   </div>
   <div class='ocr_carea' id='block_1_47' title="bbox 142 3150 1777 3224">
    <p class='ocr_par' dir='ltr' id='par_1_47' title="bbox 142 3150 1777 3224">
     <span class='ocr_line' id='line_1_47' title="bbox 142 3150 1777 3224; baseline -0.001 -17"><span class='ocrx_word' id='word_1_354' title='bbox 142 3153 211 3207; x_wconf 89' lang='lat' dir='ltr'>ab</span> <span class='ocrx_word' id='word_1_355' title='bbox 227 3151 503 3224; x_wconf 88' lang='lat' dir='ltr'>apostolis</span> <span class='ocrx_word' id='word_1_356' title='bbox 528 3151 733 3206; x_wconf 89' lang='lat' dir='ltr'>tradita</span> <span class='ocrx_word' id='word_1_357' title='bbox 757 3151 817 3205; x_wconf 90' lang='lat' dir='ltr'>in</span> <span class='ocrx_word' id='word_1_358' title='bbox 837 3154 953 3205; x_wconf 90' lang='lat' dir='ltr'>toto</span> <span class='ocrx_word' id='word_1_359' title='bbox 977 3150 1196 3205; x_wconf 91' lang='lat' dir='ltr'>mundo</span> <span class='ocrx_word' id='word_1_360' title='bbox 1215 3153 1385 3222; x_wconf 90' lang='lat' dir='ltr'>atque</span> <span class='ocrx_word' id='word_1_361' title='bbox 1406 3151 1465 3205; x_wconf 90' lang='lat' dir='ltr'>in</span> <span class='ocrx_word' id='word_1_362' title='bbox 1486 3152 1777 3207; x_wconf 89' lang='lat' dir='ltr'>communi</span> 
     </span>
    </p>
   </div>
   <div class='ocr_carea' id='block_1_48' title="bbox 144 3244 1779 3317">
    <p class='ocr_par' dir='ltr' id='par_1_48' title="bbox 144 3244 1779 3317">
     <span class='ocr_line' id='line_1_48' title="bbox 144 3244 1779 3317; baseline -0.001 -15"><span class='ocrx_word' id='word_1_363' title='bbox 144 3246 386 3302; x_wconf 85' lang='lat' dir='ltr'>Ecclesia</span> <span class='ocrx_word' id='word_1_364' title='bbox 410 3245 687 3301; x_wconf 91' lang='lat' dir='ltr'>catholica</span> <span class='ocrx_word' id='word_1_365' title='bbox 707 3244 1076 3299; x_wconf 89' lang='lat' dir='ltr'>uniformiter</span> <span class='ocrx_word' id='word_1_366' title='bbox 1097 3244 1482 3313; x_wconf 89' lang='lat' dir='ltr'>celebrantur,</span> <span class='ocrx_word' id='word_1_367' title='bbox 1506 3249 1569 3299; x_wconf 93' lang='lat' dir='ltr'>ut</span> <span class='ocrx_word' id='word_1_368' title='bbox 1591 3246 1779 3317; x_wconf 90' lang='lat' dir='ltr'>legem</span> 
     </span>
    </p>
   </div>
   <div class='ocr_carea' id='block_1_49' title="bbox 142 3337 1775 3410">
    <p class='ocr_par' dir='ltr' id='par_1_49' title="bbox 142 3337 1775 3410">
     <span class='ocr_line' id='line_1_49' title="bbox 142 3337 1775 3410; baseline -0.001 -15"><span class='ocrx_word' id='word_1_369' title='bbox 142 3340 431 3407; x_wconf 86' lang='lat' dir='ltr'>credendi,</span> <span class='ocrx_word' id='word_1_370' title='bbox 462 3340 547 3394; x_wconf 83' lang='lat' dir='ltr'>lex</span> <span class='ocrx_word' id='word_1_371' title='bbox 574 3341 785 3394; x_wconf 88' lang='lat' dir='ltr'>statuat</span> <span class='ocrx_word' id='word_1_372' title='bbox 811 3338 1184 3410; x_wconf 90' lang='lat' dir='ltr'>supplicandi.</span> <span class='ocrx_word' id='word_1_373' title='bbox 1206 3337 1348 3392; x_wconf 92' lang='lat' dir='ltr'>Cum</span> <span class='ocrx_word' id='word_1_374' title='bbox 1369 3338 1524 3392; x_wconf 92' lang='lat' dir='ltr'>enim</span> <span class='ocrx_word' id='word_1_375' title='bbox 1552 3344 1775 3394; x_wconf 86' lang='lat' dir='ltr'>sancta-</span> 
     </span>
    </p>
   </div>
   <div class='ocr_carea' id='block_1_50' title="bbox 140 3431 1776 3505">
    <p class='ocr_par' dir='ltr' id='par_1_50' title="bbox 140 3431 1776 3505">
     <span class='ocr_line' id='line_1_50' title="bbox 140 3431 1776 3505; baseline -0.002 -15"><span class='ocrx_word' id='word_1_376' title='bbox 140 3452 273 3490; x_wconf 87' lang='lat' dir='ltr'>rum</span> <span class='ocrx_word' id='word_1_377' title='bbox 316 3433 575 3505; x_wconf 90' lang='lat' dir='ltr'>plebium</span> <span class='ocrx_word' id='word_1_378' title='bbox 619 3433 890 3504; x_wconf 72' lang='lat' dir='ltr'>praesules</span> <span class='ocrx_word' id='word_1_379' title='bbox 936 3432 1202 3486; x_wconf 88' lang='lat' dir='ltr'>mandata</span> <span class='ocrx_word' id='word_1_380' title='bbox 1231 3431 1465 3485; x_wconf 87' lang='lat' dir='ltr'>sibimet</span> <span class='ocrx_word' id='word_1_381' title='bbox 1492 3433 1776 3503; x_wconf 86' lang='lat' dir='ltr'>legatione</span> 
     </span>
    </p>
   </div>
   <div class='ocr_carea' id='block_1_51' title="bbox 137 3521 1778 3597">
    <p class='ocr_par' dir='ltr' id='par_1_51' title="bbox 137 3521 1778 3597">
     <span class='ocr_line' id='line_1_51' title="bbox 137 3521 1778 3597; baseline -0.002 -17"><span class='ocrx_word' id='word_1_382' title='bbox 137 3526 484 3597; x_wconf 86' lang='lat' dir='ltr'>funguntur,</span> <span class='ocrx_word' id='word_1_383' title='bbox 497 3524 648 3596; x_wconf 90' lang='lat' dir='ltr'>apud</span> <span class='ocrx_word' id='word_1_384' title='bbox 660 3522 911 3579; x_wconf 90' lang='lat' dir='ltr'>divinam</span> <span class='ocrx_word' id='word_1_385' title='bbox 925 3521 1291 3577; x_wconf 90' lang='lat' dir='ltr'>clementiam</span> <span class='ocrx_word' id='word_1_386' title='bbox 1305 3521 1543 3576; x_wconf 88' lang='lat' dir='ltr'>humani</span> <span class='ocrx_word' id='word_1_387' title='bbox 1557 3522 1778 3592; x_wconf 87' lang='lat' dir='ltr'>generis</span> 
     </span>
    </p>
   </div>
   <div class='ocr_carea' id='block_1_52' title="bbox 138 3615 1778 3691">
    <p class='ocr_par' dir='ltr' id='par_1_52' title="bbox 138 3615 1778 3691">
     <span class='ocr_line' id='line_1_52' title="bbox 138 3615 1778 3691; baseline -0.002 -17"><span class='ocrx_word' id='word_1_388' title='bbox 138 3622 321 3691; x_wconf 88' lang='lat' dir='ltr'>agunt</span> <span class='ocrx_word' id='word_1_389' title='bbox 344 3634 573 3674; x_wconf 89' lang='lat' dir='ltr'>causam</span> <span class='ocrx_word' id='word_1_390' title='bbox 602 3635 614 3673; x_wconf 89' lang='lat'><strong>:</strong></span> <span class='ocrx_word' id='word_1_391' title='bbox 639 3622 692 3673; x_wconf 91' lang='lat' dir='ltr'>et</span> <span class='ocrx_word' id='word_1_392' title='bbox 723 3620 842 3673; x_wconf 90' lang='lat' dir='ltr'>tota</span> <span class='ocrx_word' id='word_1_393' title='bbox 873 3633 1067 3672; x_wconf 91' lang='lat' dir='ltr'>secum</span> <span class='ocrx_word' id='word_1_394' title='bbox 1096 3615 1512 3687; x_wconf 89' lang='lat' dir='ltr'>cogemiscente</span> <span class='ocrx_word' id='word_1_395' title='bbox 1532 3616 1778 3671; x_wconf 89' lang='lat' dir='ltr'>Ecclesia</span> 
     </span>
    </p>
   </div>
   <div class='ocr_carea' id='block_1_53' title="bbox 138 3709 1773 3786">
    <p class='ocr_par' dir='ltr' id='par_1_53' title="bbox 138 3709 1773 3786">
     <span class='ocr_line' id='line_1_53' title="bbox 138 3709 1773 3786; baseline -0.002 -17"><span class='ocrx_word' id='word_1_396' title='bbox 138 3714 437 3786; x_wconf 90' lang='lat' dir='ltr'>postulant</span> <span class='ocrx_word' id='word_1_397' title='bbox 461 3717 517 3768; x_wconf 89' lang='lat' dir='ltr'>et</span> <span class='ocrx_word' id='word_1_398' title='bbox 546 3716 867 3784; x_wconf 89' lang='lat' dir='ltr'>precantur,</span> <span class='ocrx_word' id='word_1_399' title='bbox 898 3714 965 3765; x_wconf 90' lang='lat' dir='ltr'>ut</span> <span class='ocrx_word' id='word_1_400' title='bbox 997 3710 1321 3766; x_wconf 88' lang='lat' dir='ltr'>infidelibus</span> <span class='ocrx_word' id='word_1_401' title='bbox 1347 3710 1589 3765; x_wconf 89' lang='lat' dir='ltr'>donetur</span> <span class='ocrx_word' id='word_1_402' title='bbox 1613 3709 1773 3780; x_wconf 91' lang='lat' dir='ltr'>ﬁdes,</span> 
     </span>
    </p>
   </div>
   <div class='ocr_carea' id='block_1_54' title="bbox 142 3803 1774 3877">
    <p class='ocr_par' dir='ltr' id='par_1_54' title="bbox 142 3803 1774 3877">
     <span class='ocr_line' id='line_1_54' title="bbox 142 3803 1774 3877; baseline -0.002 -14"><span class='ocrx_word' id='word_1_403' title='bbox 142 3814 205 3863; x_wconf 91' lang='lat' dir='ltr'>ut</span> <span class='ocrx_word' id='word_1_404' title='bbox 232 3807 554 3863; x_wconf 83' lang='lat' dir='ltr'>idololatrae</span> <span class='ocrx_word' id='word_1_405' title='bbox 570 3807 639 3861; x_wconf 89' lang='lat' dir='ltr'>ab</span> <span class='ocrx_word' id='word_1_406' title='bbox 664 3805 971 3877; x_wconf 89' lang='lat' dir='ltr'>impietatis</span> <span class='ocrx_word' id='word_1_407' title='bbox 994 3822 1110 3859; x_wconf 81' lang='lat' dir='ltr'>suae</span> <span class='ocrx_word' id='word_1_408' title='bbox 1126 3805 1444 3859; x_wconf 89' lang='lat' dir='ltr'>liberentur</span> <span class='ocrx_word' id='word_1_409' title='bbox 1471 3803 1774 3874; x_wconf 91' lang='lat' dir='ltr'>erroribus,</span> 
     </span>
    </p>
   </div>
   <div class='ocr_carea' id='block_1_55' title="bbox 142 3897 1779 3969">
    <p class='ocr_par' dir='ltr' id='par_1_55' title="bbox 142 3897 1779 3969">
     <span class='ocr_line' id='line_1_55' title="bbox 142 3897 1779 3969; baseline -0.004 -12"><span class='ocrx_word' id='word_1_410' title='bbox 142 3906 205 3957; x_wconf 93' lang='lat' dir='ltr'>ut</span> <span class='ocrx_word' id='word_1_411' title='bbox 232 3902 440 3956; x_wconf 65' lang='lat' dir='ltr'>Iudaeis</span> <span class='ocrx_word' id='word_1_412' title='bbox 463 3899 649 3954; x_wconf 89' lang='lat' dir='ltr'>ablato</span> <span class='ocrx_word' id='word_1_413' title='bbox 679 3900 962 3954; x_wconf 91' lang='lat' dir='ltr'>velamine</span> <span class='ocrx_word' id='word_1_414' title='bbox 998 3899 1091 3952; x_wconf 88' lang='lat' dir='ltr'>lux</span> <span class='ocrx_word' id='word_1_415' title='bbox 1114 3897 1365 3953; x_wconf 87' lang='lat' dir='ltr'>veritatis</span> <span class='ocrx_word' id='word_1_416' title='bbox 1393 3900 1683 3969; x_wconf 87' lang='lat' dir='ltr'>appareat,</span> <span class='ocrx_word' id='word_1_417' title='bbox 1716 3901 1779 3951; x_wconf 91' lang='lat' dir='ltr'>ut</span> 
     </span>
    </p>
   </div>
   <div class='ocr_carea' id='block_1_56' title="bbox 142 3991 1826 4080">
    <p class='ocr_par' dir='ltr' id='par_1_56' title="bbox 142 3991 1826 4080">
     <span class='ocr_line' id='line_1_56' title="bbox 142 3991 1826 4080; baseline -0.003 -30"><span class='ocrx_word' id='word_1_418' title='bbox 142 3994 392 4050; x_wconf 64' lang='lat' dir='ltr'>haeretici</span> <span class='ocrx_word' id='word_1_419' title='bbox 428 3993 718 4049; x_wconf 79' lang='lat' dir='ltr'>catholicas</span> <span class='ocrx_word' id='word_1_420' title='bbox 751 3992 882 4048; x_wconf 91' lang='lat' dir='ltr'>ﬁdei</span> <span class='ocrx_word' id='word_1_421' title='bbox 922 3992 1290 4064; x_wconf 89' lang='lat' dir='ltr'>perceptione</span> <span class='ocrx_word' id='word_1_422' title='bbox 1329 3991 1677 4063; x_wconf 90' lang='lat' dir='ltr'>resipiscant,</span> <span class='ocrx_word' id='word_1_423' title='bbox 1715 3996 1826 4080; x_wconf 41' lang='lat' dir='ltr'>uti</span> 
     </span>
    </p>
   </div>
   <div class='ocr_carea' id='block_1_57' title="bbox 1887 1934 3523 2011">
    <p class='ocr_par' dir='ltr' id='par_1_57' title="bbox 1887 1934 3523 2011">
     <span class='ocr_line' id='line_1_57' title="bbox 1887 1934 3523 2011; baseline 0.005 -24"><span class='ocrx_word' id='word_1_424' title='bbox 1887 1936 2081 1987; x_wconf 90' lang='lat' dir='ltr'>nostra</span> <span class='ocrx_word' id='word_1_425' title='bbox 2103 1934 2237 1989; x_wconf 86' lang='lat' dir='ltr'>velit</span> <span class='ocrx_word' id='word_1_426' title='bbox 2261 1950 2381 1989; x_wconf 89' lang='lat' dir='ltr'>esse</span> <span class='ocrx_word' id='word_1_427' title='bbox 2400 1935 2607 1989; x_wconf 90' lang='lat' dir='ltr'>merita</span> <span class='ocrx_word' id='word_1_428' title='bbox 2628 1950 2755 2006; x_wconf 86' lang='lat' dir='ltr'>quae</span> <span class='ocrx_word' id='word_1_429' title='bbox 2781 1940 2913 1991; x_wconf 91' lang='lat' dir='ltr'>sunt</span> <span class='ocrx_word' id='word_1_430' title='bbox 2930 1935 3111 2008; x_wconf 90' lang='lat' dir='ltr'>ipsius</span> <span class='ocrx_word' id='word_1_431' title='bbox 3135 1938 3308 2007; x_wconf 91' lang='lat' dir='ltr'>dona,</span> <span class='ocrx_word' id='word_1_432' title='bbox 3338 1942 3397 1993; x_wconf 92' lang='lat' dir='ltr'>et</span> <span class='ocrx_word' id='word_1_433' title='bbox 3418 1956 3523 2011; x_wconf 93' lang='lat' dir='ltr'>pro</span> 
     </span>
    </p>
   </div>
   <div class='ocr_carea' id='block_1_58' title="bbox 1886 2026 3521 2103">
    <p class='ocr_par' dir='ltr' id='par_1_58' title="bbox 1886 2026 3521 2103">
     <span class='ocr_line' id='line_1_58' title="bbox 1886 2026 3521 2103; baseline 0.004 -22"><span class='ocrx_word' id='word_1_434' title='bbox 1886 2026 1973 2081; x_wconf 90' lang='lat' dir='ltr'>his</span> <span class='ocrx_word' id='word_1_435' title='bbox 1996 2044 2126 2098; x_wconf 67' lang='lat' dir='ltr'>quas</span> <span class='ocrx_word' id='word_1_436' title='bbox 2155 2027 2391 2099; x_wconf 90' lang='lat' dir='ltr'>largitus</span> <span class='ocrx_word' id='word_1_437' title='bbox 2437 2031 2521 2082; x_wconf 88' lang='lat' dir='ltr'>est</span> <span class='ocrx_word' id='word_1_438' title='bbox 2555 2030 2767 2083; x_wconf 58' lang='lat' dir='ltr'>aeterna</span> <span class='ocrx_word' id='word_1_439' title='bbox 2803 2029 3040 2100; x_wconf 64' lang='lat' dir='ltr'>praemia</span> <span class='ocrx_word' id='word_1_440' title='bbox 3090 2031 3160 2085; x_wconf 89' lang='lat' dir='ltr'>sit</span> <span class='ocrx_word' id='word_1_441' title='bbox 3190 2031 3521 2103; x_wconf 90' lang='lat' dir='ltr'>donaturus,</span> 
     </span>
    </p>
   </div>
   <div class='ocr_carea' id='block_1_59' title="bbox 1887 2120 3520 2197">
    <p class='ocr_par' dir='ltr' id='par_1_59' title="bbox 1887 2120 3520 2197">
     <span class='ocr_line' id='line_1_59' title="bbox 1887 2120 3520 2197; baseline 0.004 -22"><span class='ocrx_word' id='word_1_442' title='bbox 1887 2120 2008 2191; x_wconf 90' lang='lat' dir='ltr'>agit</span> <span class='ocrx_word' id='word_1_443' title='bbox 2032 2120 2243 2192; x_wconf 91' lang='lat' dir='ltr'>quippe</span> <span class='ocrx_word' id='word_1_444' title='bbox 2274 2121 2333 2175; x_wconf 91' lang='lat' dir='ltr'>in</span> <span class='ocrx_word' id='word_1_445' title='bbox 2363 2121 2526 2176; x_wconf 90' lang='lat' dir='ltr'>nobis</span> <span class='ocrx_word' id='word_1_446' title='bbox 2551 2125 2617 2176; x_wconf 91' lang='lat' dir='ltr'>ut</span> <span class='ocrx_word' id='word_1_447' title='bbox 2639 2121 2790 2193; x_wconf 89' lang='lat' dir='ltr'>quod</span> <span class='ocrx_word' id='word_1_448' title='bbox 2822 2123 2939 2177; x_wconf 89' lang='lat' dir='ltr'>vult</span> <span class='ocrx_word' id='word_1_449' title='bbox 2958 2127 3015 2177; x_wconf 91' lang='lat' dir='ltr'>et</span> <span class='ocrx_word' id='word_1_450' title='bbox 3040 2124 3275 2179; x_wconf 88' lang='lat' dir='ltr'>velimus</span> <span class='ocrx_word' id='word_1_451' title='bbox 3299 2128 3357 2180; x_wconf 89' lang='lat' dir='ltr'>et</span> <span class='ocrx_word' id='word_1_452' title='bbox 3383 2142 3520 2197; x_wconf 88' lang='lat' dir='ltr'>aga-</span> 
     </span>
    </p>
   </div>
   <div class='ocr_carea' id='block_1_60' title="bbox 1884 2214 3520 2287">
    <p class='ocr_par' dir='ltr' id='par_1_60' title="bbox 1884 2214 3520 2287">
     <span class='ocr_line' id='line_1_60' title="bbox 1884 2214 3520 2287; baseline 0.004 -20"><span class='ocrx_word' id='word_1_453' title='bbox 1884 2231 2032 2281; x_wconf 91' lang='lat' dir='ltr'>mus,</span> <span class='ocrx_word' id='word_1_454' title='bbox 2059 2231 2164 2269; x_wconf 91' lang='lat' dir='ltr'>nec</span> <span class='ocrx_word' id='word_1_455' title='bbox 2186 2214 2364 2269; x_wconf 89' lang='lat' dir='ltr'>otiosa</span> <span class='ocrx_word' id='word_1_456' title='bbox 2383 2214 2443 2268; x_wconf 90' lang='lat' dir='ltr'>in</span> <span class='ocrx_word' id='word_1_457' title='bbox 2462 2214 2624 2269; x_wconf 91' lang='lat' dir='ltr'>nobis</span> <span class='ocrx_word' id='word_1_458' title='bbox 2646 2231 2766 2270; x_wconf 89' lang='lat' dir='ltr'>esse</span> <span class='ocrx_word' id='word_1_459' title='bbox 2785 2215 3019 2286; x_wconf 89' lang='lat' dir='ltr'>patitur,</span> <span class='ocrx_word' id='word_1_460' title='bbox 3049 2233 3177 2287; x_wconf 71' lang='lat' dir='ltr'>quas</span> <span class='ocrx_word' id='word_1_461' title='bbox 3200 2219 3520 2274; x_wconf 82' lang='lat' dir='ltr'>exercenda</span> 
     </span>
    </p>
   </div>
   <div class='ocr_carea' id='block_1_61' title="bbox 1885 2308 3520 2381">
    <p class='ocr_par' dir='ltr' id='par_1_61' title="bbox 1885 2308 3520 2381">
     <span class='ocr_line' id='line_1_61' title="bbox 1885 2308 3520 2381; baseline 0.004 -21"><span class='ocrx_word' id='word_1_462' title='bbox 1885 2323 2002 2361; x_wconf 92' lang='lat' dir='ltr'>non</span> <span class='ocrx_word' id='word_1_463' title='bbox 2040 2308 2390 2379; x_wconf 89' lang='lat' dir='ltr'>negligenda</span> <span class='ocrx_word' id='word_1_464' title='bbox 2429 2308 2677 2376; x_wconf 91' lang='lat' dir='ltr'>donavit,</span> <span class='ocrx_word' id='word_1_465' title='bbox 2707 2312 2771 2362; x_wconf 92' lang='lat' dir='ltr'>ut</span> <span class='ocrx_word' id='word_1_466' title='bbox 2795 2314 2851 2363; x_wconf 92' lang='lat' dir='ltr'>et</span> <span class='ocrx_word' id='word_1_467' title='bbox 2878 2325 2981 2363; x_wconf 90' lang='lat' dir='ltr'>nos</span> <span class='ocrx_word' id='word_1_468' title='bbox 3011 2313 3409 2381; x_wconf 90' lang='lat' dir='ltr'>cooperatores</span> <span class='ocrx_word' id='word_1_469' title='bbox 3445 2312 3520 2366; x_wconf 90' lang='lat' dir='ltr'>si-</span> 
     </span>
    </p>
   </div>
   <div class='ocr_carea' id='block_1_62' title="bbox 1884 2402 3520 2473">
    <p class='ocr_par' dir='ltr' id='par_1_62' title="bbox 1884 2402 3520 2473">
     <span class='ocr_line' id='line_1_62' title="bbox 1884 2402 3520 2473; baseline 0.004 -19"><span class='ocrx_word' id='word_1_470' title='bbox 1884 2417 2012 2455; x_wconf 91' lang='lat' dir='ltr'>mus</span> <span class='ocrx_word' id='word_1_471' title='bbox 2033 2402 2233 2472; x_wconf 65' lang='lat' dir='ltr'>gratias</span> <span class='ocrx_word' id='word_1_472' title='bbox 2261 2402 2377 2469; x_wconf 91' lang='lat' dir='ltr'>Dei,</span> <span class='ocrx_word' id='word_1_473' title='bbox 2406 2418 2470 2456; x_wconf 90' lang='lat' dir='ltr'>ac</span> <span class='ocrx_word' id='word_1_474' title='bbox 2490 2402 2537 2455; x_wconf 92' lang='lat' dir='ltr'>si</span> <span class='ocrx_word' id='word_1_475' title='bbox 2563 2402 2700 2473; x_wconf 91' lang='lat' dir='ltr'>quid</span> <span class='ocrx_word' id='word_1_476' title='bbox 2725 2402 2783 2456; x_wconf 90' lang='lat' dir='ltr'>in</span> <span class='ocrx_word' id='word_1_477' title='bbox 2813 2403 2977 2457; x_wconf 89' lang='lat' dir='ltr'>nobis</span> <span class='ocrx_word' id='word_1_478' title='bbox 3005 2419 3075 2457; x_wconf 84' lang='lat' dir='ltr'>ex</span> <span class='ocrx_word' id='word_1_479' title='bbox 3104 2407 3296 2459; x_wconf 85' lang='lat' dir='ltr'>nostra</span> <span class='ocrx_word' id='word_1_480' title='bbox 3315 2406 3520 2461; x_wconf 86' lang='lat' dir='ltr'>videri-</span> 
     </span>
    </p>
   </div>
   <div class='ocr_carea' id='block_1_63' title="bbox 1884 2494 3522 2566">
    <p class='ocr_par' dir='ltr' id='par_1_63' title="bbox 1884 2494 3522 2566">
     <span class='ocr_line' id='line_1_63' title="bbox 1884 2494 3522 2566; baseline 0.003 -18"><span class='ocrx_word' id='word_1_481' title='bbox 1884 2510 2012 2548; x_wconf 91' lang='lat' dir='ltr'>mus</span> <span class='ocrx_word' id='word_1_482' title='bbox 2037 2494 2371 2549; x_wconf 90' lang='lat' dir='ltr'>remissione</span> <span class='ocrx_word' id='word_1_483' title='bbox 2399 2495 2780 2566; x_wconf 85' lang='lat' dir='ltr'>langurscere,</span> <span class='ocrx_word' id='word_1_484' title='bbox 2803 2497 2876 2550; x_wconf 89' lang='lat' dir='ltr'>ad</span> <span class='ocrx_word' id='word_1_485' title='bbox 2896 2497 3056 2551; x_wconf 91' lang='lat' dir='ltr'>illum</span> <span class='ocrx_word' id='word_1_486' title='bbox 3078 2497 3311 2552; x_wconf 88' lang='lat' dir='ltr'>sollicite</span> <span class='ocrx_word' id='word_1_487' title='bbox 3332 2514 3522 2553; x_wconf 88' lang='lat' dir='ltr'>recur-</span> 
     </span>
    </p>
   </div>
   <div class='ocr_carea' id='block_1_64' title="bbox 1882 2588 3523 2660">
    <p class='ocr_par' dir='ltr' id='par_1_64' title="bbox 1882 2588 3523 2660">
     <span class='ocr_line' id='line_1_64' title="bbox 1882 2588 3523 2660; baseline 0.003 -19"><span class='ocrx_word' id='word_1_488' title='bbox 1882 2604 2077 2643; x_wconf 89' lang='lat' dir='ltr'>ramus</span> <span class='ocrx_word' id='word_1_489' title='bbox 2104 2588 2202 2660; x_wconf 91' lang='lat' dir='ltr'>qui</span> <span class='ocrx_word' id='word_1_490' title='bbox 2219 2591 2382 2643; x_wconf 88' lang='lat' dir='ltr'>sanat</span> <span class='ocrx_word' id='word_1_491' title='bbox 2404 2604 2598 2643; x_wconf 91' lang='lat' dir='ltr'>omnes</span> <span class='ocrx_word' id='word_1_492' title='bbox 2619 2590 2924 2660; x_wconf 89' lang='lat' dir='ltr'>languores</span> <span class='ocrx_word' id='word_1_493' title='bbox 2948 2593 3191 2659; x_wconf 90' lang='lat' dir='ltr'>nostros,</span> <span class='ocrx_word' id='word_1_494' title='bbox 3214 2593 3271 2645; x_wconf 92' lang='lat' dir='ltr'>et</span> <span class='ocrx_word' id='word_1_495' title='bbox 3289 2591 3523 2646; x_wconf 89' lang='lat' dir='ltr'>redimit</span> 
     </span>
    </p>
   </div>
   <div class='ocr_carea' id='block_1_65' title="bbox 1884 2681 3515 2754">
    <p class='ocr_par' dir='ltr' id='par_1_65' title="bbox 1884 2681 3515 2754">
     <span class='ocr_line' id='line_1_65' title="bbox 1884 2681 3515 2754; baseline 0.002 -19"><span class='ocrx_word' id='word_1_496' title='bbox 1884 2681 1955 2735; x_wconf 91' lang='lat' dir='ltr'>de</span> <span class='ocrx_word' id='word_1_497' title='bbox 1982 2681 2217 2736; x_wconf 89' lang='lat' dir='ltr'>interitu</span> <span class='ocrx_word' id='word_1_498' title='bbox 2246 2681 2423 2735; x_wconf 91' lang='lat' dir='ltr'>vitam</span> <span class='ocrx_word' id='word_1_499' title='bbox 2453 2686 2723 2750; x_wconf 90' lang='lat' dir='ltr'>nostram,</span> <span class='ocrx_word' id='word_1_500' title='bbox 2759 2685 2818 2736; x_wconf 90' lang='lat' dir='ltr'>et</span> <span class='ocrx_word' id='word_1_501' title='bbox 2845 2683 2934 2737; x_wconf 92' lang='lat' dir='ltr'>cui</span> <span class='ocrx_word' id='word_1_502' title='bbox 2965 2683 3223 2754; x_wconf 90' lang='lat' dir='ltr'>quotidie</span> <span class='ocrx_word' id='word_1_503' title='bbox 3253 2683 3515 2752; x_wconf 89' lang='lat' dir='ltr'>dicimus,</span> 
     </span>
    </p>
   </div>
   <div class='ocr_carea' id='block_1_66' title="bbox 1886 2775 3516 2844">
    <p class='ocr_par' dir='ltr' id='par_1_66' title="bbox 1886 2775 3516 2844">
     <span class='ocr_line' id='line_1_66' title="bbox 1886 2775 3516 2844; baseline 0.002 -15"><span class='ocrx_word' id='word_1_504' title='bbox 1886 2796 1913 2824; x_wconf 87' lang='lat'><strong>«</strong></span> <span class='ocrx_word' id='word_1_505' title='bbox 1941 2791 2013 2829; x_wconf 91' lang='lat' dir='ltr'>ne</span> <span class='ocrx_word' id='word_1_506' title='bbox 2032 2775 2269 2830; x_wconf 90' lang='lat' dir='ltr'>inducas</span> <span class='ocrx_word' id='word_1_507' title='bbox 2288 2792 2387 2829; x_wconf 90' lang='lat' dir='ltr'>nos</span> <span class='ocrx_word' id='word_1_508' title='bbox 2408 2775 2467 2829; x_wconf 90' lang='lat' dir='ltr'>in</span> <span class='ocrx_word' id='word_1_509' title='bbox 2487 2776 2885 2844; x_wconf 89' lang='lat' dir='ltr'>tentationem,</span> <span class='ocrx_word' id='word_1_510' title='bbox 2902 2776 3001 2832; x_wconf 91' lang='lat' dir='ltr'>sed</span> <span class='ocrx_word' id='word_1_511' title='bbox 3012 2776 3188 2832; x_wconf 90' lang='lat' dir='ltr'>libera</span> <span class='ocrx_word' id='word_1_512' title='bbox 3203 2793 3305 2832; x_wconf 89' lang='lat' dir='ltr'>nos</span> <span class='ocrx_word' id='word_1_513' title='bbox 3323 2794 3355 2832; x_wconf 88' lang='lat' dir='ltr'>a</span> <span class='ocrx_word' id='word_1_514' title='bbox 3367 2779 3516 2832; x_wconf 88' lang='lat' dir='ltr'>malo</span> 
     </span>
    </p>
   </div>
   <div class='ocr_carea' id='block_1_67' title="bbox 1882 2867 3511 2937">
    <p class='ocr_par' dir='ltr' id='par_1_67' title="bbox 1882 2867 3511 2937">
     <span class='ocr_line' id='line_1_67' title="bbox 1882 2867 3511 2937; baseline 0.002 -14"><span class='ocrx_word' id='word_1_515' title='bbox 1882 2867 2102 2937; x_wconf 81' lang='lat' dir='ltr'>(Matth.</span> <span class='ocrx_word' id='word_1_516' title='bbox 2132 2885 2207 2926; x_wconf 82' lang='lat' dir='ltr'>v1.</span> <span class='ocrx_word' id='word_1_517' title='bbox 2238 2871 2344 2937; x_wconf 84' lang='lat' dir='ltr'>l3).</span> <span class='ocrx_word' id='word_1_518' title='bbox 2379 2890 2406 2919; x_wconf 86' lang='lat'><strong>»</strong></span> <span class='ocrx_word' id='word_1_519' title='bbox 3509 2924 3511 2926; x_wconf 80' lang='lat'>.</span> 
     </span>
    </p>
   </div>
   <div class='ocr_carea' id='block_1_68' title="bbox 1952 2962 3517 3035">
    <p class='ocr_par' dir='ltr' id='par_1_68' title="bbox 1952 2962 3517 3035">
     <span class='ocr_line' id='line_1_68' title="bbox 1952 2962 3517 3035; baseline 0.002 -19"><span class='ocrx_word' id='word_1_520' title='bbox 1952 2963 2085 3017; x_wconf 83' lang='lat' dir='ltr'>Xlll.</span> <span class='ocrx_word' id='word_1_521' title='bbox 2117 2962 2522 3017; x_wconf 86' lang='lat' dir='ltr'>Profundiores</span> <span class='ocrx_word' id='word_1_522' title='bbox 2560 2977 2691 3018; x_wconf 90' lang='lat' dir='ltr'>vero</span> <span class='ocrx_word' id='word_1_523' title='bbox 2718 2962 3177 3035; x_wconf 86' lang='lat' dir='ltr'>difﬁcilioresque</span> <span class='ocrx_word' id='word_1_524' title='bbox 3205 2967 3400 3035; x_wconf 89' lang='lat' dir='ltr'>partes</span> <span class='ocrx_word' id='word_1_525' title='bbox 3425 2979 3517 3019; x_wconf 80' lang='lat' dir='ltr'>oc-</span> 
     </span>
    </p>
   </div>
   <div class='ocr_carea' id='block_1_69' title="bbox 1883 3055 3523 3129">
    <p class='ocr_par' dir='ltr' id='par_1_69' title="bbox 1883 3055 3523 3129">
     <span class='ocr_line' id='line_1_69' title="bbox 1883 3055 3523 3129; baseline 0.002 -21"><span class='ocrx_word' id='word_1_526' title='bbox 1883 3055 2238 3111; x_wconf 89' lang='lat' dir='ltr'>currentium</span> <span class='ocrx_word' id='word_1_527' title='bbox 2284 3056 2667 3128; x_wconf 70' lang='lat' dir='ltr'>quaestionum</span> <span class='ocrx_word' id='word_1_528' title='bbox 2715 3074 2856 3129; x_wconf 89' lang='lat' dir='ltr'>quas</span> <span class='ocrx_word' id='word_1_529' title='bbox 2891 3056 3057 3112; x_wconf 88' lang='lat' dir='ltr'>latius</span> <span class='ocrx_word' id='word_1_530' title='bbox 3101 3060 3523 3128; x_wconf 90' lang='lat' dir='ltr'>pertractarunt</span> 
     </span>
    </p>
   </div>
   <div class='ocr_carea' id='block_1_70' title="bbox 1882 3148 3518 3219">
    <p class='ocr_par' dir='ltr' id='par_1_70' title="bbox 1882 3148 3518 3219">
     <span class='ocr_line' id='line_1_70' title="bbox 1882 3148 3518 3219; baseline 0.002 -17"><span class='ocrx_word' id='word_1_531' title='bbox 1882 3148 1978 3219; x_wconf 89' lang='lat' dir='ltr'>qui</span> <span class='ocrx_word' id='word_1_532' title='bbox 2001 3149 2285 3204; x_wconf 77' lang='lat' dir='ltr'>haereticis</span> <span class='ocrx_word' id='word_1_533' title='bbox 2327 3150 2680 3219; x_wconf 89' lang='lat' dir='ltr'>restiterunt,</span> <span class='ocrx_word' id='word_1_534' title='bbox 2721 3151 2867 3205; x_wconf 88' lang='lat' dir='ltr'>sicut</span> <span class='ocrx_word' id='word_1_535' title='bbox 2905 3167 3022 3205; x_wconf 91' lang='lat' dir='ltr'>non</span> <span class='ocrx_word' id='word_1_536' title='bbox 3059 3150 3339 3206; x_wconf 87' lang='lat' dir='ltr'>audemus</span> <span class='ocrx_word' id='word_1_537' title='bbox 3380 3167 3518 3206; x_wconf 91' lang='lat' dir='ltr'>con-</span> 
     </span>
    </p>
   </div>
   <div class='ocr_carea' id='block_1_71' title="bbox 1878 3242 3520 3315">
    <p class='ocr_par' dir='ltr' id='par_1_71' title="bbox 1878 3242 3520 3315">
     <span class='ocr_line' id='line_1_71' title="bbox 1878 3242 3520 3315; baseline 0.002 -20"><span class='ocrx_word' id='word_1_538' title='bbox 1878 3243 2159 3309; x_wconf 90' lang='lat' dir='ltr'>temnere,</span> <span class='ocrx_word' id='word_1_539' title='bbox 2183 3242 2261 3297; x_wconf 91' lang='lat' dir='ltr'>ita</span> <span class='ocrx_word' id='word_1_540' title='bbox 2278 3259 2392 3297; x_wconf 91' lang='lat' dir='ltr'>non</span> <span class='ocrx_word' id='word_1_541' title='bbox 2408 3260 2635 3298; x_wconf 90' lang='lat' dir='ltr'>necesse</span> <span class='ocrx_word' id='word_1_542' title='bbox 2656 3244 2930 3299; x_wconf 89' lang='lat' dir='ltr'>habemus</span> <span class='ocrx_word' id='word_1_543' title='bbox 2948 3245 3201 3299; x_wconf 89' lang='lat' dir='ltr'>astruere</span> <span class='ocrx_word' id='word_1_544' title='bbox 3218 3262 3231 3310; x_wconf 91' lang='lat'><strong>;</strong></span> <span class='ocrx_word' id='word_1_545' title='bbox 3258 3246 3280 3267; x_wconf 74' lang='grc'><strong><em>*</em></strong></span> <span class='ocrx_word' id='word_1_546' title='bbox 3296 3243 3429 3315; x_wconf 88' lang='lat' dir='ltr'>quia</span> <span class='ocrx_word' id='word_1_547' title='bbox 3446 3244 3520 3299; x_wconf 89' lang='lat' dir='ltr'>ad</span> 
     </span>
    </p>
   </div>
   <div class='ocr_carea' id='block_1_72' title="bbox 1880 3335 3521 3408">
    <p class='ocr_par' dir='ltr' id='par_1_72' title="bbox 1880 3335 3521 3408">
     <span class='ocr_line' id='line_1_72' title="bbox 1880 3335 3521 3408; baseline 0.001 -18"><span class='ocrx_word' id='word_1_548' title='bbox 1880 3335 2266 3391; x_wconf 89' lang='lat' dir='ltr'>conﬁtendum</span> <span class='ocrx_word' id='word_1_549' title='bbox 2314 3337 2553 3408; x_wconf 86' lang='lat' dir='ltr'>gratiam</span> <span class='ocrx_word' id='word_1_550' title='bbox 2596 3336 2693 3392; x_wconf 90' lang='lat' dir='ltr'>Dei</span> <span class='ocrx_word' id='word_1_551' title='bbox 2738 3337 2899 3408; x_wconf 90' lang='lat' dir='ltr'>cujus</span> <span class='ocrx_word' id='word_1_552' title='bbox 2926 3337 3084 3407; x_wconf 84' lang='lat' dir='ltr'>operi</span> <span class='ocrx_word' id='word_1_553' title='bbox 3107 3354 3170 3391; x_wconf 90' lang='lat' dir='ltr'>ac</span> <span class='ocrx_word' id='word_1_554' title='bbox 3202 3336 3521 3408; x_wconf 89' lang='lat' dir='ltr'>dignationi</span> 
     </span>
    </p>
   </div>
   <div class='ocr_carea' id='block_1_73' title="bbox 1878 3428 3517 3501">
    <p class='ocr_par' dir='ltr' id='par_1_73' title="bbox 1878 3428 3517 3501">
     <span class='ocr_line' id='line_1_73' title="bbox 1878 3428 3517 3501; baseline 0 -18"><span class='ocrx_word' id='word_1_555' title='bbox 1878 3428 2103 3501; x_wconf 91' lang='lat' dir='ltr'>penitus</span> <span class='ocrx_word' id='word_1_556' title='bbox 2133 3430 2587 3485; x_wconf 90' lang='lat' dir='ltr'>subtrahendum</span> <span class='ocrx_word' id='word_1_557' title='bbox 2617 3434 2721 3498; x_wconf 92' lang='lat' dir='ltr'>est,</span> <span class='ocrx_word' id='word_1_558' title='bbox 2762 3429 2895 3485; x_wconf 90' lang='lat' dir='ltr'>satis</span> <span class='ocrx_word' id='word_1_559' title='bbox 2938 3430 3195 3485; x_wconf 87' lang='lat' dir='ltr'>sufﬁcere</span> <span class='ocrx_word' id='word_1_560' title='bbox 3228 3429 3517 3484; x_wconf 87' lang='lat' dir='ltr'>credimus</span> 
     </span>
    </p>
   </div>
   <div class='ocr_carea' id='block_1_74' title="bbox 1878 3522 3516 3595">
    <p class='ocr_par' dir='ltr' id='par_1_74' title="bbox 1878 3522 3516 3595">
     <span class='ocr_line' id='line_1_74' title="bbox 1878 3522 3516 3595; baseline -0.001 -18"><span class='ocrx_word' id='word_1_561' title='bbox 1878 3522 2154 3595; x_wconf 91' lang='lat' dir='ltr'>quidquid</span> <span class='ocrx_word' id='word_1_562' title='bbox 2174 3523 2490 3578; x_wconf 90' lang='lat' dir='ltr'>secundum</span> <span class='ocrx_word' id='word_1_563' title='bbox 2513 3522 2810 3594; x_wconf 83' lang='lat' dir='ltr'>praedictas</span> <span class='ocrx_word' id='word_1_564' title='bbox 2834 3523 3060 3593; x_wconf 89' lang='lat' dir='ltr'>regulas</span> <span class='ocrx_word' id='word_1_565' title='bbox 3079 3522 3398 3593; x_wconf 66' lang='lat' dir='ltr'>apostolicae</span> <span class='ocrx_word' id='word_1_566' title='bbox 3422 3522 3516 3577; x_wconf 90' lang='lat' dir='ltr'>Se-</span> 
     </span>
    </p>
   </div>
   <div class='ocr_carea' id='block_1_75' title="bbox 1880 3614 3517 3688">
    <p class='ocr_par' dir='ltr' id='par_1_75' title="bbox 1880 3614 3517 3688">
     <span class='ocr_line' id='line_1_75' title="bbox 1880 3614 3517 3688; baseline 0.001 -19"><span class='ocrx_word' id='word_1_567' title='bbox 1880 3615 1964 3669; x_wconf 92' lang='lat' dir='ltr'>dis</span> <span class='ocrx_word' id='word_1_568' title='bbox 1990 3632 2107 3670; x_wconf 91' lang='lat' dir='ltr'>non</span> <span class='ocrx_word' id='word_1_569' title='bbox 2135 3615 2275 3688; x_wconf 91' lang='lat' dir='ltr'>[nos]</span> <span class='ocrx_word' id='word_1_570' title='bbox 2302 3616 2513 3687; x_wconf 90' lang='lat' dir='ltr'>scripta</span> <span class='ocrx_word' id='word_1_571' title='bbox 2541 3616 2871 3687; x_wconf 90' lang='lat' dir='ltr'>docuerunt,</span> <span class='ocrx_word' id='word_1_572' title='bbox 2901 3619 2964 3670; x_wconf 92' lang='lat' dir='ltr'>ut</span> <span class='ocrx_word' id='word_1_573' title='bbox 2990 3632 3224 3687; x_wconf 90' lang='lat' dir='ltr'>prorsus</span> <span class='ocrx_word' id='word_1_574' title='bbox 3251 3631 3369 3670; x_wconf 91' lang='lat' dir='ltr'>non</span> <span class='ocrx_word' id='word_1_575' title='bbox 3399 3614 3517 3686; x_wconf 85' lang='lat' dir='ltr'>opi-</span> 
     </span>
    </p>
   </div>
   <div class='ocr_carea' id='block_1_76' title="bbox 1876 3708 3511 3781">
    <p class='ocr_par' dir='ltr' id='par_1_76' title="bbox 1876 3708 3511 3781">
     <span class='ocr_line' id='line_1_76' title="bbox 1876 3708 3511 3781; baseline -0.001 -16"><span class='ocrx_word' id='word_1_576' title='bbox 1876 3726 2087 3765; x_wconf 91' lang='lat' dir='ltr'>nemur</span> <span class='ocrx_word' id='word_1_577' title='bbox 2112 3709 2450 3764; x_wconf 89' lang='lat' dir='ltr'>catholicum</span> <span class='ocrx_word' id='word_1_578' title='bbox 2478 3710 2628 3781; x_wconf 91' lang='lat' dir='ltr'>quod</span> <span class='ocrx_word' id='word_1_579' title='bbox 2656 3709 2985 3781; x_wconf 87' lang='lat' dir='ltr'>apparuerit</span> <span class='ocrx_word' id='word_1_580' title='bbox 3008 3708 3257 3781; x_wconf 81' lang='lat' dir='ltr'>praeﬁxis</span> <span class='ocrx_word' id='word_1_581' title='bbox 3281 3711 3511 3765; x_wconf 87' lang='lat' dir='ltr'>senten-</span> 
     </span>
    </p>
   </div>
   <div class='ocr_carea' id='block_1_77' title="bbox 1878 3802 2512 3860">
    <p class='ocr_par' dir='ltr' id='par_1_77' title="bbox 1878 3802 2512 3860">
     <span class='ocr_line' id='line_1_77' title="bbox 1878 3802 2512 3860; baseline -0.002 -2"><span class='ocrx_word' id='word_1_582' title='bbox 1878 3802 1970 3860; x_wconf 87' lang='lat' dir='ltr'>tiis</span> <span class='ocrx_word' id='word_1_583' title='bbox 1999 3819 2120 3858; x_wconf 90' lang='lat' dir='ltr'>esse</span> <span class='ocrx_word' id='word_1_584' title='bbox 2143 3802 2512 3858; x_wconf 88' lang='lat' dir='ltr'>contrarium.</span> 
     </span>
    </p>
   </div>
   <div class='ocr_carea' id='block_1_78' title="bbox 2117 3897 3272 3968">
    <p class='ocr_par' dir='ltr' id='par_1_78' title="bbox 2117 3897 3272 3968">
     <span class='ocr_line' id='line_1_78' title="bbox 2117 3897 3272 3968; baseline 0 -17"><span class='ocrx_word' id='word_1_585' title='bbox 2117 3898 2211 3951; x_wconf 91' lang='lat' dir='ltr'>Ad</span> <span class='ocrx_word' id='word_1_586' title='bbox 2240 3899 2508 3968; x_wconf 85' lang='lat' dir='ltr'>episcopos</span> <span class='ocrx_word' id='word_1_587' title='bbox 2539 3897 2730 3954; x_wconf 71' lang='lat' dir='ltr'>Gallia:</span> <span class='ocrx_word' id='word_1_588' title='bbox 2756 3898 2983 3967; x_wconf 80' lang='lat' dir='ltr'>epistola</span> <span class='ocrx_word' id='word_1_589' title='bbox 3011 3897 3272 3966; x_wconf 83' lang='lat' dir='ltr'>ejusdem.</span> 
     </span>
    </p>
   </div>
   <div class='ocr_carea' id='block_1_79' title="bbox 1952 3976 3519 4055">
    <p class='ocr_par' dir='ltr' id='par_1_79' title="bbox 1952 3976 3519 4055">
     <span class='ocr_line' id='line_1_79' title="bbox 1952 3976 3519 4055; baseline -0.001 -10"><span class='ocrx_word' id='word_1_590' title='bbox 1952 3995 2001 4046; x_wconf 87' lang='grc'>1.</span> <span class='ocrx_word' id='word_1_591' title='bbox 2037 3990 2203 4055; x_wconf 88' lang='lat' dir='ltr'>Quod</span> <span class='ocrx_word' id='word_1_592' title='bbox 2228 4007 2341 4045; x_wconf 91' lang='lat' dir='ltr'>non</span> <span class='ocrx_word' id='word_1_593' title='bbox 2372 3976 2620 4045; x_wconf 89' lang='lat' dir='ltr'>debeant</span> <span class='ocrx_word' id='word_1_594' title='bbox 2644 3991 2969 4046; x_wconf 88' lang='lat' dir='ltr'>sacerdotes</span> <span class='ocrx_word' id='word_1_595' title='bbox 2994 3995 3092 4046; x_wconf 87' lang='lat' dir='ltr'>aut</span> <span class='ocrx_word' id='word_1_596' title='bbox 3117 3989 3303 4045; x_wconf 90' lang='lat' dir='ltr'>clerici</span> <span class='ocrx_word' id='word_1_597' title='bbox 3326 3988 3519 4044; x_wconf 87' lang='lat' dir='ltr'>amicti</span> 
     </span>
    </p>
   </div>
   <div class='ocr_carea' id='block_1_80' title="bbox 142 4084 3444 4158">
    <p class='ocr_par' dir='ltr' id='par_1_80' title="bbox 142 4084 3444 4158">
     <span class='ocr_line' id='line_1_80' title="bbox 142 4084 3444 4158; baseline -0.002 -14"><span class='ocrx_word' id='word_1_598' title='bbox 142 4086 487 4144; x_wconf 89' lang='lat' dir='ltr'>schismatici</span> <span class='ocrx_word' id='word_1_599' title='bbox 512 4086 773 4158; x_wconf 90' lang='lat' dir='ltr'>spiritum</span> <span class='ocrx_word' id='word_1_600' title='bbox 794 4085 1055 4141; x_wconf 58' lang='lat' dir='ltr'>redivivas</span> <span class='ocrx_word' id='word_1_601' title='bbox 1078 4084 1367 4139; x_wconf 87' lang='lat' dir='ltr'>charitatis</span> <span class='ocrx_word' id='word_1_602' title='bbox 1393 4085 1689 4156; x_wconf 91' lang='lat' dir='ltr'>accipiant,</span> <span class='ocrx_word' id='word_1_603' title='bbox 1715 4088 1779 4139; x_wconf 91' lang='lat' dir='ltr'>ut</span> <span class='ocrx_word' id='word_1_604' title='bbox 1876 4084 2063 4156; x_wconf 89' lang='lat' dir='ltr'>palliis</span> <span class='ocrx_word' id='word_1_605' title='bbox 2090 4088 2145 4140; x_wconf 91' lang='lat' dir='ltr'>et</span> <span class='ocrx_word' id='word_1_606' title='bbox 2167 4084 2461 4156; x_wconf 52' lang='lat' dir='ltr'>praecincti</span> <span class='ocrx_word' id='word_1_607' title='bbox 2491 4084 2700 4139; x_wconf 90' lang='lat' dir='ltr'>lumbis</span> <span class='ocrx_word' id='word_1_608' title='bbox 2732 4084 2792 4139; x_wconf 91' lang='lat' dir='ltr'>in</span> <span class='ocrx_word' id='word_1_609' title='bbox 2824 4084 3076 4139; x_wconf 89' lang='lat' dir='ltr'>ecclesiis</span> <span class='ocrx_word' id='word_1_610' title='bbox 3102 4084 3444 4139; x_wconf 87' lang='lat' dir='ltr'>ministrare.</span> 
     </span>
    </p>
   </div>
   <div class='ocr_carea' id='block_1_81' title="bbox 142 4178 1778 4255">
    <p class='ocr_par' dir='ltr' id='par_1_81' title="bbox 142 4178 1778 4255">
     <span class='ocr_line' id='line_1_81' title="bbox 142 4178 1778 4255; baseline -0.003 -17"><span class='ocrx_word' id='word_1_611' title='bbox 142 4183 310 4255; x_wconf 89' lang='lat' dir='ltr'>lapsis</span> <span class='ocrx_word' id='word_1_612' title='bbox 340 4180 689 4253; x_wconf 64' lang='lat' dir='ltr'>poenitentiae</span> <span class='ocrx_word' id='word_1_613' title='bbox 716 4179 1039 4235; x_wconf 91' lang='lat' dir='ltr'>remedium</span> <span class='ocrx_word' id='word_1_614' title='bbox 1074 4178 1417 4246; x_wconf 89' lang='lat' dir='ltr'>conferatur,</span> <span class='ocrx_word' id='word_1_615' title='bbox 1447 4182 1511 4233; x_wconf 92' lang='lat' dir='ltr'>ut</span> <span class='ocrx_word' id='word_1_616' title='bbox 1535 4178 1778 4251; x_wconf 89' lang='lat' dir='ltr'>denique</span> 
     </span>
    </p>
   </div>
   <div class='ocr_carea' id='block_1_82' title="bbox 141 4272 1772 4347">
    <p class='ocr_par' dir='ltr' id='par_1_82' title="bbox 141 4272 1772 4347">
     <span class='ocr_line' id='line_1_82' title="bbox 141 4272 1772 4347; baseline -0.003 -15"><span class='ocrx_word' id='word_1_617' title='bbox 141 4275 563 4333; x_wconf 89' lang='lat' dir='ltr'>catechumenis</span> <span class='ocrx_word' id='word_1_618' title='bbox 597 4275 669 4329; x_wconf 91' lang='lat' dir='ltr'>ad</span> <span class='ocrx_word' id='word_1_619' title='bbox 698 4273 1147 4347; x_wconf 84' lang='lat' dir='ltr'>regenerationis</span> <span class='ocrx_word' id='word_1_620' title='bbox 1174 4277 1533 4328; x_wconf 89' lang='lat' dir='ltr'>sacramenta</span> <span class='ocrx_word' id='word_1_621' title='bbox 1564 4272 1772 4343; x_wconf 90' lang='lat' dir='ltr'>perdu-</span> 
     </span>
    </p>
   </div>
   <div class='ocr_carea' id='block_1_83' title="bbox 141 4368 1775 4441">
    <p class='ocr_par' dir='ltr' id='par_1_83' title="bbox 141 4368 1775 4441">
     <span class='ocr_line' id='line_1_83' title="bbox 141 4368 1775 4441; baseline -0.004 -15"><span class='ocrx_word' id='word_1_622' title='bbox 141 4372 262 4441; x_wconf 90' lang='lat' dir='ltr'>ctis,</span> <span class='ocrx_word' id='word_1_623' title='bbox 288 4370 531 4426; x_wconf 64' lang='lat' dir='ltr'>caelestis</span> <span class='ocrx_word' id='word_1_624' title='bbox 544 4369 672 4425; x_wconf 90' lang='lat' dir='ltr'>aula</span> <span class='ocrx_word' id='word_1_625' title='bbox 688 4368 1092 4424; x_wconf 74' lang='lat' dir='ltr'>misericordiae</span> <span class='ocrx_word' id='word_1_626' title='bbox 1113 4371 1419 4436; x_wconf 88' lang='lat' dir='ltr'>reseretur,</span> <span class='ocrx_word' id='word_1_627' title='bbox 1442 4368 1566 4422; x_wconf 67' lang='lat' dir='ltr'>htec</span> <span class='ocrx_word' id='word_1_628' title='bbox 1583 4368 1775 4421; x_wconf 90' lang='lat' dir='ltr'>autem</span> 
     </span>
    </p>
   </div>
   <div class='ocr_carea' id='block_1_84' title="bbox 138 4461 1773 4538">
    <p class='ocr_par' dir='ltr' id='par_1_84' title="bbox 138 4461 1773 4538">
     <span class='ocr_line' id='line_1_84' title="bbox 138 4461 1773 4538; baseline -0.004 -17"><span class='ocrx_word' id='word_1_629' title='bbox 138 4483 256 4521; x_wconf 89' lang='lat' dir='ltr'>non</span> <span class='ocrx_word' id='word_1_630' title='bbox 282 4464 687 4538; x_wconf 88' lang='lat' dir='ltr'>perfunctorie,</span> <span class='ocrx_word' id='word_1_631' title='bbox 720 4479 906 4534; x_wconf 90' lang='lat' dir='ltr'>neque</span> <span class='ocrx_word' id='word_1_632' title='bbox 930 4462 1180 4518; x_wconf 91' lang='lat' dir='ltr'>inaniter</span> <span class='ocrx_word' id='word_1_633' title='bbox 1209 4478 1243 4516; x_wconf 91' lang='lat' dir='ltr'>a</span> <span class='ocrx_word' id='word_1_634' title='bbox 1268 4462 1513 4516; x_wconf 90' lang='lat' dir='ltr'>Domino</span> <span class='ocrx_word' id='word_1_635' title='bbox 1540 4461 1657 4532; x_wconf 91' lang='lat' dir='ltr'>peti</span> <span class='ocrx_word' id='word_1_636' title='bbox 1682 4476 1773 4515; x_wconf 91' lang='lat' dir='ltr'>re-</span> 
     </span>
    </p>
   </div>
   <div class='ocr_carea' id='block_1_85' title="bbox 1947 4177 3442 4250">
    <p class='ocr_par' dir='ltr' id='par_1_85' title="bbox 1947 4177 3442 4250">
     <span class='ocr_line' id='line_1_85' title="bbox 1947 4177 3442 4250; baseline 0.001 -18"><span class='ocrx_word' id='word_1_637' title='bbox 1947 4183 1999 4233; x_wconf 87' lang='lat'>2.</span> <span class='ocrx_word' id='word_1_638' title='bbox 2030 4179 2194 4243; x_wconf 92' lang='lat' dir='ltr'>Quod</span> <span class='ocrx_word' id='word_1_639' title='bbox 2217 4178 2361 4233; x_wconf 90' lang='lat' dir='ltr'>nulli</span> <span class='ocrx_word' id='word_1_640' title='bbox 2390 4178 2463 4232; x_wconf 90' lang='lat' dir='ltr'>sit</span> <span class='ocrx_word' id='word_1_641' title='bbox 2496 4179 2694 4232; x_wconf 90' lang='lat' dir='ltr'>ultima</span> <span class='ocrx_word' id='word_1_642' title='bbox 2719 4178 3056 4249; x_wconf 85' lang='lat' dir='ltr'>poenitentia</span> <span class='ocrx_word' id='word_1_643' title='bbox 3082 4177 3442 4250; x_wconf 88' lang='lat' dir='ltr'>deneganda.</span> 
     </span>
    </p>
   </div>
   <div class='ocr_carea' id='block_1_86' title="bbox 1948 4271 3519 4343">
    <p class='ocr_par' dir='ltr' id='par_1_86' title="bbox 1948 4271 3519 4343">
     <span class='ocr_line' id='line_1_86' title="bbox 1948 4271 3519 4343; baseline -0.001 -16"><span class='ocrx_word' id='word_1_644' title='bbox 1948 4276 1999 4327; x_wconf 93' lang='lat'>3.</span> <span class='ocrx_word' id='word_1_645' title='bbox 2032 4272 2195 4337; x_wconf 92' lang='lat' dir='ltr'>Quod</span> <span class='ocrx_word' id='word_1_646' title='bbox 2230 4288 2335 4342; x_wconf 91' lang='lat' dir='ltr'>per</span> <span class='ocrx_word' id='word_1_647' title='bbox 2371 4271 2583 4342; x_wconf 89' lang='lat' dir='ltr'>gradus</span> <span class='ocrx_word' id='word_1_648' title='bbox 2624 4271 3026 4327; x_wconf 90' lang='lat' dir='ltr'>ecclesiasticos</span> <span class='ocrx_word' id='word_1_649' title='bbox 3059 4272 3132 4325; x_wconf 87' lang='lat' dir='ltr'>ad</span> <span class='ocrx_word' id='word_1_650' title='bbox 3159 4271 3519 4343; x_wconf 86' lang='lat' dir='ltr'>episcopatus</span> 
     </span>
    </p>
   </div>
   <div class='ocr_carea' id='block_1_87' title="bbox 1875 4364 2869 4436">
    <p class='ocr_par' dir='ltr' id='par_1_87' title="bbox 1875 4364 2869 4436">
     <span class='ocr_line' id='line_1_87' title="bbox 1875 4364 2869 4436; baseline -0.001 -16"><span class='ocrx_word' id='word_1_651' title='bbox 1875 4364 2127 4420; x_wconf 89' lang='lat' dir='ltr'>ofﬁcium</span> <span class='ocrx_word' id='word_1_652' title='bbox 2158 4364 2361 4419; x_wconf 88' lang='lat' dir='ltr'>debeat</span> <span class='ocrx_word' id='word_1_653' title='bbox 2394 4364 2519 4436; x_wconf 90' lang='lat' dir='ltr'>quis</span> <span class='ocrx_word' id='word_1_654' title='bbox 2552 4365 2869 4435; x_wconf 88' lang='lat' dir='ltr'>pervenire.</span> 
     </span>
    </p>
   </div>
   <div class='ocr_carea' id='block_1_88' title="bbox 1946 4456 3515 4530">
    <p class='ocr_par' dir='ltr' id='par_1_88' title="bbox 1946 4456 3515 4530">
     <span class='ocr_line' id='line_1_88' title="bbox 1946 4456 3515 4530; baseline 0 -17"><span class='ocrx_word' id='word_1_655' title='bbox 1946 4460 2000 4513; x_wconf 79' lang='grc'><strong>4.</strong></span> <span class='ocrx_word' id='word_1_656' title='bbox 2038 4458 2196 4522; x_wconf 91' lang='lat' dir='ltr'>Quod</span> <span class='ocrx_word' id='word_1_657' title='bbox 2223 4474 2587 4529; x_wconf 72' lang='lat' dir='ltr'>unaquaeque</span> <span class='ocrx_word' id='word_1_658' title='bbox 2613 4457 2912 4530; x_wconf 86' lang='lat' dir='ltr'>provincia</span> <span class='ocrx_word' id='word_1_659' title='bbox 2940 4475 3039 4514; x_wconf 90' lang='lat' dir='ltr'>suo</span> <span class='ocrx_word' id='word_1_660' title='bbox 3068 4456 3515 4529; x_wconf 87' lang='lat' dir='ltr'>metropolitano</span> 
     </span>
    </p>
   </div>
   <div class='ocr_carea' id='block_1_89' title="bbox 142 4552 2543 4630">
    <p class='ocr_par' dir='ltr' id='par_1_89' title="bbox 142 4552 2543 4630">
     <span class='ocr_line' id='line_1_89' title="bbox 142 4552 2543 4630; baseline -0.003 -16"><span class='ocrx_word' id='word_1_661' title='bbox 142 4576 273 4615; x_wconf 90' lang='lat' dir='ltr'>rum</span> <span class='ocrx_word' id='word_1_662' title='bbox 312 4558 566 4630; x_wconf 88' lang='lat' dir='ltr'>ipsarum</span> <span class='ocrx_word' id='word_1_663' title='bbox 596 4560 878 4613; x_wconf 87' lang='lat' dir='ltr'>monstrat</span> <span class='ocrx_word' id='word_1_664' title='bbox 909 4556 1161 4625; x_wconf 76' lang='lat' dir='ltr'>effectus,</span> <span class='ocrx_word' id='word_1_665' title='bbox 1209 4555 1670 4627; x_wconf 90' lang='lat' dir='ltr'>quandoquidem</span> <span class='ocrx_word' id='word_1_666' title='bbox 1711 4572 1777 4609; x_wconf 77' lang='lat' dir='ltr'>ex</span> <span class='ocrx_word' id='word_1_667' title='bbox 1796 4556 1856 4628; x_wconf 85' lang='lat' dir='ltr'>D</span> <span class='ocrx_word' id='word_1_668' title='bbox 1878 4552 2078 4609; x_wconf 88' lang='lat' dir='ltr'>debeat</span> <span class='ocrx_word' id='word_1_669' title='bbox 2101 4568 2225 4607; x_wconf 88' lang='lat' dir='ltr'>esse</span> <span class='ocrx_word' id='word_1_670' title='bbox 2257 4553 2543 4606; x_wconf 90' lang='lat' dir='ltr'>contenta.</span> 
     </span>
    </p>
   </div>
   <div class='ocr_carea' id='block_1_90' title="bbox 146 4649 1775 4724">
    <p class='ocr_par' dir='ltr' id='par_1_90' title="bbox 146 4649 1775 4724">
     <span class='ocr_line' id='line_1_90' title="bbox 146 4649 1775 4724; baseline -0.004 -14"><span class='ocrx_word' id='word_1_671' title='bbox 146 4654 302 4710; x_wconf 92' lang='lat' dir='ltr'>omni</span> <span class='ocrx_word' id='word_1_672' title='bbox 333 4668 535 4708; x_wconf 90' lang='lat' dir='ltr'>eorum</span> <span class='ocrx_word' id='word_1_673' title='bbox 565 4667 774 4724; x_wconf 88' lang='lat' dir='ltr'>genere</span> <span class='ocrx_word' id='word_1_674' title='bbox 801 4650 1083 4724; x_wconf 88' lang='lat' dir='ltr'>plurimos</span> <span class='ocrx_word' id='word_1_675' title='bbox 1117 4652 1267 4705; x_wconf 91' lang='lat' dir='ltr'>Deus</span> <span class='ocrx_word' id='word_1_676' title='bbox 1304 4649 1577 4720; x_wconf 90' lang='lat' dir='ltr'>dignatur</span> <span class='ocrx_word' id='word_1_677' title='bbox 1603 4652 1775 4704; x_wconf 89' lang='lat' dir='ltr'>attra-</span> 
     </span>
    </p>
   </div>
   <div class='ocr_carea' id='block_1_91' title="bbox 144 4743 1778 4818">
    <p class='ocr_par' dir='ltr' id='par_1_91' title="bbox 144 4743 1778 4818">
     <span class='ocr_line' id='line_1_91' title="bbox 144 4743 1778 4818; baseline -0.003 -16"><span class='ocrx_word' id='word_1_678' title='bbox 144 4750 281 4803; x_wconf 91' lang='lat' dir='ltr'>here</span> <span class='ocrx_word' id='word_1_679' title='bbox 310 4766 338 4799; x_wconf 81' lang='lat' dir='ltr'>a</span> <span class='ocrx_word' id='word_1_680' title='bbox 368 4763 512 4818; x_wconf 90' lang='lat' dir='ltr'>quos</span> <span class='ocrx_word' id='word_1_681' title='bbox 539 4750 725 4801; x_wconf 89' lang='lat' dir='ltr'>erutos</span> <span class='ocrx_word' id='word_1_682' title='bbox 747 4745 815 4801; x_wconf 92' lang='lat' dir='ltr'>de</span> <span class='ocrx_word' id='word_1_683' title='bbox 833 4748 1115 4817; x_wconf 89' lang='lat' dir='ltr'>potestate</span> <span class='ocrx_word' id='word_1_684' title='bbox 1143 4743 1513 4799; x_wconf 91' lang='lat' dir='ltr'>tenebrarum</span> <span class='ocrx_word' id='word_1_685' title='bbox 1543 4743 1778 4798; x_wconf 85' lang='lat' dir='ltr'>transfe-</span> 
     </span>
    </p>
   </div>
   <div class='ocr_carea' id='block_1_92' title="bbox 144 4838 1779 4913">
    <p class='ocr_par' dir='ltr' id='par_1_92' title="bbox 144 4838 1779 4913">
     <span class='ocr_line' id='line_1_92' title="bbox 144 4838 1779 4913; baseline -0.004 -16"><span class='ocrx_word' id='word_1_686' title='bbox 144 4848 231 4898; x_wconf 90' lang='lat' dir='ltr'>rat</span> <span class='ocrx_word' id='word_1_687' title='bbox 256 4842 317 4896; x_wconf 91' lang='lat' dir='ltr'>in</span> <span class='ocrx_word' id='word_1_688' title='bbox 346 4856 597 4913; x_wconf 89' lang='lat' dir='ltr'>regnum</span> <span class='ocrx_word' id='word_1_689' title='bbox 620 4839 725 4894; x_wconf 88' lang='lat' dir='ltr'>ﬁlii</span> <span class='ocrx_word' id='word_1_690' title='bbox 754 4839 1046 4895; x_wconf 87' lang='lat' dir='ltr'>charitatis</span> <span class='ocrx_word' id='word_1_691' title='bbox 1073 4855 1191 4893; x_wconf 83' lang='lat' dir='ltr'>suae</span> <span class='ocrx_word' id='word_1_692' title='bbox 1216 4838 1430 4908; x_wconf 86' lang='lat' dir='ltr'>(Coloss.</span> <span class='ocrx_word' id='word_1_693' title='bbox 1461 4853 1499 4905; x_wconf 85' lang='grc' dir='ltr'>ι,</span> <span class='ocrx_word' id='word_1_694' title='bbox 1531 4838 1637 4908; x_wconf 81' lang='grc'>13),</span> <span class='ocrx_word' id='word_1_695' title='bbox 1663 4858 1692 4885; x_wconf 83' lang='grc'><strong>››</strong></span> <span class='ocrx_word' id='word_1_696' title='bbox 1720 4840 1779 4891; x_wconf 92' lang='lat' dir='ltr'>et</span> 
     </span>
    </p>
   </div>
   <div class='ocr_carea' id='block_1_93' title="bbox 147 4930 1777 5002">
    <p class='ocr_par' dir='ltr' id='par_1_93' title="bbox 147 4930 1777 5002">
     <span class='ocr_line' id='line_1_93' title="bbox 147 4930 1777 5002; baseline -0.004 -11"><span class='ocrx_word' id='word_1_697' title='bbox 147 4954 213 4991; x_wconf 84' lang='lat' dir='ltr'>ex</span> <span class='ocrx_word' id='word_1_698' title='bbox 264 4934 411 4990; x_wconf 90' lang='lat' dir='ltr'>vasis</span> <span class='ocrx_word' id='word_1_699' title='bbox 461 4935 561 4989; x_wconf 64' lang='lat' dir='ltr'>ira:</span> <span class='ocrx_word' id='word_1_700' title='bbox 596 4933 769 4989; x_wconf 87' lang='lat' dir='ltr'>faciat</span> <span class='ocrx_word' id='word_1_701' title='bbox 814 4950 945 4988; x_wconf 86' lang='lat' dir='ltr'>vasa</span> <span class='ocrx_word' id='word_1_702' title='bbox 983 4931 1404 4999; x_wconf 74' lang='lat' dir='ltr'>misericordias,</span> <span class='ocrx_word' id='word_1_703' title='bbox 1448 4931 1599 5002; x_wconf 88' lang='lat' dir='ltr'>quod</span> <span class='ocrx_word' id='word_1_704' title='bbox 1639 4930 1777 4985; x_wconf 90' lang='lat' dir='ltr'>adeo</span> 
     </span>
    </p>
   </div>
   <div class='ocr_carea' id='block_1_94' title="bbox 141 5024 1777 5099">
    <p class='ocr_par' dir='ltr' id='par_1_94' title="bbox 141 5024 1777 5099">
     <span class='ocr_line' id='line_1_94' title="bbox 141 5024 1777 5099; baseline -0.004 -15"><span class='ocrx_word' id='word_1_705' title='bbox 141 5033 327 5085; x_wconf 89' lang='lat' dir='ltr'>totum</span> <span class='ocrx_word' id='word_1_706' title='bbox 359 5028 534 5084; x_wconf 87' lang='lat' dir='ltr'>divini</span> <span class='ocrx_word' id='word_1_707' title='bbox 563 5027 750 5099; x_wconf 90' lang='lat' dir='ltr'>operis</span> <span class='ocrx_word' id='word_1_708' title='bbox 776 5043 897 5082; x_wconf 89' lang='lat' dir='ltr'>esse</span> <span class='ocrx_word' id='word_1_709' title='bbox 939 5026 1203 5094; x_wconf 90' lang='lat' dir='ltr'>sentitur,</span> <span class='ocrx_word' id='word_1_710' title='bbox 1242 5030 1308 5080; x_wconf 92' lang='lat' dir='ltr'>ut</span> <span class='ocrx_word' id='word_1_711' title='bbox 1332 5026 1453 5079; x_wconf 66' lang='lat' dir='ltr'>haec</span> <span class='ocrx_word' id='word_1_712' title='bbox 1494 5024 1777 5079; x_wconf 87' lang='lat' dir='ltr'>efﬁciente</span> 
     </span>
    </p>
   </div>
   <div class='ocr_carea' id='block_1_95' title="bbox 139 5119 1778 5195">
    <p class='ocr_par' dir='ltr' id='par_1_95' title="bbox 139 5119 1778 5195">
     <span class='ocr_line' id='line_1_95' title="bbox 139 5119 1778 5195; baseline -0.004 -16"><span class='ocrx_word' id='word_1_713' title='bbox 139 5126 275 5193; x_wconf 90' lang='lat' dir='ltr'>Deo,</span> <span class='ocrx_word' id='word_1_714' title='bbox 296 5121 608 5195; x_wconf 87' lang='lat' dir='ltr'>gratiarum</span> <span class='ocrx_word' id='word_1_715' title='bbox 638 5138 864 5193; x_wconf 89' lang='lat' dir='ltr'>semper</span> <span class='ocrx_word' id='word_1_716' title='bbox 882 5120 1027 5176; x_wconf 91' lang='lat' dir='ltr'>actio</span> <span class='ocrx_word' id='word_1_717' title='bbox 1045 5120 1344 5192; x_wconf 89' lang='lat' dir='ltr'>laudisque</span> <span class='ocrx_word' id='word_1_718' title='bbox 1368 5119 1649 5174; x_wconf 89' lang='lat' dir='ltr'>confessio</span> <span class='ocrx_word' id='word_1_719' title='bbox 1675 5134 1778 5190; x_wconf 91' lang='lat' dir='ltr'>pro</span> 
     </span>
    </p>
   </div>
   <div class='ocr_carea' id='block_1_96' title="bbox 136 5214 1604 5273">
    <p class='ocr_par' dir='ltr' id='par_1_96' title="bbox 136 5214 1604 5273">
     <span class='ocr_line' id='line_1_96' title="bbox 136 5214 1604 5273; baseline -0.004 0"><span class='ocrx_word' id='word_1_720' title='bbox 136 5216 559 5273; x_wconf 89' lang='lat' dir='ltr'>illuminatione</span> <span class='ocrx_word' id='word_1_721' title='bbox 583 5215 791 5271; x_wconf 89' lang='lat' dir='ltr'>talium</span> <span class='ocrx_word' id='word_1_722' title='bbox 817 5216 903 5271; x_wconf 89' lang='lat' dir='ltr'>vel</span> <span class='ocrx_word' id='word_1_723' title='bbox 930 5214 1281 5270; x_wconf 90' lang='lat' dir='ltr'>correctione</span> <span class='ocrx_word' id='word_1_724' title='bbox 1306 5214 1604 5269; x_wconf 90' lang='lat' dir='ltr'>referatur.</span> 
     </span>
    </p>
   </div>
   <div class='ocr_carea' id='block_1_97' title="bbox 206 5306 1777 5382">
    <p class='ocr_par' dir='ltr' id='par_1_97' title="bbox 206 5306 1777 5382">
     <span class='ocr_line' id='line_1_97' title="bbox 206 5306 1777 5382; baseline -0.003 -15"><span class='ocrx_word' id='word_1_725' title='bbox 206 5313 320 5368; x_wconf 87' lang='lat' dir='ltr'>Xll.</span> <span class='ocrx_word' id='word_1_726' title='bbox 346 5310 490 5367; x_wconf 90' lang='lat' dir='ltr'>Illud</span> <span class='ocrx_word' id='word_1_727' title='bbox 511 5310 685 5366; x_wconf 89' lang='lat' dir='ltr'>etiam</span> <span class='ocrx_word' id='word_1_728' title='bbox 701 5310 855 5382; x_wconf 87' lang='lat' dir='ltr'>quod</span> <span class='ocrx_word' id='word_1_729' title='bbox 884 5309 1033 5364; x_wconf 87' lang='lat' dir='ltr'>circa</span> <span class='ocrx_word' id='word_1_730' title='bbox 1051 5307 1413 5379; x_wconf 89' lang='lat' dir='ltr'>baptizandos</span> <span class='ocrx_word' id='word_1_731' title='bbox 1433 5308 1491 5361; x_wconf 92' lang='lat' dir='ltr'>in</span> <span class='ocrx_word' id='word_1_732' title='bbox 1512 5306 1777 5363; x_wconf 90' lang='lat' dir='ltr'>universo</span> 
     </span>
    </p>
   </div>
   <div class='ocr_carea' id='block_1_98' title="bbox 139 5401 1776 5472">
    <p class='ocr_par' dir='ltr' id='par_1_98' title="bbox 139 5401 1776 5472">
     <span class='ocr_line' id='line_1_98' title="bbox 139 5401 1776 5472; baseline -0.002 -11"><span class='ocrx_word' id='word_1_733' title='bbox 139 5405 364 5461; x_wconf 90' lang='lat' dir='ltr'>mundo</span> <span class='ocrx_word' id='word_1_734' title='bbox 402 5407 592 5459; x_wconf 85' lang='lat' dir='ltr'>sancta</span> <span class='ocrx_word' id='word_1_735' title='bbox 621 5403 872 5459; x_wconf 90' lang='lat' dir='ltr'>Ecclesia</span> <span class='ocrx_word' id='word_1_736' title='bbox 896 5402 1255 5458; x_wconf 85' lang='lat' dir='ltr'>uniformiter</span> <span class='ocrx_word' id='word_1_737' title='bbox 1292 5401 1410 5472; x_wconf 87' lang='lat' dir='ltr'>agit</span> <span class='ocrx_word' id='word_1_738' title='bbox 1441 5417 1555 5457; x_wconf 93' lang='lat' dir='ltr'>non</span> <span class='ocrx_word' id='word_1_739' title='bbox 1593 5401 1776 5457; x_wconf 90' lang='lat' dir='ltr'>otioso</span> 
     </span>
    </p>
   </div>
   <div class='ocr_carea' id='block_1_99' title="bbox 138 5495 1777 5571">
    <p class='ocr_par' dir='ltr' id='par_1_99' title="bbox 138 5495 1777 5571">
     <span class='ocr_line' id='line_1_99' title="bbox 138 5495 1777 5571; baseline -0.003 -15"><span class='ocrx_word' id='word_1_740' title='bbox 138 5498 605 5571; x_wconf 87' lang='lat' dir='ltr'>contemplamur</span> <span class='ocrx_word' id='word_1_741' title='bbox 638 5497 873 5565; x_wconf 89' lang='lat' dir='ltr'>intuitu,</span> <span class='ocrx_word' id='word_1_742' title='bbox 904 5513 1033 5552; x_wconf 93' lang='lat' dir='ltr'>cum</span> <span class='ocrx_word' id='word_1_743' title='bbox 1063 5496 1177 5551; x_wconf 92' lang='lat' dir='ltr'>sive</span> <span class='ocrx_word' id='word_1_744' title='bbox 1210 5495 1448 5567; x_wconf 89' lang='lat' dir='ltr'>parvuli,</span> <span class='ocrx_word' id='word_1_745' title='bbox 1480 5495 1593 5549; x_wconf 90' lang='lat' dir='ltr'>sive</span> <span class='ocrx_word' id='word_1_746' title='bbox 1612 5495 1777 5566; x_wconf 89' lang='lat' dir='ltr'>juve-</span> 
     </span>
    </p>
   </div>
   <div class='ocr_carea' id='block_1_100' title="bbox 135 5590 1779 5665">
    <p class='ocr_par' dir='ltr' id='par_1_100' title="bbox 135 5590 1779 5665">
     <span class='ocr_line' id='line_1_100' title="bbox 135 5590 1779 5665; baseline -0.003 -16"><span class='ocrx_word' id='word_1_747' title='bbox 135 5611 237 5649; x_wconf 91' lang='lat' dir='ltr'>nes</span> <span class='ocrx_word' id='word_1_748' title='bbox 284 5593 358 5649; x_wconf 90' lang='lat' dir='ltr'>ad</span> <span class='ocrx_word' id='word_1_749' title='bbox 400 5590 852 5665; x_wconf 84' lang='lat' dir='ltr'>regenerationis</span> <span class='ocrx_word' id='word_1_750' title='bbox 894 5590 1131 5646; x_wconf 86' lang='lat' dir='ltr'>veniunt</span> <span class='ocrx_word' id='word_1_751' title='bbox 1175 5594 1618 5657; x_wconf 88' lang='lat' dir='ltr'>sacramentum,</span> <span class='ocrx_word' id='word_1_752' title='bbox 1660 5606 1779 5645; x_wconf 93' lang='lat' dir='ltr'>non</span> 
     </span>
    </p>
   </div>
   <div class='ocr_carea' id='block_1_101' title="bbox 135 5684 1777 5759">
    <p class='ocr_par' dir='ltr' id='par_1_101' title="bbox 135 5684 1777 5759">
     <span class='ocr_line' id='line_1_101' title="bbox 135 5684 1777 5759; baseline -0.002 -16"><span class='ocrx_word' id='word_1_753' title='bbox 135 5688 296 5759; x_wconf 87' lang='lat' dir='ltr'>prius</span> <span class='ocrx_word' id='word_1_754' title='bbox 329 5687 405 5742; x_wconf 90' lang='lat' dir='ltr'>ad</span> <span class='ocrx_word' id='word_1_755' title='bbox 428 5687 651 5743; x_wconf 91' lang='lat' dir='ltr'>fontem</span> <span class='ocrx_word' id='word_1_756' title='bbox 670 5686 799 5741; x_wconf 81' lang='lat' dir='ltr'>vitae</span> <span class='ocrx_word' id='word_1_757' title='bbox 820 5685 1034 5742; x_wconf 88' lang='lat' dir='ltr'>adeunt</span> <span class='ocrx_word' id='word_1_758' title='bbox 1058 5700 1229 5757; x_wconf 88' lang='lat' dir='ltr'>quam</span> <span class='ocrx_word' id='word_1_759' title='bbox 1250 5684 1577 5739; x_wconf 84' lang='lat' dir='ltr'>exorcismis</span> <span class='ocrx_word' id='word_1_760' title='bbox 1603 5686 1660 5739; x_wconf 92' lang='lat' dir='ltr'>et</span> <span class='ocrx_word' id='word_1_761' title='bbox 1683 5701 1777 5739; x_wconf 81' lang='lat' dir='ltr'>ex-</span> 
     </span>
    </p>
   </div>
   <div class='ocr_carea' id='block_1_102' title="bbox 138 5777 1780 5852">
    <p class='ocr_par' dir='ltr' id='par_1_102' title="bbox 138 5777 1780 5852">
     <span class='ocr_line' id='line_1_102' title="bbox 138 5777 1780 5852; baseline -0.002 -16"><span class='ocrx_word' id='word_1_762' title='bbox 138 5781 561 5837; x_wconf 84' lang='lat' dir='ltr'>sufﬂationibus</span> <span class='ocrx_word' id='word_1_763' title='bbox 598 5780 940 5837; x_wconf 88' lang='lat' dir='ltr'>clericorum</span> <span class='ocrx_word' id='word_1_764' title='bbox 970 5778 1198 5852; x_wconf 89' lang='lat' dir='ltr'>spiritus</span> <span class='ocrx_word' id='word_1_765' title='bbox 1225 5778 1295 5833; x_wconf 91' lang='lat' dir='ltr'>ab</span> <span class='ocrx_word' id='word_1_766' title='bbox 1330 5777 1409 5835; x_wconf 90' lang='lat' dir='ltr'>eis</span> <span class='ocrx_word' id='word_1_767' title='bbox 1449 5778 1780 5835; x_wconf 88' lang='lat' dir='ltr'>immundus</span> 
     </span>
    </p>
   </div>
   <div class='ocr_carea' id='block_1_103' title="bbox 139 5872 1779 5947">
    <p class='ocr_par' dir='ltr' id='par_1_103' title="bbox 139 5872 1779 5947">
     <span class='ocr_line' id='line_1_103' title="bbox 139 5872 1779 5947; baseline -0.002 -18"><span class='ocrx_word' id='word_1_768' title='bbox 139 5877 428 5947; x_wconf 87' lang='lat' dir='ltr'>abigatur,</span> <span class='ocrx_word' id='word_1_769' title='bbox 467 5879 530 5931; x_wconf 90' lang='lat' dir='ltr'>ut</span> <span class='ocrx_word' id='word_1_770' title='bbox 564 5881 699 5931; x_wconf 89' lang='lat' dir='ltr'>tunc</span> <span class='ocrx_word' id='word_1_771' title='bbox 729 5892 856 5930; x_wconf 86' lang='lat' dir='ltr'>vere</span> <span class='ocrx_word' id='word_1_772' title='bbox 886 5877 1160 5947; x_wconf 87' lang='lat' dir='ltr'>appareat</span> <span class='ocrx_word' id='word_1_773' title='bbox 1191 5872 1483 5947; x_wconf 88' lang='lat' dir='ltr'>quomodo</span> <span class='ocrx_word' id='word_1_774' title='bbox 1516 5873 1779 5945; x_wconf 89' lang='lat' dir='ltr'>princeps</span> 
     </span>
    </p>
   </div>
   <div class='ocr_carea' id='block_1_104' title="bbox 1949 4643 3518 4718">
    <p class='ocr_par' dir='ltr' id='par_1_104' title="bbox 1949 4643 3518 4718">
     <span class='ocr_line' id='line_1_104' title="bbox 1949 4643 3518 4718; baseline -0.001 -17"><span class='ocrx_word' id='word_1_775' title='bbox 1949 4651 2000 4702; x_wconf 84' lang='lat'>5.</span> <span class='ocrx_word' id='word_1_776' title='bbox 2024 4646 2183 4711; x_wconf 93' lang='lat' dir='ltr'>Quod</span> <span class='ocrx_word' id='word_1_777' title='bbox 2201 4646 2520 4701; x_wconf 89' lang='lat' dir='ltr'>nolentibus</span> <span class='ocrx_word' id='word_1_778' title='bbox 2540 4645 2757 4701; x_wconf 90' lang='lat' dir='ltr'>clericis</span> <span class='ocrx_word' id='word_1_779' title='bbox 2771 4648 2859 4701; x_wconf 92' lang='lat' dir='ltr'>vel</span> <span class='ocrx_word' id='word_1_780' title='bbox 2881 4645 3106 4718; x_wconf 89' lang='lat' dir='ltr'>populis</span> <span class='ocrx_word' id='word_1_781' title='bbox 3123 4661 3291 4701; x_wconf 89' lang='lat' dir='ltr'>nemo</span> <span class='ocrx_word' id='word_1_782' title='bbox 3312 4643 3518 4703; x_wconf 85' lang='lat' dir='ltr'>debeat</span> 
     </span>
    </p>
   </div>
   <div class='ocr_carea' id='block_1_105' title="bbox 1876 4739 2491 4813">
    <p class='ocr_par' dir='ltr' id='par_1_105' title="bbox 1876 4739 2491 4813">
     <span class='ocr_line' id='line_1_105' title="bbox 1876 4739 2491 4813; baseline -0.005 -17"><span class='ocrx_word' id='word_1_783' title='bbox 1876 4740 2174 4813; x_wconf 90' lang='lat' dir='ltr'>episcopus</span> <span class='ocrx_word' id='word_1_784' title='bbox 2217 4739 2491 4794; x_wconf 89' lang='lat' dir='ltr'>ordinari.</span> 
     </span>
    </p>
   </div>
   <div class='ocr_carea' id='block_1_106' title="bbox 1947 4831 3517 4899">
    <p class='ocr_par' dir='ltr' id='par_1_106' title="bbox 1947 4831 3517 4899">
     <span class='ocr_line' id='line_1_106' title="bbox 1947 4831 3517 4899; baseline -0.002 -10"><span class='ocrx_word' id='word_1_785' title='bbox 1947 4838 1999 4890; x_wconf 91' lang='lat'>6.</span> <span class='ocrx_word' id='word_1_786' title='bbox 2024 4834 2188 4899; x_wconf 92' lang='lat' dir='ltr'>Quod</span> <span class='ocrx_word' id='word_1_787' title='bbox 2211 4834 2280 4888; x_wconf 93' lang='lat' dir='ltr'>ab</span> <span class='ocrx_word' id='word_1_788' title='bbox 2306 4832 2515 4889; x_wconf 88' lang='lat' dir='ltr'>illicitis</span> <span class='ocrx_word' id='word_1_789' title='bbox 2542 4833 2614 4887; x_wconf 90' lang='lat' dir='ltr'>sit</span> <span class='ocrx_word' id='word_1_790' title='bbox 2638 4831 3096 4887; x_wconf 87' lang='lat' dir='ltr'>ordinationibus</span> <span class='ocrx_word' id='word_1_791' title='bbox 3115 4831 3517 4887; x_wconf 89' lang='lat' dir='ltr'>abstinendum</span> 
     </span>
    </p>
   </div>
   <div class='ocr_carea' id='block_1_107' title="bbox 1947 4926 3521 4999">
    <p class='ocr_par' dir='ltr' id='par_1_107' title="bbox 1947 4926 3521 4999">
     <span class='ocr_line' id='line_1_107' title="bbox 1947 4926 3521 4999; baseline -0.002 -15"><span class='ocrx_word' id='word_1_792' title='bbox 1947 4930 2294 4985; x_wconf 74' lang='lat' dir='ltr'>CO-ILESTINUS</span> <span class='ocrx_word' id='word_1_793' title='bbox 2324 4928 2605 4983; x_wconf 89' lang='lat' dir='ltr'>universis</span> <span class='ocrx_word' id='word_1_794' title='bbox 2635 4926 2912 4999; x_wconf 84' lang='lat' dir='ltr'>episcOpis</span> <span class='ocrx_word' id='word_1_795' title='bbox 2932 4943 3037 4998; x_wconf 90' lang='lat' dir='ltr'>per</span> <span class='ocrx_word' id='word_1_796' title='bbox 3058 4926 3441 4981; x_wconf 86' lang='lat' dir='ltr'>Viennensem</span> <span class='ocrx_word' id='word_1_797' title='bbox 3462 4931 3521 4982; x_wconf 92' lang='lat' dir='ltr'>et</span> 
     </span>
    </p>
   </div>
   <div class='ocr_carea' id='block_1_108' title="bbox 1876 5019 3516 5093">
    <p class='ocr_par' dir='ltr' id='par_1_108' title="bbox 1876 5019 3516 5093">
     <span class='ocr_line' id='line_1_108' title="bbox 1876 5019 3516 5093; baseline -0.002 -16"><span class='ocrx_word' id='word_1_798' title='bbox 1876 5022 2312 5078; x_wconf 78' lang='lat' dir='ltr'>Narbonensem</span> <span class='ocrx_word' id='word_1_799' title='bbox 2338 5020 2696 5093; x_wconf 89' lang='lat' dir='ltr'>provinciam</span> <span class='ocrx_word' id='word_1_800' title='bbox 2728 5019 3047 5076; x_wconf 88' lang='lat' dir='ltr'>constitutis</span> <span class='ocrx_word' id='word_1_801' title='bbox 3076 5019 3135 5074; x_wconf 90' lang='lat' dir='ltr'>in</span> <span class='ocrx_word' id='word_1_802' title='bbox 3161 5019 3401 5075; x_wconf 89' lang='lat' dir='ltr'>Domino</span> <span class='ocrx_word' id='word_1_803' title='bbox 3426 5037 3516 5075; x_wconf 88' lang='lat' dir='ltr'>sa-</span> 
     </span>
    </p>
   </div>
   <div class='ocr_carea' id='block_1_109' title="bbox 1877 5114 3519 5189">
    <p class='ocr_par' dir='ltr' id='par_1_109' title="bbox 1877 5114 3519 5189">
     <span class='ocr_line' id='line_1_109' title="bbox 1877 5114 3519 5189; baseline 0.001 -19"><span class='ocrx_word' id='word_1_804' title='bbox 1877 5116 2084 5172; x_wconf 89' lang='lat' dir='ltr'>lutem.</span> <span class='ocrx_word' id='word_1_805' title='bbox 2127 5117 2481 5189; x_wconf 89' lang='lat' dir='ltr'>Cuperemus</span> <span class='ocrx_word' id='word_1_806' title='bbox 2519 5115 2751 5187; x_wconf 88' lang='lat' dir='ltr'>quidem</span> <span class='ocrx_word' id='word_1_807' title='bbox 2793 5115 2862 5170; x_wconf 91' lang='lat' dir='ltr'>de</span> <span class='ocrx_word' id='word_1_808' title='bbox 2900 5117 3215 5169; x_wconf 89' lang='lat' dir='ltr'>vestrarum</span> <span class='ocrx_word' id='word_1_809' title='bbox 3254 5114 3519 5171; x_wconf 88' lang='lat' dir='ltr'>ecclesia-</span> 
     </span>
    </p>
   </div>
   <div class='ocr_carea' id='block_1_110' title="bbox 1877 5208 3522 5281">
    <p class='ocr_par' dir='ltr' id='par_1_110' title="bbox 1877 5208 3522 5281">
     <span class='ocr_line' id='line_1_110' title="bbox 1877 5208 3522 5281; baseline -0.001 -15"><span class='ocrx_word' id='word_1_810' title='bbox 1877 5228 2008 5267; x_wconf 89' lang='lat' dir='ltr'>rum</span> <span class='ocrx_word' id='word_1_811' title='bbox 2035 5210 2116 5266; x_wconf 91' lang='lat' dir='ltr'>ita</span> <span class='ocrx_word' id='word_1_812' title='bbox 2138 5210 2496 5266; x_wconf 90' lang='lat' dir='ltr'>ordinatione</span> <span class='ocrx_word' id='word_1_813' title='bbox 2522 5209 2789 5281; x_wconf 90' lang='lat' dir='ltr'>gaudere,</span> <span class='ocrx_word' id='word_1_814' title='bbox 2813 5212 2874 5263; x_wconf 95' lang='lat' dir='ltr'>ut</span> <span class='ocrx_word' id='word_1_815' title='bbox 2894 5208 3315 5280; x_wconf 88' lang='lat' dir='ltr'>gratularemur</span> <span class='ocrx_word' id='word_1_816' title='bbox 3332 5209 3522 5281; x_wconf 86' lang='lat' dir='ltr'>potius</span> 
     </span>
    </p>
   </div>
   <div class='ocr_carea' id='block_1_111' title="bbox 1881 5301 3518 5377">
    <p class='ocr_par' dir='ltr' id='par_1_111' title="bbox 1881 5301 3518 5377">
     <span class='ocr_line' id='line_1_111' title="bbox 1881 5301 3518 5377; baseline 0 -19"><span class='ocrx_word' id='word_1_817' title='bbox 1881 5305 1951 5359; x_wconf 92' lang='lat' dir='ltr'>de</span> <span class='ocrx_word' id='word_1_818' title='bbox 1972 5307 2247 5377; x_wconf 88' lang='lat' dir='ltr'>provectu</span> <span class='ocrx_word' id='word_1_819' title='bbox 2275 5321 2448 5375; x_wconf 91' lang='lat' dir='ltr'>quam</span> <span class='ocrx_word' id='word_1_820' title='bbox 2476 5301 2694 5374; x_wconf 91' lang='lat' dir='ltr'>aliquid</span> <span class='ocrx_word' id='word_1_821' title='bbox 2709 5301 3023 5357; x_wconf 89' lang='lat' dir='ltr'>admissum</span> <span class='ocrx_word' id='word_1_822' title='bbox 3048 5305 3251 5358; x_wconf 92' lang='lat' dir='ltr'>contra</span> <span class='ocrx_word' id='word_1_823' title='bbox 3266 5302 3518 5375; x_wconf 89' lang='lat' dir='ltr'>discipli-</span> 
     </span>
    </p>
   </div>
   <div class='ocr_carea' id='block_1_112' title="bbox 1877 5395 3519 5463">
    <p class='ocr_par' dir='ltr' id='par_1_112' title="bbox 1877 5395 3519 5463">
     <span class='ocr_line' id='line_1_112' title="bbox 1877 5395 3519 5463; baseline -0.001 -10"><span class='ocrx_word' id='word_1_824' title='bbox 1877 5414 2011 5453; x_wconf 91' lang='lat' dir='ltr'>nam</span> <span class='ocrx_word' id='word_1_825' title='bbox 2063 5397 2503 5453; x_wconf 90' lang='lat' dir='ltr'>ecclesiasticam</span> <span class='ocrx_word' id='word_1_826' title='bbox 2556 5395 2898 5463; x_wconf 84' lang='lat' dir='ltr'>doleremus,</span> <span class='ocrx_word' id='word_1_827' title='bbox 2948 5398 3007 5452; x_wconf 87' lang='lat' dir='ltr'>et</span> <span class='ocrx_word' id='word_1_828' title='bbox 3056 5399 3313 5453; x_wconf 87' lang='lat' dir='ltr'>nostram</span> <span class='ocrx_word' id='word_1_829' title='bbox 3362 5398 3519 5452; x_wconf 90' lang='lat' dir='ltr'>enim</span> 
     </span>
    </p>
   </div>
   <div class='ocr_carea' id='block_1_113' title="bbox 1876 5489 3519 5561">
    <p class='ocr_par' dir='ltr' id='par_1_113' title="bbox 1876 5489 3519 5561">
     <span class='ocr_line' id='line_1_113' title="bbox 1876 5489 3519 5561; baseline -0.001 -16"><span class='ocrx_word' id='word_1_830' title='bbox 1876 5491 2131 5547; x_wconf 80' lang='lat' dir='ltr'>laetitiam</span> <span class='ocrx_word' id='word_1_831' title='bbox 2152 5494 2210 5545; x_wconf 91' lang='lat' dir='ltr'>et</span> <span class='ocrx_word' id='word_1_832' title='bbox 2226 5490 2527 5546; x_wconf 85' lang='lat' dir='ltr'>benefacta</span> <span class='ocrx_word' id='word_1_833' title='bbox 2551 5489 2927 5561; x_wconf 82' lang='lat' dir='ltr'>praeveniunt,</span> <span class='ocrx_word' id='word_1_834' title='bbox 2950 5494 3008 5546; x_wconf 90' lang='lat' dir='ltr'>et</span> <span class='ocrx_word' id='word_1_835' title='bbox 3033 5490 3291 5547; x_wconf 86' lang='lat' dir='ltr'>maeroris</span> <span class='ocrx_word' id='word_1_836' title='bbox 3310 5490 3519 5545; x_wconf 90' lang='lat' dir='ltr'>aculeis</span> 
     </span>
    </p>
   </div>
   <div class='ocr_carea' id='block_1_114' title="bbox 1878 5582 3519 5658">
    <p class='ocr_par' dir='ltr' id='par_1_114' title="bbox 1878 5582 3519 5658">
     <span class='ocr_line' id='line_1_114' title="bbox 1878 5582 3519 5658; baseline -0.002 -18"><span class='ocrx_word' id='word_1_837' title='bbox 1878 5602 1983 5641; x_wconf 91' lang='lat' dir='ltr'>nos</span> <span class='ocrx_word' id='word_1_838' title='bbox 2016 5602 2143 5657; x_wconf 77' lang='lat' dir='ltr'>quas</span> <span class='ocrx_word' id='word_1_839' title='bbox 2173 5584 2389 5641; x_wconf 85' lang='lat' dir='ltr'>fuerint</span> <span class='ocrx_word' id='word_1_840' title='bbox 2427 5584 2725 5639; x_wconf 86' lang='lat' dir='ltr'>malefacta</span> <span class='ocrx_word' id='word_1_841' title='bbox 2766 5588 3183 5658; x_wconf 88' lang='lat' dir='ltr'>compungunt.</span> <span class='ocrx_word' id='word_1_842' title='bbox 3215 5586 3325 5639; x_wconf 90' lang='lat' dir='ltr'>Nec</span> <span class='ocrx_word' id='word_1_843' title='bbox 3355 5582 3519 5637; x_wconf 88' lang='lat' dir='ltr'>silere</span> 
     </span>
    </p>
   </div>
   <div class='ocr_carea' id='block_1_115' title="bbox 1876 5674 3514 5753">
    <p class='ocr_par' dir='ltr' id='par_1_115' title="bbox 1876 5674 3514 5753">
     <span class='ocr_line' id='line_1_115' title="bbox 1876 5674 3514 5753; baseline -0.004 -17"><span class='ocrx_word' id='word_1_844' title='bbox 1876 5679 2177 5753; x_wconf 88' lang='lat' dir='ltr'>possimus,</span> <span class='ocrx_word' id='word_1_845' title='bbox 2210 5696 2341 5735; x_wconf 89' lang='lat' dir='ltr'>cum</span> <span class='ocrx_word' id='word_1_846' title='bbox 2371 5680 2480 5734; x_wconf 92' lang='lat' dir='ltr'>hoc</span> <span class='ocrx_word' id='word_1_847' title='bbox 2504 5683 2571 5734; x_wconf 90' lang='lat' dir='ltr'>ut</span> <span class='ocrx_word' id='word_1_848' title='bbox 2599 5678 2671 5734; x_wconf 90' lang='lat' dir='ltr'>ab</span> <span class='ocrx_word' id='word_1_849' title='bbox 2697 5678 2907 5735; x_wconf 88' lang='lat' dir='ltr'>illicitis</span> <span class='ocrx_word' id='word_1_850' title='bbox 2934 5693 3265 5735; x_wconf 90' lang='lat' dir='ltr'>revocemus</span> <span class='ocrx_word' id='word_1_851' title='bbox 3297 5674 3514 5747; x_wconf 87' lang='lat' dir='ltr'>aliquos</span> 
     </span>
    </p>
   </div>
   <div class='ocr_carea' id='block_1_116' title="bbox 1878 5768 3518 5846">
    <p class='ocr_par' dir='ltr' id='par_1_116' title="bbox 1878 5768 3518 5846">
     <span class='ocr_line' id='line_1_116' title="bbox 1878 5768 3518 5846; baseline -0.005 -16"><span class='ocrx_word' id='word_1_852' title='bbox 1878 5775 2048 5831; x_wconf 87' lang='lat' dir='ltr'>ofﬁcii</span> <span class='ocrx_word' id='word_1_853' title='bbox 2088 5774 2285 5844; x_wconf 88' lang='lat' dir='ltr'>nostri,</span> <span class='ocrx_word' id='word_1_854' title='bbox 2337 5790 2714 5846; x_wconf 88' lang='lat' dir='ltr'>provocemur</span> <span class='ocrx_word' id='word_1_855' title='bbox 2762 5773 3052 5840; x_wconf 87' lang='lat' dir='ltr'>instinctu,</span> <span class='ocrx_word' id='word_1_856' title='bbox 3094 5772 3150 5826; x_wconf 91' lang='lat' dir='ltr'>in</span> <span class='ocrx_word' id='word_1_857' title='bbox 3196 5768 3440 5841; x_wconf 89' lang='lat' dir='ltr'>speculis</span> <span class='ocrx_word' id='word_1_858' title='bbox 3485 5785 3518 5823; x_wconf 75' lang='grc' dir='ltr'>θ,</span> 
     </span>
    </p>
   </div>
   <div class='ocr_carea' id='block_1_117' title="bbox 1878 5862 3492 5942">
    <p class='ocr_par' dir='ltr' id='par_1_117' title="bbox 1878 5862 3492 5942">
     <span class='ocr_line' id='line_1_117' title="bbox 1878 5862 3492 5942; baseline -0.005 -14"><span class='ocrx_word' id='word_1_859' title='bbox 1878 5873 1991 5930; x_wconf 91' lang='lat' dir='ltr'>Deo</span> <span class='ocrx_word' id='word_1_860' title='bbox 2022 5869 2311 5926; x_wconf 88' lang='lat' dir='ltr'>constituti</span> <span class='ocrx_word' id='word_1_861' title='bbox 2330 5874 2395 5925; x_wconf 82' lang='lat' dir='ltr'>ut</span> <span class='ocrx_word' id='word_1_862' title='bbox 2419 5869 2725 5942; x_wconf 68' lang='lat' dir='ltr'>vigilantia:</span> <span class='ocrx_word' id='word_1_863' title='bbox 2746 5872 2956 5925; x_wconf 75' lang='lat' dir='ltr'>nostrae</span> <span class='ocrx_word' id='word_1_864' title='bbox 2982 5862 3336 5935; x_wconf 85' lang='lat' dir='ltr'>diligentiam</span> <span class='ocrx_word' id='word_1_865' title='bbox 3363 5880 3492 5920; x_wconf 90' lang='lat' dir='ltr'>com</span> 
     </span>
    </p>
   </div>
  </div>
