4034 6296
493 337 594 391 755

1388 335 1667 390 APPEND.
1711 334 1798 388 AD
1837 333 1996 387 SxEC.
2038 331 2124 384 IX.
2159 358 2227 366 -~
2266 328 2507 382 lSlDORl
2549 325 2973 380 MERCATORIS

3756 327 3868 379 756

493 442 818 516 probantes,
868 447 923 497 et
963 459 1088 514 quae
1129 442 1434 496 coercenda
1479 445 1613 496 sunt
1659 458 2007 508 resecemus,
2066 443 2123 495 et
2143 435 2310 525 Avel
2339 436 2630 490 momento
2661 449 2828 504 posse
2853 448 2972 486 non
3005 431 3204 486 credit.
3237 430 3580 486 Perdidisset
3623 431 3778 486 latro
3811 432 3876 485 in

496 553 620 608 quae
657 537 1002 591 observanda
1045 540 1177 590 sunt
1212 535 1551 590 sanciamus.
1584 537 1652 591 Et
1687 535 1943 608 quamvis
1975 534 2124 589 circa

494 630 805 701 longinqua
836 629 1142 700 spiritualis
1185 645 1319 682 cura
1355 646 1468 683 non
1504 629 1745 696 deﬁciat,
1795 630 1894 684 sed
1928 646 1985 684 se
2023 645 2126 700 per

497 723 690 778 omnia
741 739 853 794 qua
905 739 1120 777 nomen
1169 723 1264 777 Dei
1320 723 1659 793 praedicatur
1705 723 1990 790 extendat,
2019 739 2124 776 nec

499 816 752 871 notitiam
783 820 1032 870 nostram
1059 816 1501 887 subterfugiunt,
1533 834 1659 888 quae
1685 817 1744 870 in
1773 817 2124 872 eversionem

495 910 828 980 regularum
871 910 1107 964 novellae
1138 910 1601 982 praasumptionis
1639 911 1967 965 auctoritate
2002 913 2123 965 ten-

496 1006 710 1059 tantur.

571 1100 606 1150 l.
636 1097 942 1152 Didicimus
969 1098 1123 1152 enim
1152 1099 1429 1169 quosdam
1459 1098 1686 1153 Domini
1705 1100 2019 1154 sacerdotes
2039 1115 2126 1153 su-

497 1191 820 1262 perstitioso
851 1191 1040 1262 potius
1069 1192 1245 1246 cultui
1273 1191 1564 1260 inservire,
1594 1209 1767 1263 quam
1796 1192 2005 1246 mentis
2040 1192 2128 1246 vel

495 1283 627 1338 fidei
657 1285 908 1355 puritati.
946 1285 1053 1339 Sed
1096 1301 1212 1339 non
1251 1285 1462 1339 mirum
1492 1285 1535 1339 si
1563 1289 1760 1340 contra
1789 1285 2123 1340 ecclesiasti-

498 1393 629 1431 cum
657 1394 880 1432 morem
912 1378 1146 1445 faciunt,
1181 1378 1279 1448 qui
1307 1378 1363 1432 in
1393 1379 1638 1433 Ecclesia
1669 1395 1780 1432 non
1810 1383 2124 1446 creverunt,

499 1471 599 1524 sed
619 1472 690 1525 ab
707 1472 816 1525 alio
837 1472 1128 1526 venientes
1143 1471 1346 1526 itinere
1364 1489 1556 1526 secum
1579 1473 1700 1526 haec
1721 1474 1781 1527 in
1802 1472 2124 1541 Ecclesiam,

501 1579 630 1632 qua:
677 1564 734 1617 in
783 1564 892 1618 alia
939 1565 1361 1619 conversatione
1402 1565 1736 1633 habuerant,
1791 1565 2125 1632 intulerunt,

502 1657 691 1710 amicti
746 1656 914 1728 pallio
957 1662 1013 1711 et
1063 1658 1283 1712 lumbos
1318 1657 1602 1730 praecincti
1647 1659 1885 1713 credunt
1919 1663 2129 1713 sanctae

503 1750 803 1820 Scriptura).
829 1751 1019 1820 fidem,
1053 1768 1170 1804 non
1197 1767 1298 1822 per
1324 1751 1604 1822 spiritum,
1629 1752 1724 1806 sed
1751 1769 1854 1822 per
1877 1752 2129 1806 litteram

2224 545 2392 584 cruce
2405 528 2711 601 praemium
2725 527 2799 582 ad
2809 525 3017 582 Christi
3035 525 3333 580 dexteram
3353 525 3611 596 pendens
3634 525 3682 579 si
3703 525 3877 580 illum

2224 623 2392 678 unius
2435 624 2589 676 horae
2632 620 2966 692 poenitentia
3001 635 3118 674 non
3163 618 3420 690 juvisset.
3451 621 3593 675 Cum
3625 623 3779 673 esset
3815 619 3877 673 in

2223 733 2390 789 poena
2429 714 2692 787 paenituit
2719 718 2774 770 et
2799 729 2904 785 per
2925 713 3096 768 unius
3122 713 3401 767 sermonis
3426 712 3878 784 promissionem

2223 813 2610 868 habitaculum
2651 811 2896 883 paradisi
2947 811 3057 866 Deo
3105 811 3477 882 promittente
3520 810 3875 882 promeruit.

2225 915 2364 968 Vera
2390 928 2528 982 ergo
2555 911 2625 965 ad
2667 910 2973 965 Dominum
3002 909 3288 964 conversio
3327 909 3386 963 in
3424 909 3640 964 ultimis
3668 924 3878 979 pecca-

2223 1013 2411 1061 torum
2439 1009 2631 1059 mente
2653 1004 2842 1076 potius
2862 1006 2945 1058 est
2967 1003 3358 1074 existimanda,
3382 1019 3554 1074 quam
3582 1007 3872 1072 tempore,

2223 1099 2507 1171 propheta
2534 1099 2642 1152 hoc
2668 1097 2863 1152 taliter
2887 1101 3174 1151 asserente
3201 1113 3214 1151 ε
3241 1118 3270 1145 ‹‹
3294 1097 3435 1151 Cum
3453 1112 3771 1150 conversus
3796 1095 3882 1149 in-

2227 1192 2531 1263 gemueris,
2561 1195 2696 1245 tunc
2727 1191 2913 1244 salvus
2941 1191 3072 1244 eris.
3111 1212 3138 1239 »
3181 1190 3321 1245 Cum
3344 1206 3479 1260 ergo
3500 1189 3788 1244 Dominus
3811 1189 3884 1243 sit

2227 1286 2412 1340 cordis
2443 1285 2732 1356 inspector
2759 1284 2953 1355 quovis
2983 1289 3238 1354 tempore
3274 1299 3386 1338 non
3415 1286 3499 1337 est
3525 1282 3882 1354 deneganda

2233 1378 2576 1451 poenitentia
2601 1377 2932 1448 postulanti,
2965 1393 3093 1431 cum
3124 1377 3213 1431 ille
3242 1392 3300 1431 se
3327 1377 3538 1448 obliget
3553 1375 3762 1448 jndici,
3790 1375 3883 1430 cui

2228 1473 2444 1527 occulta
2469 1471 2665 1525 omnia
2691 1470 2915 1525 noverit
2951 1470 3226 1525 revelari.‘

2303 1567 2389 1620 lll.
2433 1565 2730 1620 Ordinatos
2775 1580 2910 1618 vero
2950 1564 3254 1635 quosdam,
3300 1565 3500 1618 fratres
3529 1562 3879 1630 charissimi,

2230 1659 2541 1730 epiSCOpos,
2564 1658 2660 1729 qui
2683 1658 2853 1712 nullis
2874 1657 3261 1712 ecclesiasticis
3281 1657 3575 1712 ordinibus
3601 1657 3678 1711 ad
3699 1661 3883 1711 tantae

2230 1751 2520 1822 dignitatis
2546 1750 2840 1821 fastigium
2875 1751 3092 1804 fuerint
3133 1750 3375 1805 instituti
3416 1754 3608 1804 contra
3639 1752 3881 1804 Patrum

504 1843 908 1912 eomplexuros.
956 1844 1097 1898 Nam
1135 1844 1181 1898 si
1224 1845 1293 1899 ad
1321 1845 1423 1898 hoc
1455 1844 1558 1898 ista
1593 1847 1876 1915 praecepta
1905 1849 2038 1899 sunt
2067 1825 2206 1898 utB
2233 1845 2458 1898 decreta
2496 1844 2665 1915 hujus
2707 1844 3096 1914 usurpatione,
3153 1844 3250 1915 qui
3294 1859 3351 1898 se
3382 1843 3488 1897 hoc
3512 1843 3884 1914 recognoscit

505 1935 693 1990 taliter
720 1941 1102 2006 servarentur,
1135 1954 1237 1991 cur
1280 1954 1394 1992 non
1442 1936 1587 1992 fiunt
1624 1938 1834 2007 pariter
1876 1955 2003 2008 qua:
2045 1955 2126 1992 se-

507 2034 779 2099 quuntur,
815 2036 875 2083 ut
913 2030 1162 2085 lucerna:
1197 2031 1458 2085 ardentes
1487 2031 1546 2085 in
1573 2031 1836 2085 manibus
1861 2048 1975 2085 una
2001 2049 2131 2085 cum

420 2164 424 2167 .
504 2123 702 2177 baculo
725 2126 1026 2178 teneantur
1045 2125 1072 2178 ?
1091 2125 1348 2178 Habeant
1379 2130 1571 2179 autem
1594 2141 1760 2178 suum
1790 2125 1895 2180 ista
1921 2129 2128 2196 myste-

507 2216 654 2269 rium
697 2221 754 2270 et
794 2217 1240 2288 intelligentibus
1278 2218 1354 2271 ita
1389 2217 1542 2272 clara
1574 2222 1721 2285 sunt,
1763 2223 1828 2272 ut
1857 2235 1919 2272 ea
1944 2217 2133 2288 magis

507 2325 679 2380 quam
703 2310 862 2364 decet
885 2310 1302 2381 significatione
1321 2315 1632 2366 serventur.
1667 2313 1805 2365 Nam
1823 2312 1880 2365 in
1907 2312 2127 2366 lumbo-

506 2418 635 2456 rum
665 2403 1066 2474 prmcinctione
1096 2405 1338 2474 castitas,
1374 2405 1431 2458 in
1452 2405 1650 2459 baculo
1672 2405 1933 2476 regimen
1953 2409 2134 2475 pasto-

502 2497 639 2550 rale.
671 2497 732 2551 In
763 2497 1006 2552 lucernis
1037 2499 1364 2552 ardentibus
1394 2499 1526 2553 boni
1555 2499 1743 2570 fulgor
1768 2498 1954 2569 operis
1981 2498 2129 2552 indi-

506 2594 696 2656 catur,
737 2590 808 2645 de
850 2607 981 2663 quo,
1000 2591 1204 2646 dicitur
1236 2609 1249 2646 :
1287 2615 1314 2642 «
1354 2593 1441 2647 Sic
1481 2608 1651 2663 opera
1689 2596 1873 2647 vestra
1908 2594 2134 2646 luceant

505 2682 717 2753 (Matth.
739 2701 791 2754 v,
819 2689 921 2753 16).
944 2682 1210 2754 nlllabent
1225 2689 1416 2739 tamen
1438 2685 1611 2739 istum
1633 2685 1870 2740 forsitan
1893 2687 2128 2753 cultum,

505 2794 726 2832 morem
743 2779 928 2848 potius
943 2779 1112 2849 q'uam
1125 2779 1401 2832 rationem
1417 2782 1736 2850 sequentes,
1759 2779 1857 2850 qui
1876 2779 2132 2834 remotio-

506 2871 660 2924 ribus
682 2871 941 2924 habitant
961 2871 1119 2938 locis,
1142 2875 1197 2924 et
1218 2872 1412 2941 procul
1437 2888 1470 2924 a
1491 2871 1704 2925 caeteris
1725 2871 1958 2942 degunt,
1985 2873 2132 2926 unde

506 2963 599 3016 hic
639 2962 862 3016 habitus
904 2964 961 3016 in
1009 2963 1254 3017 ccclesiis
1291 2963 1606 3029 Gallicanis,
1654 2967 1717 3017 ut
1742 2963 2134 3018 tot'annorum

504 3060 914 3126 tantorumque
937 3055 1263 3127 pontificum
1284 3056 1341 3110 in
1362 3057 1603 3111 alterum
1623 3056 1882 3110 habitum
1905 3074 2136 3112 consue-

508 3150 646 3204 tudo
673 3152 945 3217 vertatur,
974 3151 1333 3204 discernendi
1361 3168 1392 3204 a
1417 3151 1577 3220 plebe
1597 3151 1685 3204 vel
1707 3151 1923 3204 caeteris
1941 3168 2134 3205 sumus
2155 3190 2209 3264 Ο

518 3243 756 3264 .‘l--1__3___
788 3248 1054 3264 ______--A_
1114 3243 1876 3264 --_---__-_12______L_1.:L__
1927 3245 2127 3264 _-___1!n

511 3243 765 3297 doctrina
787 3260 899 3297 non
910 3248 1081 3310 veste,
1107 3244 1527 3297 conversatione
1549 3260 1664 3297 non
1685 3243 1902 3312 habitu,
1927 3245 2134 3298 mentis

508 3336 750 3407 puritate
780 3354 892 3391 non
919 3339 1092 3391 cultu.
1125 3338 1263 3390 Nam
1291 3337 1335 3390 si
1363 3336 1589 3391 studere
1613 3336 1948 3407 incipiamus
1978 3338 2131 3391 novi-

505 3431 628 3498 tati,
662 3431 930 3485 traditum
954 3430 1117 3485 nobis
1141 3449 1173 3485 a
1200 3430 1459 3484 Patribus
1487 3431 1745 3485 ordinem
1777 3431 2132 3499 calcabimus,

501 3529 565 3579 ut
590 3526 777 3579 locum
803 3525 1161 3597 supervacuis
1190 3523 1687 3595 superstitionibus
1714 3524 2008 3594 faciamus,
2038 3541 2132 3579 ru-

504 3619 599 3672 des
621 3636 756 3690 ergo
783 3619 1034 3673 fidelium
1056 3622 1275 3673 mentes
1296 3619 1366 3672 ad
1392 3618 1522 3672 talia
1539 3634 1655 3672 non
1679 3617 1955 3673 debemus
1975 3619 2136 3673 indu-

458 3778 463 3785 ι
501 3729 644 3779 cere,
679 3712 918 3766 docendi
947 3711 1099 3766 enim
1125 3712 1310 3783 potius
1337 3715 1469 3765 sunt
1499 3728 1670 3782 quam
1698 3711 1993 3765 illudendi.
2024 3714 2134 3766 Nec

501 3805 910 3875 imponendum
939 3810 1021 3859 est
1047 3821 1246 3859 eorum
1275 3805 1471 3870 oculis,
1507 3805 1604 3858 sed
1635 3805 1923 3859 mentibus
1948 3805 2138 3860 infun-

505 3898 682 3951 denda
729 3900 1015 3968 prmeepta
1063 3902 1214 3951 sunt.
1269 3899 1444 3951 Erant
1494 3897 1722 3967 quidem
1777 3899 1955 3952 multa
2007 3915 2133 3970 qua:

502 4007 607 4060 pro
640 3989 928 4060 disciplina
958 3989 1349 4056 ecclesiastica,
1381 3991 1469 4044 vel
1512 3989 1687 4060 ipsius
1717 3990 1801 4044 rei
1829 3991 2012 4046 dicere
2039 4009 2130 4046 ra-

451 4127 487 4156 .\
505 4083 658 4136 tione
683 4099 994 4153 possemus,
1024 4083 1120 4137 sed
1155 4084 1224 4137 ab
1256 4083 1343 4136 his
1375 4083 1443 4136 ad
1468 4082 1577 4136 alia
1603 4099 1953 4138 revocamur.

498 4162 510 4175 ’
571 4178 630 4231 Il.
689 4176 1035 4247 Agnovimus
1095 4178 1246 4231 enim
1303 4177 1701 4248 paenitentiam
1758 4177 2133 4234 morientibus

502 4271 795 4341 denegari,
830 4287 931 4324 nec
952 4271 1178 4324 illorum
1202 4270 1492 4325 desideriis
1513 4271 1688 4325 annui
1717 4271 1813 4342 qui
1841 4271 2024 4326 obitus
2046 4274 2132 4327 sui

503 4368 752 4434 tempore
779 4364 882 4418 hoc
903 4365 1111 4418 animae
1140 4381 1256 4418 suae
1275 4365 1511 4435 cupiunt
1533 4365 1789 4420 remedio
1807 4366 2091 4420 subveniri
2116 4384 2128 4430 ;

498 4457 817 4526 horremus,
841 4459 1044 4527 fateor,
1068 4462 1242 4513 tantm
1264 4459 1572 4529 impietatis
1594 4458 1845 4530 aliquem
1871 4460 2128 4531 reperiri,

2229 1938 2423 1992 fecisse
2450 1937 2774 2003 didicimus,
2803 1954 2935 1990 cum
2963 1937 3034 1990 ad
3061 1939 3450 2009 episcopatum
3481 1937 3572 1990 his
3600 1937 3881 2006 gradibus

2229 2030 2690 2101 frequentissime
2723 2034 2954 2084 cautum
2985 2047 3105 2084 esse
3137 2031 3371 2085 deberet
3398 2029 3705 2100 perveniri,
3743 2036 3809 2084 ut
3848 2047 3880 2083 a

2232 2123 2552 2178 minoribus
2573 2123 2780 2178 initiati
2797 2123 2996 2178 officiis
3016 2124 3085 2178 ad
3107 2123 3317 2194 majora
3340 2123 3666 2177 ﬁrmentur.
3691 2123 3880 2177 Debet

2233 2216 2388 2271 enim
2423 2222 2554 2271 ante
2581 2233 2700 2271 esse
2739 2217 3046 2288 discipulus
3078 2217 3330 2288 quisquis
3356 2217 3550 2272 doctor
3578 2232 3700 2270 esse
3731 2216 3880 2271 desi-

2233 2309 2414 2378 derat,
2464 2315 2528 2364 ut
2563 2311 2742 2382 possit
2788 2311 2986 2365 docere
3031 2311 3184 2381 quod
3242 2309 3455 2365 didicit.
3502 2310 3702 2364 Omnis
3740 2309 3878 2363 vita:

2231 2403 2511 2457 institutio
2540 2404 2642 2457 hac
2661 2403 2732 2457 ad
2761 2404 2814 2457 id
2831 2404 2984 2476 quod
3006 2403 3190 2458 tendit
3210 2420 3268 2457 se
3297 2404 3514 2458 ratione
3535 2402 3864 2457 confirmat.

2231 2497 2334 2560 Qui
2376 2496 2614 2550 minime
2654 2497 2852 2551 litteris
2889 2513 3119 2568 operam
3158 2496 3379 2550 dederit
3399 2501 3718 2568 praeceptor
3753 2513 3875 2551 non

2231 2593 2420 2661 potest
2439 2607 2556 2643 esse
2581 2591 2916 2644 litterarum.
2946 2591 3048 2654 Qui
3074 2605 3189 2644 non
3211 2607 3316 2660 per
3342 2590 3566 2661 singula
3589 2590 3878 2661 stipendia

2232 2682 2492 2750 creverit,
2525 2683 2593 2736 ad
2625 2683 2894 2737 meritum
2934 2683 3192 2737 ordinem
3239 2683 3505 2753 stipendii
3537 2699 3654 2737 non
3685 2686 3879 2754 potest

2231 2774 2549 2847 pervenire.
2625 2775 2824 2830 Solum
2889 2776 3266 2830 sacerdotium
3332 2776 3480 2830 inter
3550 2776 3660 2829 ista
3728 2792 3874 2846 rogo

2232 2867 2396 2922 vilius
2448 2869 2577 2922 est?
2623 2869 2782 2932 Quod
2830 2869 3043 2922 facilius
3089 2868 3359 2924 tribuitur
3407 2886 3532 2924 cum
3587 2868 3877 2924 difﬁcilius

2235 2961 2552 3032 impleatur.
2587 2961 2693 3016 Sed
2712 2963 2835 3033 jam
2865 2979 2981 3017 non
3011 2963 3144 3018 satis
3187 2966 3272 3017 est
3297 2962 3460 3017 laicos
3493 2961 3684 3035 186
3715 2963 3874 3017 ordi-

2232 3070 2392 3121 nare,
2423 3055 2571 3125 quod
2596 3055 2786 3109 nullus
2806 3055 3079 3111 fieriordo
3101 3057 3398 3126 permittit,
3422 3057 3522 3111 sed
3543 3057 3714 3110 etiam
3738 3072 3879 3126 quo-

2234 3163 2360 3202 rum
2397 3147 2639 3201 crimina
2683 3148 2854 3220 longe
2899 3148 3126 3221 lateque
3169 3166 3270 3220 per
3319 3167 3516 3204 omnes
3555 3165 3705 3219 pene
3740 3166 3872 3220 pro-

2236 3240 2446 3294 vincias
2470 3247 2600 3295 nota
2623 3247 2756 3296 sunt
2791 3241 3085 3312 pontifices
3107 3243 3461 3297 ordinantur.
3493 3242 3694 3296 Daniel
3718 3243 3875 3297 enim

2233 3350 2422 3405 nuper
2459 3335 2630 3388 missa
2659 3335 2934 3390 relatione
2965 3351 3033 3390 ex
3065 3336 3432 3391 orientalibus
3467 3336 3539 3390 ad
3590 3353 3694 3390 nos
3737 3353 3872 3408 par-

2237 3427 2386 3481 tibus
2427 3428 2496 3482 ab
2525 3428 2677 3482 omni
2717 3429 2870 3500 quod
2897 3433 3162 3484 tenuerat
3188 3429 3475 3499 virginum
3530 3429 3874 3484 monasterio

2234 3520 2464 3574 nefariis
2493 3525 2576 3574 est
2604 3522 3012 3592 objectionibus
3041 3528 3336 3578 accusatus
3366 3524 3545 3578 multa
3578 3524 3648 3578 de
3677 3524 3875 3578 multis

2238 3614 2454 3685 objecta
2484 3615 2726 3686 flagitiis.
2756 3617 2814 3670 In
2855 3632 3108 3688 quanam
3146 3617 3351 3671 lateret
3405 3621 3686 3672 terrarum
3715 3622 3874 3688 parte

2237 3708 2535 3778 qua'situm
2586 3712 2690 3775 est,
2738 3713 2802 3763 ut
2834 3709 2880 3763 si
2911 3709 3252 3764 innocentiae
3296 3711 3628 3778 confideret,
3673 3718 3875 3767 contra

2228 3800 2505 3870 judicium
2576 3803 2928 3873 postulatum
2996 3803 3235 3858 minime
3301 3804 3630 3860 declinaret.
3698 3807 3874 3860 Missa:

2235 3895 2306 3948 ad
2363 3896 2748 3951 Arelatensem
2795 3897 3120 3968 episcopum
3168 3914 3274 3969 per
3326 3898 3701 3952 Fortunatum
3752 3901 3876 3953 sub-

2234 3988 2536 4043 diaconum
2588 3994 2848 4044 nostrum
2895 3992 3319 4062 praaccptiones,
3374 3995 3436 4046 ut
3485 3992 3557 4046 ad
3591 3993 3874 4062 judicium

2235 4081 2614 4136 destinaretur
2639 4083 2976 4154 episcopale.
3003 4084 3196 4138 Tantis
3219 4090 3481 4156 gravatus
3507 4086 3870 4152 testimoniis,

2234 4179 2389 4228 tanta
2433 4176 2745 4230 facinorum
2786 4177 3146 4233 accusatione
3186 4179 3438 4249 pulsatus
3469 4196 3760 4233 sacrarum
3795 4182 3875 4249 (ut

2233 4268 2456 4340 dicitur)
2505 4270 2790 4340 virginum
2817 4271 3067 4341 pollutus
3089 4272 3302 4327 incesto
3353 4273 3650 4344 episcopus
3681 4274 3874 4328 asseri-

2231 4368 2325 4416 tur
2355 4362 2668 4430 ordinatus,
2703 4367 2760 4416 et
2789 4369 2851 4418 ut
2891 4364 2947 4417 in
2989 4365 3171 4419 nostri
3214 4365 3419 4420 libellis
3455 4366 3646 4420 scrinii
3692 4368 3871 4420 conti-

2233 4461 2418 4524 netur,
2451 4473 2695 4527 quorum
2729 4458 2800 4511 ad
2828 4475 2927 4512 vos
2954 4475 3186 4530 quoque
3227 4459 3572 4531 exemplaria
3603 4459 3872 4514 direxeri-

495 4555 558 4606 ut
582 4551 652 4605 de
690 4553 786 4606 Dei
821 4551 1020 4622 pietate
1067 4553 1349 4622 desperet,
1397 4553 1553 4623 quasi
1595 4571 1707 4607 non
1740 4553 1918 4624 possit
1959 4553 2028 4606 ad
2067 4571 2124 4608 se
2148 4566 2203 4636 D
2227 4566 2373 4615 mus,
2408 4549 2466 4602 in
2498 4551 2771 4620 pontificii
2811 4551 3145 4622 dignitatem
3195 4553 3298 4606 hoc
3337 4557 3591 4624 tempore
3630 4570 3745 4624 quo
3797 4555 3866 4608 ad

497 4645 690 4716 quovis
727 4649 980 4715 tempore
1020 4647 1379 4701 coneurrenti
1426 4664 1773 4714 succurrere,
1807 4652 1861 4702 et
1899 4647 2122 4718 pericli-

499 4742 713 4791 tantem
761 4739 862 4791 sub
903 4755 1073 4792 onere
1112 4743 1470 4809 peccatorum
1508 4741 1802 4794 hominem
1840 4740 2122 4794 redimere

494 4848 606 4900 quo
635 4848 692 4885 se
725 4831 802 4884 illi
830 4831 1079 4901 expediri
1106 4832 1388 4886 desiderat
1418 4837 1475 4886 et
1501 4834 1731 4888 liberari
1762 4834 1789 4886 τ
1829 4833 1978 4897 Quid
2017 4835 2122 4887 hoc

492 4940 634 4994 rogo
674 4924 825 4978 aliud
867 4942 1042 4995 quam
1072 4925 1334 4979 morienti
1368 4932 1610 4981 mortem
1635 4927 1859 4995 addere,
1891 4928 2122 4998 ejusque

489 5017 742 5070 animam
781 5035 883 5070 sua
923 5017 1258 5072 credulitate
1291 5035 1362 5071 ne
1396 5019 1603 5072 absolvi
1635 5020 1815 5089 possit
1843 5019 2118 5087 occidere,

493 5127 621 5163 eum
650 5112 791 5164 Deus
815 5110 885 5164 ad
915 5111 1367 5165 subveniendum
1390 5112 1461 5164 sit
1488 5112 1874 5183 paratissimus
1906 5116 1955 5165 st
1978 5113 2117 5167 invi-

496 5209 622 5256 tans
650 5204 721 5258 ad
748 5204 1134 5274 paenitentiam
1161 5206 1239 5259 sic
1256 5205 1555 5275 promittat
1580 5205 1883 5276 peccatori,
1916 5206 2117 5277 inquit,

497 5313 901 5368 «quacunque
948 5299 1037 5352 die
1092 5315 1392 5353 conversus
1451 5299 1658 5366 fuerit,
1718 5302 1948 5369 peccata
2001 5299 2121 5370 ejus

488 5408 605 5446 non
632 5391 1066 5463 imputabuntur
1093 5392 1372 5461 ei(Ezech.
1405 5407 1592 5461 xxxni,
1624 5393 1729 5461 l2);
1755 5413 1779 5441 ››
1807 5396 1864 5446 et
1883 5393 2115 5448 iterum:

493 5487 687 5540 «Nolo
744 5491 983 5540 mortem
1037 5485 1388 5556 peccatoris,
1461 5485 1562 5539 sed
1620 5488 1839 5540 tantum
1883 5504 2116 5542 conver-

491 5584 639 5634 tatur
685 5583 741 5633 et
794 5579 940 5632 vivat
991 5579 1193 5647 (Ezech.
1245 5594 1438 5645 χχχιιι,
1494 5579 1654 5649 11).»
1700 5580 1947 5635 Salutem
1979 5597 2117 5652 ergo

489 5672 712 5726 homini
761 5671 992 5740 adimit,
1053 5671 1308 5742 quisquis
1376 5672 1570 5727 mortis
1629 5678 1882 5746 tempore
1929 5675 2115 5746 poeni-

492 5765 733 5818 tentiam
793 5764 1174 5834 denegaverit.
1225 5768 1292 5820 Et
1335 5765 1655 5837 desperavit
1700 5769 1768 5823 de
1813 5769 2118 5823 clementia

499 5854 618 5923 Dei,
651 5857 748 5925 qui
775 5872 904 5910 eum
935 5857 1007 5911 ad
1044 5857 1494 5915 subveniendum
1533 5862 1797 5918 morienti
1837 5861 2113 5932 sufficere,

2227 4659 2450 4696 causam
2501 4643 2802 4698 dicendam
2861 4645 3046 4699 missis
3108 4663 3141 4699 a
3204 4645 3368 4700 nobis
3430 4647 3634 4700 litteris
3699 4664 3864 4702 voca-

2223 4735 2409 4802 batur,
2445 4737 2712 4808 obrepsit,
2755 4755 2914 4792 sacro
2955 4739 3182 4794 nomini
3211 4739 3356 4794 absit
3394 4739 3621 4810 injuria.
3683 4745 3704 4764 '
3766 4742 3865 4795 Fa-

2223 4829 2382 4883 cilius
2450 4834 2534 4883 est
2608 4835 2669 4884 ut
2738 4833 2886 4885 hanc
2964 4833 3304 4903 dignitatem
3355 4833 3446 4888 tali
3503 4834 3697 4889 dando
3749 4835 3866 4905 ipse

2223 4923 2472 4977 amiserit
2516 4924 2828 4993 ordinatus,
2874 4942 3048 4996 quam
3092 4943 3219 4980 eam
3258 4927 3512 4982 obtineat
3557 4928 3864 4983 ordinatus.

2223 5017 2320 5072 Cui
2361 5018 2616 5071 convicto
2653 5018 2964 5074 sociabitur
2999 5020 3095 5090 qui
3143 5020 3249 5074 sibi
3296 5037 3427 5075 eum
3472 5021 3714 5076 credidit
3752 5023 3865 5077 lar-

2225 5109 2435 5179 giendo
2463 5111 2822 5180 pontificium
2849 5113 3198 5168 sociandum.
3228 5114 3414 5178 Qualis
3455 5114 3607 5168 enim
3635 5115 3753 5186 ipse
3799 5117 3867 5170 sit

2221 5202 2476 5273 quisquis
2497 5205 2667 5259 talem
2697 5206 3044 5262 ordinaverit
3071 5207 3335 5262 ostendit.
3369 5208 3460 5261 His
3491 5224 3630 5278 ergo
3664 5210 3722 5262 in
3745 5226 3862 5265 me-

2221 5295 2376 5350 dium
2402 5313 2551 5352 nunc
2579 5299 2854 5368 deductis,
2886 5316 3015 5354 cum
3044 5300 3302 5372 plerique
3338 5305 3595 5355 nostrum
3628 5303 3740 5357 sint
3769 5304 3865 5374 qui

2219 5392 2540 5460 apostolicae
2568 5391 2728 5447 Sedis
2755 5396 2966 5448 statuta
2995 5395 3371 5465 cognoverint
3396 5394 3697 5450 nobiscum
3729 5400 3865 5450 tem-

2218 5500 2360 5555 pore
2388 5485 2682 5555 aliquanto
2711 5487 2918 5541 versati
2944 5487 3015 5542 ad
3044 5487 3356 5559 disciplinae
3378 5504 3641 5543 normam
3666 5490 3865 5544 nostris

2217 5583 2499 5632 conventa
2536 5580 3029 5636 exhortationibus
3073 5581 3266 5636 omnia
3304 5582 3636 5638 fraternitas
3685 5587 3862 5638 vestra

2216 5671 2446 5726 festinet
2473 5690 2757 5729 revocare.

2285 5771 2371 5825 IV.
2410 5772 2663 5826 Primum
2695 5773 2861 5843 juxta
2904 5789 3193 5829 canonum
3233 5775 3462 5830 decreta
3501 5791 3858 5847 unaquaeque

2216 5865 2508 5938 provincia
2523 5881 2625 5923 suo
2639 5868 3079 5942 metropolitano
3093 5872 3356 5925 contenta
3368 5868 3456 5939 sit,
3479 5874 3540 5926 ut
3555 5869 3857 5926 decessoris
