4034 6300
255 361 362 412 757

1479 358 1949 414 DECRETALIUM
1988 359 2372 413 COLLECTlO.

3515 361 3618 413 758

248 463 430 518 nostri
461 464 591 517 data
634 464 707 518 ad
747 463 1169 519 Narbonensem
1216 465 1548 536 episcopum
1597 466 1886 520 continent
1906 466 2124 550 AData
2171 483 2246 522 vu
2278 465 2516 521 Kalend.
2573 467 2812 538 Augusti
2857 467 3036 521 Felice
3081 467 3140 521 et
3183 467 3363 520 Tauro
3411 482 3614 520 consu-

249 557 528 626 instituta,
574 574 680 611 nec
706 557 1064 628 usurpationi
1108 558 1262 612 locus
1301 559 1470 613 alicui
1512 560 1787 614 sacerdoti
1827 560 1884 614 in

250 650 484 705 alterius
547 650 888 706 concedatur
950 651 1240 721 injuriam.
1305 652 1389 706 Sit
1444 653 1724 706 concessis
1781 652 1884 706 sibi

249 747 554 798 contentus
621 745 1015 815 unusquisque
1067 745 1361 814 limitibus,
1429 746 1568 801 alter
1614 746 1674 800 in
1740 748 1882 800 alte-

250 838 372 891 rius
420 838 706 908 provincia
776 838 919 892 nihil
971 842 1301 909 przesumat,
1355 856 1460 893 nec
1525 839 1778 893 emeritis
1824 840 1885 894 in

248 931 366 985 suis
417 930 665 985 ecclesiis
719 931 1010 1002 peregrini
1062 935 1119 985 et
1170 932 1440 1001 extranei,
1494 937 1551 986 et
1605 933 1700 1004 qui
1753 935 1885 987 ante

247 1025 499 1094 ignorati
527 1027 660 1078 sunt
677 1025 750 1079 ad
767 1025 1149 1079 exclusionem
1180 1041 1379 1079 eorum
1393 1025 1490 1097 qui
1506 1026 1651 1080 bene
1672 1027 1740 1080 de
1765 1044 1886 1080 suo-

249 1135 381 1172 rum
415 1118 619 1172 civium
662 1122 955 1172 merentur
979 1117 1300 1172 testimonio
1347 1121 1770 1189 prazponantur,
1812 1137 1884 1174 ne

249 1229 463 1265 novum
493 1211 784 1282 quoddam
805 1212 872 1266 de
902 1229 1015 1283 quo
1043 1211 1292 1284 episcopi
1317 1212 1458 1267 ﬁant
1484 1212 1742 1267 videatur
1763 1230 1882 1268 esse

249 1306 580 1376 collegium.

325 1447 388 1498 V.
418 1445 611 1499 Nullus
651 1445 842 1499 invitis
872 1446 1041 1500 detur
1066 1444 1399 1515 episcopus:
1443 1444 1579 1498 cleri
1617 1445 1800 1515 plebis
1830 1449 1885 1499 et

251 1538 472 1593 ordinis
517 1555 821 1593 consensus
851 1543 907 1592 et
952 1539 1298 1593 desiderium
1329 1538 1685 1609 requiratur.
1729 1540 1884 1592 Tunc

249 1633 396 1687 alter
426 1633 495 1688 de
522 1633 701 1688 altera
730 1632 974 1703 eligatur
999 1632 1253 1700 ecclesia,
1275 1632 1320 1685 si
1350 1632 1418 1685 de
1447 1631 1682 1685 civitatis
1707 1631 1883 1702 ipsius

251 1727 405 1780 clero
435 1728 524 1781 cui
568 1731 653 1781 est
697 1727 990 1797 episcopus
1031 1725 1402 1794 ordinandus,
1450 1726 1641 1779 nullus
1678 1725 1884 1796 dignus

252 1819 425 1890 (quod
456 1821 680 1874 evenire
704 1837 823 1874 non
855 1817 1158 1888 credimus)
1194 1819 1447 1889 potuerit
1474 1819 1735 1889 reperiri.
1763 1818 1878 1871 Pri-
1902 1846 1959 1916 B

252 1929 415 1967 mum
483 1913 635 1967 enim
698 1912 777 1966 illi
831 1911 1174 1982 reprobandi
1243 1915 1393 1979 sunt,
1452 1917 1519 1966 ut
1584 1911 1757 1982 aliqui
1813 1911 1883 1965 de

254 2006 457 2060 alienis
507 2006 752 2060 ecclesiis
781 2006 984 2059 merito
1029 2005 1422 2075 praeferantur.
1467 2005 1679 2059 Habeat
1706 2022 1881 2059 unus-

251 2100 491 2171 quisque
520 2100 769 2154 fructum
797 2115 912 2152 suae
939 2098 1158 2152 militiae
1173 2098 1232 2152 in
1259 2099 1490 2152 ecclesia
1510 2099 1568 2152 in
1589 2116 1704 2169 qua
1724 2115 1886 2152 suam

251 2209 356 2263 per
407 2192 597 2246 omnia
649 2192 836 2246 ofﬁcia
877 2191 1153 2261 transegit
1184 2194 1429 2245 aetatem.
1473 2194 1537 2246 In
1580 2191 1759 2246 aliena
1793 2190 1888 2243 sti-

251 2286 462 2356 pendia
509 2285 746 2339 minime
800 2286 942 2340 alter
1004 2284 1263 2355 obrepat,
1317 2300 1420 2338 nec
1471 2284 1562 2338 alii
1633 2284 1886 2338 debitam

252 2379 396 2432 alter
432 2378 534 2433 sibi
566 2379 767 2433 audeat
790 2378 1085 2433 vendicare
1137 2379 1478 2432 mercedem.
1537 2377 1621 2432 Sit
1649 2378 1886 2431 facultas

253 2472 472 2526 clericis
535 2471 814 2526 renitendi
864 2473 910 2525 si
983 2488 1040 2525 se
1109 2470 1356 2524 viderint
1413 2470 1774 2541 praegravari,
1831 2475 1888 2524 et

252 2581 394 2636 quos
419 2565 524 2618 sibi
542 2565 724 2635 ingeri
742 2581 811 2618 ex
830 2568 1145 2618 transverso
1162 2564 1500 2635 agnoverint
1513 2581 1626 2618 non
1645 2564 1888 2618 timeant

252 2659 524 2725 refutare,
556 2658 654 2728 qui
687 2657 868 2712 sinon
900 2657 1156 2712 debitum
1191 2658 1492 2728 praamium
1529 2659 1612 2711 vel
1640 2657 1884 2711 liberum

253 2753 322 2807 de
373 2768 438 2806 eo
485 2768 578 2806 eos
619 2753 716 2822 qui
766 2756 1020 2806 recturus
1065 2756 1147 2805 est
1203 2750 1412 2805 debent
1467 2751 1681 2805 habere
1725 2751 1884 2821 judi-

253 2863 428 2901 eiunn.

326 2991 410 3044 Vl.
443 2989 802 3044 Abstineatur
845 2987 1021 3042 etiam
1049 2988 1118 3042 ab
1162 2987 1370 3043 illicitis
1409 2988 1884 3042 ordinationibus.

254 3084 449 3138 Nullus
493 3099 560 3137 ex
609 3083 787 3148 laicis,
833 3082 1023 3136 nullus
1067 3081 1348 3152 digamus,
1417 3082 1608 3135 nullus
1666 3081 1763 3152 qui
1818 3081 1890 3134 sit

254 3178 435 3231 viduae
467 3175 706 3230 maritus
731 3177 828 3229 aut
855 3174 1025 3228 fuerit
1053 3175 1364 3240 ordinetur,
1394 3175 1488 3228 sed
1517 3175 1882 3245 irreprehen-
1905 3204 1960 3278 Ο

253 3270 429 3324 sibilis
475 3274 530 3323 et
567 3269 798 3339 qualem
827 3267 1001 3338 elegit
1048 3268 1331 3338 apostolus
1379 3267 1496 3321 ﬁat.
1528 3269 1630 3320 Per
1658 3268 1884 3339 Moysen

254 3362 528 3416 Dominus
576 3360 882 3431 prazcepit:
940 3361 1283 3432 «Virginem
1326 3360 1564 3430 accipiat
1623 3361 1887 3415 sacerdos

254 3473 490 3511 uxorem
548 3456 732 3524 (Leuit.
776 3470 885 3520 XXI,
921 3455 1022 3521 l3).
1077 3475 1103 3501 »
1163 3453 1539 3524 Subsequitur
1571 3457 1626 3506 et
1665 3454 1890 3524 supplet

253 3551 556 3620 Apostolus
609 3547 809 3602 eodem
857 3549 1073 3600 locutus
1133 3547 1354 3618 spiritu,
1410 3568 1436 3594 «
1481 3547 1647 3599 unius
1699 3546 1888 3600 uxoris

255 3644 442 3697 virum
467 3642 796 3713 episc0pum
820 3640 1028 3694 debere
1057 3639 1373 3694 consecrari
1399 3638 1448 3708 (Ι
1473 3641 1606 3693 Tim.
1642 3656 1720 3707 ιιι,
1748 3641 1822 3701 2).
1856 3658 1884 3691 »

254 3738 338 3791 Ad
368 3738 512 3790 hanc
546 3751 680 3805 ergo
711 3734 999 3804 eligantur
1042 3733 1351 3787 formulam
1393 3733 1731 3801 sacerdotes,
1764 3736 1821 3787 et
1845 3733 1889 3786 si

257 3847 385 3902 quae
415 3830 576 3883 facta:
613 3832 746 3881 sunt
773 3827 1156 3882 ordinationes
1188 3826 1404 3892 illicite,
1445 3831 1884 3880 removeantur:

255 3924 530 3995 quoniam
602 3925 747 3976 stare
796 3937 913 3974 non
989 3923 1248 3990 possunt,
1327 3936 1427 3974 nec
1478 3919 1887 3974 discussionem

255 4023 515 4071 nostram
559 4015 954 4084 subterfugere
1004 4016 1289 4084 poterunt,
1341 4013 1595 4084 quamvis
1627 4013 1803 4068 latere
1832 4031 1888 4069 se

257 4111 542 4165 aestimant
573 4109 670 4180 qui
697 4107 885 4162 taliter
921 4109 1343 4178 pervenerunt;
1372 4111 1428 4161 et
1456 4112 1516 4161 ut
1553 4107 1712 4160 nulla
1755 4107 1887 4161 reli-

258 4204 442 4276 gionis
491 4201 807 4256 reverentia
860 4199 1202 4254 obscuritate
1236 4200 1478 4267 fucetur,
1507 4217 1618 4254 non
1651 4201 1722 4256 sit
1749 4218 1890 4255 vana

259 4296 585 4370 glorificatio
607 4293 1261 4366 palliatis,episcopalem
1288 4310 1507 4348 morem
1529 4294 1889 4366 quiepiSCOpi

257 4396 390 4446 sunt
441 4392 773 4460 sequantur.
837 4386 1051 4453 Daniel,
1097 4391 1161 4440 ut
1207 4385 1471 4454 diximus,
1521 4387 1616 4456 qui
1667 4403 1890 4440 accusa-

260 4486 476 4539 tionem
523 4480 825 4553 pontificali
871 4481 1089 4533 honore
1134 4480 1526 4549 subterfugere
1572 4497 1628 4533 se
1655 4479 1891 4534 credidit

1985 560 2151 613 libus.

2058 677 2302 745 Epistola
2332 678 2569 745 ejusdem
2599 679 2866 734 Caelestini
2899 677 2973 732 ad
2998 679 3269 746 episcopos
3291 677 3508 746 Apulia
3533 681 3584 731 et

2655 750 2941 806 Calabriae.

2059 845 2110 894 1.
2141 840 2303 905 Quod
2345 840 2484 895 nulli
2529 842 2887 896 sacerdotum
2933 841 3099 896 liceat
3146 857 3392 894 canones
3444 840 3616 911 igno-

1987 950 2133 988 rare.

2054 1031 2108 1082 2.
2154 1028 2316 1091 Quod
2359 1045 2473 1084 non
2513 1033 2768 1099 oporteat
2808 1028 3026 1083 clericis
3070 1028 3441 1084 ecclesiarum
3480 1044 3616 1082 con-

1984 1121 2217 1192 temptis
2245 1122 2314 1175 de
2343 1122 2499 1176 laicis
2524 1123 2819 1193 episcopus
2850 1123 3133 1177 ordinare.

2057 1219 2108 1270 3.
2131 1216 2289 1278 Quod
2314 1216 2599 1270 docendus
2633 1215 2703 1269 sit
2721 1216 2964 1286 populus
2989 1232 3106 1270 non
3134 1216 3470 1287 sequendus.

2057 1310 2165 1364 CAP
2179 1351 2191 1362 .
2211 1311 2250 1364 l.
2282 1309 2622 1364 CCELESTINUS
2643 1309 2916 1363 universis
2933 1309 3208 1380 episcopis
3228 1325 3332 1380 per
3353 1308 3616 1381 Apuliam

1987 1405 2044 1455 et
2064 1402 2373 1456 Calabriam
2389 1402 2883 1456 constitutis.Nulli
2899 1402 3171 1457 sacerdoti
3187 1403 3356 1456 liceat
3373 1419 3617 1456 canones

1984 1495 2270 1566 ignorare,
2299 1512 2403 1550 nec
2431 1511 2785 1567 quemquam
2803 1496 2987 1550 facere
3013 1495 3168 1566 quod
3188 1496 3416 1549 Patrum
3442 1495 3617 1565 possit

1984 1589 2198 1658 regulis
2245 1589 2493 1643 obviare.
2543 1590 2680 1652 Qua:
2708 1588 2862 1642 enim
2911 1606 2942 1642 a
2971 1588 3136 1643 nobis
3176 1605 3269 1642 res
3296 1587 3472 1659 digna
3520 1604 3614 1641 re-

1984 1682 2313 1749 servabitur,
2364 1683 2409 1736 si
2479 1682 2850 1736 decretalium
2913 1699 3120 1736 norma
3174 1682 3616 1735 constitutorum

1983 1793 2086 1846 pro
2113 1776 2434 1847 aliquorum
2458 1775 2625 1830 libitu
2654 1775 2879 1830 licentia
2905 1775 3133 1846 populis
3159 1774 3437 1846 permissa
3459 1774 3615 1828 fran-

1985 1874 2170 1940 gatur.

2056 1963 2118 2014 ll.
2146 1961 2475 2016 Audivimus
2513 1961 2790 2032 quasdam
2832 1961 3077 2032 propriis
3120 1961 3415 2016 destitutas
3443 1963 3622 2014 recto-

1984 2054 2139 2108 ribus
2177 2054 2426 2108 civitates
2453 2055 2747 2125 episcOpos
2779 2054 2883 2108 sibi
2923 2055 3066 2108 velle
3103 2058 3297 2124 petere
3330 2053 3400 2106 de
3441 2052 3619 2119 laicis,

1985 2151 2324 2217 tantumque
2379 2147 2670 2217 fastigium
2701 2150 2818 2201 tam
2848 2148 2955 2201 vile
2990 2147 3241 2215 credere,
3290 2150 3351 2199 ut
3387 2146 3496 2200 hoc
3527 2145 3617 2199 his

1985 2241 2080 2310 qui
2108 2257 2222 2294 non
2248 2243 2380 2310 Deo,
2413 2240 2513 2295 sed
2540 2241 2745 2294 saaculo
2783 2239 3171 2308 militaverint,
3202 2239 3482 2294 aestiment
3503 2253 3623 2293 non

1985 2350 2144 2405 posse
2192 2335 2468 2401 conferre,
2513 2351 2628 2387 non
2654 2335 2838 2388 solum
2865 2334 3010 2388 male
3057 2333 3126 2387 de
3154 2333 3267 2387 suis
3320 2331 3538 2386 clericis
3561 2331 3624 2386 in

1986 2444 2228 2498 quorum
2255 2432 2646 2497 contemptum
2673 2427 2782 2480 hoc
2807 2427 3024 2481 faciunt
3043 2427 3390 2496 judicantes,
3425 2426 3524 2480 sed
3551 2425 3622 2479 de

1986 2520 2150 2575 nobis
2194 2520 2456 2590 pessime,
2492 2536 2632 2589 quos
2659 2520 2898 2573 credunt
2927 2520 3031 2573 hoc
3067 2534 3230 2589 posse
3261 2519 3445 2572 facere
3487 2534 3620 2572 sen-

1987 2613 2209 2667 tientes.
2228 2614 2388 2676 Quod
2409 2629 2701 2683 nunquam
2719 2613 3014 2679 auderent,
3032 2612 3076 2665 si
3092 2628 3212 2666 non
3235 2611 3621 2682 quorumdam

1987 2706 2194 2761 illicitis
2221 2706 2580 2760 consentiens
2612 2706 2894 2760 sententia
2932 2706 3322 2776 conjungeret.
3363 2706 3448 2758 Ita
3479 2705 3624 2760 nihil

1989 2816 2113 2870 quae
2139 2799 2492 2870 frequentius
2510 2799 2874 2852 suntdecreta
2900 2798 3224 2869 proﬁciunt,
3245 2802 3307 2852 ut
3323 2799 3431 2851 hoc
3458 2798 3622 2868 quasi

1988 2909 2286 2963 nunquam
2327 2892 2398 2945 de
2433 2893 2537 2945 hac
2576 2895 2737 2961 parte
2775 2891 3049 2961 scriptum
3092 2891 3263 2945 fuerit
3299 2891 3618 2962 ignoretur.

1986 2985 2132 3049 Quid
2173 2985 2428 3055 proderit
2454 3001 2558 3055 per
2608 2984 2835 3054 singula
2864 2983 3098 3038 clericos
3149 2984 3432 3054 stipendia
3469 2983 3621 3038 mili-

1986 3084 2153 3147 tasse,
2189 3083 2245 3132 et
2270 3094 2503 3132 omnem
2535 3077 2717 3148 egisse
2736 3077 2793 3130 in
2819 3077 3125 3131 Dominicis
3154 3076 3348 3130 castris
3375 3079 3622 3145 aetatem,

1987 3172 2030 3225 si
2061 3171 2122 3224 hi
2150 3171 2248 3242 qui
2275 3170 2568 3242 praefuturi
2600 3175 2731 3224 sunt
2780 3187 2852 3224 ex
2893 3170 3049 3223 laicis
3097 3170 3480 3240 requirantur.
3517 3170 3624 3233 Qui

1988 3270 2250 3319 vacantes
2277 3265 2482 3318 saeculo
2521 3269 2577 3317 et
2613 3280 2843 3318 omnem
2881 3262 3318 3317 ecclesiasticum
3362 3263 3624 3318 ordinem

1990 3358 2324 3424 nescientes,
2366 3358 2507 3411 saltu
2534 3357 2766 3427 proprio
2801 3356 2856 3409 in
2892 3355 3139 3410 alienum
3189 3356 3472 3410 honorem
3509 3373 3625 3410 am-

1987 3451 2152 3505 biunt
2199 3450 2573 3504 immoderata
2620 3449 2925 3519 cupiditate
2978 3448 3397 3515 transcendere,
3457 3454 3512 3503 et
3562 3451 3620 3502 in

1987 3544 2142 3598 aliud
2194 3544 2320 3597 vita;
2371 3559 2571 3614 genus,
2615 3543 2825 3596 calcata
2874 3541 3190 3594 reverentia
3232 3540 3625 3596 ecclesiasticas

1987 3636 2317 3707 disciplinae,
2369 3635 2630 3689 transire.
2680 3633 2904 3688 Talibus
2933 3633 3138 3704 itaque,
3176 3634 3382 3688 fratres
3410 3634 3620 3688 charis-

1989 3730 2135 3796 simi,
2168 3729 2268 3800 qui
2307 3729 2450 3799 juris
2477 3728 2677 3796 nostri,
2710 3727 2768 3781 id
2795 3732 2879 3781 est
2908 3743 3192 3780 canonum
3232 3727 3624 3797 gubernacula

1988 3823 2350 3890 custodimus,
2394 3839 2620 3876 necesse
2652 3824 2736 3875 est
2771 3821 3097 3886 obviemus;
3138 3819 3338 3892 hisque
3364 3821 3626 3876 fraterni-

1989 3921 2163 3973 tatem
2180 3921 2428 3971 vestram
2449 3914 2701 3986 epistolis
2719 3930 3247 3984 commonemus,ne
3269 3915 3395 3986 quis
3416 3914 3625 3968 laicum

1990 4012 2060 4065 ad
2095 4010 2355 4064 ordinem
2393 4009 2688 4064 clericatus
2714 4008 2996 4077 admittat,
3030 4013 3085 4062 et
3115 4008 3260 4062 sinat
3295 4007 3440 4076 ﬁeri,
3470 4007 3625 4062 unde

1990 4110 2046 4159 et
2071 4105 2231 4158 illum
2261 4103 2502 4174 decipiat
2527 4106 2584 4156 et
2610 4101 2717 4155 sibi
2745 4117 2941 4156 causas
2973 4107 3230 4172 generet,
3264 4101 3472 4173 quibus
3494 4117 3624 4156 reus

1990 4197 2304 4252 constitutis
2323 4195 2702 4251 decretalibus
2729 4195 2843 4248 fiat.

2060 4293 2144 4346 ΠΙ.
2179 4289 2471 4344 Docendus
2492 4291 2576 4343 est
2611 4289 2853 4358 populus
2882 4304 2996 4341 non
3027 4288 3365 4358 sequendus.
3402 4289 3623 4358 Nosque

1991 4383 2034 4437 si
2061 4384 2323 4438 nesciunt
2350 4399 2466 4450 eos,
2499 4381 2635 4452 quid
2661 4381 2844 4446 liceat,
2879 4381 3085 4451 quidve
3122 4397 3239 4434 non
3265 4380 3429 4434 liceat
3461 4398 3621 4436 com-

1989 4493 2242 4544 monere,
2303 4492 2420 4529 non
2478 4474 2565 4528 his
2619 4490 2957 4528 consensum
3014 4474 3268 4544 praebere
3323 4473 3617 4529 debemus.

258 4595 443 4650 posse,
499 4582 555 4631 et
602 4575 673 4629 ad
727 4573 1014 4644 fastigium
1073 4577 1292 4627 tantum
1345 4576 1694 4627 accusatores
1763 4570 2247 4646 suosDQuisquis
2297 4585 2427 4623 vero
2495 4571 2728 4622 conatus
2811 4566 2983 4621 fuerit
3035 4571 3256 4621 tentare
3316 4567 3620 4637 prohibita,

257 4671 485 4726 latendo
526 4668 798 4740 pervenit,
831 4685 864 4721 a
898 4666 1211 4721 sanctitatis
1239 4671 1438 4720 vestras
1481 4670 1623 4720 coetu
1661 4667 1893 4720 interim

250 4764 472 4819 noverit
520 4765 884 4833 segregatum
933 4760 1030 4831 qui
1084 4777 1143 4813 se
1201 4765 1394 4815 nostro
1451 4759 1665 4830 judicio
1725 4760 1896 4815 debet

253 4858 519 4928 objicerc,
558 4855 604 4908 si
645 4854 1008 4909 conscientia
1053 4870 1167 4908 suae
1213 4854 1372 4908 novit
1418 4853 1694 4907 fiduciam
1743 4853 1892 4907 obti-

256 4968 410 5007 nere.
440 4948 798 5004 Massiliensis
826 4965 959 5010 vero
990 4947 1239 5003 ecclesias
1276 4948 1535 5002 sacerdos
1562 4947 1662 5018 qui
1690 4947 1899 5001 dicitur

254 5044 434 5117 (quod
488 5043 642 5097 dictu
689 5042 848 5096 nefas
914 5043 1016 5112 est)
1079 5042 1139 5096 in
1206 5058 1407 5096 necem
1462 5041 1652 5096 fratris
1703 5042 1898 5096 taliter

254 5138 594 5210 gratulatus,
647 5140 708 5190 ut
736 5136 870 5190 huic
918 5130 1014 5207 qui
1060 5135 1182 5206 ejus
1241 5135 1518 5207 sanguine
1573 5138 1898 5190 cruentatus

253 5233 564 5288 advenerat
601 5230 926 5301 portionem
969 5245 1098 5283 cum
1127 5229 1328 5283 eodem
1364 5229 1664 5283 habiturus
1702 5245 1894 5283 occur-

250 5329 426 5396 reret,
446 5341 513 5380 ex
534 5326 719 5378 vestro
745 5340 878 5378 eum
903 5323 1249 5378 audiendum
1277 5323 1514 5393 collegio
1539 5322 1895 5393 delegamus.

1994 4663 2202 4719 sentiat
2241 4678 2538 4717 censuram
2584 4659 2903 4732 apostolicae
2933 4659 3086 4714 Sedis
3124 4659 3361 4713 minime
3399 4660 3622 4714 defutu-

1991 4774 2136 4812 ram.
2188 4758 2322 4820 Quee
2349 4756 2503 4810 enim
2555 4755 2675 4808 sola
2701 4753 3098 4808 admonitionis
3150 4753 3479 4808 auctoritate
3505 4771 3621 4808 non

1994 4850 2351 4921 corrigimus,
2381 4865 2606 4904 necesse
2648 4851 2731 4902 est
2771 4865 2876 4918 per
2915 4846 3273 4900 severitatem
3304 4863 3625 4917 congruen-

1996 4949 2110 5000 tem
2140 4944 2352 5014 regulis
2378 4943 2738 4998 vindicemus.
2772 4943 2880 4995 Per
2907 4944 3048 4995 totas
3064 4956 3200 5011 ergo
3225 4940 3332 4994 hoc
3350 4957 3478 5011 qua:
3497 4957 3626 5012 pro-

1996 5039 2134 5111 priis
2160 5038 2476 5093 rectoribus
2502 5039 2696 5091 carent
2724 5034 2985 5089 ecclesias
3002 5034 3260 5088 volumus
3281 5035 3622 5102 innotescat,

1998 5139 2060 5188 ut
2087 5133 2279 5188 nullus
2308 5131 2415 5185 sibi
2460 5147 2555 5202 spe
2581 5130 2768 5200 aliqua
2809 5127 3044 5183 forsitan
3084 5127 3369 5183 blanditus
3402 5129 3624 5184 illudat.

1997 5228 2133 5281 Data
2157 5243 2230 5282 x11
2260 5225 2490 5280 Kalend.
2523 5222 2780 5294 Augusti,
2812 5221 3099 5277 Florentio
3130 5225 3188 5277 et
3217 5221 3468 5278 Dionisio
3496 5240 3628 5278 con-

1998 5320 2232 5374 sulibus.

934 5559 1510 5654 INCIPIUNT
1599 5558 2123 5652 DECRET‘A
2216 5556 2513 5649 SIXTI
2599 5553 2966 5646 PAPAE.

318 5705 514 5759 SIXTUS
555 5702 850 5774 episcopus
892 5701 1154 5756 omnibus
1192 5701 1562 5756 orientalibus
1609 5700 1888 5773 episcopis

245 5796 305 5851 in
336 5796 580 5852 Domino
611 5796 874 5850 salutem.

319 5890 536 5947 Gratias
569 5891 768 5965 vestrae
809 5889 1114 5945 referimus.
1149 5888 1450 5956 sanctitati,
1488 5889 1638 5960 quod
1683 5888 1742 5943 in
1777 5887 1878 5944 tri-

1987 5697 2276 5753 bulatione
2319 5701 2375 5752 et
2417 5695 2800 5767 persecutione
2852 5699 3047 5750 nostra
3086 5710 3181 5747 vos
3220 5691 3443 5745 visitare
3471 5689 3629 5744 misi-

1986 5792 2102 5859 stis,
2153 5795 2210 5845 et
2249 5807 2431 5846 causae
2470 5794 2676 5845 nostrae
2721 5789 2891 5844 ﬁnem
2929 5788 3147 5842 bonum
3190 5784 3354 5850 scire,
3411 5786 3469 5838 et
3499 5799 3622 5839 esse

1984 5885 2238 5962 optastis,
2269 5885 2640 5958 precibusque
2671 5885 2845 5942 Deum
2866 5879 3131 5934 exorastis
3160 5882 3225 5960 ut
3249 5877 3393 5932 mihi
3421 5876 3477 5936 in
3508 5877 3612 5932 tri-
