4034 6322
405 383 508 444 789

1317 385 1600 440 ΑΡΡΕΝΙ).
1641 385 1729 439 AD
1765 385 1927 439 SASC.
1969 384 2057 438 1X.
2079 410 2147 422 —
2186 382 2428 437 ISIDORl
2465 381 2893 437 MERCATORIS

3680 384 3782 436 760

403 492 703 550 bulatione
744 497 1113 564 succurreret,
1143 507 1270 547 mea
1313 509 1521 565 meque
1550 492 1861 563 adjuvaret,
1885 495 1940 548 et
1968 491 2039 546 ab
2061 506 2339 585 Apacem
2363 490 2664 545 nobiscum
2697 506 2812 546 non
2845 489 3077 556 habent,
3119 504 3222 542 nos
3247 492 3447 544 tamen
3494 503 3629 542 cum
3672 488 3785 544 illis

408 587 630 645 amulis
645 587 1048 642 tribulantibus
1069 590 1126 641 et
1144 586 1619 658 persequentibus
1637 602 1730 641 me
1744 586 2036 642 liberaret.

406 682 450 736 Ο
478 698 650 753 quam
679 682 828 737 bona
857 685 941 736 est
966 680 1233 749 charitas,
1264 696 1390 752 qua
1415 679 1677 736 absentes
1703 695 1806 751 per
1832 679 2036 752 imagi-

405 791 541 830 nem
584 778 896 846 prasentes
921 773 1298 845 fsibimetipsis
1337 772 1567 828 exhibet
1614 789 1719 844 per
1748 789 2037 840 amorem;

404 867 580 922 divisa
630 883 855 938 quoque
905 867 1031 921 unit
1081 871 1138 921 et
1179 867 1410 920 confusa
1453 865 1698 933 ordinat,
1741 865 2043 936 inaqualia

405 959 601 1028 sociat,
631 959 967 1031 imperfecta
991 960 1311 1014 conﬁrmat.
1333 959 1513 1023 Quam
1533 961 1682 1013 recte
1698 959 2043 1030 pradicator

405 1054 670 1125 egregius
696 1053 999 1124 apostolus,
1016 1053 1278 1108 videlicet
1297 1053 1524 1118 Paulus,
1541 1052 1833 1106 vinculum
1860 1052 2040 1124 perfe-

405 1147 608 1201 ctionis
628 1150 822 1201 vocat:
854 1147 1126 1217 quoniam
1152 1147 1391 1201 virtutes
1418 1145 1652 1217 quidem
1672 1149 1890 1200 catera
1919 1161 2044 1216 per-

405 1241 711 1296 factionem
740 1244 1039 1310 generant,
1060 1240 1160 1295 sed
1184 1243 1381 1294 tamen
1409 1256 1506 1294 eas
1523 1239 1768 1294 charitas
1784 1239 1862 1292 ita
1880 1239 2040 1310 ligat,

407 1338 469 1388 ut
506 1334 576 1387 ab
627 1334 867 1388 amantis
913 1337 1106 1388 mente
1153 1333 1381 1388 dissolvi
1418 1333 1544 1403 jam
1581 1335 1888 1403 nequeant.
1930 1332 2043 1386 Hac

410 1443 639 1498 quoque
681 1427 912 1494 virtute,
954 1428 1180 1496 fratres,
1220 1427 1416 1498 plenos
1462 1442 1558 1480 vos
1596 1425 1836 1498 Spiritus
1869 1423 2043 1480 sancti

299 1576 304 1577 ,
412 1520 596 1591 gratia
617 1536 738 1576 esse
754 1519 1000 1591 reperio,
1022 1521 1160 1575 dum
1181 1519 1428 1574 solatiari
1451 1519 1596 1574 mihi
1619 1519 1678 1573 in
1694 1517 1837 1573 meis
1853 1517 2044 1573 anxie-

410 1613 624 1669 tatibus
656 1613 854 1669 sentio.
885 1615 996 1668 Nec
1022 1614 1258 1683 mirum,
1291 1612 1628 1680 charissimi,
1659 1612 1705 1667 si
1731 1627 1825 1667 me
1854 1627 2040 1683 perse-

411 1709 666 1776 quuntur
703 1707 896 1761 amuli
935 1707 1068 1774 mei,
1099 1723 1230 1762 cum
1281 1711 1452 1777 caput
1490 1708 1749 1760 nostrum
1777 1704 1933 1777 quod
1959 1707 2047 1760 est

407 1798 666 1868 Christus
705 1799 843 1854 olim
880 1800 1072 1855 amuli
1112 1800 1342 1872 quidem
1389 1803 1598 1854 sancta
1644 1799 1743 1852 Dei
1782 1797 2045 1855 Ecclesia

2140 585 2259 639 sine
2289 583 2462 639 dubio
2491 583 2786 639 habemus.
2823 582 2983 648 Quod
3011 599 3149 654 ergo
3179 581 3514 652 mandastis,
3548 585 3618 636 ut
3645 582 3784 636 scri-

2139 679 2339 734 berem
2387 677 2542 732 vobis
2587 677 2829 749 qualiter
2879 677 3095 732 instans
3136 675 3396 748 jurgium
3439 679 3641 730 contra
3691 691 3785 730 me

2142 771 2470 827 suscitatum
2510 771 2600 837 sit,
2628 771 2717 826 vel
2744 787 2778 824 a
2801 785 2932 842 quo,
2961 774 3026 825 ut
3051 773 3238 824 vestro
3263 769 3615 824 adminiculo
3657 771 3785 841 pel-

2140 865 2376 934 leretur,
2404 869 2460 920 et
2484 881 2651 919 causa
2679 880 2806 918 mea
2835 863 3178 933 ﬁrmaretur,
3211 863 3409 918 scitote
3449 879 3546 918 me
3583 862 3784 918 crimi-

2141 959 2266 1014 nari
2292 976 2325 1013 a
2352 958 2601 1030 quodam
2643 958 2810 1012 Basso
2840 961 2896 1012 et
2921 957 3130 1028 injuste
3167 957 3458 1028 persequi.
3490 956 3654 1020 Quod
3679 972 3785 1010 au-

2142 1053 2306 1108 diens
2366 1050 2785 1107 Valentinianus
2836 1053 3145 1121 Augustus,
3201 1053 3394 1104 nostra
3449 1048 3787 1105 auctoritate

2143 1145 2422 1217 synodum
2474 1143 2816 1217 congregari
2855 1144 3044 1215 jussit,
3078 1147 3136 1198 et
3178 1144 3330 1198 facto
3375 1143 3620 1198 concilio
3653 1159 3787 1198 cum

2141 1255 2354 1310 magna
2407 1237 2841 1308 examinatione,
2895 1237 3245 1292 satisfaciens
3308 1236 3598 1304 omnibus,
3651 1236 3786 1292 licet

2143 1332 2382 1388 evadere
2428 1331 2564 1386 satis
2609 1331 2773 1386 aliter
2800 1330 3133 1402 potuissem,
3173 1330 3550 1403 suspicionem
3581 1334 3785 1385 tamen

2143 1425 2368 1498 fugiens
2411 1441 2601 1480 coram
2636 1424 2902 1480 omnibus
2933 1441 3029 1479 me
3073 1425 3334 1496 purgavi,
3381 1440 3475 1480 me
3510 1424 3732 1480 scilicet
3754 1442 3788 1479 a

2145 1519 2467 1591 suspicione
2499 1524 2555 1574 et
2582 1517 2946 1573 amulatione
2972 1517 3242 1588 liberans,
3260 1518 3362 1573 sed
3391 1535 3508 1574 non
3537 1519 3665 1573 aliis
3686 1517 3787 1590 qui

2145 1613 2453 1680 noluerint,
2500 1616 2599 1668 aut
2636 1615 2836 1684 sponte
2883 1612 2987 1666 hoc
3035 1628 3150 1666 non
3190 1611 3489 1684 elegerint,
3525 1611 3786 1667 faciendo

2143 1707 2387 1762 formam
2418 1706 2866 1778 exemplumque
2893 1705 3058 1772 dans,
3107 1721 3237 1759 cum
3268 1705 3541 1776 scriptum
3566 1706 3679 1760 sit:
3727 1705 3787 1760 Si

2144 1800 2272 1872 quis
2301 1799 2518 1856 crimen
2564 1799 2814 1870 objicere
2840 1798 3100 1867 voluerit,
3129 1798 3334 1853 scribat
3369 1815 3427 1852 se
3453 1799 3611 1870 prius
3642 1815 3784 1870 pro-

407 1908 812 1964 servorumque
843 1893 966 1964 ejus
1011 1892 1124 1948 sint
1149 1892 1464 1965 persecuti;
1501 1892 1649 1947 unde
1687 1895 1745 1946 et
1785 1891 1908 1962 ipsa
1940 1876 2120 1962 perB
2141 1893 2450 1962 baturum;
2483 1896 2542 1947 et
2578 1893 2750 1948 alibi:
2799 1891 3238 1948 Criminationes
3271 1891 3538 1947 adversus
3579 1891 3782 1947 docto-

408 2001 467 2041 se
497 1987 717 2041 Veritas
745 1986 917 2041 dicit:
951 2007 980 2036 «
1014 1986 1069 2041 Si
1093 1985 1562 2058 patremfamilias
1607 1984 1912 2040 Belzebuth
1941 2001 2037 2039 vo-

405 2083 694 2146 caverunt,
710 2085 922 2151 quanto
939 2080 1126 2151 magis
1153 2080 1488 2135 domesticos
1513 2079 1638 2149 ejus
1658 2079 1672 2132 l
1689 2099 1718 2127 »
1750 2079 1964 2147 (Matth.
1984 2094 2037 2147 x,

403 2172 513 2244 25).
572 2173 710 2238 Qua
753 2173 965 2228 iterum
1003 2173 1141 2228 dicit
1187 2190 1200 2228 :
1235 2194 1262 2223 «
1299 2173 1357 2228 Si
1399 2173 1471 2228 de
1502 2172 1611 2227 hoc
1644 2171 1863 2226 mundo
1890 2187 2038 2226 esse-

403 2265 495 2332 tis,
524 2266 791 2334 mundus,
819 2266 971 2337 quod
1001 2283 1167 2320 suum
1200 2268 1323 2320 erat
1349 2265 1637 2336 diligeret.
1671 2264 1782 2319 Sed
1808 2264 1944 2336 quia
1969 2263 2041 2319 de

403 2359 513 2413 hoc
542 2358 761 2413 mundo
789 2375 904 2413 non
930 2359 1082 2426 estis,
1116 2358 1215 2414 sed
1244 2374 1380 2429 ergo
1410 2357 1558 2428 elegi
1579 2374 1678 2412 vos
1704 2357 1774 2412 de
1801 2357 2039 2424 mundo,

403 2453 714 2523 propterea
756 2451 878 2506 odit
906 2469 1004 2507 vos
1047 2451 1297 2506 mundus
1341 2446 1517 2523 (JOan.
1561 2467 1649 2520 xv,
1682 2451 1788 2521 l9).
1820 2432 2038 2597 illac,

403 2544 632 2597 fratres.
659 2561 790 2597 cum
821 2548 878 2597 et
913 2562 1018 2597 nos
1043 2546 1307 2597 sciamus.
1341 2549 1398 2597 et
1417 2543 1542 2597 aliis
1569 2559 1735 2597 nosse
1767 2559 1835 2597 nr
1890 2542 2038 2597 dica-

403 2544 632 2614 fratres,
659 2561 790 2600 cum
821 2548 878 2600 et
913 2562 1018 2600 nos
1043 2546 1307 2613 sciamus,
1341 2549 1398 2599 et
1417 2543 1542 2598 aliis
1569 2559 1735 2598 nosse
1766 2542 2039 2614 pradica-

406 2654 556 2709 mus,
617 2655 830 2710 vosque
887 2655 952 2693 ea
1009 2639 1256 2710 perfecte
1328 2637 1471 2692 scire
1542 2653 1660 2693 non
1721 2637 2042 2692 dubitemus

403 2737 637 2803 propter
663 2731 1058 2787 insidiantium
1094 2731 1552 2803 vituperationes,
1597 2734 1695 2785 aut
1738 2729 2043 2785 accusatio-

403 2841 524 2892 nes,
576 2825 665 2878 vel
710 2829 945 2896 propter
994 2824 1352 2880 adulantium
1395 2823 1771 2890 laudationes,
1818 2839 1926 2877 nec
1971 2822 2044 2877 ad

410 2918 733 2986 dexteram,
769 2934 876 2972 nec
899 2918 970 2972 ad
995 2917 1282 2972 sinistram
1309 2916 1593 2971 declinare
1619 2915 1910 2984 debemus,
1943 2915 2043 2970 sed

404 3010 556 3064 inter
611 3010 780 3064 verba
849 3010 1206 3064 laudantium
1271 3010 1384 3064 sive
1457 3009 1902 3080 vituperantium
1971 3008 2043 3063 ad

408 3107 664 3158 mentem
710 3118 937 3174 semper
983 3103 1392 3158 rccurrendum
1425 3106 1528 3168 est,
1581 3107 1637 3157 et
1668 3102 1712 3155 si
1745 3101 1805 3156 in
1831 3117 1899 3156 ea
1923 3118 2041 3156 non

405 3195 694 3250 invenitur
717 3196 927 3250 bonum
959 3196 1109 3267 quod
1133 3196 1296 3251 nobis
1322 3195 1546 3265 dicitur,
1579 3211 1851 3266 magnam
1875 3194 2044 3250 tristi-

405 3289 548 3343 tiam
578 3306 854 3360 generare
883 3289 1071 3344 debet.
1093 3291 1159 3344 Et
1187 3306 1416 3344 rursum
1443 3289 1487 3343 si
1505 3290 1563 3343 in
1595 3305 1661 3343 ea
1685 3305 1799 3343 non
1829 3288 2042 3344 inveni-

406 3386 501 3436 tur
529 3383 762 3450 malum,
795 3383 949 3454 quod
984 3383 1055 3437 de
1085 3383 1248 3437 nobis
1295 3382 1560 3438 homines
1603 3382 1936 3454 loquuntur,
1982 3382 2042 3436 in

405 3492 619 3548 magna
669 3475 944 3530 debemus
990 3476 1184 3531 latitia
1239 3476 1517 3547 prosilire.
1579 3475 1726 3540 Quid
1787 3474 1940 3530 enim
1995 3475 2042 3529 si

409 3586 608 3625 omnes
638 3574 900 3625 accusent
930 3575 987 3625 et
1028 3569 1369 3625 conscientia
1412 3587 1515 3624 nos
1565 3574 1810 3636 accuset,
1852 3573 1954 3624 aut
1995 3568 2041 3622 si

406 3680 604 3718 omnes
644 3662 881 3718 laudant
909 3668 965 3718 et
1007 3663 1350 3718 conscientia
1397 3680 1503 3718 nos
1551 3662 1758 3718 liberos
1802 3661 2040 3718 demon-

407 3757 584 3812 stret?
615 3755 894 3811 Habemus
934 3756 1176 3810 Paulum
1217 3755 1540 3810 dicentem:
1579 3776 1607 3804 «
1634 3755 1821 3809 Gloria
1848 3758 2042 3809 nostra

406 3850 532 3903 hac
563 3853 650 3904 est
686 3833 1082 3903 testimonium
1126 3848 1482 3903 conscientia
1520 3853 1727 3903 nostra
1758 3847 1830 3919 (II
1853 3851 1970 3906 Cor.
1998 3849 2052 3932 1,]

408 3942 514 4011 l2).
545 3962 573 3989 »
603 3941 705 3995 Job
727 3957 958 4012 quoque
987 3940 1154 3994 dicit:
1191 3961 1219 3990 «
1245 3941 1383 3994 Ecce
1409 3940 1470 3995 in
1500 3940 1652 3995 caelis
1678 3941 1839 3995 testis
1875 3957 2038 3996 meus

407 4035 523 4104 (Job
563 4049 676 4101 xv1,
721 4036 831 4103 20).
880 4055 908 4083 »
961 4033 1021 4088 Si
1060 4049 1196 4104 ergo
1236 4035 1323 4086 est
1364 4033 1528 4088 nobis
1566 4033 1726 4088 testis
1776 4034 1834 4088 in
1879 4035 2038 4105 calo,

406 4126 567 4181 testis
598 4126 656 4180 in
690 4127 874 4194 corde,
909 4126 1266 4181 dimittamus
1308 4126 1503 4181 stultos
1537 4127 1673 4181 foris
1703 4126 1860 4198 loqui
1888 4129 2041 4200 quod

407 4220 624 4274 volunt.
678 4219 822 4285 Quid
869 4220 1028 4274 enim
1073 4219 1226 4274 aliud
1268 4219 1626 4275 detrahentes
1661 4219 1894 4290 faciunt,
1932 4221 2039 4277 nisi

406 4315 556 4385 quod
603 4314 660 4368 in
707 4314 999 4385 pulverem
1052 4313 1304 4382 sufﬂant,
1354 4318 1522 4386 atque
1557 4314 1617 4369 in
1671 4315 1862 4369 oculos
1911 4331 2040 4370 suos

409 4413 616 4463 terram
679 4407 969 4462 excitant?
1016 4407 1174 4462 Unde
1219 4407 1347 4478 plus
1400 4407 1757 4463 detractionis
1800 4409 2040 4480 perﬂant

406 4501 539 4556 inde
591 4501 774 4572 magis
824 4501 965 4555 nihil
1010 4500 1262 4555 veritatis
1313 4500 1541 4570 vident;
1581 4502 1818 4557 vocandi
1843 4507 2038 4558 tamen

2063 3241 2118 3316 C

2139 2003 2261 2042 rem
2290 2002 2460 2041 nemo
2507 1985 2783 2058 recipiat;
2835 1991 2893 2040 et
2931 1985 3183 2040 iterum:
3223 1984 3278 2041 Si
3305 1985 3430 2057 quis
3456 1984 3780 2057 episcopus,

2138 2080 2457 2152 presbyter,
2498 2082 2600 2134 aut
2626 2079 2916 2149 diaconus,
2957 2078 3048 2134 vel
3080 2078 3319 2151 quilibet
3358 2077 3569 2145 clerici,
3625 2078 3787 2150 apud

2142 2169 2468 2241 episcopum
2498 2185 2531 2223 a
2572 2167 2824 2240 qualibet
2847 2181 3100 2240 persona
3125 2166 3342 2222 fuerint
3369 2167 3621 2224 accurati
3648 2167 3782 2238 quis

2141 2278 2366 2334 cunque
2403 2262 2613 2332 fuerit,
2653 2261 2769 2316 sive
2817 2260 2909 2316 ille
2945 2259 3206 2315 sublimis
3244 2259 3332 2314 vir
3364 2259 3620 2327 honoris,
3661 2259 3785 2314 sive

2141 2356 2308 2410 ullius
2337 2355 2573 2411 alterius
2611 2353 2838 2426 generis
2873 2370 3120 2426 persona
3147 2352 3244 2424 qui
3270 2353 3377 2408 hoc
3404 2369 3582 2426 genus
3610 2353 3784 2408 illau-

2141 2448 2346 2505 dabilis
2375 2448 2706 2504 intentionis
2741 2447 3066 2519 arripuerit,
3101 2445 3322 2502 noverit
3353 2445 3612 2502 docenda
3640 2463 3782 2518 pro-

2139 2541 2452 2597 batioribus
2502 2540 2872 2597 monstranda
2923 2540 3281 2595 documentis
3323 2556 3381 2595 se
3434 2539 3642 2594 debere
3686 2540 3782 2594 in-

2144 2633 2331 2708 187
2361 2635 2598 2691 ferre.Si
2633 2634 2760 2707 quis
2802 2649 2940 2705 ergo
2973 2633 3121 2688 circa
3151 2633 3479 2704 hujusmodi
3506 2649 3787 2704 personas

2143 2745 2259 2784 non
2274 2729 2568 2800 probanda
2583 2725 3156 2798 detulerit,intelligat
3168 2743 3228 2780 se
3233 2726 3512 2797 jacturam
3525 2725 3785 2781 infamia

2143 2821 2442 2889 sustinere,
2481 2824 2540 2876 et
2568 2821 2672 2876 sub
2716 2836 2930 2891 magna
2961 2819 3547 2875 excommunicatione
3583 2819 3785 2876 exsilio

2144 2913 2448 2985 deportari.
2518 2915 2629 2969 Ista
2703 2913 2895 2968 omnia
2943 2911 3257 2984 [postposui
3316 2928 3433 2967 non
3505 2911 3654 2980 aliis,
3718 2918 3789 2968 ut

2140 3007 2310 3078 paulo
2355 3007 2615 3078 superius
2642 3005 3004 3078 pralibatum
3050 3009 3155 3073 est,
3201 3005 3526 3077 exemplum
3566 3005 3783 3076 dando,

2143 3100 2246 3155 sed
2296 3116 2390 3155 me
2443 3117 2477 3154 a
2543 3099 2784 3172 praefata
2834 3097 3070 3152 infamia
3132 3103 3189 3153 et
3261 3098 3577 3170 suspicione
3635 3098 3783 3154 libe-

2142 3193 2342 3249 rando.

2211 3287 2640 3343 Condemnatus
2669 3289 2752 3341 est
2776 3288 2969 3341 autem
2996 3289 3344 3340 memoratus
3379 3287 3580 3340 Bassus
3605 3302 3638 3340 a
3655 3285 3784 3356 jam

2141 3382 2294 3437 dicta
2340 3379 2576 3452 synodo,
2622 3379 2701 3434 ita
2741 3382 2934 3434 tamen
2971 3383 3035 3434 ut
3063 3379 3124 3434 in
3147 3378 3350 3433 ultima
3392 3378 3484 3433 die
3512 3379 3785 3434 viaticum

2141 3475 2192 3530 ei
2243 3491 2362 3530 non
2415 3474 2733 3544 denegetur
2789 3478 3025 3545 propter
3102 3472 3484 3528 humilitatem
3552 3472 3783 3544 pietatis

2141 3567 2421 3624 Ecclesia.

2212 3659 2630 3717 Valentinianus
2643 3675 2868 3732 quoque
2884 3663 3016 3715 ante
3032 3659 3216 3715 dictus
3236 3659 3548 3731 imperator
3561 3661 3773 3732 scripto

2143 3772 2276 3811 eum
2295 3753 2716 3821 condemnavit,
2729 3769 2863 3808 cum
2878 3755 3133 3824 Augusta
3152 3758 3335 3809 matre
3350 3753 3571 3810 Placida
3585 3756 3643 3809 et
3657 3770 3784 3808 om-

2142 3849 2238 3903 nia
2278 3847 2489 3920 pradia
2527 3847 2860 3902 facultatum
2889 3847 3012 3918 ejus
3047 3847 3254 3902 futuris
3281 3848 3350 3902 de
3394 3847 3603 3902 talibus
3631 3847 3780 3903 dans

2141 3941 2467 3997 hominibus
2502 3941 2752 3996 formam
2787 3939 2866 3994 ita
2893 3939 3157 4010 faciendi,
3192 3940 3453 3996 Ecclesia
3478 3941 3779 3996 catholica

2142 4035 2393 4092 sociavit.

2211 4130 2372 4201 Sape
2386 4129 2566 4184 dictus
2587 4144 2725 4200 ergo
2741 4129 2940 4184 Bassus
2955 4133 3095 4184 nutu
3116 4128 3304 4185 divino
3320 4145 3437 4184 non
3449 4130 3632 4184 multo
3645 4136 3783 4202 post

2138 4223 2576 4295 moritur.Cujus
2604 4222 2971 4294 corpus,licet
3002 4222 3240 4294 dignum
3263 4239 3383 4278 non
3409 4228 3549 4278 essst
3579 4225 3776 4296 sepul-

2140 4321 2301 4387 tura,
2331 4321 2566 4388 propter
2594 4316 3046 4389 misericordiam
3074 4319 3267 4371 tamen
3283 4317 3511 4389 sepelivi
3537 4333 3673 4372 eum
3708 4318 3770 4373 in

2139 4379 2400 4466 cubiculo
2426 4379 2732 4482 parentum
2756 4379 2981 4515 ejus.Ft
3008 4379 3494 4482 quanquamdpse
3523 4427 3666 4483 erga
3685 4429 3778 4467 me

2139 4505 2305 4559 stulte
2336 4509 2393 4559 et
2417 4503 2814 4576 imprudenter
2841 4502 3065 4575 egisset,
3097 4520 3203 4574 ego
3233 4521 3368 4560 vero
3398 4502 3780 4561 misericordi-

407 4600 538 4650 sunt
554 4595 726 4650 etiam
753 4595 882 4666 ipsi,
907 4599 961 4649 et
985 4594 1290 4665 tranquille
1309 4595 1650 4651 admonendi
1666 4596 1858 4668 eisque
1879 4597 2035 4651 satis-
2052 4612 2112 4685 D
2134 4602 2221 4654 ter
2246 4597 2392 4653 circa
2417 4613 2550 4652 eum
2597 4597 2690 4668 egi
2729 4596 2980 4668 cogitans
3019 4597 3163 4651 illud
3200 4597 3353 4669 quod
3395 4597 3668 4652 Dominus
3716 4599 3775 4652 in

407 4689 530 4742 ﬁeri
561 4688 749 4742 modis
773 4687 1036 4742 omnibus
1071 4687 1252 4755 debet,
1285 4688 1706 4760 scientesiquod
1737 4689 1805 4744 de
1829 4689 2036 4744 Judais

407 4781 621 4836 Veritas
647 4781 768 4836 ait:
816 4781 894 4835 Ne
937 4781 1081 4836 forte
1124 4781 1566 4838 scandalizemus
1600 4799 1713 4838 eos.
1757 4783 1814 4838 Si
1844 4787 2037 4838 autem

405 4875 542 4930 satis
576 4874 701 4929 ﬁeri
729 4874 834 4929 sibi
866 4891 936 4929 ex
980 4874 1215 4929 veritate
1240 4875 1542 4946 noluerint,
1575 4877 1753 4932 habes
1782 4877 2036 4930 consola-

406 4968 623 5022 tionem
669 4985 838 5038 quam
886 4968 946 5022 in
974 4968 1276 5040 Evangelio
1305 4969 1563 5040 aspicias,
1606 4969 1738 5041 quia
1775 4985 1906 5024 cum
1928 4971 2036 5024 Do-

404 5059 564 5114 mino
602 5060 817 5115 dictum
866 5060 1081 5128 fuisset,
1132 5063 1240 5116 scis
1281 5063 1417 5134 quia
1462 5063 1654 5118 audito
1703 5063 1813 5117 hoc
1861 5061 2033 5117 verbo

404 5153 764 5208 scandalizati
783 5159 932 5220 sunt,
963 5155 1273 5227 respondit.
1301 5172 1363 5210 :«
1397 5156 1572 5212 Sinite
1597 5156 1739 5223 illos,
1755 5155 2041 5210 cacisunt

403 5249 578 5301 duces
623 5263 905 5302 cacorum
959 5248 1173 5320 (Matth.
1220 5265 1307 5317 xv,
1337 5249 1462 5320 ~'14).
1491 5270 1518 5299 »
1564 5249 1766 5303 Paulus
1812 5265 2040 5320 quoque

405 5341 696 5412 apostolus
728 5341 1005 5396 admonet
1033 5342 1258 5399 dicens:
1287 5365 1315 5394 «
1347 5343 1402 5400 Si
1431 5342 1556 5398 ﬁeri
1580 5345 1766 5413 potest
1793 5341 1947 5413 quod
1972 5359 2042 5398 ex

404 5434 564 5490 vobis
595 5437 698 5504 est,
722 5451 853 5489 cum
889 5436 1154 5492 omnibus
1183 5436 1514 5492 hominibus
1539 5451 1736 5506 pacem
1761 5435 2041 5491 habentes

407 5531 576 5596 (Rom.
605 5545 705 5596 xu,
739 5528 823 5600 18)
851 5546 864 5597 ;
897 5550 924 5578 ››
970 5530 1224 5586 dicturus
1259 5546 1388 5585 cum
1417 5528 1682 5584 omnibus
1716 5529 2042 5585 hominibus

402 5639 604 5693 pacem
651 5622 925 5678 habentes
972 5624 1106 5696 quia
1154 5624 1264 5679 hoc
1311 5621 1539 5678 difﬁcile
1585 5639 1704 5678 esse
1751 5625 2042 5696 perspexit

404 5721 702 5791 praemisit,
736 5721 783 5774 si
818 5721 942 5776 ﬁeri
992 5724 1196 5792 potest,
1229 5725 1287 5775 et
1328 5721 1638 5792 subjunxit,
1673 5722 1826 5796 quod
1856 5729 2043 5795 potest

409 5811 691 5878 ﬁeri,cum
707 5813 843 5867 dicit
857 5814 1009 5884 quod
1030 5830 1098 5867 ex
1120 5814 1278 5867 vobis
1295 5819 1408 5885 est;
1426 5817 1559 5887 quia
1582 5818 1628 5872 si
1646 5835 1750 5873 nos
1766 5817 1824 5872 in
1846 5821 2042 5872 mente

407 5901 744 5961 charitatem
773 5921 910 5975 erga
949 5905 1208 5960 odientes
1255 5923 1474 5965 servare
1502 5911 1782 5983 cupimus,
1809 5915 1866 5966 et
1890 5909 1935 5965 si
1965 5909 2043 5966 illi

2139 4690 2443 4762 Evangelio
2474 4690 2726 4762 loquitur
2752 4690 2948 4745 dicens
2972 4707 2985 4744 :
3013 4712 3040 4740 «
3064 4689 3122 4745 Si
3148 4707 3262 4744 non
3288 4689 3567 4746 dimiseris
3593 4691 3778 4747 homi-

2135 4785 2302 4839 nibus
2344 4787 2577 4856 peccata
2605 4800 2824 4850 eorum,
2859 4800 2963 4839 nec
2997 4785 3162 4839 Pater
3196 4786 3382 4839 vester
3409 4784 3651 4839 caelestis
3685 4785 3775 4840 di-

2137 4877 2326 4932 mittet
2365 4878 2525 4933 vobis
2561 4881 2792 4949 peccata
2819 4880 3008 4932 vestra
3036 4877 3246 4949 (Matth.
3273 4895 3348 4941 vr,
3399 4877 3506 4949 l5).
3540 4897 3562 4929 ι
3611 4879 3680 4934 Et
3715 4878 3776 4933 in

2137 4972 2262 5044 ipsa
2291 4971 2582 5026 Dominica
2610 4971 2861 5027 oratione
2895 4988 3066 5043 quam
3098 4971 3353 5027 Salvator
3380 4973 3576 5026 noster
3604 4971 3774 5027 disci-

2139 5065 2354 5137 cipulos
2385 5081 2544 5119 orare
2579 5065 2790 5134 docuit,
2823 5065 3081 5141 quotidie
3123 5065 3498 5138 supplicando
3530 5066 3776 5122 Domino

2141 5159 2378 5214 dicimus
2411 5175 2425 5213 :
2459 5180 2487 5208 «
2515 5159 2750 5214 Dimitte
2774 5159 2940 5214 nobis
2969 5159 3157 5215 debita
3183 5163 3400 5229 nostra,
3422 5159 3569 5214 sicut
3590 5166 3649 5216 et
3675 5177 3776 5215 nos

2141 5252 2479 5307 dimittimus
2505 5252 2855 5308 debitoribus
2897 5253 3108 5308 nostris
3138 5252 3352 5324 (Matth.
3392 5269 3489 5324 vn,
3520 5256 3628 5323 12),
3662 5274 3690 5305 »
3723 5257 3780 5309 et

2140 5347 2320 5402 multa
2349 5351 2481 5401 sunt
2507 5346 2635 5416 alia,
2677 5350 2734 5400 et
2770 5345 2859 5400 his
2906 5346 3135 5402 similia.
3176 5346 3269 5401 His
3305 5348 3498 5419 itaque
3531 5346 3779 5403 dimissis

2142 5440 2213 5496 de
2232 5456 2323 5496 me
2341 5440 2603 5512 peractis,
2631 5439 2767 5511 quia
2787 5443 2981 5495 contra
2999 5440 3353 5496 voluntatem
3374 5441 3777 5512 episcoporum

2142 5534 2241 5606 qui
2267 5534 2568 5589 nobiscum
2585 5537 2765 5600 erant,
2784 5537 3019 5606 propter
3043 5533 3432 5590 humilitatem
3449 5550 3648 5590 sensus
3664 5534 3778 5591 mei

2139 5628 2301 5684 nullo
2341 5627 2664 5700 compulsus
2685 5626 2904 5698 judicio
2939 5644 3005 5683 ac
3041 5628 3158 5683 vim
3190 5644 3409 5699 passus,
3441 5628 3540 5684 sed
3579 5633 3778 5701 sponte

2143 5722 2361 5794 eligens
2409 5721 2531 5777 hac
2570 5738 2673 5776 nec
2711 5722 2979 5790 formam,
3013 5726 3075 5778 ut
3105 5723 3229 5793 jam
3270 5721 3483 5777 dictum
3511 5725 3618 5791 est,
3652 5721 3776 5776 aliis

2143 5817 2349 5883 dando,
2384 5815 2482 5870 sed
2523 5831 2616 5869 me
2648 5815 3007 5886 puriﬁcando
3039 5816 3168 5883 feci,
3205 5816 3263 5870 in
3290 5815 3415 5870 aliis
3441 5821 3633 5871 tamen
3665 5815 3778 5886 epi-

2143 5909 2324 5983 scopis
2351 5913 2677 5982 competeus
2697 5908 3021 5967 adhibenda
3047 5913 3134 5966 est
3163 5909 3235 5966 de
3255 5909 3466 5968 talibus
3495 5908 3775 5965 medicina
