4034 6298
224 293 321 352 761

1443 280 1908 349 DECRETALIUM
1946 282 2335 350 coLLEcrIo.

3491 292 3591 351 762

222 401 578 470 vulneribus,
600 416 673 456 ne
703 400 1019 457 immatura
1041 399 1278 455 curandi
1296 399 1539 455 facilitas
1566 401 1860 456 mortifera
1880 407 2151 489 Atamen
2194 403 2348 457 locus
2395 401 2545 473 apud
2592 416 2725 456 eum
2770 396 3033 458 videlicet
3078 406 3287 458 sanctae
3333 404 3589 460 Ecclesiae

224 496 426 567 capitis
458 497 613 566 peste
650 495 792 549 nihil
830 494 1023 566 possit,
1048 493 1147 549 sed
1174 494 1406 565 segnius
1446 498 1627 549 tracta
1665 495 1857 566 perni-

225 590 340 645 cies
377 592 536 643 reatu
570 605 686 643 non
723 588 999 659 legitima:
1033 588 1340 643 curationis
1366 588 1617 643 involvat
1648 588 1861 659 pariter

225 682 507 738 sauciatos
528 687 583 738 et
603 682 920 737 medentes.
949 682 1031 737 Ob
1057 682 1114 737 id
1146 698 1285 753 ergo
1317 685 1631 737 statuentes
1660 683 1858 737 decer-

223 778 438 844 nimus,
468 781 532 831 ut
570 776 629 829 hi
670 775 767 847 qui
802 793 915 830 non
955 781 1087 831 sunt
1117 776 1283 829 bona:
1326 776 1766 831 conversationis
1806 779 1863 829 et

227 886 477 941 quorum
517 869 631 925 vita
669 875 753 925 est
785 869 1133 937 accusabilis,
1157 870 1242 924 vel
1271 886 1519 941 quorum
1545 870 1708 937 fides,
1747 869 1861 923 vita

225 970 283 1019 et
309 964 539 1018 libertas
574 963 843 1033 nescitur,
872 980 988 1019 non
1025 964 1242 1035 possint
1279 964 1509 1019 Domini
1550 964 1861 1019 sacerdotes

226 1073 519 1127 accusare,
544 1073 649 1112 nec
673 1057 813 1111 viles
843 1074 1103 1128 personae
1128 1058 1199 1112 ad
1222 1057 1642 1113 accusationem
1663 1073 1861 1111 eorum

226 1150 629 1206 admittantur.

302 1244 572 1301 Similiter
610 1244 670 1298 hi
713 1244 811 1315 qui
860 1243 918 1298 in
965 1244 1250 1316 aliquibus
1300 1244 1633 1299 criminibus
1657 1243 1862 1299 irretiti

227 1344 379 1406 sunt,
400 1338 488 1392 vel
513 1337 611 1409 qui
636 1342 768 1392 sunt
793 1337 1085 1409 suspiciosi
1107 1354 1303 1393 vocem
1328 1338 1597 1392 adversus
1617 1337 1861 1407 majores

224 1436 366 1486 natu
399 1448 515 1486 non
554 1431 806 1486 habeant
833 1431 1154 1499 accusandi,
1185 1432 1320 1503 quia
1350 1431 1653 1503 suspiciosa
1678 1448 1780 1485 vox
1806 1436 1862 1486 et

226 1525 459 1579 inimica
496 1524 796 1579 veritatem
834 1524 980 1579 solet
1014 1524 1366 1596 opprimere;
1400 1525 1705 1596 peregrina
1731 1540 1860 1578 vero

218 1618 459 1689 judicia,
476 1618 624 1672 salva
638 1618 697 1672 in
721 1618 988 1673 omnibus
1002 1618 1307 1688 apostolica
1320 1618 1676 1686 auctoritate,
1692 1634 1863 1689 gene-

226 1712 330 1767 rali
350 1711 679 1767 sanctionne
698 1712 1086 1783 prohibemus,
1108 1711 1240 1783 quia
1264 1712 1567 1783 indignum
1590 1714 1692 1780 est,
1708 1716 1769 1765 ut
1789 1710 1859 1765 ab

1961 496 2144 551 unitas
2174 500 2277 565 est,
2300 494 2361 549 in
2386 511 2497 566 qua
2523 510 2691 565 supra
2721 500 2945 566 petram
2978 499 3178 623 statrr,
3208 496 3346 551 dum
3378 497 3595 551 confes-

1962 589 2132 623 εςηηςα
2178 589 2429 623 calidum:
2478 588 2777 623 humilihu-
2820 594 3052 623 nmen“:-
3117 592 3219 623 νηρ
3269 606 3493 623 ηηηηηη
3539 595 3592 623 ιιι

1962 589 2135 645 sionis
2178 589 2431 644 soliditas
2478 588 2777 643 humiliter
2820 588 3101 644 tenetur.l
3117 592 3221 644 Vos
3269 606 3493 662 quoque
3539 595 3595 645 et

1961 700 2157 737 omnes
2194 683 2395 737 fratres
2443 685 2661 736 nostros
2710 682 3017 737 Ecclesiam
3061 682 3268 738 Christi
3314 684 3593 755 sanguine

1960 777 2315 847 redemptam
2358 780 2618 847 regentes
2651 792 2970 845 monemus,
3000 778 3064 830 ut
3092 792 3293 831 omnes
3326 794 3360 829 a
3393 777 3591 846 praeci-

1960 869 2101 940 pitio
2124 870 2183 922 in
2204 886 2317 940 quo
2338 870 2540 924 fratres
2565 874 2621 924 et
2642 869 2869 923 Domini
2889 872 3143 940 pastores
3161 869 3511 925 detrahendo
3539 876 3597 925 et

1959 963 2358 1034 persequendo
2378 962 2566 1017 verbis
2581 963 2869 1033 labuntur,
2892 963 3108 1035 laqueis
3133 964 3337 1034 quibus
3358 964 3593 1034 potestis

1960 1057 2216 1124 retentis,
2241 1062 2297 1112 et
2340 1056 2452 1111 labi
2497 1073 2595 1111 eos
2639 1057 2697 1111 in
2738 1057 2852 1111 ima
2898 1074 3016 1112 non
3064 1057 3429 1128 permittatis,
3458 1058 3593 1128 quia

1960 1149 2233 1220 scriptum
2266 1155 2351 1205 est
2386 1166 2398 1204 :
2437 1170 2463 1201 (ι
2492 1151 2581 1205 Ira
2610 1149 2714 1203 viri
2736 1150 3021 1221 justitiam
3052 1150 3155 1205 Dei
3182 1167 3298 1205 non
3325 1154 3594 1221 operatur

1965 1245 2094 1313 (Jac.
2125 1260 2164 1310 Ι,
2196 1242 2313 1315 20);
2349 1265 2376 1293 »
2413 1244 2541 1297 hinc
2579 1260 2776 1298 rursus
2808 1244 3013 1298 dicitur
3042 1261 3055 1298 :
3092 1267 3119 1294 «
3153 1244 3234 1299 Sit
3272 1244 3457 1299 omnis
3487 1244 3590 1298 ho-

1960 1353 2054 1391 mo
2092 1338 2249 1391 velox
2296 1337 2369 1392 ad
2406 1337 2776 1407 audiendum,
2809 1338 3001 1392 tardus
3029 1337 3102 1391 ad
3131 1337 3505 1409 loquendum,
3536 1342 3594 1393 et

1959 1430 2156 1485 tardus
2174 1431 2245 1485 ad
2264 1430 2411 1485 iram
2433 1430 2565 1501 (Jac.
2598 1448 2636 1497 ι,
2672 1431 2779 1501 19),
2804 1450 2831 1481 ››
2864 1431 2987 1485 haec
3014 1436 3208 1486 autem
3235 1449 3334 1486 vos
3360 1437 3591 1487 auctore

1960 1526 2071 1578 Deo
2097 1524 2291 1578 omnia
2328 1540 2549 1579 servare
2596 1540 2713 1578 non
2756 1524 3009 1595 ambigo,
3041 1525 3138 1579 sed
3170 1525 3462 1580 occasione
3490 1526 3588 1580 ads

1960 1617 2287 1672 monitionis
2316 1621 2514 1673 exorta
2550 1618 2714 1673 bonis
2757 1618 2955 1672 vestris
2986 1618 3255 1690 operibus
3284 1622 3341 1674 et
3370 1618 3588 1673 deside-

1958 1711 2057 1767 riis
2099 1729 2191 1767 me
2241 1712 2446 1767 furtive
2493 1712 2803 1782 subjungo,
2843 1716 2910 1765 ut
2953 1712 3106 1783 quod
3152 1729 3270 1766 non
3318 1712 3594 1768 admoniti

228 1806 482 1861 externis
509 1806 818 1877 judicetur,
857 1806 956 1877 qui
992 1805 1384 1876 provinciales,
1415 1809 1473 1860 et
1507 1822 1540 1859 a
1569 1821 1627 1859 se
1658 1798 1939 1871 electosB
1962 1805 2163 1873 facitis,
2197 1806 2424 1877 quando
2449 1806 2604 1860 vobis
2630 1809 2689 1860 et
2716 1804 3030 1860 admonens
3062 1806 3309 1878 additur,
3329 1807 3455 1877 jam
3476 1824 3593 1862 non

230 1900 402 1955 debet
432 1899 642 1956 habere
671 1900 914 1971 judices,
942 1899 1051 1954 nisi
1085 1900 1263 1954 fuerit
1293 1900 1671 1971 appellatum;
1679 1890 1861 1990 [unde

228 1998 473 2064 oportet,
494 1996 557 2047 ut
588 1992 635 2047 si
671 1993 874 2064 aliquis
910 1993 1305 2064 episcoporum
1326 2009 1497 2064 super
1517 1992 1685 2047 certis
1703 2008 1861 2047 accu-

227 2091 387 2142 setur
414 2086 767 2156 criminibus,
798 2090 862 2141 ut
894 2087 965 2141 ab
996 2086 1259 2141 omnibus
1291 2086 1579 2156 audiatur,
1606 2086 1705 2157 qui
1730 2088 1861 2140 sunt

226 2180 287 2234 in
319 2179 615 2250 provincia
646 2179 942 2251 episcopis,
978 2181 1111 2251 quia
1140 2196 1259 2235 non
1290 2183 1514 2251 oportet
1537 2182 1859 2234 accusatum

227 2272 435 2328 alicubi
473 2289 647 2345 quam
683 2273 743 2328 in
780 2274 901 2328 foro
936 2290 1038 2328 suo
1071 2272 1277 2328 audiri.
1311 2273 1367 2328 Si
1396 2273 1521 2345 quis
1549 2289 1683 2327 vero
1704 2273 1855 2344 judi-

228 2382 352 2421 cem
368 2367 669 2421 adversum
682 2366 787 2421 sibi
803 2366 1064 2437 senserit,
1080 2384 1280 2421 vocem
1298 2366 1691 2438 appellationis
1707 2366 1860 2421 exhi-

226 2460 379 2528 beat,
402 2461 789 2532 appellantem
809 2466 998 2516 autem
1027 2478 1146 2516 non
1167 2461 1335 2516 debet
1354 2461 1584 2517 afﬂictio
1605 2462 1737 2529 ulla,
1762 2463 1861 2515 aut

229 2555 574 2611 detentionis
603 2556 875 2627 injuriare
906 2557 1182 2625 custodia,
1208 2556 1308 2610 sed
1339 2557 1507 2611 liceat
1530 2556 1861 2628 appellatori

225 2649 485 2704 vitiatam
531 2666 755 2704 causam
802 2650 1199 2722 appellationis
1241 2651 1501 2705 remedio
1546 2651 1858 2717 sublevare,

226 2742 398 2797 liceat
444 2742 619 2798 etiam
660 2743 719 2798 in
764 2745 946 2799 causis
993 2744 1381 2799 criminalibus
1419 2745 1727 2815 appellare,
1756 2760 1861 2798 nec

227 2836 559 2908 appellandi
587 2854 692 2892 vox
721 2838 1043 2909 denegetur
1067 2838 1122 2892 ei
1145 2855 1319 2910 quem
1339 2823 1624 2910 supplicio
1642 2842 1863 2893 senten-

228 2930 306 2983 tia
336 2930 653 3000 destinarit,
687 2932 942 3002 pulsatus
984 2935 1117 2986 ante
1157 2950 1323 2987 suum
1354 2932 1606 3003 judicem
1635 2948 1861 2986 causam

227 3022 399 3093 dicat,
419 3028 477 3079 et
498 3040 615 3079 non
637 3030 769 3080 ante
795 3042 959 3080 suum
981 3025 1237 3096 judicem
1258 3026 1535 3098 pulsatus,
1556 3026 1603 3080 si
1622 3025 1864 3081 voluerit

226 3116 413 3185 liceat,
447 3121 503 3173 et
549 3120 611 3172 ut
653 3118 887 3190 pulsatis
923 3119 1141 3190 quoties
1177 3119 1589 3191 appellaverint
1616 3118 1859 3174 induciae

229 3168 459 3265 dentur.
488 3210 549 3267 Si
575 3168 699 3283 quire
730 3230 867 3285 ergo
914 3168 1089 3268 iiatus
1125 3168 1339 3268 criinren
1369 3212 1603 3285 aliquod
1630 3213 1861 3267 cuilibet
1879 3168 1934 3243 Ο

227 3307 447 3359 temere
489 3305 775 3377 objecerit,
825 3306 1141 3362 convicium
1187 3324 1305 3362 non
1351 3310 1436 3361 est
1482 3323 1585 3378 pro
1630 3323 1858 3362 accusa-

226 3398 385 3454 tione
415 3397 765 3469 habendum,
795 3401 893 3456 sed
934 3400 1206 3472 permisso
1250 3400 1528 3455 tractandi
1573 3400 1772 3471 spatio,
1800 3400 1857 3455 id

230 3492 385 3564 quod
431 3492 609 3549 iratus
649 3494 811 3562 dixit,
850 3511 953 3566 per
1002 3496 1340 3567 scripturam
1383 3511 1442 3549 se
1482 3494 1858 3566 probaturum

229 3602 352 3641 esse
399 3586 675 3655 fateatur;
718 3592 784 3643 ut
829 3589 875 3643 si
923 3590 1162 3644 fortasse
1209 3589 1545 3661 resipiscens
1593 3605 1719 3660 quas
1759 3604 1861 3659 per

226 3680 582 3737 iracundiam
612 3682 773 3751 dixit,
801 3684 1011 3739 iterare
1046 3689 1146 3739 aut
1174 3683 1419 3738 scribere
1452 3682 1716 3753 noluerit,
1744 3699 1859 3737 non

227 3778 294 3829 ut
339 3793 475 3830 reus
518 3775 770 3831 criminis
806 3782 1085 3833 teneatur.
1119 3776 1318 3832 Omnis
1349 3793 1488 3849 ergo
1521 3776 1619 3850 qui
1646 3776 1861 3831 crimen

230 3869 448 3940 objicit,
489 3870 693 3926 scribat
739 3889 799 3925 se
847 3872 1242 3943 probaturum.
1292 3873 1503 3927 Revera
1530 3870 1608 3925 ibi
1636 3887 1863 3942 semper

229 3980 393 4019 causa
441 3970 661 4036 agatur,
694 3965 790 4020 ubi
834 3966 1048 4021 crimen
1094 3965 1434 4022 admittitur.
1489 3967 1557 4021 Et
1596 3966 1694 4038 qui
1746 3983 1859 4021 non

227 4058 558 4130 probaverit
586 4061 737 4132 quod
764 4060 988 4133 objecit,
1010 4077 1239 4133 poenam
1261 4077 1437 4133 quam
1462 4059 1722 4116 intulerit
1740 4059 1861 4131 ipse

229 4152 501 4224 patiatur.

300 4248 520 4302 Placuit
544 4248 736 4321 etiam,
754 4254 816 4304 ut
840 4248 885 4304 si
913 4250 1205 4321 episcopus
1233 4254 1526 4304 accusatus
1550 4248 1863 4320 appellave-

229 4340 307 4395 rit
329 4342 701 4413 apostolicam
725 4344 937 4413 sedem,
952 4343 1010 4398 id
1030 4343 1419 4411 statuendum,
1438 4342 1594 4413 quod
1611 4342 1862 4413 ejusdem

232 4434 382 4489 sedis
408 4436 664 4506 pontifex
696 4436 996 4492 censuerit.
1027 4438 1156 4491 Haec
1179 4440 1369 4492 tamen
1396 4436 1552 4491 omni
1580 4436 1641 4490 in
1676 4451 1859 4491 sacer-

231 4528 434 4583 dotum
460 4546 630 4585 causa
658 4531 844 4586 forma
874 4534 1146 4600 servetur,
1170 4548 1241 4586 ne
1261 4547 1611 4603 quemquam
1630 4532 1861 4585 senten-
1881 4545 1942 4619 D

231 4621 311 4676 tia
352 4639 470 4678 non
517 4640 550 4677 a
587 4641 688 4679 suo
724 4624 918 4696 judice
958 4625 1107 4680 dicta
1145 4626 1518 4696 constringat.
1554 4624 1864 4679 Occurrere

232 4732 462 4789 quoque
488 4717 727 4789 quisque
752 4718 1007 4773 fidelium
1039 4718 1218 4773 ruinis
1248 4718 1414 4773 debet
1441 4734 1862 4789 oppressorum,

235 4813 294 4865 et
326 4811 665 4866 miserorum
709 4813 963 4879 consilio,
994 4830 1107 4884 quo
1146 4813 1375 4867 valeant
1410 4830 1478 4866 ex
1520 4811 1865 4866 revelatione

236 4904 441 4959 alienae
464 4905 725 4960 vindictas
755 4923 787 4959 a
816 4922 875 4961 se
905 4907 999 4962 Dei
1030 4922 1321 4961 removere
1350 4906 1677 4961 vindictam.
1708 4904 1869 4959 Libat

234 5014 371 5070 ergo
406 5015 677 5071 prospera
711 5001 807 5073 qui
843 5001 912 5056 ab
950 5000 1174 5056 afﬂictis
1221 5000 1379 5072 pellit
1421 5000 1684 5067 adversa,
1715 4997 1867 5052 unde

236 5093 510 5164 scriptum
542 5097 626 5148 est
661 5111 673 5147 :
714 5117 740 5143 «
778 5096 969 5150 Frater
1001 5095 1235 5150 fratrem
1280 5095 1557 5165 adjuvans
1595 5092 1866 5148 exaltabi-

236 5193 331 5241 tur
354 5209 381 5236 ››
410 5204 423 5241 :
448 5208 474 5236 α
497 5188 744 5242 Ecclesia
765 5190 919 5244 enim
948 5189 1043 5245 Dei
1065 5190 1184 5245 sine
1208 5190 1435 5244 macula
1459 5194 1515 5243 et
1539 5204 1681 5259 ruga
1702 5186 1871 5241 debet

237 5282 482 5335 existere
522 5281 735 5351 (Ephes.
769 5300 817 5352 ν,
854 5287 961 5353 27);
996 5306 1023 5332 ››
1057 5289 1112 5338 et
1135 5283 1264 5337 ideo
1292 5300 1407 5338 non
1440 5286 1662 5354 oportet
1687 5296 1810 5335 eam
1839 5296 1871 5332 a

238 5374 584 5445 quibusdam
613 5377 952 5445 conculcari,
978 5381 1076 5431 aut
1105 5376 1399 5443 maculari,
1434 5375 1568 5447 quia
1594 5374 1869 5444 scriptum

236 5472 359 5524 est:
388 5491 414 5517 «
438 5471 560 5524 Una
590 5474 674 5525 est
703 5470 965 5525 columba
1002 5488 1130 5525 mea
1166 5472 1415 5543 perfecta
1447 5486 1571 5524 mea
1602 5468 1779 5539 (Cant.
1812 5483 1869 5533 ιι,

242 5566 322 5632 10)
342 5581 359 5631 ;
392 5587 419 5613 ››
454 5563 590 5618 hinc
634 5564 839 5619 iterum
881 5565 1153 5620 Dominus
1196 5565 1269 5619 ad
1311 5566 1538 5636 Moysen
1573 5562 1691 5617 ait:
1725 5581 1751 5613 ιι
1780 5562 1874 5614 Est

236 5656 397 5711 locus
424 5673 598 5727 penes
622 5674 737 5729 me,
761 5664 817 5714 et
840 5659 1010 5714 stabis
1028 5675 1200 5729 supra
1225 5664 1447 5730 petram
1466 5657 1659 5729 (Exod.
1682 5670 1870 5721 xxxm,

240 5753 351 5821 21).
382 5772 411 5801 ››
445 5751 577 5815 Quis
606 5756 693 5806 est
718 5753 891 5822 locus,
921 5753 1019 5826 qui
1051 5769 1165 5807 non
1195 5752 1268 5807 sit
1293 5752 1537 5821 Domini,
1566 5751 1702 5805 dum
1734 5764 1870 5802 cun-

240 5849 333 5903 cta
362 5844 425 5900 in
451 5844 575 5918 ipso
605 5862 708 5917 per
735 5863 911 5919 quem
933 5850 1125 5905 creata
1145 5852 1297 5918 sunt,
1320 5842 1729 5903 continentur?
1760 5840 1873 5899 Sed

1962 1899 2067 1953 soli
2100 1898 2332 1953 faciatis.

2032 1993 2412 2064 Quapropter,
2441 1992 2666 2063 fratres,
2703 1997 2924 2064 oportet
2952 2010 3048 2047 vos
3085 1996 3142 2047 et
3171 2010 3369 2048 omnes
3394 1992 3595 2049 fideles

1959 2085 2193 2158 diligere
2221 2087 2487 2156 invicem,
2517 2090 2575 2140 et
2606 2104 2722 2141 non
2758 2086 3080 2154 detrahere,
3104 2093 3204 2141 aut
3222 2104 3484 2143 accusare
3512 2088 3590 2141 al-

1958 2183 2260 2248 terutrum,
2291 2181 2565 2252 scriptum
2607 2184 2691 2235 est
2736 2181 2889 2235 enim
2927 2197 2941 2235 :
2984 2202 3011 2230 ‹‹
3048 2181 3228 2253 Dilige
3264 2181 3592 2253 proximum

1958 2278 2122 2328 tuum
2164 2275 2377 2345 (Matth.
2418 2292 2470 2343 v,
2502 2273 2611 2346 43),
2644 2296 2670 2323 ››
2701 2277 2759 2328 et
2789 2274 3077 2345 conjunge
3108 2274 3283 2329 fidem
3312 2291 3444 2329 cum
3474 2275 3590 2343 illo,

1961 2368 2116 2439 quod
2142 2368 2188 2422 si
2213 2368 2591 2423 denudaveris
2613 2368 2879 2423 absconsa
2908 2368 3057 2423 illius
3089 2385 3203 2423 non
3236 2370 3594 2439 persequeris

1960 2464 2090 2533 post
2105 2478 2257 2517 eum.
2277 2461 2429 2516 Sicut
2450 2461 2602 2516 enim
2615 2462 2790 2516 homo
2804 2461 2901 2532 qui
2921 2461 3113 2532 perdit
3127 2462 3376 2516 amicum
3398 2479 3588 2531 suum,

1960 2523 2038 2609 sic
2058 2554 2154 2626 qui
2180 2555 2366 2625 perdit
2394 2554 2707 2610 amicitiam
2731 2523 2973 2626 proximi
3000 2555 3108 2609 sui.
3132 2556 3198 2609 Et
3216 2555 3361 2609 sicut
3380 2556 3477 2627 qui
3504 2523 3611 2646 dig!

1961 2648 2143 2702 mittit
2162 2664 2327 2702 avem
2363 2648 2431 2703 de
2462 2665 2641 2703 manu
2663 2665 2785 2717 sua,
2808 2648 2886 2703 sic
2906 2648 3004 2720 qui
3025 2647 3372 2720 dereliquisti
3402 2650 3590 2720 proxi-

1960 2758 2121 2796 mum
2154 2744 2337 2811 tuum,
2362 2747 2419 2797 et
2452 2759 2568 2797 non
2590 2758 2720 2797 eum
2745 2741 2955 2813 capies,
2983 2758 3097 2797 non
3129 2741 3289 2796 illum
3319 2743 3591 2814 sequaris,

1961 2836 2235 2908 quoniam
2273 2836 2440 2906 longe
2476 2835 2653 2890 abest.
2682 2834 2895 2907 Effugit
2929 2835 3083 2889 enim
3111 2836 3273 2907 quasi
3301 2852 3501 2907 caprea
3525 2837 3593 2891 de

1962 2930 2185 3001 laqueo,
2202 2929 2473 3001 quoniam
2494 2930 2788 2984 vulnerata
2810 2932 2895 2983 est
2918 2929 3109 2983 anima
3132 2930 3273 3001 ejus,
3294 2930 3443 2985 ultra
3461 2946 3594 2985 eum

1961 3040 2076 3078 non
2102 3023 2314 3095 poteris
2348 3023 2635 3095 colligare,
2675 3028 2733 3078 et
2768 3023 3065 3078 maledicta
3096 3029 3181 3078 est
3210 3024 3592 3091 concordatio,

1962 3117 2255 3172 denudare
2277 3122 2468 3172 autem
2486 3116 2654 3171 amici
2675 3116 2947 3188 mysteria
2962 3116 3279 3188 desperatio
3291 3122 3377 3173 est
3387 3117 3595 3172 animas

1959 3210 2221 3277 infidelis,
2246 3227 2505 3266 annuens
2538 3210 2700 3265 oculo
2732 3209 2969 3264 fabricat
3003 3210 3220 3280 iniqua,
3257 3227 3429 3265 nemo
3461 3228 3594 3265 eum

1958 3303 2185 3376 abjiciet
2224 3320 2236 3357 :
2282 3305 2341 3357 In
2369 3306 2673 3374 conspectu
2710 3304 3007 3358 oculorum
3038 3308 3267 3357 tuorum
3295 3304 3589 3359 conculca-

1958 3398 2042 3454 bit
2083 3415 2143 3452 os
2187 3414 2373 3464 suum,
2404 3402 2460 3452 et
2498 3414 2668 3468 super
2715 3412 2979 3451 sermone
3023 3402 3153 3451 tuos
3197 3396 3591 3453 admirabitur.

1959 3491 2267 3547 Novissime
2283 3495 2477 3546 autem
2497 3494 2789 3562 pervertet
2815 3508 2875 3545 os
2904 3506 3090 3558 suum,
3113 3494 3170 3545 et
3189 3490 3247 3544 in
3269 3490 3456 3545 verbis
3482 3492 3594 3547 tuis

1961 3586 2117 3640 dabit
2152 3580 2703 3659 scandalum.[Multa
2738 3584 2946 3653 audivi,
2977 3588 3034 3638 et
3058 3600 3173 3638 non
3201 3586 3489 3656 coaequavi
3520 3586 3593 3656 ei,

1961 3682 2018 3735 et
2043 3678 2319 3734 Dominus
2340 3679 2493 3734 odiet
2512 3664 2693 3734 illum.
2710 3678 2815 3744 Qui
2847 3677 2904 3732 in
2934 3678 3113 3732 altum
3130 3677 3306 3734 mittit
3319 3679 3590 3751 lapidem,

1962 3791 2134 3846 super
2168 3778 2334 3845 caput
2363 3773 2482 3844 ejus
2513 3773 2694 3843 cadet,
2728 3776 2785 3827 et
2812 3771 2979 3844 plaga
3008 3772 3199 3828 dolose
3231 3772 3447 3829 dividet
3470 3774 3591 3828 vul-

1961 3884 2117 3923 nera.
2145 3867 2251 3932 Qui
2284 3867 2429 3921 fodit
2456 3868 2683 3922 foveam
2712 3865 2911 3921 incidit
2935 3866 2995 3920 in
3028 3882 3178 3937 eam,
3201 3870 3258 3921 et
3273 3866 3372 3939 qui
3398 3868 3598 3923 statuit

1961 3961 2215 4034 lapidem
2238 3960 2492 4033 proximo
2514 3959 2765 4014 offendet
2782 3959 2840 4013 in
2864 3976 2965 4028 eo;
2992 3963 3051 4014 et
3069 3960 3168 4031 qui
3194 3960 3465 4032 laqueum
3489 3961 3598 4016 alio

1961 4055 2145 4127 ponit,
2164 4054 2445 4127 peribitin
2461 4054 2588 4123 illo;
2609 4052 2853 4109 faciendi
2872 4053 3281 4125 nequissimum
3302 4055 3599 4111 consilium

1964 4161 2135 4217 super
2154 4144 2340 4216 ipsum
2364 4145 2709 4213 devolvetur,
2729 4147 2785 4197 et
2808 4159 2925 4197 non
2954 4147 3229 4214 agnoscet
3258 4145 3408 4199 unde
3428 4146 3595 4200 adve‘

1964 4240 2084 4293 niet
2110 4238 2213 4293 illi.
2236 4237 2419 4292 lllusio
2446 4240 2501 4291 et
2526 4236 2944 4308 improperium
2967 4237 3362 4308 superborum,
3387 4243 3443 4292 et
3474 4239 3595 4292 vina

1964 4333 2115 4387 dicta
2142 4332 2286 4386 sicut
2310 4332 2399 4385 leo
2428 4330 2793 4385 insidiabitur
2826 4329 2941 4398 illi;
2976 4331 3178 4401 laqueo
3204 4331 3473 4401 peribunt
3500 4334 3600 4403 qui

1964 4426 2321 4481 oblectantur
2352 4441 2485 4479 casu
2516 4424 2826 4494 justorum.
2861 4423 3027 4477 Dolor
3065 4427 3258 4478 autem
3301 4432 3598 4481 consumet

1964 4520 2086 4574 illos
2107 4522 2413 4590 antequam
2446 4516 2781 4571 moriantur.
2811 4518 2891 4571 lta
2912 4521 2968 4570 et
2986 4516 3146 4571 furor
3168 4521 3409 4589 utraque
3437 4534 3593 4573 exse‘

1966 4614 2217 4680 crabilia,
2253 4617 2309 4666 et
2350 4612 2435 4665 vir
2470 4614 2834 4683 peccatorum
2876 4609 3173 4665 continens
3205 4611 3313 4666 erit
3346 4611 3595 4667 illorum.

1967 4707 2075 4773 Qui
2096 4706 2366 4761 vindicari
2388 4706 2527 4773 vult,
2549 4721 2581 4758 a
2609 4705 2722 4759 Deo
2760 4703 3006 4759 inveniet
3034 4704 3364 4773 vindictam,
3390 4709 3447 4759 et
3465 4723 3597 4777 pec-

1966 4808 2090 4857 cata
2128 4801 2276 4855 illius
2316 4815 2544 4854 servans
2585 4799 2848 4853 servabit.
2888 4797 3173 4869 Relinque
3206 4798 3465 4869 proximo
3498 4803 3596 4854 tuo

1966 4895 2193 4952 nocenti
2226 4899 2300 4962 te,
2323 4899 2377 4948 et
2401 4897 2537 4948 tunc
2554 4891 2889 4964 deprecanti
2906 4890 3005 4945 tibi
3023 4895 3257 4963 peccata
3277 4892 3596 4962 solventur;

1968 4990 2141 5044 homo
2164 4988 2381 5043 homini
2412 4991 2597 5041 servat
2614 4986 2779 5051 iram,
2795 4988 2850 5039 et
2872 5001 2904 5038 a
2924 4986 3033 5039 Deo
3060 4985 3268 5056 quaerit
3292 4986 3597 5042 medelam.

1971 5086 2031 5138 In
2057 5084 2354 5138 hominem
2382 5081 2632 5135 similem
2661 5079 2767 5133 sibi
2790 5095 2906 5132 non
2929 5078 3102 5133 habet
3122 5078 3597 5150 misericordiam,

1970 5178 2108 5232 etde
2129 5177 2375 5248 peccatis
2397 5176 2510 5231 suis
2538 5175 2875 5245 deprecatur
2899 5172 3238 5227 altissimum
3261 5174 3288 5228 ?
3319 5174 3435 5245 ipse
3466 5176 3601 5231 dum

1971 5289 2100 5327 caro
2127 5272 2217 5338 sit,
2245 5274 2431 5325 servat
2454 5269 2623 5337 iram,
2649 5271 2706 5321 et
2729 5265 3193 5337 pr0pitiationem
3226 5268 3421 5339 petita
3445 5271 3557 5325 Deo
3578 5270 3604 5324 τ

1971 5366 2105 5431 Quis
2133 5364 2384 5419 exorabit
2427 5379 2529 5433 pro
2580 5360 2798 5415 delictis
2829 5359 3020 5414 illius?
3054 5361 3333 5417 Memento
3370 5364 3601 5417 novissi‘

1972 5475 2217 5525 morum,
2234 5460 2292 5511 et
2319 5456 2516 5510 desine
2546 5453 2870 5508 inimicari?
2892 5453 3174 5509 Tabitudo
3195 5456 3346 5510 enim
3366 5460 3421 5510 et
3450 5474 3603 5511 mors

1971 5553 2283 5609 imminent
2306 5547 2614 5603 mandatis.
2636 5548 2950 5602 Memorare
2971 5548 3231 5603 timorem
3257 5549 3374 5613 Dei,
3399 5552 3455 5601 et
3486 5566 3606 5604 non

1972 5646 2230 5703 irasceris
2262 5643 2541 5715 proximo.
2564 5643 2881 5697 Memorare
2898 5642 3223 5697 testamenti
3241 5640 3527 5710 Altissimi,
3544 5648 3603 5697 et

1973 5741 2196 5813 despice
2239 5736 2621 5809 ignorantiam
2653 5734 2918 5807 proximi.
2950 5735 3179 5789 Abstine
3224 5736 3277 5787 te
3320 5750 3354 5787 a
3400 5733 3519 5803 lite,
3549 5742 3607 5791 ct

1975 5836 2201 5892 minues
2218 5837 2469 5907 peccata,
2491 5830 2663 5889 homo
2687 5830 2839 5887 enim
2864 5827 3165 5893 iracundus
3184 5824 3434 5884 incendit
3452 5828 3599 5899 lites,
