4034 6314
427 310 530 363 763

1327 302 1613 360 APPEND.
1655 304 1745 359 AD
1782 304 1946 359 S/EC.
1979 305 2066 359 IX.
2100 332 2168 342 ——
2200 302 2443 359 ISlDOBl
2480 300 2905 359 MERCATORIS

3695 298 3801 359 764

421 424 477 471 et
522 416 606 469 vir
640 417 904 485 peccator
929 412 1180 468 turbabit
1207 413 1435 482 amicos,
1469 416 1526 467 et
1563 413 1622 466 in
1659 414 1846 467 medio
1876 430 2069 483 pacem
2094 427 2153 496 Α
2175 412 2294 466 dire
2322 413 2571 483 linguam
2597 427 2865 482 nequam,
2893 414 2949 464 et
2969 409 3052 464 ori
3081 412 3178 464 tuo
3199 410 3365 464 facito
3387 409 3549 475 ostia,
3575 415 3630 464 ct
3644 427 3803 465 seras

434 507 777 563 habentium
817 506 1092 561 immittet
1121 506 1498 560 inimicitiam.
1547 507 1876 561 Secundum
1916 506 2070 561 enim

427 602 585 672 ligna
620 601 793 667 silvae,
814 601 891 654 sic
912 600 1064 671 ignis
1094 600 1443 665 exardescet,
1465 604 1521 653 et
1540 600 1854 654 secundum
1893 601 2066 655 virtu-

434 698 554 749 tem
580 694 828 750 hominis
859 694 1150 749 iracundia
1178 694 1326 747 illius
1360 694 1487 762 erit,
1510 698 1567 747 et
1599 694 1906 748 secundum
1936 693 2066 747 sub-

435 788 704 843 stantiam
733 804 897 843 suam
922 787 1193 843 exaltabit
1212 787 1353 841 iram
1379 804 1563 842 suam.
1589 788 1884 843 Certamen
1910 787 2067 841 festi-

433 886 634 937 natum
656 882 925 937 incendet
941 881 1157 952 ignem,
1181 887 1238 936 et
1265 882 1332 935 lis
1361 881 1639 936 festinans
1661 881 1915 935 effundet
1939 897 2068 935 san-

435 973 692 1044 guinem,
739 975 797 1026 et
842 971 1037 1042 lingua
1084 971 1391 1026 testiﬁcans
1427 970 1670 1026 adducet
1712 974 1976 1025 mortem.
2010 969 2070 1025 Si

433 1066 769 1135 sufflaveris,
793 1064 953 1137 quasi
974 1064 1123 1135 ignis
1151 1064 1458 1133 exardebit,
1493 1066 1551 1118 et
1577 1064 1625 1118 si
1655 1063 1945 1135 exspueris
1971 1080 2066 1117 su-

433 1178 541 1234 per
579 1160 735 1215 illam
782 1158 1194 1229 exstinguetur,
1228 1163 1283 1212 et
1310 1160 1551 1228 utraque
1591 1173 1656 1211 ex
1702 1174 1800 1211 ore
1844 1157 2068 1228 proﬁci-

440 1259 692 1310 scuntur.
714 1254 958 1309 Susurro
980 1256 1035 1306 et
1048 1235 1322 1322 bilinguis
1337 1251 1691 1319 maledictus,
1713 1251 1922 1305 multos
1949 1254 2067 1305 tur-

434 1348 587 1403 bavit
618 1363 818 1418 pacem
848 1346 1146 1412 habentes,
1168 1346 1363 1415 lingua
1383 1345 1549 1399 tertia
1575 1346 1785 1399 multos
1810 1360 2067 1399 commo-

431 1443 532 1509 vit,
564 1446 621 1496 et
649 1441 916 1512 dispersit
955 1439 1086 1494 illos
1131 1456 1165 1493 a
1205 1442 1373 1509 gente
1416 1438 1478 1491 in
1524 1442 1777 1508 gentem.
1808 1438 2070 1493 Civitates

434 1541 690 1591 muratas
737 1534 975 1588 divitum
1020 1533 1313 1599 destruxit,
1343 1536 1402 1586 et
1434 1532 1631 1586 domos
1668 1535 2070 1603 magnatorum

436 1629 653 1697 effodit,
676 1628 914 1683 virtutes
926 1626 1278 1698 populorum
1301 1626 1566 1692 concidit,
1591 1631 1650 1679 et
1669 1628 1865 1695 gentes
1894 1625 2070 1679 fortes

436 1722 705 1777 dissolvit.
732 1721 952 1792 Lingua
972 1719 1141 1774 tertia
1160 1720 1430 1774 mulieres
1451 1718 1643 1772 viritas
1663 1720 1710 1789 ej
1720 1718 1846 1787 ecit,
1873 1721 1931 1772 et
1958 1718 2069 1789 pri-

436 1816 590 1870 vavit
610 1831 707 1869 eas
722 1815 790 1869 de
812 1813 1103 1868 laboribus
1124 1813 1259 1867 suis.
1278 1812 1381 1876 Qui
1401 1812 1632 1883 respicit
1653 1812 1808 1865 illam
1830 1828 1946 1867 non
1976 1812 2069 1865 ha—
2087 1793 2144 1865 Β

436 1909 596 1964 bebit
631 1908 911 1979 requiem,
940 1923 1045 1962 nec
1090 1906 1372 1960 habitabit
1413 1922 1541 1959 cum
1588 1905 1799 1976 requie.
1839 1904 2070 1976 Flagelli

440 2003 607 2074 plaga
626 2001 863 2056 livorem
888 1999 1039 2066 facit,
1062 2000 1228 2070 plaga
1258 2003 1451 2053 autem
1488 1998 1701 2069 linguae
1729 1998 2072 2053 comminuit

436 2112 582 2149 ossa.
608 2095 785 2165 {Multi
829 2093 1157 2148 ceciderunt
1194 2092 1253 2145 in
1296 2108 1392 2147 ore
1435 2092 1632 2163 gladii,
1669 2092 1766 2147 sed
1810 2108 1925 2146 non
1970 2091 2068 2158 sic,

436 2189 722 2261 quomodo
748 2188 846 2260 qui
877 2187 1219 2241 interierunt
1250 2202 1354 2257 per
1382 2186 1638 2257 linguam
1662 2202 1844 2241 suam.
1869 2187 2072 2240 Beatus

434 2281 533 2355 qui
552 2285 734 2337 tectus
758 2284 844 2335 est
861 2297 892 2334 a
911 2281 1111 2351 lingua
1143 2295 1411 2351 nequam,
1427 2285 1484 2333 et
1507 2279 1605 2351 qui
1626 2280 1685 2334 in
1716 2278 2069 2333 iracundiam

434 2376 589 2431 illius
617 2392 731 2430 non
756 2374 1034 2439 transivit,
1058 2377 1116 2427 et
1137 2373 1233 2444 qui
1260 2389 1375 2427 non
1400 2373 1636 2428 attraxit
1660 2373 1869 2445 jugum
1896 2374 2066 2442 illius,

441 2474 499 2524 et
529 2468 767 2523 vinculis
791 2467 939 2522 illius
965 2483 1082 2521 non
1109 2472 1193 2521 est
1218 2466 1466 2537 ligatus.\
1481 2468 1689 2537 Jugum
1723 2466 1878 2520 enim
1920 2466 2069 2520 illius

430 2563 643 2635 jugum
693 2562 946 2616 ferreum
1000 2564 1111 2627 est,
1152 2563 1210 2614 et
1256 2560 1545 2614 vinculum
1588 2560 1737 2615 illius
1779 2560 2067 2614 vinculum

437 2673 655 2711 tereum
692 2658 795 2710 est.
835 2655 977 2709 Mors
1006 2655 1157 2708 illius
1197 2671 1349 2708 mors
1375 2653 1723 2731 nequissima
1752 2656 1855 2721 est,
1884 2656 1942 2707 et
1968 2654 2071 2707 uti-

437 2750 504 2804 lis
542 2750 729 2821 potius
770 2748 967 2803 inferis
993 2764 1168 2819 quam
1200 2747 1297 2801 illa
1324 2747 1745 2818 perseverantia
1774 2746 1927 2800 illius
1950 2763 2067 2801 non

433 2842 814 2916 permanebit,
838 2841 938 2896 sed
960 2841 1243 2896 obtinebit
1261 2840 1375 2895 vias
1396 2840 1756 2910 injustorum,
1772 2843 1828 2894 et
1843 2840 2071 2894 ﬂamma

439 2952 539 2991 sua
585 2953 700 2991 non
744 2936 1044 2990 comburet
1076 2936 1283 3004 justos.
1310 2934 1415 2997 Qui
1441 2933 1843 3005 derelinquunt
1867 2935 2066 3003 Deum,

441 3030 702 3085 incidunt
717 3029 776 3083 in
796 3029 974 3096 illam,
998 3033 1053 3083 et
1074 3028 1406 3082 exardescct
1423 3027 1481 3081 in
1508 3027 1632 3095 illis,
1651 3030 1708 3082 et
1729 3044 1840 3082 non
1862 3027 2071 3082 exstin-

2171 505 2402 565 auribus
2433 506 2561 573 tuis,
2597 521 2803 558 aurum
2832 509 3017 570 tuum,
3046 506 3103 557 et
3131 507 3435 575 argentum
3475 506 3638 557 tuum
3671 520 3806 558 con-

2168 598 2263 665 fla,
2295 602 2352 653 et
2376 598 2563 653 verbis
2590 598 2700 651 tuis
2727 598 2894 652 facito
2922 601 3212 666 stateram,
3241 601 3297 651 et
3336 596 3529 650 frenos
3572 596 3658 650 ori
3701 602 3803 651 tuo

2168 696 2369 760 rectos,
2404 694 2461 745 et
2500 691 2727 745 attende
2768 707 2841 745 ne
2879 691 3025 752 forte
3062 690 3353 745 labarisin
3378 689 3573 760 lingua
3595 694 3713 756 tua,
3749 695 3806 743 et

2168 785 2335 840 cadas
2361 785 2420 838 in
2449 787 2752 855 conspectu
2777 783 3141 838 inimicorum
3165 782 3558 837 insidiantium
3591 782 3711 850 tibi,
3746 786 3807 837 et

2169 878 2241 932 sit
2292 895 2452 933 casus
2505 881 2633 932 tuus
2686 876 3015 932 insanabilis
3039 878 3099 931 in
3124 880 3390 945 mortem,
3421 876 3526 931 ista
3563 880 3807 931 caveant

2169 988 2366 1027 omnes
2400 976 2456 1027 et
2491 972 2797 1027 cohibeant
2835 971 3092 1041 linguam
3118 987 3279 1026 suam
3306 987 3340 1024 a
3363 971 3534 1037 malo,
3565 974 3623 1024 et
3652 969 3805 1025 labia

2169 1082 2371 1121 eorum
2400 1082 2473 1119 ne
2502 1066 2812 1137 loquantur
2839 1065 3056 1119 dolum.

2243 1181 2271 1210 «
2299 1161 2377 1214 De
2406 1164 2629 1226 caetero,
2653 1157 2993 1227 charissimi,
3015 1156 3419 1213 confortamini
3459 1157 3517 1211 in
3553 1157 3804 1213 Domino

2169 1258 2224 1307 et
2267 1253 2329 1307 in
2371 1253 2627 1324 potentia
2670 1251 2897 1306 virtutis
2937 1251 3081 1321 ejus.
3126 1251 3347 1305 Induite
3381 1267 3480 1305 vos
3512 1256 3805 1306 armatura

2169 1347 2289 1415 Dei,
2313 1352 2378 1401 ut
2402 1346 2629 1418 possitis
2656 1350 2801 1400 stare
2827 1345 3097 1399 adversus
3122 1344 3355 1399 insidias
3381 1344 3623 1414 diaboli;
3655 1361 3800 1415 quo-

2167 1440 2324 1495 niam
2356 1457 2471 1495 non
2513 1443 2600 1494 est
2640 1440 2805 1494 nobis
2841 1438 3159 1494 colluctatio
3187 1439 3455 1493 adversus
3484 1454 3715 1493 carnem
3744 1442 3805 1492 et

2169 1534 2529 1606 sanguinem,
2580 1534 2676 1588 sed
2733 1533 3004 1587 adversus
3053 1532 3342 1604 principes
3379 1537 3437 1586 et
3473 1535 3799 1603 potestates,

2168 1629 2437 1683 adversus
2461 1628 2663 1683 mundi
2696 1630 2944 1682 rectores
2972 1626 3338 1681 tenebrarum
3371 1626 3576 1680 barum
3604 1631 3806 1681 contra

2170 1721 2482 1792 spiritualia
2522 1720 2793 1792 nequitiae
2847 1720 2908 1774 in
2955 1720 3295 1787 ccelestibus,
3318 1724 3620 1791 propterea
3648 1720 3800 1773 acci-

2169 1814 2287 1887 pite
2302 1819 2651 1869 armaturam
2673 1814 2791 1881 Dei,
2813 1818 2878 1868 ut
2897 1813 3121 1884 possitis
3148 1813 3412 1868 resistere
3434 1813 3495 1867 in
3526 1813 3614 1867 die
3644 1813 3803 1867 malo

2170 1912 2229 1963 et
2254 1909 2313 1962 in
2348 1908 2612 1963 omnibus
2653 1908 2892 1980 perfecti
2935 1910 3104 1962 stare.
3150 1909 3300 1962 State
3346 1923 3482 1977 ergo
3528 1906 3803 1961 succincti

2168 2001 2393 2056 lumbos
2426 2004 2638 2055 vestros
2672 2001 2730 2055 in
2762 2000 3012 2069 veritate,
3046 2005 3103 2054 et
3132 2000 3353 2054 induite
3380 2000 3610 2054 loricam
3627 1999 3802 2070 justi-

2169 2095 2282 2162 tim,
2306 2099 2361 2149 et
2387 2094 2619 2149 calceati
2655 2094 2831 2165 pedes
2855 2094 2915 2148 in
2944 2093 3362 2165 praeparatione
3387 2092 3671 2165 Evangelii
3694 2108 3802 2163 pa-

2170 2187 2246 2241 cis
2274 2187 2331 2241 in
2363 2188 2657 2257 omnibus;
2689 2190 2979 2242 sumentes
3009 2190 3234 2242 scutum
3261 2186 3416 2256 fidei,
3442 2186 3502 2241 in
3537 2202 3649 2257 quo
3673 2202 3807 2257 pos-

2170 2281 2289 2336 sitis
2317 2281 2508 2336 omnia
2532 2283 2643 2336 tela
2664 2281 2999 2353 nequissimi
3016 2281 3186 2351 ignea
3207 2280 3592 2351 exstinguere.
3615 2282 3682 2334 Et
3701 2295 3803 2349 ga-

2167 2375 2313 2430 leam
2344 2374 2538 2429 salutis
2571 2375 2859 2444 assumite,
2894 2378 2953 2429 et
2986 2374 3239 2445 gladium
3265 2374 3494 2445 spiritus
3527 2373 3677 2445 quod
3708 2379 3803 2428 est

2168 2468 2406 2523 verbum
2436 2468 2533 2523 Dei
2564 2469 2776 2539 (Ephes.
2802 2485 2877 2538 v1,
2911 2470 3107 2538 10-17).
3140 2489 3168 2518 ››
3199 2469 3346 2535 Haec,
3379 2468 3602 2534 fratres,
3635 2466 3803 2521 vobis

2168 2561 2514 2633 scripsimus,
2548 2565 2607 2616 et
2645 2562 2993 2632 generaliter
3017 2561 3282 2616 omnibus
3307 2566 3511 2616 notum
3539 2561 3664 2614 ﬁeri
3693 2577 3799 2615 vo-

2167 2655 2379 2725 lumus,
2414 2660 2475 2710 ut
2499 2672 2625 2727 qua:
2649 2658 2883 2710 caeteros
2913 2658 3160 2727 tangunt
3184 2654 3448 2710 omnibus
3473 2659 3607 2709 nota
3628 2653 3796 2710 fiant.

2169 2748 2542 2819 Omnipotens
2572 2750 2717 2803 Deus
2741 2766 2840 2804 vos
2857 2752 2913 2803 et
2937 2748 3189 2821 reliquos
3207 2749 3409 2804 fratres
3431 2747 3643 2819 ubique
3664 2763 3802 2802 con-

2169 2842 2428 2897 sistentes
2478 2844 2742 2913 protegat
2793 2859 2971 2913 usque
3018 2843 3078 2897 in
3129 2842 3325 2909 ﬁnem,
3365 2842 3465 2914 qui
3520 2845 3799 2896 cunctum

2168 2935 2451 2989 mundum
2495 2941 2581 2990 est
2609 2934 2876 3008 dignatus
2902 2936 3184 2991 redimere
3210 2937 3370 2991 Jesus
3398 2934 3649 2993 Christus
3678 2937 3799 2991 Do-

2168 3027 2359 3083 minus
2398 3034 2608 3099 noster,
2636 3029 2732 3101 qui
2770 3036 2855 3085 est
2895 3030 3229 3086 benedictus
3252 3030 3312 3085 in
3339 3030 3563 3085 saecula.
3590 3033 3798 3085 Amen.

437 3126 788 3237 guetiir,‘etj
815 3121 1257 3237 immittetturcin
1299 3121 1424 3237 illos
1467 3121 1626 3225 quasi
1672 3121 1867 3237 leonet
1906 3122 2069 3237 1quasi
2088 3162 2143 3237 Ο
2169 3123 2308 3177 Data
2346 3123 2579 3178 Kalend.
2627 3123 2856 3194 Aprilis,
2884 3124 3277 3181 Valentiniano
3318 3129 3377 3180 et
3416 3122 3701 3179 Florentio
3729 3124 3803 3178 IV

435 3217 651 3289 pardus
682 3216 857 3271 laedet
877 3216 1018 3270 illos.
1051 3214 1184 3287 Sepi
1208 3231 1373 3269 aures
1390 3217 1519 3269 tuas
1540 3214 1734 3286 spinis,
1755 3217 1811 3270 et
1830 3215 1947 3269 noli
1967 3232 2066 3269 au-

2168 3217 2511 3272 consulibus.

997 3452 1575 3546 INCIPIUNT
1679 3453 2255 3548 EPISTOLAE
2359 3451 2762 3551 LEONIS
2865 3457 3231 3549 PAPIE.

438 3609 478 3663 l.
532 3637 601 3647 --
632 3596 745 3663 'Ad
805 3606 1047 3674 Eutycen
1112 3604 1767 3675 Constantinopolitanum
1827 3606 2073 3661 abbatem

770 3678 1030 3732 adversus
1067 3678 1448 3731 Nestorianam
1487 3678 1749 3731 haeresim.

510 3776 880 3832 Dilectissimo
911 3774 1026 3828 ﬁlio
1054 3775 1303 3829 EUTICETI
1344 3773 1674 3844 presbytero
1716 3774 1824 3829 Lao
1867 3773 2075 3846 episco-

440 3887 566 3944 pus.

515 3963 563 4035 1
579 3959 707 4035 88
720 3960 803 4015 Ad
822 3960 1087 4015 notitiam
1111 3961 1369 4014 nostram
1394 3961 1505 4014 tum
1531 3958 1843 4015 dilectionis
1872 3961 2075 4032 episto-

441 4058 555 4113 lam
587 4054 851 4121 retulisti,
883 4053 1036 4125 quod
1063 4053 1392 4107 Nestoriana
1428 4053 1655 4108 haeresis
1694 4056 2074 4123 quorumdam

438 4165 633 4206 rursus
662 4146 861 4202 studiis
887 4146 1214 4219 pullularet.
1244 4145 1688 4201 Sollicitudinem
1716 4151 1871 4201 tuam
1890 4164 1956 4201 ex
1969 4148 2074 4203 hac

439 4245 599 4314 parte
638 4241 801 4296 nobis
846 4239 1121 4312 placuisse
1152 4239 1564 4310 rescripsimus,
1598 4239 1866 4311 quoniam
1902 4241 2073 4295 index

439 4333 621 4389 animi
664 4330 750 4387 tui
796 4335 880 4387 est
923 4348 1110 4387 sermo
1155 4346 1327 4402 quem
1370 4331 1741 4401 sumpsimus.
1771 4332 1927 4387 Unde
1954 4348 2072 4388 non

441 4425 791 4499 ambigimus
829 4428 1119 4481 auctorem
1157 4423 1443 4479 catholicas
1475 4424 1609 4479 ﬁdei
1639 4425 1944 4480 Dominum
1969 4426 2071 4481 tibi

440 4520 501 4578 in
560 4519 826 4577 omnibus
872 4519 1204 4573 affuturum.
1258 4518 1366 4572 Nos
1418 4521 1609 4573 autem
1661 4536 1791 4573 cum
1847 4521 2073 4590 plenius

440 4632 689 4689 quorum
713 4614 824 4669 hoc
850 4612 1214 4683 improbitate
1234 4612 1351 4680 fiat,
1365 4613 1720 4683 potuerimus
1740 4630 2068 4685 agnoscere,

437 4725 665 4764 necesse
696 4710 799 4775 est,
814 4706 1119 4761 auxiliante
1150 4705 1413 4773 Domino,
1442 4706 1761 4777 providere,
1791 4711 2071 4778 quatenus

437 4801 756 4858 nefandum
814 4799 967 4854 virus
1022 4799 1357 4868 dudumque
1412 4799 1742 4855 damnatum
1806 4801 2071 4856 radicitus

2173 3607 2437 3662 scandala
2481 3608 2893 3675 convalescant,
2922 3607 3058 3679 quia
3086 3611 3221 3661 tunc
3249 3609 3334 3661 est
3357 3605 3606 3677 optimus
3630 3605 3804 3676 regni

2173 3701 2343 3756 vestri
2376 3704 2570 3770 status,
2604 3702 2832 3774 quando
2872 3701 3236 3773 sempiternae
3262 3702 3319 3755 et
3345 3698 3807 3754 incommutabili

2172 3794 2427 3849 Trinitati
2475 3796 2644 3849 unius
2694 3795 2920 3850 deitatis
2962 3794 3314 3850 confessione
3362 3793 3620 3849 servitur.
3654 3791 3804 3857 Quid

2173 3893 2367 3943 autem
2382 3888 2441 3942 in
2457 3890 3085 3961 Constantinopolitana
3104 3888 3339 3943 ecclesia
3358 3885 3806 3959 perturbationis

2172 3980 2457 4048 acciderit,
2489 3982 2626 4053 quid
2653 3982 2730 4036 ita
2758 3983 2990 4038 fratrem
3021 3989 3077 4038 et
3105 3982 3505 4053 coepiscopum
3536 3984 3806 4035 nostrum

2174 4074 2500 4128 Flavianum
2530 4076 2781 4146 potuerit
2797 4093 3156 4132 commovere
3170 4076 3197 4130 ‘?
3214 4079 3279 4130 ut
3308 4075 3543 4130 Euticen
3563 4074 3801 4146 presby-

2173 4173 2360 4223 terum
2374 4169 2776 4224 communione
2796 4170 3325 4241 privaret,nondum
3339 4169 3499 4241 potui
3511 4168 3807 4223 evidenter

2173 4278 2532 4333 cognoscere.
2561 4264 2828 4327 Quamvis
2867 4264 3022 4318 enim
3064 4263 3367 4335 praedictus
3408 4263 3704 4335 presbyter
3729 4262 3805 4317 ad

2173 4354 2372 4410 Sedem
2399 4357 2762 4427 apostolicam
2797 4374 2904 4429 per
2932 4357 3187 4412 libellum
3225 4356 3436 4411 doloris
3482 4356 3569 4410 sui
3612 4355 3807 4427 queri-

2172 4450 2430 4504 moniam
2465 4450 2703 4521 miserit,
2731 4452 2977 4507 breviter
3019 4454 3212 4505 tamen
3251 4450 3443 4522 aliqua
3481 4449 3805 4521 praelibavit

2173 4560 2427 4598 asserens
2479 4562 2539 4598 se
2595 4545 2835 4600 Nicaeum
2878 4545 3083 4617 synodi
3133 4545 3439 4600 constituta
3481 4547 3801 4599 servantem

2170 4637 2385 4691 frustra
2420 4637 2478 4692 in
2510 4638 2644 4693 fidei
2662 4639 2980 4695 diversitate
3000 4639 3317 4710 culpatum;
3349 4637 3574 4693 Eusebii
3600 4640 3803 4692 autem

2171 4730 2420 4803 episcopi
2450 4733 2789 4788 accusatoris
2823 4733 2944 4804 ejus
2981 4732 3221 4800 libellus,
3253 4732 3413 4803 cujus
3452 4730 3803 4802 exemplaria

2169 4825 2239 4879 ad
2287 4842 2389 4880 nos
2432 4826 2739 4897 praedictus
2782 4826 3074 4898 presbyter
3121 4826 3304 4894 misit,
3352 4826 3422 4880 de
3466 4824 3801 4897 objectionis

435 4896 613 4969 possit
641 4893 943 4964 exstingui.
996 4893 1142 4946 Deus
1184 4895 1241 4946 te
1280 4892 1556 4947 custodiat
1580 4893 1947 4964 incolumem,
1980 4896 2066 4951 di-

2170 4892 2453 4974 evidentia
2483 4920 2624 4974 nihil
2649 4892 3072 4991 habebatA'Sed
3110 4937 3240 4975 cum
3265 4892 3591 4991 presbytero
3619 4919 3803 4973 heare-

437 4988 737 5045 lectissime
765 4986 866 5041 ﬁli.

710 5104 776 5158 ll.
816 5132 885 5144 -—
923 5104 1017 5158 Ad
1058 5103 1411 5159 Theodosium
1451 5104 1781 5173 Augustum.

509 5199 618 5253 Lao
645 5197 947 5252 Tasonosro
975 5198 1252 5269 Augusto.

489 5293 779 5357 Quantum
790 5290 1041 5363 praesidii
1055 5290 1338 5347 Dominus
1350 5291 1609 5349 Ecclesiae
1624 5309 1741 5347 sum
1754 5294 1814 5347 in
1827 5292 1939 5349 ﬁde
1952 5311 2071 5349 ves-

436 5392 541 5443 tras
569 5385 884 5441 clementia:
904 5386 1259 5457 prtepararit,
1282 5386 1371 5440 his
1397 5387 1571 5442 etiam
1603 5384 1805 5443 litteris
1832 5405 1970 5459 quas
1995 5389 2068 5443 ad

435 5498 527 5538 me
543 5479 746 5535 misisti
759 5478 1097 5547 ostenditur,
1118 5484 1181 5535 ut
1201 5480 1356 5534 vobis
1372 5497 1487 5535 non
1504 5481 1687 5536 solum
1701 5481 1949 5553 regium,
1966 5482 2066 5537 sed

432 5577 601 5632 etiam
616 5573 1022 5630 sacerdotalem
1037 5574 1297 5628 animum
1310 5573 1493 5629 inesse
1508 5575 1933 5646 gaudeamus.Si
1945 5577 2066 5647 qui-

434 5671 559 5725 dem
581 5673 817 5741 propter
846 5666 1177 5739 imperiales
1198 5672 1253 5722 et
1265 5668 1520 5738 publicas
1550 5685 1729 5736 curas,
1752 5669 2063 5739 piissimam

430 5763 875 5818 sollicitudinem
894 5760 1230 5820 Christiana:
1257 5761 1550 5832 religionis
1568 5761 1803 5831 habetis,
1826 5779 1899 5816 ne
1925 5763 2066 5817 scili-

428 5860 536 5927 cet,
549 5855 608 5910 in
621 5858 834 5929 populo
849 5855 971 5929 Dei,
989 5859 1085 5912 aut
1103 5852 1427 5923 schismata,
1442 5857 1540 5908 aut
1558 5854 1824 5928 haereses,
1841 5856 2065 5912 autulla

2172 5029 2296 5067 seos
2334 5013 2550 5068 crimen
2590 4982 2942 5083 intenderet:
2954 5031 3123 5087 quem
3151 5020 3348 5069 tamen
3375 5018 3634 5069 nostrum
3663 5029 3798 5068 sen-

2169 5122 2295 5160 sum
2326 5108 2599 5179 arguerit,
2631 5125 2744 5163 non
2796 5108 3086 5165 evidenter
3128 5108 3420 5180 expressit,
3449 5106 3707 5179 quamvis
3742 5111 3801 5162 et

2167 5199 2290 5271 ipse
2304 5204 2359 5254 et
2374 5201 2670 5272 episcopus
2688 5202 2925 5257 Nicsenaa
2951 5202 3147 5275 synodi
3166 5203 3498 5274 proﬁteatur
3516 5200 3576 5255 in
3601 5201 3707 5255 hac
3733 5217 3798 5257 re

2167 5310 2227 5347 se
2255 5310 2375 5349 esse
2400 5294 2422 5316 ‘
2443 5294 2949 5367 decretis,propter
2971 5297 3127 5369 quod
3151 5313 3267 5351 non
3293 5295 3613 5365 habuimus,
3644 5295 3797 5351 unde

2165 5387 2375 5459 aliquid
2406 5388 2742 5444 diceremus.
2763 5390 2830 5445 Et
2851 5390 2984 5461 quia
3006 5407 3187 5445 causa:
3211 5390 3479 5445 meritum
3503 5388 3631 5444 fidei
3648 5390 3797 5445 ratio

2168 5485 2226 5534 et
2250 5481 2547 5536 laudabilis
2591 5477 2907 5538 sollicitudo
2950 5488 3149 5540 vestrae
3191 5484 3417 5556 pietatis
3454 5483 3658 5553 exegit,
3696 5499 3799 5537 ne-

2165 5591 2317 5629 cesse
2336 5579 2439 5642 est,
2448 5576 2571 5646 jam
2592 5577 2779 5631 locum
2800 5578 3258 5650 subreptionibus
3278 5594 3393 5632 non
3413 5581 3624 5649 patere,
3650 5577 3798 5632 scili‘

2165 5672 2255 5722 cet
2280 5668 2435 5739 prius
2463 5670 2531 5724 de
2564 5671 2769 5741 quibus
2790 5688 2922 5726 eum
2948 5672 3190 5727 mstimat
3208 5672 3563 5744 arguendum
3585 5671 3796 5726 instrui

2161 5780 2265 5817 nos
2291 5768 2531 5834 oportet,
2566 5770 2626 5820 ut
2658 5765 2836 5837 possit
2878 5766 2947 5820 de
2978 5765 3122 5821 bene
3161 5766 3401 5837 cognitis
3430 5781 3679 5835 congrue
3698 5765 3797 5835 ju-

2164 5855 2359 5912 dicari.
2387 5858 2470 5912 Ad
2486 5859 2823 5931 praedictum
2852 5864 3043 5916 autem
3070 5859 3398 5936 episcopum
3423 5858 3554 5916 dedi
3572 5859 3796 5920 littera:
