4034 6304
171 329 271 380 765

1408 317 1879 378 DECRETALIUM
1917 321 2302 378 COLLECTIO.

3433 321 3534 374 766

173 433 383 503 quibus
410 431 557 486 mihi
578 430 877 502 displicere
904 435 1298 500 cognosceret,
1323 431 1475 500 quod
1503 448 1571 484 ea
1600 446 1728 500 quae
1755 431 1813 483 in
1834 443 1892 514 Α
1911 431 1981 484 ad
2003 430 2343 484 soliditatem
2368 427 2498 482 ﬁdei
2525 426 2891 498 pertinentes,
2915 442 3089 497 prava
3109 426 3444 497 cujusquam
3464 429 3544 480 in-

171 529 333 580 tanta
363 542 533 580 causa
560 530 716 597 gesta
760 525 984 580 fuerant
1019 523 1194 577 etiam
1225 523 1402 577 nimio
1431 523 1653 578 silentio
1683 522 1813 576 reti-

171 622 350 686 ceret,
389 635 524 673 cum
563 618 788 673 studere
837 615 1096 672 debuerit
1129 616 1394 688 primitus
1425 616 1584 670 nobis
1610 621 1813 670 cuncta

170 728 454 766 reserare.
503 712 686 776 Quem
732 711 1032 777 credimus,
1076 710 1166 764 vel
1200 713 1324 780 post
1359 710 1812 765 admonitionem

172 806 370 860 omnia
397 806 471 860 ad
497 808 758 861 nostram
784 804 1044 859 notitiam
1071 805 1404 871 relaturum,
1439 809 1505 858 ut
1532 803 1591 857 in
1629 798 1860 857 lucem\

171 899 359 954 ductis
371 899 463 953 his
475 915 606 970 quae
616 899 803 953 adhuc
816 898 1078 952 videntur
1089 897 1325 963 occulta,
1341 896 1396 951 id
1409 897 1561 968 quod
1573 912 1809 967 evange-

168 992 291 1046 licae
317 997 376 1046 et
405 991 731 1063 apostolicae
756 991 1030 1046 doctrinae
1057 990 1343 1060 convenit,
1352 989 1660 1060 judicetur.
1674 989 1814 1042 Data

171 1086 241 1140 ad
261 1085 547 1140 Kalendas
560 1085 803 1152 Martias,
821 1083 1041 1139 Asterio
1059 1085 1444 1154 etProtogene
1465 1082 1809 1138 consulibus.

171 1191 255 1244 Ill.
275 1220 346 1229 —
365 1190 462 1244 Ad
487 1192 815 1244 Flavianum
838 1189 1486 1259 Constantinopolitanum
1512 1192 1814 1258 episcopum

205 1263 303 1314 ubi
328 1264 546 1330 quaerit,
578 1277 674 1315 cur
701 1263 909 1316 Eutices
929 1262 997 1314 ab
1023 1262 1258 1315 Ecclesia
1281 1263 1454 1328 fuerit
1471 1265 1773 1330 separatus.

241 1362 618 1417 Dilectissimo
648 1361 808 1417 fratri
829 1363 1102 1417 Fuvao
1131 1362 1260 1428 Leo,
1290 1365 1348 1415 et
1372 1365 1598 1415 caetera.

239 1457 387 1510 Cum
405 1455 922 1510 Christianissimus
938 1459 995 1510 et
1009 1455 1482 1508 clementissimus
1499 1455 1816 1525 imperator

172 1554 385 1603 sanctae
408 1552 469 1602 et
487 1547 786 1603 laudabilis
805 1547 939 1602 ﬁdei
959 1565 1062 1619 pro
1081 1547 1342 1602 Ecclesiae
1362 1547 1655 1602 catholicae
1673 1562 1813 1618 pace

172 1642 450 1696 sollicitus
478 1641 554 1697 ad
574 1658 679 1696 nos
699 1642 904 1712 scripta
923 1641 1314 1707 transmiserit,
1339 1642 1406 1695 de
1432 1641 1520 1694 his
1549 1638 1812 1711 quiapud

171 1752 264 1790 vos
287 1735 742 1807 perturbationis
762 1735 1060 1806 strepitum
1079 1737 1393 1790 moverant.
1417 1734 1687 1789 Miramur
1704 1732 1813 1786 fra-

1913 523 2322 594 terpretatione
2337 522 2636 576 violentur.
2652 522 2800 574 Deus
2815 525 2868 574 te
2886 520 3167 574 custodiat
3179 519 3542 588 incolumem,

1912 618 2089 671 frater
2109 615 2457 671 charissime.

1913 717 1996 770 IV.
2017 717 2430 784 -—Rescriptum
2457 714 2710 768 Flaviani
2733 713 2807 766 ad
2835 713 3046 768 beatum
3071 715 3292 768 Leonem
3312 729 3540 785 papam.

1988 812 2037 863 l.
2070 809 2149 862 De
2180 807 2403 861 subdoli
2425 805 2601 860 hostis
2626 805 2860 859 insidiis.

1983 906 2033 957 2.
2066 903 2141 956 De
2168 901 2530 955 fraudulenta
2551 898 2854 953 subtilitate
2886 899 3299 955 haereticorum.

1983 998 2036 1050 3.
2071 997 2148 1048 De
2179 992 2549 1064 blasphemiis
2579 991 2861 1046 Euticetis.

1981 1088 2035 1142 4.
2064 1089 2140 1142 De
2171 1085 2759 1142 excommunicatione
2786 1086 2908 1155 ejus
2927 1085 3256 1156 justissima.

1983 1182 2217 1236 Domins
2246 1180 2570 1236 beatissimo
2591 1183 2645 1233 et
2666 1180 2778 1232 Deo
2805 1178 3033 1232 amabili
3056 1179 3229 1233 Leoni
3247 1180 3542 1236 Flavianus

1911 1274 1970 1329 in
2000 1275 2241 1329 Domino
2267 1279 2542 1328 aeternam
2575 1273 2839 1326 salutem.

1982 1375 2106 1429 CAP.
2153 1375 2194 1428 Ι.
2243 1373 2403 1426 Nulla
2443 1387 2530 1425 res
2567 1369 2778 1425 diaboli
2824 1387 3043 1424 venena
3070 1372 3399 1442 compescit,
3438 1390 3541 1428 nec

1913 1467 2164 1521 continet
2207 1465 2536 1521 mortiferas
2574 1463 2696 1534 ejus
2728 1464 2978 1533 sagittas.
3020 1464 3256 1519 Sursum
3284 1466 3436 1520 enim
3466 1470 3544 1520 at-

1911 1578 2022 1633 que
2048 1561 2316 1616 deorsum
2346 1560 2645 1630 pervolans
2667 1558 2873 1629 quaerit
2900 1574 3043 1628 quos
3071 1559 3245 1628 possit
3270 1560 3540 1627 occidere,

1912 1672 2053 1727 quos
2081 1655 2257 1725 possit
2284 1669 2573 1724 superare,
2605 1669 2745 1723 quos
2779 1653 2957 1722 possit
2983 1651 3274 1706 devorare.
3310 1655 3544 1726 Propter

1914 1765 2086 1820 quam
2115 1764 2238 1802 rem
2278 1746 2629 1817 vigilandum
2669 1751 2754 1800 est
2781 1746 2840 1798 in
2871 1745 3244 1814 orationibus,
3284 1750 3454 1818 atque
3487 1747 3543 1802 id

171 1829 504 1884 “imitate!”
519 1831 696 1897 tuam:
713 1828 991 1900 qnidquid
1011 1828 1152 1884 inlld
1174 1827 1627 1894 scandalifuerit:
1649 1825 1814 1881 “Obis
1835 1813 1890 1884 B
1915 1813 2273 1913 dperandum
2293 1813 2395 1906 est,
2423 1843 2488 1894 ut
2513 1840 2695 1894 fatuas
2722 1837 3111 1909 inquisitiones
3137 1813 3346 1894 evitare
3359 1813 3544 1911 possi-

169 1922 334 1978 silere
359 1922 636 1993 potuisse,
660 1925 718 1975 et
741 1938 858 1976 non
878 1922 1064 1993 potius
1084 1938 1436 1993 procurasse,
1465 1924 1528 1974 ut
1548 1919 1812 1992 primitus

168 2032 269 2070 nos
295 2016 610 2070 insinuatio
631 2019 744 2070 tuae
765 2015 1052 2070 relationis
1079 2015 1403 2082 instrueret,
1429 2031 1500 2068 ne
1526 2015 1596 2069 de
1613 2029 1808 2069 rerum

173 2115 467 2181 gestarum
494 2127 787 2181 possemus
817 2109 929 2165 ﬁde
960 2109 1278 2180 ambigere.
1301 2108 1629 2180 Accepimus
1657 2107 1812 2162 enim

167 2203 432 2258 libellum
467 2204 741 2258 Euticetis
775 2203 1110 2275 presbyteri,
1143 2203 1242 2274 qui
1273 2219 1329 2257 se
1358 2202 1618 2274 queritur
1644 2218 1808 2256 accu-

171 2301 333 2352 sante
352 2297 598 2352 Eusebio
621 2297 880 2369 episcopo
897 2297 1184 2353 immerito
1205 2296 1610 2352 communione
1629 2295 1813 2367 priva-

172 2397 316 2460 tum,
341 2391 596 2446 maxime
619 2408 748 2446 cum
769 2396 1066 2446 evocatum
1092 2407 1151 2446 se
1171 2391 1395 2445 affuisse
1427 2392 1683 2457 testetur,
1707 2406 1811 2444 nec

173 2485 257 2540 sui
276 2485 655 2556 praesentiam
678 2485 1006 2557 denegasse,
1034 2485 1173 2540 adeo
1199 2488 1262 2538 ut
1290 2485 1350 2538 in
1369 2484 1489 2555 ipso
1504 2483 1720 2555 judicio
1738 2483 1808 2537 li—

169 2577 388 2633 bellum
409 2578 804 2650 appellationis
823 2595 940 2633 suae
959 2579 1173 2633 asSerat
1191 2578 1480 2646 obtulisse,
1497 2594 1600 2632 nec
1615 2582 1810 2632 tamen

169 2670 342 2728 fuisse
359 2676 709 2743 susceptum,
731 2688 846 2744 qua
864 2673 1086 2726 ratione
1111 2673 1433 2742 compulsus
1463 2671 1553 2741 sit,
1585 2674 1646 2724 ut
1670 2687 1808 2726 con-

170 2765 499 2821 t85tat0rios
516 2765 736 2820 libellos
751 2765 811 2818 in
821 2765 1441 2837 Constantinopolitana
1455 2765 1592 2819 urbe
1605 2781 1813 2836 propo-

173 2865 353 2915 neret.
393 2859 614 2922 Quibus
639 2859 810 2914 rebus
839 2859 1336 2926 intercedentibus,
1365 2859 1610 2913 necdum
1631 2874 1808 2929 agno-

172 2954 382 3007 scimus
405 2969 523 3024 qua
533 2948 754 3022 justi‘tia
769 2969 801 3006 a
820 2953 1227 3007 communione
1249 2952 1509 3006 Ecclesiae
1526 2951 1699 3006 fuerit
1719 2969 1807 3006 se-

172 3046 423 3114 paratus.
459 3042 568 3097 Sed
601 3041 964 3112 respicientes
1001 3043 1074 3096 ad
1102 3059 1329 3096 causam
1355 3041 1486 3097 facti
1524 3042 1604 3096 tui
1643 3059 1810 3096 nosse

173 3136 440 3191 volumus
478 3135 784 3206 rationem,
826 3138 884 3190 et
923 3152 1104 3208 usque
1143 3136 1218 3190 ad
1254 3140 1508 3191 nostram
1543 3137 1810 3191 notitiam

171 3235 372 3285 cuncta
399 3230 632 3285 deferri.
649 3215 941 3293 ‘Quoniam
965 3247 1064 3284 nos
1082 3231 1179 3302 qui
1201 3231 1566 3285 sacerdotum
1591 3229 1813 3284 Domini
1836 3189 1889 3263 Ο

171 3327 401 3379 matura
430 3323 693 3378 volumus
735 3339 854 3378 esse
893 3323 1130 3394 judicia,
1167 3324 1309 3378 nihil
1335 3341 1636 3396 possumus
1666 3324 1815 3378 inco-

173 3418 346 3491 gnitis
371 3417 546 3474 rebus
571 3417 994 3489 inicujusquam
1034 3418 1212 3489 partis
1239 3418 1640 3490 prmjudicium
1671 3418 1810 3472 deﬁ-

170 3513 314 3583 nire,
348 3497 687 3584 priusquam
724 3511 989 3567 universa
1027 3529 1154 3583 quas
1195 3517 1350 3583 gesta
1378 3516 1509 3567 sunt
1539 3511 1815 3567 veraciter

172 3606 495 3662 audiamus.
545 3605 658 3660 Sed
705 3604 834 3672 ideo
880 3605 1204 3660 fraternitas
1255 3610 1355 3660 tua
1400 3623 1503 3676 per
1551 3605 1814 3660 idoneam

172 3699 432 3754 maxime
457 3705 766 3770 aptamque
802 3715 1133 3771 personam,
1171 3699 1504 3770 plenissima
1529 3699 1692 3753 nobis
1723 3716 1811 3754 re-

172 3793 383 3850 latione
413 3793 714 3865 signiﬁcet,
745 3793 881 3864 quid
911 3799 1106 3848 contra
1133 3794 1425 3866 antiquam
1450 3794 1621 3848 ﬁdem
1650 3793 1811 3848 novi-

173 3889 303 3942 tatis
351 3887 675 3954 emerserit,
733 3887 872 3958 quid
927 3887 1194 3942 severiori
1243 3888 1526 3943 sententia
1575 3888 1814 3959 dignum

175 3981 350 4036 fuerit
368 3979 666 4036 vindicari.
695 3981 834 4034 Nam
865 3986 921 4035 et
949 3982 1207 4036 Ecclesiae
1240 3982 1559 4036 moderatio
1602 3987 1658 4036 et
1680 3982 1814 4037 reli-

179 4075 484 4147 giosissimi
500 4074 774 4146 principis
789 4075 930 4129 ﬁdes
945 4076 1184 4147 multam
1199 4076 1359 4131 nobis
1373 4077 1817 4131 sollicitudinem

177 4139 522 4225 Dhristiana;
555 4139 711 4241 pacis
740 4139 1128 4237 indicunt,lut
1183 4171 1490 4241 amputatis
1517 4171 1816 4226 dissensio-

177 4264 347 4318 nibus
394 4262 540 4318 ﬁdes
577 4262 852 4317 catholica
897 4263 1166 4318 inviolata
1196 4269 1471 4331 servetur,
1508 4269 1564 4319 et
1599 4265 1686 4319 his
1720 4265 1819 4336 qui

174 4375 354 4430 prava
403 4357 721 4412 defendunt
766 4357 838 4411 ab
893 4373 1084 4413 errore
1127 4359 1433 4426 revocatis,
1483 4364 1675 4413 nostra
1724 4377 1820 4413 au-

176 4452 453 4520 ctoritate,
488 4468 737 4523 quorum
762 4452 901 4507 ﬁdes
943 4453 1180 4524 probata
1221 4453 1412 4521 fuerit,
1465 4453 1814 4509 muniantur.

1908 1953 2057 1990 mus.
2083 1936 2251 1989 Decet
2274 1937 2470 1988 autem
2500 1933 2657 2004 sequi
2684 1935 2876 1987 Patres
2901 1934 3141 2001 nostros,
3170 1950 3272 1987 nec
3293 1950 3544 1990 commu-

1909 2033 2031 2084 tare
2064 2028 2454 2082 deﬁnitionem
2475 2043 2675 2082 eorum
2696 2030 3056 2097 perpetuam,
3080 2042 3326 2096 quorum
3352 2045 3546 2084 secun-

1911 2123 2047 2177 dum
2073 2139 2260 2177 sacras
2291 2121 2603 2192 Scripturas
2625 2119 2926 2174 didicimus
2956 2119 3234 2190 regulam.
3267 2121 3543 2192 Depositis

1910 2232 2046 2286 ergo
2091 2215 2318 2269 ﬂetibus
2367 2217 2424 2268 et
2449 2213 2730 2284 lacrymis,
2770 2212 2904 2283 quia
2926 2228 3148 2266 summo
3175 2213 3410 2267 clericus
3441 2214 3539 2270 de-

1910 2325 2050 2379 gens
2078 2309 2257 2380 gradu
2286 2308 2507 2362 invasus
2529 2311 2613 2361 est
2641 2323 2675 2360 a
2699 2307 2818 2360 fero
2849 2305 3127 2373 daemone,
3160 2310 3216 2360 et
3245 2323 3358 2361 non
3383 2309 3543 2379 potui

1913 2419 2046 2457 eum
2075 2403 2339 2468 liberare,
2378 2417 2482 2456 nec
2507 2401 2730 2454 auferre
2759 2399 2828 2452 de
2862 2399 2958 2452 tali
2986 2399 3142 2470 lupo,
3177 2399 3274 2470 qui
3298 2400 3543 2456 animam

1912 2512 2099 2550 meam
2117 2512 2220 2566 pro
2244 2495 2340 2549 illo
2356 2497 2590 2565 paratus
2607 2509 2761 2548 eram
2779 2495 3013 2564 ponere.
3034 2492 3332 2556 Quomodo
3351 2499 3544 2566 raptus

1910 2589 2000 2658 sit,
2031 2590 2315 2660 quomodo
2342 2587 2578 2642 resilivit
2606 2604 2640 2641 a
2666 2585 2955 2657 proposito
2975 2585 3183 2652 divino,
3208 2589 3266 2640 et
3289 2587 3360 2642 ad
3380 2589 3541 2643 illum

1910 2683 2174 2749 cucurrit,
2215 2681 2312 2753 qui
2343 2681 2580 2752 perdere
2628 2678 2934 2749 consuevit,
2987 2682 3270 2750 praecepta
3314 2682 3543 2736 Patrum

1911 2777 2202 2831 declinans
2223 2778 2279 2829 et
2299 2774 2599 2829 constituta
2619 2789 2814 2828 eorum
2839 2772 3171 2842 despiciens,
3188 2773 3310 2844 jam
3329 2773 3540 2846 incipio

1910 2887 2196 2926 enarrare.

1981 2966 2046 3019 ll.
2078 2965 2221 3021 Sunt
2251 2963 2405 3018 enim
2426 2962 2661 3033 quidam
2680 2965 2832 3015 veste
2861 2976 2962 3014 sua
2989 2975 3118 3014 oves
3139 2960 3540 3032 signiﬁcantes,

1910 3057 2147 3112 interius
2174 3057 2294 3128 lupi
2325 3061 2601 3127 raptores,
2639 3071 2781 3126 quos
2812 3070 2881 3108 ex
2909 3053 3183 3108 fructibus
3219 3071 3416 3110 eorum
3444 3058 3539 3112 de-

1913 3152 2112 3206 bemus
2141 3133 2480 3222 agnoscere.‘
2499 3149 2592 3204 Isti
2613 3148 2799 3219 prima
2826 3149 3014 3202 fronte
3038 3147 3303 3202 videntur
3327 3167 3447 3204 esse
3475 3151 3543 3207 de

1915 3262 2157 3299 numero
2189 3250 2402 3312 nostro,
2434 3227 2533 3297 sed
2560 3259 2676 3296 non
2712 3244 2846 3295 sunt
2878 3241 2948 3295 de
2982 3257 3220 3296 numero
3245 3248 3459 3300 nostro.
3493 3245 3545 3301 Si

1913 3338 2066 3392 enim
2107 3339 2176 3392 de
2213 3353 2455 3391 numero
2487 3339 2681 3390 nostro
2727 3339 2931 3404 essent,
2973 3334 3268 3390 nobiscum
3312 3339 3548 3392 mansis-

1915 3435 2059 3486 sent.
2095 3431 2385 3495 Quantum
2415 3433 2605 3483 autem
2634 3430 2926 3499 cmperunt
2961 3443 3247 3484 assumere
3276 3429 3543 3501 impieta-

1912 3528 2062 3593 tem,
2131 3524 2268 3578 illud
2331 3523 2485 3594 quod
2537 3522 2926 3576 occultabatur
2983 3523 3042 3575 in
3095 3522 3204 3576 illis
3259 3524 3541 3594 aperitur,

1916 3624 1974 3674 et
2019 3618 2182 3672 dolus
2226 3617 2408 3671 omnis
2445 3617 2510 3669 ﬁt
2551 3615 2812 3670 omnibus
2849 3614 3201 3670 manifestus.
3242 3617 3542 3673 Inveniun-

1917 3716 2010 3766 tur
2035 3716 2226 3766 autem
2257 3710 2498 3765 inﬁrmas
2523 3709 2655 3764 fidei
2681 3709 2963 3777 homines,
2987 3712 3043 3763 et
3067 3709 3165 3780 qui
3193 3709 3405 3765 divinas
3428 3712 3541 3767 lea-

1915 3806 2096 3862 tiones
2129 3805 2406 3872 nesciant,
2450 3809 2506 3858 et
2535 3820 2725 3859 secum
2753 3820 2852 3858 eos
2887 3803 2946 3858 in
2984 3803 3366 3874 perditionem
3406 3823 3548 3877 prae

1919 3900 2173 3972 cipitant,
2215 3893 2552 3971 dissipantes
2591 3902 2649 3953 et
2690 3897 3076 3969 vituperantes
3113 3899 3342 3954 Patrum
3380 3900 3544 3956 disci-

1916 3995 2124 4068 plinas,
2148 3999 2205 4049 et
2233 3994 2479 4066 reliquas
2510 3997 2730 4047 sanctas
2753 3992 3070 4063 Scripturas
3090 3994 3160 4047 ad
3186 4011 3347 4048 suam
3365 3996 3549 4066 perdi—

1916 4089 2154 4156 tionem,
2179 4105 2319 4160 quos
2346 4088 2620 4142 debemus
2645 4087 2981 4158 praevidere,
3016 4091 3074 4141 et
3096 4105 3129 4142 a
3158 4089 3364 4159 quibus
3397 4090 3547 4144 mul-

1916 4185 2037 4236 tum
2069 4199 2279 4250 cavere,
2321 4199 2388 4236 ne
2424 4182 2484 4235 in
2523 4182 2737 4235 malitia
2775 4198 2877 4235 sua
2905 4181 3078 4252 aliqui
3115 4184 3374 4254 occupati
3411 4201 3546 4239 con-

1917 4277 2110 4332 cidant
2128 4277 2197 4330 de
2218 4293 2320 4330 sua
2343 4275 2607 4329 ﬁrmitate
2639 4291 2651 4329 :
2690 4296 2719 4323 ‹‹
2738 4276 3096 4329 Exacuerunt
3117 4277 3270 4331 enim
3293 4278 3550 4350 linguam

1919 4387 2083 4425 suam
2116 4369 2276 4440 quasi
2303 4371 2615 4440 serpentes,
2645 4373 2701 4422 et
2728 4384 3010 4422 venenum
3039 4368 3098 4422 in
3145 4370 3308 4424 labiis
3336 4371 3551 4428 habent

1920 4465 2084 4536 quasi
2101 4463 2320 4535 aspides
2344 4464 2506 4532 (Psal.
2533 4477 2745 4529 cxxxrx,
2767 4462 2839 4530 4).
2871 4482 2898 4511 ››
2927 4463 3001 4517 De
3017 4461 3106 4516 his
3125 4463 3248 4517 haec
3265 4466 3550 4536 Propheta

174 4547 287 4602 Nec
323 4547 518 4618 aliqua
554 4546 763 4617 poterit
793 4563 862 4602 ex
915 4549 1020 4603 hac
1060 4550 1223 4619 parte
1264 4547 1566 4602 difﬁcultas
1607 4548 1814 4620 afferri,
1837 4567 1897 4639 D
1921 4558 2200 4613 clamavit.

176 4657 302 4696 cum
327 4643 685 4695 memoratus
702 4641 1004 4712 presbyter
1021 4642 1226 4712 libello
1259 4642 1489 4712 proprio
1513 4643 1582 4696 sit
1606 4644 1820 4714 profes-

177 4752 289 4804 sus,
323 4737 592 4808 paratum
623 4751 681 4789 se
712 4752 834 4789 esse
871 4737 942 4790 ad
980 4736 1402 4808 corrigendum,
1433 4737 1477 4790 si
1511 4737 1646 4808 quid
1674 4738 1732 4791 in
1758 4756 1820 4792 se

179 4829 483 4884 inventum
528 4828 720 4899 fuerit,
767 4831 919 4901 quod
963 4831 1402 4901 reprehensione
1443 4832 1515 4884 sit
1555 4828 1832 4902 dignum]

179 4925 352 4979 Decet
379 4923 542 4978 enim
567 4924 627 4977 in
661 4924 866 4978 talibus
895 4925 1074 4979 causis
1100 4926 1208 4979 hoc
1235 4926 1482 4981 maxime
1510 4927 1814 4997 provideri.

181 5025 240 5074 ut
275 5017 401 5073 sine
447 5017 690 5089 strepitu
727 5019 1239 5088 concertationum,
1281 5023 1338 5074 et
1368 5020 1610 5075 charitas
1636 5024 1818 5076 custo-

182 5113 386 5180 diatur,
423 5115 482 5166 et
522 5112 724 5167 veritas
763 5112 1120 5181 defendatur,
1157 5115 1336 5168 frater
1368 5115 1714 5170 charissime.
1753 5118 1820 5171 Et

181 5206 307 5262 ideo
335 5207 478 5278 quia
508 5205 731 5261 dilectio
760 5211 861 5261 tua
889 5208 957 5262 de
990 5210 1150 5262 tanta
1177 5225 1347 5263 causa
1383 5226 1488 5264 nos
1527 5213 1680 5268 videt
1715 5228 1814 5266 ne-

182 5301 424 5356 cessario
468 5317 590 5355 esse
634 5301 896 5356 sollicitos
945 5319 1117 5373 quam
1156 5303 1484 5373 plenissime
1537 5312 1592 5360 et
1635 5307 1817 5362 lucide

183 5397 450 5450 universa
490 5393 654 5448 nobis
700 5395 854 5466 quod
899 5401 1030 5451 ante
1069 5397 1256 5451 facere
1301 5398 1514 5467 debuit,
1566 5401 1817 5456 indicare

184 5489 434 5556 festinet,
483 5505 554 5543 ne
588 5487 739 5542 inter
780 5491 1122 5545 assertiones
1157 5491 1408 5561 partium
1437 5493 1623 5566 aliqua
1646 5496 1820 5549 ambi-

188 5585 398 5655 guitate
426 5583 708 5649 fallamur,
741 5587 798 5638 et
827 5583 1102 5676 di’ssensio
1124 5601 1252 5656 quae
1272 5585 1330 5639 in
1352 5588 1467 5640 suis
1488 5588 1666 5643 initiis
1686 5591 1819 5644 abo-

188 5678 360 5732 lenda
403 5682 507 5746 est,
555 5676 861 5733 nutriatur.
883 5678 1035 5733 .Cum
1085 5679 1143 5733 in
1187 5683 1354 5737 corde
1382 5687 1575 5738 nostro
1621 5701 1684 5737 ea
1719 5685 1819 5738 ob-

194 5772 492 5839 servantia,
536 5771 649 5825 Deo
681 5753 1020 5843 inspirante,
1056 5780 1412 5845 permaneat,
1450 5794 1521 5830 ne
1550 5778 1824 5833 constitu-

1987 4655 2075 4709 ΙΙΙ.
2098 4651 2243 4707 Talis
2263 4649 2427 4704 nobis
2453 4649 2674 4705 Eutices
2694 4649 2924 4704 emersit
2941 4649 3234 4720 quondam
3253 4653 3551 4725 presbyter

1919 4751 1975 4802 et
1991 4743 2480 4813 archimandrites,
2504 4742 2605 4814 qui
2625 4743 2782 4815 quasi
2798 4745 3005 4798 nostra:
3023 4744 3316 4815 religionis
3336 4751 3548 4803 sectam

1919 4841 2194 4912 sapiebat,
2246 4843 2302 4894 et
2344 4839 2493 4893 hanc
2540 4838 2908 4908 praeferebat;
2944 4839 3179 4893 Nestorii
3218 4845 3407 4895 autem
3437 4842 3546 4897 im-

1917 4935 2190 5007 pietatem
2222 4933 2620 5001 conﬁrmabat,
2653 4935 2708 4987 et
2746 4932 3180 5003 succingebatur
3217 4951 3319 5005 pro
3344 4937 3545 4992 Nestod

1918 5029 2004 5084 rio
2031 5029 2279 5083 militare
2307 5028 2367 5081 in
2397 5043 2611 5098 pugna,
2651 5043 2778 5097 quia
2810 5031 3010 5081 contra
3043 5027 3364 5084 Nestorium
3390 5049 3550 5102 parad

1916 5123 2103 5177 batur.
2127 5123 2530 5177 Trecentorum
2552 5125 2743 5174 autem
2766 5119 2961 5174 decem
2990 5125 3047 5175 et
3073 5126 3198 5176 octo
3220 5128 3550 5183 sanctorum

1917 5218 2145 5272 Patrum
2175 5215 2244 5270 de
2273 5216 2384 5270 fide
2410 5214 2818 5285 expositionem
2850 5215 3077 5282 factam,
3108 5220 3165 5271 et
3189 5223 3397 5275 sanctae
3427 5239 3547 5278 men

1917 5309 2115 5364 moriae
2173 5309 2362 5380 Cyrilli
2435 5308 2735 5378 epistolam
2785 5307 3049 5377 scriptam
3087 5310 3159 5364 ad
3207 5313 3546 5385 Nestorium,

1919 5404 2006 5457 vel
2029 5404 2098 5457 ad
2116 5403 2324 5456 similes
2347 5401 2468 5472 ejus
2486 5401 2691 5472 quibus
2712 5417 2909 5455 omnes
2933 5410 3315 5474 assenserunt,
3336 5407 3548 5464 tentavi

1921 5497 2183 5566 evellere,
2216 5495 2506 5566 antiquam
2532 5495 2699 5566 impii
2725 5495 3007 5550 Valentini
3039 5502 3094 5552 et
3113 5500 3450 5569 Apollinaris
3470 5519 3550 5555 re-

1920 5607 2131 5662 parans
2177 5595 2406 5656 sectam,
2443 5595 2498 5644 et
2527 5606 2642 5643 non
2675 5588 2864 5643 timuit
2908 5595 3253 5662 praeceptum
3302 5595 3418 5648 veri
3454 5597 3552 5650 Dei

1925 5685 2159 5742 dicentis
2191 5676 2264 5770 ἦα
2292 5684 2623 5754 Quicunque
2656 5683 3110 5739 scandalizaverit
3137 5702 3316 5738 unum
3349 5687 3419 5740 de
3446 5705 3552 5758 pu-

1926 5781 2060 5834 sillis
2089 5779 2229 5848 istis,
2261 5777 2490 5848 expedit
2511 5777 2562 5831 ei
2589 5781 2651 5830 ut
2675 5776 2830 5830 mola
2855 5777 3096 5830 asinaria
3115 5777 3382 5847 alligetur
3408 5783 3552 5837 collo

194 5866 378 5925 tiones
417 5865 828 5923 venerabilium
858 5869 1095 5925 Patrum
1129 5870 1396 5926 divinitus
1433 5872 1730 5944 roboratae,
1772 5877 1828 5929 et
1927 5875 2069 5950 ejus,
2123 5878 2182 5929 et
2215 5873 2584 5944 demergatur
2622 5870 2682 5926 in
2728 5870 3077 5943 profundum
3116 5871 3293 5927 maris
3335 5873 3551 5946 (Matth.
