4034 6310
458 324 560 380 767

1356 321 1638 379 APPEND.
1680 317 1767 377 AD
1803 315 1960 378 SIEC.
2004 319 2188 377 1x.-
2227 319 2468 377 lSlDORI
2507 318 2929 378 MERCATORIS

3724 305 3829 374 76's

455 449 612 498 xvm,
645 435 716 502 6).
755 451 781 483 η
821 429 1231 487 Verecundiam
1273 435 1465 485 autem
1509 447 1739 485 omnem
1779 430 2003 500 abjecit,
2035 434 2093 484 et
2114 445 2172 518 Α
2192 447 2375 498 scuro,
2416 447 2531 484 non
2559 430 2633 484 ad
2660 429 3020 500 propheticas
3046 442 3232 494 voces,
3261 434 3376 481 non
3400 417 3469 482 ad
3497 427 3840 498 apostolicas

459 541 631 595 quam
661 525 892 596 gerebat
923 525 1266 580 inﬁdelitatis
1307 525 1455 595 pelle
1493 524 1784 579 excutiens
1813 524 1866 578 in
1899 527 2092 578 sancta

458 619 671 689 synodo
700 620 985 673 asserebat
1016 620 1296 673 instanter
1317 618 1508 673 dicens
1533 635 1545 671 :
1569 617 1879 672 Dominum
1898 619 2090 672 Jesum

457 712 742 766 Christum
768 728 884 766 non
923 715 1189 784 oportere
1225 711 1483 766 conﬁteri
1511 711 1580 766 de
1621 712 1838 766 duabus
1877 711 2092 765 naturis

456 811 584 876 post
626 806 937 860 humanam
981 806 1419 878 susceptionem,
1466 822 1595 859 cum
1639 822 1670 859 a
1717 805 1882 859 nobis
1927 804 2094 858 unius

457 898 808 968 substantiae,
833 906 888 954 et
911 900 1076 954 unius
1096 916 1355 971 personae
1372 898 1754 970 cognoscitur,
1777 914 1962 970 neque
1979 914 2096 952 car-

456 1008 590 1046 nem
622 993 844 1046 Domini
866 993 1291 1048 coessentialem
1315 993 1476 1047 nobis
1497 992 1800 1048 subsistere
1825 997 2096 1062 tanquam

457 1102 524 1140 ex
551 1085 712 1139 nobis
731 1091 1072 1157 susceptam,
1097 1091 1154 1140 et
1171 1086 1551 1141 coadunatam
1573 1086 1674 1140 Dei
1689 1085 1871 1140 Verbo
1892 1101 2093 1139 secun-

459 1178 600 1233 dum
651 1179 1046 1234 substantiam.
1103 1180 1218 1234 Sed
1273 1179 1496 1234 dicebat
1536 1179 1825 1250 Virginem
1867 1179 2097 1250 quidem

460 1288 587 1343 quae
604 1288 736 1327 eum
759 1273 953 1344 genuit
970 1273 1286 1328 secundum
1305 1289 1536 1328 carnem
1557 1271 2097 1327 consubstantialem

460 1365 626 1420 nobis
646 1383 785 1421 esse.
815 1369 1000 1438 Ipsum
1018 1371 1210 1421 autem
1234 1367 1540 1421 Dominum
1557 1383 1675 1421 non
1701 1365 2014 1437 suscepisse
2032 1382 2098 1420 ex

461 1475 528 1515 ea
543 1476 775 1514 carnem
796 1460 1330 1514 consubstantialem
1353 1460 1537 1527 nobis,
1558 1460 1657 1514 sed
1685 1475 1892 1531 corpus
1912 1459 2100 1512 Domi-

464 1552 524 1607 ni
554 1570 667 1608 non
693 1569 818 1608 esse
849 1553 1080 1626 quidem
1101 1571 1304 1625 corpus
1326 1553 1591 1621 hominis,
1620 1553 1939 1608 humanum
1966 1568 2098 1607 vero

465 1662 673 1719 corpus
699 1663 816 1702 esse
849 1647 1002 1718 quod
1027 1653 1109 1702 est
1135 1664 1199 1703 ex
1232 1647 1484 1719 Virgine.

537 1741 621 1794 IV.
651 1741 760 1796 Sed
781 1757 852 1794 ne
876 1741 1052 1795 multa
1073 1740 1265 1795 dicens
1282 1742 1517 1812 longam
1541 1741 1746 1795 faciam
1771 1739 2096 1811 epistolam,

2191 523 2426 590 litteras,
2461 539 2562 578 nec
2593 523 2666 577 ad
2705 521 3060 592 evangelicas
3105 520 3486 589 auctoritates,
3519 521 3618 575 sed
3644 521 3718 575 ad
3754 536 3844 574 se-

2192 616 2460 687 metipsos
2485 621 2807 671 recurrunt.
2847 615 2956 672 Sed
2985 615 3112 669 ideo
3154 615 3414 686 magistri
3471 614 3682 669 erroris
3710 614 3838 668 exi-

2193 715 2366 777 stunt,
2399 710 2530 781 quia
2548 709 2798 764 veritatis
2829 709 3090 780 discipuli
3116 725 3232 762 non
3264 709 3442 762 fuere.
3472 709 3652 772 Quam
3680 706 3841 762 enim

2194 803 2572 858 eruditionem
2621 803 2690 856 de
2741 802 2909 856 sacris
2956 802 3090 856 Novi
3123 807 3180 857 et
3224 802 3441 856 Veteris
3485 801 3844 856 Testameuti

2194 896 2422 968 paginis
2452 896 2767 967 acquisivit,
2805 896 2903 966 qui
2946 911 3051 949 nec
3092 895 3269 966 ipsius
3316 894 3547 965 quidem
3592 894 3844 966 symboli

2196 989 2361 1044 initia
2379 989 2846 1061 comprehendit?
2875 991 2942 1043 Et
2959 988 3196 1060 quidem
3215 1003 3318 1059 per
3337 993 3521 1043 totum
3542 987 3841 1043 mundum

2197 1084 2463 1138 omnium
2500 1083 3026 1154 regenerandorum
3065 1099 3202 1136 voce
3243 1082 3622 1153 depromitur,
3674 1080 3842 1136 istius

2197 1177 2382 1231 adhuc
2419 1177 2566 1232 senis
2593 1177 2757 1231 corde
2785 1193 2900 1231 non
2927 1176 3170 1247 capitur.
3200 1174 3462 1231 Nesciens
3488 1176 3670 1247 igitur
3694 1174 3842 1246 quid

2196 1270 2430 1325 deberet
2452 1271 2521 1324 de
2549 1270 2716 1324 Verbi
2749 1270 2845 1324 Dei
2892 1269 3283 1324 incarnatione
3323 1271 3549 1339 sentire,
3592 1285 3704 1323 nec
3737 1284 3840 1323 vo-

2195 1364 2318 1419 lens
2335 1363 2408 1418 ad
2427 1363 2878 1436 promerendum
2898 1363 3294 1434 intelligentiae
3315 1364 3512 1418 lumen
3537 1363 3598 1417 in
3619 1365 3844 1417 sancta-

2198 1474 2330 1512 rum
2357 1458 2775 1528 Scripturarum
2804 1457 3102 1512 latitudine
3132 1457 3415 1524 laborare,
3446 1457 3605 1512 illam
3635 1456 3843 1511 saltem

2198 1551 2664 1606 communionem
2693 1555 2749 1606 et
2767 1551 3133 1606 indiscretam
3159 1551 3568 1606 confessionem
3596 1550 3843 1605 sollicito

2198 1645 2665 1716 apprehendisset
2681 1645 2896 1713 auditu,
2926 1662 3041 1717 qua
3066 1645 3318 1700 fidelium
3339 1645 3674 1700 universitas
3700 1660 3840 1716 pro-

2200 1739 2396 1793 ﬁtetur
2417 1740 2646 1793 credere
2668 1755 2726 1793 se
2753 1739 2811 1793 in
2833 1740 3015 1794 Deum
3035 1740 3260 1794 Patrem
3283 1738 3758 1810 omnipotentem,
3784 1743 3847 1793 et

469 1833 607 1888 olim
635 1834 913 1905 quidquid
945 1833 1247 1903 egerimus,
1279 1835 1538 1889 misimus
1567 1834 1640 1888 ad
1685 1833 2099 1889 beatitudinem
2119 1822 2176 1894 B
2199 1832 2258 1887 in
2292 1834 2484 1887 Jesum
2529 1833 2818 1889 Christum
2868 1833 3072 1887 Filium
3101 1833 3223 1904 ejus
3273 1833 3504 1887 unicum
3531 1831 3847 1886 Dominum

464 1931 735 1994 vestram,
785 1927 990 1999 quibus
1027 1927 1227 1983 litteris
1281 1928 1593 1996 docuimus,
1645 1933 1703 1983 et
1745 1926 2097 1999 presbyterio
2200 1929 2478 1994 nostrum,
2523 1926 2620 1997 qui
2665 1929 2828 1980 natus
2873 1930 2958 1980 est
2999 1926 3069 1980 de
3100 1926 3309 1997 Spiritu
3342 1929 3534 1980 sancto
3569 1943 3638 1980 ex
3669 1925 3842 1980 Maria

464 2020 630 2075 illum
659 2037 778 2075 esse
801 2020 1106 2090 nudatum,
1139 2021 1274 2093 quia
1301 2021 1377 2076 sic
1399 2025 1596 2093 captus
1621 2026 1724 2088 est,
1751 2026 1807 2076 et
1825 2021 2099 2090 jussimus
2196 2020 2438 2091 virgine.
2465 2019 2680 2084 Quibus
2710 2020 2890 2074 tribus
2918 2019 3211 2075 sententiis
3232 2020 3489 2075 omnium
3510 2020 3628 2074 fere
3655 2020 3846 2074 haere-

468 2131 601 2169 eum
628 2130 759 2168 cum
797 2113 1157 2168 monasteriis
1187 2115 1404 2169 nullam
1449 2115 1664 2170 habere
1708 2114 2006 2183 rationem,
2045 2116 2102 2168 et
2197 2114 2439 2168 ticorum
2468 2114 2747 2169 machinae
2775 2114 3162 2168 destruantur.
3207 2116 3348 2169 Cum
3387 2114 3545 2169 enim
3583 2115 3734 2168 Deus
3783 2116 3848 2167 et

464 2208 812 2262 exclusimus
841 2223 973 2262 eum
999 2225 1031 2262 a
1059 2209 1460 2263 communione
1487 2212 1704 2278 nostra,
1736 2211 1799 2262 ut
1825 2207 2102 2262 Sanctitas

465 2307 650 2356 vestra
674 2301 781 2355 hoc
819 2318 1168 2372 cognoscens
1198 2301 1354 2372 quod
1391 2301 1540 2356 circa
1573 2301 1736 2356 illum
1773 2304 1963 2356 actum
1994 2302 2098 2369 est,

471 2394 738 2450 omnibus
761 2395 1040 2466 episc0pis
1067 2396 1170 2450 sub
1191 2395 1538 2450 beatitudine
1562 2400 1744 2450 vestra
1765 2393 2102 2466 degentibus

467 2489 836 2543 manifestare
869 2489 1140 2560 dignetur
1164 2489 1315 2543 illius
1340 2489 1710 2560 impietatem,
1741 2506 1812 2543 ne
1845 2487 2101 2542 nescien-

469 2585 552 2637 tes
577 2581 754 2652 aliqui
782 2582 933 2653 quod
965 2583 1057 2636 ille
1079 2581 1316 2637 sentiret
1338 2583 1500 2654 quasi
1523 2582 1597 2637 ad
1619 2582 1998 2637 orthodoxam
2017 2581 2103 2635 vel

468 2692 572 2746 per
601 2675 832 2744 litteras,
863 2676 950 2730 vel
975 2692 1079 2746 per
1103 2676 1358 2746 aliquam
1387 2676 1845 2748 conjunctionem
1872 2675 2107 2746 loquan-

470 2772 584 2824 tur.

470 2886 536 2939 V.
575 2915 643 2926 —
671 2887 1000 2956 Rescriptum
1050 2886 1240 2942 Leonis
1279 2902 1442 2957 papae
1485 2886 1558 2940 ad
1599 2887 1922 2941 Flavianum
1965 2885 2103 2940 Con-

541 2959 1081 3040 stantinopolitanum
1110 2960 1414 3028 episcopum
1441 2961 1626 3012 contra
1651 2958 1910 3011 Euticetis
1938 2958 2104 3011 haere-

545 3043 646 3082 sam
653 3067 665 3081 .

547 3147 596 3198 l.
625 3144 807 3208 Quam
835 3143 1161 3214 ignorantia
1185 3147 1516 3199 sanctarum
1542 3143 1966 3215 Scripturarum
1995 3145 2105 3199 Eu-

475 3239 626 3294 ticen
647 3237 980 3292 haereticum
1012 3237 1229 3293 fecerit.

543 3336 598 3388 2.
627 3332 836 3388 Contra
868 3348 965 3386 eos
992 3331 1090 3403 qui
1116 3331 1174 3386 in
1201 3332 1344 3386 duos
1365 3331 1507 3386 filios
1525 3330 1969 3402 dispensationis
1995 3330 2106 3386 Do-

472 3424 696 3481 minicae
724 3425 1062 3496 mysterium
1090 3425 1344 3480 scindere
1372 3424 1710 3480 moliuntur.

546 3523 597 3575 3.
628 3521 836 3576 Contra
857 3535 952 3574 eos
983 3519 1080 3590 qui
1107 3519 1428 3591 passibilem
1453 3517 1804 3574 divinitatem
1826 3516 2110 3590 unigeniti

475 3613 597 3668 Filii
619 3613 714 3668 Dei
741 3612 957 3668 audent
983 3628 1252 3668 asserere.

545 3708 597 3762 4.
630 3708 841 3762 Contra
862 3723 960 3761 eos
983 3706 1080 3778 qui
1107 3707 1166 3761 in
1186 3707 1327 3762 duas
1347 3710 1578 3762 naturas
1597 3706 1803 3764 Christi
1823 3711 2108 3776 tempera-

477 3805 737 3858 mentum
761 3801 851 3855 vel
881 3799 1269 3855 confusionem
1299 3804 1796 3872 argumentantur.

631 3898 839 3952 Contra
865 3911 959 3948 eos
979 3895 1078 3966 qui
1105 3896 1388 3951 coelestem
1411 3900 1508 3949 aut
1531 3894 1760 3948 alterius
1779 3893 2112 3964 cujusquam

477 3989 807 4044 substantiae
833 3989 1073 4043 existere
1095 3990 1340 4044 formam
1362 3987 1508 4042 servi
1533 4003 1702 4058 quam
1736 4003 1800 4042 ex
1837 3986 2000 4040 nobis
2025 4004 2110 4041 as-

479 4083 719 4154 sumpsit
742 4082 1072 4138 insaniendo
1097 4086 1374 4138 asserunt.

549 4180 601 4233 6.
636 4177 843 4232 Contra
866 4194 959 4233 eos
987 4178 1085 4249 qui
1116 4178 1254 4232 duas
1284 4175 1519 4247 quidem
1550 4177 1682 4228 ante
1709 4173 2114 4229 adunationem

476 4277 712 4328 naturas
733 4273 909 4328 Deum
931 4271 1192 4340 delirant,
1212 4285 1392 4324 unam
1409 4286 1543 4324 vero
1558 4273 1686 4340 post
1705 4267 2114 4324 adunationem

478 4365 832 4438 conﬁngunt.

550 4463 660 4517 Leo
703 4461 1003 4533 episcopus
1043 4459 1316 4512 FLAVIANO
1341 4455 1971 4529 ConstantinOpolitano
2002 4457 2116 4528 epi-

481 4573 667 4628 scopo.

551 4649 732 4706 Lectis
759 4645 1075 4703 dilectionis
1100 4647 1214 4700 tua:
1241 4643 1440 4700 litteris
1464 4662 1605 4718 quas
1634 4645 1910 4700 miramur
1939 4646 2113 4702 fuisse

479 4750 597 4800 tam
624 4759 798 4809 seras,
828 4745 886 4795 et
915 4743 1206 4811 gestorum
1227 4739 1628 4812 episcopalium
1651 4740 1851 4796 ordine
1879 4741 2118 4796 recensi-

481 4845 560 4906 to,
586 4835 838 4902 tandem,
863 4833 1000 4905 quid
1028 4833 1179 4905 apud
1199 4850 1294 4888 vos
1313 4833 1566 4889 scandali
1592 4840 1788 4890 contra
1815 4834 2112 4906 integrita-

482 4937 599 4986 tem
638 4929 771 4983 tidei
797 4933 1055 4983 exortum
1084 4927 1299 4998 fuisset,
1334 4928 1688 5000 agnovimus,
1723 4931 1778 4982 et
1801 4944 1928 4999 quae
1958 4929 2116 4999 prius

480 5023 820 5078 videbantur
855 5003 1118 5091 “occulta,
1185 5039 1336 5077 nunc
1403 5023 1566 5077 nobis
1620 5027 1864 5076 reserata
1916 5025 2113 5092 patue-

482 5123 638 5173 runt.
679 5117 891 5182 Quibus
921 5117 1142 5172 Eutices
1172 5116 1268 5188 qui
1301 5115 1637 5188 presbyterii
1663 5115 1898 5170 nomine
1932 5115 2114 5172 hono-

483 5211 674 5267 rabilis
717 5211 1026 5279 videbatur,
1077 5211 1325 5266 multum
1364 5209 1695 5280 imprudens
1723 5212 1780 5262 et
1809 5209 1978 5264 nimis
2001 5210 2114 5264 im-

481 5306 700 5379 peritus
734 5306 1067 5373 ostenditur,
1105 5311 1169 5360 ut
1203 5305 1374 5359 etiam
1405 5303 1476 5357 de
1507 5303 1628 5372 ipso
1673 5301 1889 5358 dictum
1925 5302 2115 5376 189

483 5401 555 5454 sit
597 5417 630 5454 a
673 5400 990 5471 Propheta:
1031 5397 1277 5453 «Noluit
1327 5395 1643 5466 intelligere
1693 5402 1754 5451 ut
1797 5396 1941 5451 bene
1989 5415 2118 5469 age-

483 5500 590 5561 ret,
637 5493 995 5566 iniquitatem
1046 5491 1356 5546 meditatus
1402 5494 1486 5544 est
1522 5489 1580 5543 in
1610 5490 1781 5545 cubili
1808 5508 1908 5547 suo
1947 5493 2113 5561 (Psal.

482 5605 641 5656 xxxv,
693 5588 747 5657 4,
797 5590 869 5656 5).
902 5609 929 5636 ››
966 5585 1113 5650 Quid
1171 5588 1366 5638 autem
1423 5582 1673 5654 iniquius
1727 5602 1898 5656 quam
1939 5587 2117 5658 impia

483 5698 700 5748 sapere,
765 5685 822 5734 et
859 5676 1298 5751 sapientioribus
1351 5677 1807 5751 doctioribusque
1849 5697 1964 5735 non
1992 5698 2115 5736 cre-

485 5775 664 5828 dere?
693 5773 805 5829 Sed
831 5773 890 5827 in
919 5773 1066 5826 hanc
1093 5770 1475 5842 insipientiam
1497 5772 1728 5842 cadunt,
1759 5774 1857 5845 qui
1885 5791 2017 5830 cum
2046 5775 2120 5830 ad

487 5866 935 5936 cognoscendam
979 5864 1278 5920 veritatem
1330 5865 1520 5938 aliquo
1571 5866 1968 5938 impediuntur
2015 5869 2116 5924 ob-

2200 2207 2558 2278 omnipotens
2588 2207 2857 2276 creditur,
2903 2211 2959 2262 et
2987 2209 3154 2262 Pater
3196 2208 3597 2279 sempiternus,
3645 2206 3844 2262 eidem

2204 2301 2374 2356 Filius
2401 2301 2824 2356 demonstratur
2860 2301 2918 2354 in
2946 2301 3102 2355 nullo
3135 2318 3167 2355 a
3194 2303 3361 2356 Patre
3390 2301 3673 2368 differens,
3704 2300 3850 2371 quia

2202 2395 2273 2450 de
2295 2396 2410 2448 Deo
2433 2397 2596 2461 Deus,
2621 2395 2690 2449 de
2713 2393 3103 2466 omnipotente
3124 2395 3502 2466 omnipotens,
3524 2395 3593 2448 de
3614 2399 3841 2449 aeterno

2202 2491 2372 2543 natus
2397 2492 2480 2542 est
2503 2491 2840 2543 coaeternus.
2864 2489 2981 2542 Non
2999 2489 3284 2559 posterior
3302 2494 3582 2560 tempore,
3610 2505 3729 2542 non
3750 2487 3848 2541 in-

2205 2581 2382 2636 ferior
2409 2585 2707 2654 potestate,
2747 2598 2863 2637 non
2902 2581 3186 2636 dissimilis
3226 2582 3424 2654 gloria,
3467 2599 3582 2637 non
3629 2581 3849 2636 divisus

2207 2675 2474 2730 essentia.
2504 2675 2660 2731 Idem
2687 2692 2819 2730 vero
2848 2676 3182 2748 sempiterni
3207 2676 3483 2732 Genitoris
3507 2676 3851 2747 Unigenitus

2205 2768 2587 2840 sempiternus
2632 2774 2796 2824 natus
2841 2772 2926 2824 est
2977 2769 3046 2824 de
3092 2769 3303 2842 Spiritu
3352 2773 3543 2824 sancto
3584 2773 3641 2822 et
3667 2769 3853 2824 Maria.

2203 2862 2441 2933 virgine.
2476 2862 2615 2926 Quae
2649 2862 2910 2917 nativitas
2934 2863 3264 2936 temporalis
3290 2864 3370 2918 illi
3395 2862 3667 2918 nativitati
3697 2863 3848 2917 divi-

2205 2972 2295 3011 na:
2332 2961 2389 3011 et
2425 2957 2789 3028 sempiterna
2827 2957 2968 3012 nihil
3006 2958 3236 3028 minuit,
3279 2958 3422 3012 nihil
3460 2957 3714 3025 contulit,
3744 2957 3851 3011 sed

2207 3053 2387 3105 totam
2417 3067 2475 3106 se
2514 3051 2831 3122 reparando
2859 3051 3078 3106 homini
3114 3052 3212 3124 qui
3251 3055 3369 3107 erat
3399 3051 3688 3123 deceptus,
3731 3050 3847 3104 im-

2207 3144 2424 3216 pendit,
2457 3151 2519 3200 ut
2546 3151 2791 3201 mortem
2816 3145 3085 3214 vinceret,
3119 3151 3176 3201 et
3198 3145 3481 3201 diabolum
3511 3145 3608 3217 qui
3637 3145 3851 3200 mortis

2128 3196 2183 3271 Ο
2207 3237 2455 3294 habebat
2477 3237 2804 3311 imperium,
2834 3257 2935 3294 sua
2952 3240 3161 3294 virtute
3182 3196 3664 3296 destruerethon
3686 3239 3852 3294 enim

2208 3348 2480 3404 superare
2514 3349 2809 3404 possemus
2850 3334 3064 3405 peccati
3094 3339 3149 3388 et
3185 3335 3383 3390 mortis
3407 3339 3698 3389 auctorem
3733 3333 3852 3388 nisi

2212 3431 2475 3482 naturam
2515 3431 2770 3482 nostram
2803 3427 2898 3482 ille
2937 3427 3264 3500 susciperet,
3312 3435 3368 3484 et
3401 3444 3565 3483 suam
3611 3427 3848 3495 faceret,

2211 3537 2380 3593 quem
2406 3537 2510 3576 nec
2551 3527 2850 3594 peccatum
2878 3522 3294 3591 contaminare,
3337 3539 3440 3578 nec
3471 3538 3627 3577 mors
3659 3521 3855 3593 potuit

2213 3615 2490 3671 detinere.
2530 3618 2845 3688 Conceptus
2886 3615 3097 3688 quippe
3141 3621 3226 3671 est
3272 3617 3341 3671 de
3391 3615 3601 3688 Spiritu
3648 3620 3852 3670 sancto

2210 3710 2364 3765 intra
2408 3715 2634 3765 uterum
2679 3711 2880 3765 matris
2911 3709 3163 3781 virginis,
3214 3726 3342 3782 quae
3382 3709 3461 3764 ita
3494 3710 3656 3764 illum
3688 3710 3853 3765 salva

2211 3803 2535 3875 virginitate
2575 3804 2770 3873 edidit,
2819 3805 3301 3876 quemadmodum
3338 3806 3485 3860 salva
3515 3804 3850 3875 virginitate

2213 3897 2491 3968 concepit.
2520 3898 2630 3953 Sed
2655 3898 2700 3952 si
2732 3899 2800 3953 de
2828 3899 2937 3954 hoc
2965 3900 3303 3956 Christianae
3331 3899 3464 3955 ﬁdei
3484 3900 3641 3954 fonte
3667 3898 3852 3970 puris-

2213 3991 2358 4045 simo
2387 3991 2668 4046 sincerum
2685 3992 3037 4048 intellectum
3058 3994 3285 4048 haurire
3309 4009 3428 4048 non
3449 3996 3687 4065 poterat,
3712 3991 3854 4064 quia

2213 4085 2577 4155 splendorem
2599 4087 2911 4158 perspicuae
2924 4088 3170 4143 veritatis
3192 4088 3568 4143 obcazcatione
3585 4087 3687 4142 sibi
3710 4103 3850 4158 pro-

2214 4179 2338 4250 pria
2356 4179 2698 4250 tenebrarat,
2734 4181 3006 4237 doctrinae
3028 4199 3085 4237 se
3105 4182 3455 4254 Evangelicae
3486 4181 3851 4249 subdidisset,

2217 4278 2274 4328 et
2287 4272 2510 4328 dicente
2525 4274 2573 4328 Μ
2581 4275 2790 4330 atthan
2815 4292 2829 4330 :
2857 4298 2883 4326 «
2901 4276 3064 4332 Liber
3079 4277 3462 4347 generationis
3473 4278 3497 4331 J
3503 4293 3600 4332 esu
3617 4274 3852 4345 Christi,

2214 4366 2315 4421 ﬁlii
2355 4368 2550 4438 David,
2584 4368 2685 4423 ﬁlii
2723 4369 3007 4424 Abraham
3044 4372 3261 4442 (Matth.
3290 4388 3328 4439 ι,
3363 4373 3432 4442 1),
3466 4393 3492 4420 ››
3526 4371 3856 4442 apostolicae

2215 4478 2440 4533 quoque
2479 4462 2896 4534 praedicationis
2937 4463 3241 4535 expetisset
3280 4465 3641 4534 instructum,
3676 4469 3735 4518 et
3763 4464 3856 4519 le-

2133 4575 2193 4648 D
2216 4572 2356 4626 gens
2395 4556 2454 4610 in
2501 4557 2739 4628 epistola
2770 4557 2842 4611 ad
2870 4559 3153 4614 Romanos
3176 4575 3188 4614 :
3222 4581 3250 4609 «
3275 4561 3481 4615 Paulus
3507 4575 3697 4614 servus
3721 4560 3861 4615 Jesu

2215 4649 2418 4705 Christi
2448 4656 2678 4705 vocatus
2705 4653 3009 4723 apostolus,
3033 4657 3366 4725 segregatus
3395 4654 3455 4709 in
3483 4653 3860 4724 Evangelium

2216 4744 2336 4814 Dei,
2383 4745 2534 4816 quod
2587 4751 2718 4802 ante
2764 4748 3103 4818 promiserat
3147 4765 3252 4819 per
3295 4749 3602 4821 prophetas
3635 4765 3766 4803 suos
3794 4748 3861 4804 in

2216 4838 2516 4909 Scripturis
2561 4840 2769 4894 sanctis
2809 4841 2878 4896 de
2920 4841 3059 4896 Filio
3104 4858 3202 4896 suo
3242 4844 3340 4914 qui
3390 4844 3572 4898 factus
3596 4846 3678 4897 est
3705 4843 3759 4897 ei
3783 4860 3861 4898 ex

2216 4933 2430 4988 semine
2458 4934 2631 4988 David
2667 4936 2980 4990 secundum
3009 4950 3235 4992 carnem
3267 4939 3435 5009 (Rom.
3463 4955 3500 5008 1,
3548 4940 3684 5008 1-3),
3719 4956 3746 4989 »
3780 4937 3864 4992 ad

2215 5027 2574 5099 propheticas
2601 5030 2840 5100 paginas
2861 5031 3012 5102 piam
3040 5031 3478 5088 sollicitudinem
3504 5032 3859 5103 contulisset,

2218 5125 2274 5175 et
2303 5119 2608 5178 invenisset
2637 5123 3071 5195 promissionem
3097 5125 3196 5180 Dei
3221 5127 3293 5180 ad
3319 5126 3626 5197 Abraham,
3655 5125 3860 5181 dicen-

2215 5215 2331 5269 tis:
2365 5237 2391 5265 ‹‹
2422 5219 2483 5272 ln
2517 5217 2730 5272 semine
2783 5223 2879 5273 tuo
2940 5219 3351 5275 benedicentur
3405 5237 3601 5276 omnes
3653 5227 3862 5293 gentes

2217 5306 2366 5378 (Gen.
2407 5324 2550 5380 xxvr,
2588 5311 2663 5381 4).
2709 5331 2735 5359 ››
2778 5311 2888 5366 Sed
2937 5330 3008 5368 ne
3037 5313 3106 5369 de
3137 5314 3308 5384 hujus
3335 5314 3567 5369 seminis
3593 5315 3860 5387 proprie-

2217 5406 2330 5457 tate
2358 5403 2662 5474 dubitaret,
2696 5411 2916 5461 secutus
2939 5407 3136 5464 fuisset
3159 5410 3487 5479 Apostolum
3519 5410 3808 5466 dicentem
3844 5431 3858 5467 :

2220 5517 2247 5545 «
2279 5497 2522 5551 Abrahae
2567 5498 2734 5554 dicta:
2777 5504 2909 5555 sunt
2948 5501 3373 5572 promissiones,
3405 5509 3462 5559 et
3495 5504 3700 5559 semini
3729 5505 3864 5576 ejus

2222 5589 2365 5657 (Luc.
2395 5608 2434 5658 ι,
2469 5591 2578 5662 55).
2610 5611 2638 5643 »
2681 5593 2802 5648 Non
2839 5594 2976 5650 dicit
2999 5596 3058 5650 in
3089 5597 3401 5652 seminibus
3434 5598 3591 5670 quasi
3616 5599 3677 5653 in
3712 5601 3864 5656 mul-

2217 5683 2308 5754 tis,
2343 5684 2438 5739 sed
2461 5685 2620 5756 quasi
2645 5686 2704 5741 in
2734 5705 2870 5757 uno,
2909 5694 2965 5744 et
3005 5689 3208 5745 semini
3238 5696 3337 5747 tuo
3371 5693 3526 5764 quod
3567 5697 3653 5748 est
3697 5695 3862 5750 Chri-

2218 5780 2358 5833 stus.
2402 5778 2554 5834 Isaias
2595 5796 2817 5854 quoque
2842 5783 3312 5855 praedicationem
3346 5786 3612 5843 interiore
3643 5805 3858 5862 appre-

2220 5870 2508 5928 hendisset
2551 5875 2769 5947 auditu,
2818 5876 3058 5933 dicentis
3100 5896 3114 5934 :
3159 5882 3355 5936 «Ecce
3398 5883 3556 5954 virgo
3593 5884 3649 5938 in
3691 5890 3860 5944 utero
