4034 6296
103 337 198 392 769

1341 329 1808 393 DECRETALIUM
1845 329 2228 391 COLLECTIO.

3371 341 3470 392 770

97 443 402 516 concipiet,
431 447 490 499 et
513 443 697 516 pariet
722 443 924 513 ﬁlium,
957 447 1014 500 et
1051 445 1340 500 vocabitur
1377 462 1588 500 nomen
1614 445 1734 517 ejus
1757 458 1814 530 Α
1833 449 1938 512 rat,
1971 442 2262 516 propriam
2301 447 2548 497 mutasse
2589 441 2930 498 sententiam
2958 459 3098 512 opus
3133 441 3240 496 fuit
3271 445 3472 498 secreti

99 538 462 608 Emmanuel,
515 539 670 610 quod
707 543 793 594 est
825 539 1265 611 interpretatum
1296 541 1570 595 nobiscum
1601 543 1736 595 Deus

1835 539 2255 610 dispensatione
2281 536 2499 592 concilii
2527 553 2541 603 ;
2573 539 2638 590 ut
2661 535 3147 590 incommutabilis
3179 537 3327 592 Deus
3349 537 3469 608 (cu-

97 633 220 700 (lsa.
251 648 352 700 v11,
387 633 497 704 14).
517 653 544 682 ››
573 633 956 704 Ejusdemque
977 633 1272 704 prophetae
1299 633 1546 688 ﬁdeliter
1565 633 1731 688 verba
1827 632 1924 703 jus
1949 633 2207 686 voluntas
2237 647 2350 686 non
2381 635 2562 702 potest
2597 647 2694 684 sua
2715 630 3068 700 benignitate
3093 630 3324 702 privari)
3347 631 3465 702 pri-

95 726 324 798 legisset
356 743 372 781 :
404 745 432 778 α
464 728 612 781 Puer
643 729 810 782 natus
836 730 922 780 est
945 727 1130 796 nobis,
1159 727 1309 782 ﬁlius
1339 727 1500 782 datus
1523 730 1610 781 est
1629 744 1732 782 no-

94 820 198 888 bis,
228 819 398 891 cqjus
419 825 668 893 potestas
687 837 860 893 super
879 821 1188 876 humerum
1213 821 1261 892 ej
1271 838 1353 888 us,
1372 826 1429 876 et
1448 821 1738 876 vocabitur

95 929 310 969 nomen
333 914 462 985 ejus
478 914 674 986 magni
691 915 910 969 consilii
923 915 1196 986 Angelus,
1217 915 1592 984 admirabilis,
1608 932 1738 970 con-

95 1007 364 1076 siliarius,
411 1009 560 1063 Deus
597 1007 777 1076 fortis,
825 1008 1090 1080 princeps
1133 1008 1306 1080 pacis,
1363 1010 1525 1063 Pater
1561 1009 1736 1064 futuri

97 1099 288 1154 δωρηιί
337 1100 474 1172 (Isa.
523 1117 602 1171 Ix,
655 1102 726 1171 6).
757 1121 785 1150 »
812 1102 923 1156 Nec
971 1101 1327 1156 frustratorie
1369 1102 1625 1173 loquens,
1663 1102 1736 1156 ita

93 1193 334 1248 verbum
367 1193 586 1249 diceret
615 1211 842 1249 carnem
869 1195 1102 1262 factum,
1134 1199 1195 1249 ut
1221 1195 1410 1250 editus
1433 1199 1593 1250 utero
1619 1196 1738 1248 Vir-

97 1287 244 1358 ginis
269 1288 534 1343 Christus
571 1288 808 1344 haberet
831 1289 1078 1344 formam
1105 1289 1374 1358 hominis,
1405 1295 1460 1344 et
1487 1306 1604 1344 non
1631 1290 1736 1344 ha-

99 1381 256 1436 beret
277 1385 532 1437 materni
555 1383 806 1453 corporis
825 1383 1138 1438 veritatem.
1163 1387 1250 1437 An
1270 1383 1418 1438 forte
1441 1383 1565 1438 ideo
1579 1389 1739 1455 puta-

99 1475 172 1529 vit
191 1475 506 1530 Dominum
536 1479 798 1531 nostrum
816 1477 1011 1532 Iesum
1035 1493 1152 1532 non
1181 1481 1390 1532 nostros
1421 1494 1540 1532 esse
1571 1483 1734 1533 natu-

103 1585 194 1636 rae,
246 1569 390 1640 quia
435 1571 642 1625 missus
694 1571 764 1625 ad
802 1571 1027 1625 beatam
1069 1571 1302 1626 Mariam
1339 1573 1576 1642 angelus
1614 1571 1735 1626 ait:

103 1685 126 1712 α
157 1663 406 1734 Spiritus
435 1669 664 1719 sanctus
697 1664 1064 1736 superveniet
1088 1665 1149 1720 in
1179 1669 1254 1732 te,
1289 1671 1346 1720 et
1370 1667 1545 1720 virtus
1572 1665 1738 1720 Altis-

101 1757 222 1810 simi
253 1757 630 1814 obumbrabit
657 1757 780 1813 tibi.
811 1759 1056 1830 Ideoque
1099 1765 1154 1814 et
1189 1759 1344 1831 quod
1379 1765 1642 1814 nascetur
1673 1777 1738 1814 ex

1837 743 1992 781 mam
2029 743 2166 796 erga
2207 741 2309 779 nos
2353 724 2580 795 pietatis
2609 740 2724 778 sum
2753 723 3234 794 dispensationem
3277 741 3472 781 sacra-

1837 823 2031 874 mento
2062 819 2363 874 occultiore
2393 819 2726 889 compleret,
2759 823 2814 872 et
2845 818 3019 872 homo
3048 817 3340 874 diabolicae
3359 819 3466 873 iui-

1837 913 2070 985 quitatis
2095 913 2345 968 versutia
2370 916 2547 982 actus,
2579 911 2636 964 in
2665 912 2890 981 culpam
2920 916 3114 966 contra
3139 913 3234 967 Dei
3267 930 3468 984 propo—

1839 1008 2010 1062 situm
2035 1023 2148 1062 non
2177 1007 2409 1077 periret.

1909 1103 1996 1155 Ill.
2035 1100 2360 1170 Ingreditur
2401 1115 2538 1170 ergo
2573 1100 2694 1154 haec
2721 1099 2920 1154 mundi
2949 1099 3148 1154 inﬁma
3177 1101 3350 1156 Filius
3379 1103 3476 1156 Dei

1841 1195 1910 1250 de
1940 1194 2152 1249 ccelcsti
2178 1194 2308 1248 sede
2339 1193 2712 1264 descendens,
2741 1199 2798 1247 et
2826 1211 2856 1246 a
2883 1198 3122 1264 paterna
3153 1195 3334 1264 gloria
3360 1213 3474 1250 non

1841 1288 2132 1354 recedens,
2179 1305 2326 1342 novo
2377 1287 2601 1358 ordine,
2653 1304 2800 1341 nova
2831 1287 3122 1342 nativitate
3151 1296 3474 1359 generatus.

1841 1384 1989 1437 Novo
2015 1382 2236 1451 ordine,
2268 1381 2404 1452 quia
2433 1381 2725 1435 invisibilis
2765 1381 2822 1434 in
2862 1381 2998 1449 suis,
3031 1381 3262 1436 visibilis
3301 1383 3476 1438 factus

1842 1479 1926 1530 est
1967 1476 2026 1530 in
2071 1475 2298 1530 nostris.
2353 1475 2948 1546 Incomprehensibilis
2997 1475 3176 1530 voluit
3226 1493 3477 1548 compre-

1841 1570 2046 1637 hendi;
2073 1575 2204 1624 ante
2226 1573 2489 1640 tempora
2503 1585 2763 1637 manens,
2787 1585 2906 1622 esse
2924 1569 3092 1640 coepit
3107 1585 3170 1624 ex
3189 1576 3472 1642 tempore;

1843 1664 2219 1718 universitatis
2259 1663 2532 1717 Dominus
2563 1663 2824 1717 servilem
2857 1663 3105 1717 formam
3139 1665 3474 1720 obumbrata

1841 1757 2154 1827 majestatis
2200 1774 2314 1810 suae
2369 1757 2752 1811 immensitate
2803 1756 3070 1827 suscepit.
3121 1759 3480 1828 lmpassibilis

103 1854 174 1918 te,
201 1855 474 1906 sanctum
501 1851 800 1907 vocabitur
825 1852 996 1908 Filius
1033 1853 1134 1908 Dei
1181 1853 1326 1922 (Luc.
1378 1870 1414 1921 1,
1455 1854 1561 1924 35),
1607 1876 1633 1902 »
1678 1845 1817 1916 utB
1843 1851 1984 1906 Deus
2029 1867 2142 1904 non
2190 1851 2530 1922 dedignatus
2578 1853 2663 1904 est
2715 1865 2834 1904 esse
2863 1851 3032 1904 homo
3078 1851 3378 1922 passibilis,
3421 1857 3478 1906 et

101 1945 224 2016 quia
270 1949 590 2017 conceptus
629 1945 874 2018 Virginis
921 1946 1101 2001 divini
1142 1947 1252 2002 fuit
1285 1948 1493 2019 operis,
1523 1964 1638 2002 non
1670 1948 1742 2002 de

101 2043 306 2093 natura
341 2039 720 2111 concipientis
751 2041 917 2096 fieret
955 2058 1086 2096 caro
1133 2042 1393 2113 concepti
1416 2042 1442 2095 Ῥ
1487 2041 1600 2097 Sed
1627 2057 1741 2096 non

103 2134 176 2187 ita
199 2133 581 2204 intelligenda
609 2138 694 2189 est
723 2134 817 2189 illa
856 2136 1146 2206 generatio
1185 2135 1552 2208 singulariter
1573 2136 1743 2190 mira-

101 2227 246 2295 bilis,
312 2233 372 2282 et
411 2227 754 2284 mirabiliter
797 2229 1119 2301 singularis,
1167 2237 1228 2284 ut
1271 2247 1375 2301 per
1429 2231 1742 2285 novitatem

102 2321 388 2376 Creatoris
409 2322 732 2394 proprietas
745 2329 972 2378 remota
982 2325 1054 2378 sit
1065 2324 1314 2394 generis;
1335 2324 1742 2378 fecunditatem

103 2415 256 2469 enim
295 2415 522 2487 Virgini
553 2415 796 2487 Spiritus
829 2420 1056 2472 sanctus
1087 2417 1259 2486 dedit,
1291 2417 1508 2472 Veritas
1551 2423 1740 2472 autem

103 2509 358 2581 corporis
399 2511 630 2581 sumpta
659 2509 730 2565 de
775 2527 1012 2583 corpore
1044 2517 1147 2578 est,
1188 2517 1243 2566 et
1287 2511 1598 2566 aediﬁcante
1637 2511 1743 2564 sibi

105 2602 396 2674 Sapientia
414 2603 658 2658 domum
682 2605 974 2660 «Verbum
991 2621 1120 2660 caro
1140 2605 1358 2660 factum
1381 2610 1484 2674 est,
1507 2611 1564 2660 et
1585 2607 1742 2659 habi-

105 2697 232 2752 tavit
249 2697 310 2752 in
329 2697 498 2752 nobis
516 2697 690 2768 (Joan.
711 2715 748 2766 1,
777 2700 882 2770 14),
907 2721 934 2750 ››
959 2700 1068 2755 hoc
1088 2702 1191 2767 est,
1217 2699 1274 2754 in
1295 2717 1361 2754 ea
1378 2717 1544 2754 carne
1566 2715 1742 2772 quam

105 2791 348 2862 sumpsit
369 2808 438 2846 ex
465 2792 720 2862 homine,
749 2797 806 2848 et
831 2809 1006 2864 quam
1035 2794 1267 2866 spiritus
1295 2795 1422 2850 vitae
1452 2794 1745 2849 rationalis

106 2885 402 2940 animavit.

169 2981 230 3035 ll.
263 2979 442 3035 Salva
467 2979 646 3052 igitur
669 2980 1012 3052 proprietate
1031 2981 1325 3053 utriusque
1353 2987 1575 3037 natura:
1603 2988 1659 3037 et
1685 2982 1744 3035 in

107 3090 272 3128 unam
319 3081 570 3129 coeunte
613 3091 934 3145 personam,
987 3079 1354 3147 suscepta‘est
1394 3093 1426 3130 a
1452 3077 1745 3147 majestate

107 3167 412 3235 humilitas,
437 3185 469 3222 a
493 3167 704 3223 virtute
729 3169 1052 3236 inﬁrmitas,
1088 3171 1159 3224 ab
1187 3171 1500 3225 teternitate
1525 3173 1742 3225 morta-

105 3261 254 3332 litas;
283 3265 346 3316 et
373 3223 446 3316 ad
467 3262 862 3318 resolvendum
884 3223 1225 3318 conditionis
1251 3267 1455 3318 nostra:
1487 3264 1746 3318 debitum
1767 3223 1820 3296 Ο

105 3361 306 3411 natura
349 3355 696 3411 inviolabilis
751 3363 972 3412 naturas
1019 3363 1102 3413 est
1155 3357 1318 3412 unita
1371 3358 1638 3429 passibili,
1683 3361 1746 3412 ut

105 3451 252 3522 quod
277 3450 498 3506 nostris
537 3451 804 3506 remediis
831 3451 1184 3522 congruebat
1213 3468 1361 3506 unus
1393 3455 1565 3523 atque
1597 3453 1746 3506 idem

109 3545 390 3599 mediator
415 3543 517 3599 Dei
551 3547 608 3599 et
639 3544 964 3612 hominum,
995 3545 1167 3600 homo
1194 3546 1446 3600 Christus
1479 3547 1652 3615 Jesus,
1693 3551 1748 3600 et

109 3638 250 3693 mori
275 3641 474 3710 posset
499 3655 566 3693 ex
591 3655 726 3708 uno,
750 3645 806 3694 et
829 3639 974 3694 mori
1007 3656 1122 3694 non
1151 3644 1339 3712 posset
1365 3657 1434 3694 ex
1455 3641 1654 3694 altero.
1687 3640 1746 3694 In

111 3731 342 3804 integra
371 3747 512 3803 ergo
537 3732 653 3788 veri
683 3733 931 3788 hominis
957 3735 1324 3805 perfectaque
1351 3739 1556 3789 natura
1585 3750 1749 3788 verus

113 3831 268 3880 natus
289 3831 378 3881 est
403 3827 572 3896 Deus,
595 3829 748 3881 totus
778 3827 838 3881 in
865 3827 1000 3897 suis,
1023 3831 1176 3883 totus
1203 3828 1262 3882 in
1289 3829 1514 3883 nostris.
1547 3829 1748 3882 Nostra

118 3925 306 3974 autem
349 3919 596 3975 dicimus
622 3936 751 3992 quae
779 3919 838 3975 in
867 3920 1030 3976 nobis
1058 3923 1127 3976 ab
1159 3922 1321 3977 initio
1350 3923 1582 3977 Creator
1607 3938 1745 3977 cou-

118 4011 272 4082 didit,
305 4017 366 4068 et
401 4029 534 4085 quae
561 4014 882 4085 reparanda
903 4015 1166 4086 suscepit.
1201 4017 1340 4070 Nam
1368 4015 1465 4070 illa
1497 4033 1624 4088 quae
1653 4015 1747 4070 de-

118 4111 310 4179 ceptor
359 4106 573 4177 intulit,
629 4111 688 4162 et
730 4109 900 4163 homo
952 4109 1220 4181 deceptus
1254 4109 1497 4178 admisit,
1532 4111 1751 4164 nullum

117 4198 362 4255 habuere
396 4201 458 4255 in
497 4200 788 4256 Salvatore
821 4202 1141 4273 vestigium.
1188 4203 1296 4257 Nec
1325 4203 1463 4274 quia
1490 4220 1746 4258 commu-

117 4293 348 4349 nionem
361 4294 750 4350 humanarum
762 4295 936 4352 subiit
955 4297 1378 4368 inﬁrmitatum,
1391 4297 1518 4352 ideo
1533 4301 1752 4352 nostro-

115 4403 238 4443 rum
277 4389 390 4443 fuit
435 4388 720 4462 particeps
764 4391 1124 4445 delictorum.
1164 4391 1482 4462 Assumpsit
1505 4393 1750 4446 formam

113 4483 254 4538 servi
303 4482 428 4538 sine
478 4483 644 4538 sorde
689 4485 922 4557 peccati,
968 4486 1218 4540 humana
1260 4502 1516 4557 augens,
1561 4485 1751 4541 divina

115 4591 222 4630 non
273 4576 570 4634 minuens.
616 4578 760 4643 Quia
790 4579 1103 4634 exinanitio
1135 4579 1230 4633 illa
1265 4597 1378 4651 qua
1407 4597 1465 4636 se
1493 4581 1746 4635 invisibi-

119 4671 178 4724 lis
221 4670 506 4726 visibilem
559 4672 820 4742 prmbuit,
865 4676 924 4728 et
960 4673 1191 4728 Creator
1220 4690 1284 4728 ac
1317 4673 1586 4728 Dominus
1625 4691 1748 4727 om-

119 4765 276 4820 nium
309 4781 506 4820 rerum
529 4781 677 4820 unus
712 4767 888 4821 voluit
923 4783 1041 4822 esse
1071 4767 1418 4836 mortalium,
1456 4767 1747 4822 inclinatio

121 4858 224 4913 fuit
259 4859 670 4930 miserationis,
711 4877 828 4916 non
867 4861 1104 4916 defectio
1147 4861 1462 4934 potestatis.
1511 4861 1751 4916 Proinde

121 4953 210 5023 qui
247 4969 493 5008 manens
525 4953 582 5008 in
629 4954 810 5009 forma
856 4955 950 5010 Dei
995 4956 1128 5012 fecit
1158 4961 1213 5011 et
1251 4955 1567 5024 hominem,
1597 4955 1750 5010 idem

123 5045 174 5100 in
209 5047 402 5102 forma
443 5047 588 5102 servi
633 5049 812 5104 factus
859 5055 944 5104 est
991 5050 1180 5104 homo.
1227 5051 1402 5104 Tenet
1447 5067 1585 5122 ergo
1630 5050 1750 5104 sine

123 5139 342 5196 defectu
367 5142 780 5214 proprietatem
806 5161 970 5198 suam
1001 5150 1238 5216 utraque
1276 5149 1496 5215 natura,
1527 5149 1584 5200 et
1613 5144 1756 5200 sicut

125 5235 366 5291 formam
405 5235 554 5290 servi
593 5237 692 5292 Dei
735 5237 922 5293 forma
964 5255 1078 5293 non
1113 5238 1332 5308 adimit,
1381 5239 1458 5293 ita
1501 5239 1752 5294 formam

129 5327 216 5385 Dei
240 5329 391 5385 servi
417 5329 600 5385 forma
633 5347 749 5386 non
776 5331 1006 5388 minuit.
1055 5333 1196 5387 Nam
1239 5349 1356 5404 qua
1407 5333 1758 5404 gloriabatur

127 5423 384 5480 diabolus
437 5423 735 5481 hominem
790 5443 891 5481 sua
943 5427 1142 5482 fraude
1201 5427 1504 5498 deceptum
1555 5427 1758 5482 divinis

129 5519 368 5573 caruisse
395 5519 728 5574 muneribus
752 5525 808 5574 et
835 5520 1279 5576 immortalitatis
1301 5522 1428 5576 dote
1455 5521 1754 5588 nudatum,

130 5611 326 5668 duram
369 5613 572 5668 mortis
609 5613 846 5669 subiisse
888 5614 1255 5681 sententiam,
1301 5632 1473 5687 seque
1502 5616 1561 5670 in
1594 5615 1759 5670 malis

131 5705 237 5760 suis
259 5706 558 5779 quoddam
585 5705 656 5762 de
695 5709 1147 5779 praevaricatoris
1185 5709 1468 5764 consortio
1511 5710 1756 5765 invenis-

131 5816 182 5855 se
205 5801 496 5871 solatium,
530 5801 716 5856 Deum
745 5817 972 5875 quoque
1005 5803 1246 5874 justitiaa
1280 5803 1548 5875 exigente
1587 5803 1758 5859 ratio-

133 5909 198 5950 ne
227 5911 366 5968 erga
393 5894 700 5952 hominem
733 5911 908 5968 quem
945 5897 1002 5951 in
1044 5901 1206 5952 tanto
1234 5897 1448 5953 honore
1485 5897 1760 5952 condide-

543 5993 818 6060 PATROL.
867 5993 1095 6061 CXXX.

1841 1943 2184 1998 immortalis
2231 1945 2432 1998 mortis
2473 1943 2690 2014 legibus
2738 1943 3049 2013 subjacere.
3105 1946 3254 2000 Nova
3284 1951 3474 2000 autem

1843 2038 2138 2093 nativitate
2183 2041 2510 2108 generatus,
2557 2039 2690 2108 quia
2715 2037 2988 2090 inviolata
3025 2037 3316 2109 virginitas
3345 2059 3478 2095 con-

1842 2132 2246 2204 cupiscentiam
2276 2131 2530 2198 nescivit,
2575 2130 2762 2184 carnis
2793 2131 3090 2185 materiam
3119 2133 3474 2189 ministravit.

1843 2231 2141 2297 Assumpta
2168 2231 2251 2280 est
2291 2225 2466 2295 igitur
2503 2225 2572 2278 de
2609 2230 2792 2278 matre
2843 2225 3071 2280 Domini
3109 2231 3330 2294 natura,
3365 2247 3478 2283 non

1844 2321 2037 2392 culpa;
2073 2337 2176 2374 nec
2203 2320 2262 2373 in
2293 2320 2537 2374 Domino
2559 2321 2688 2373 Jesu
2711 2319 2932 2374 Christo
2955 2337 3024 2374 ex
3045 2327 3206 2375 utero
3237 2322 3481 2393 Virginis

1845 2414 2058 2486 genito,
2087 2415 2222 2485 quia
2253 2413 2514 2466 nativitas
2541 2419 2624 2467 est
2651 2413 2950 2482 mirabilis,
2981 2415 3112 2469 ideo
3141 2421 3352 2471 nostrae
3395 2422 3481 2471 est

1843 2513 2063 2562 naturae
2101 2507 2419 2576 dissimilis;
2457 2507 2552 2577 qui
2590 2507 2744 2560 enim
2795 2524 2960 2561 verus
2999 2513 3084 2561 est
3113 2510 3284 2578 Deus,
3325 2511 3480 2564 idem

1845 2621 2005 2658 verus
2035 2607 2120 2658 est
2143 2604 2337 2671 homo,
2366 2609 2422 2658 et
2449 2603 2666 2656 nullum
2697 2606 2781 2657 est
2817 2604 2874 2656 in
2915 2605 3020 2658 hac
3059 2605 3277 2660 unitate
3317 2624 3478 2662 men-

1845 2698 2090 2766 dacium,
2125 2698 2262 2752 dum
2288 2697 2528 2752 invicem
2550 2703 2700 2766 sunt,
2725 2703 2780 2751 et
2809 2698 3100 2752 humilitas
3125 2699 3393 2772 hominis,
3424 2709 3481 2758 et

1845 2791 2080 2846 altitudo
2123 2792 2371 2847 deitatis.
2407 2791 2562 2846 Sicut
2593 2792 2744 2846 enim
2777 2794 2920 2846 Deus
2953 2809 3066 2847 non
3095 2798 3352 2849 mutatur
3379 2797 3483 2850 mi-

1845 2887 2146 2956 seratione,
2177 2886 2254 2940 ita
2281 2885 2450 2940 homo
2483 2902 2598 2940 non
2629 2886 2986 2940 consumitur
3016 2887 3317 2959 dignitate.
3353 2891 3482 2960 Egit

1847 2980 1999 3034 enim
2027 2984 2261 3052 utraque
2283 2980 2469 3034 forma
2491 2997 2620 3034 cum
2647 2979 2878 3034 alterius
2905 2983 3309 3038 communione
3330 2985 3480 3055 quod

1845 3075 2142 3146 proprium
2187 3079 2272 3129 est
2299 3075 2500 3143 Verbo,
2544 3076 2777 3144 scilicet,
2825 3079 3096 3146 operante
3123 3078 3278 3150 quod
3315 3079 3482 3134 Verbi

1849 3173 1953 3236 est,
1976 3172 2032 3224 et
2069 3169 2220 3240 quod
2248 3169 2437 3222 carnis
2465 3173 2549 3222 est
2568 3185 2738 3222 carne
2768 3176 3133 3240 exsequente.
3167 3173 3356 3226 Unum
3381 3173 3478 3228 ho-

1847 3280 1976 3318 rum
2025 3265 2280 3317 coruscat
2321 3262 2626 3330 miraculis,
2673 3263 2830 3316 aliud
2887 3265 3202 3320 succumbit
3238 3265 3481 3338 injuriis,

1847 3362 1902 3412 et
1934 3357 2078 3411 sicut
2107 3356 2358 3410 Verbum
2387 3356 2456 3410 ab
2487 3357 2812 3427 aequalitate
2841 3361 3092 3428 paternte
3129 3359 3324 3430 gloriae
3367 3377 3483 3416 non

1845 3451 2097 3518 recessit,
2145 3450 2222 3504 ita
2253 3467 2383 3505 caro
2416 3454 2682 3504 naturam
2715 3451 2892 3504 nostri
2925 3454 3152 3522 generis
3203 3471 3310 3508 non
3361 3457 3486 3509 rcli-

1846 3545 1987 3616 quit.
2019 3548 2172 3601 Unus
2200 3544 2355 3598 enim
2387 3544 2654 3616 idemque
2683 3549 2786 3614 est,
2823 3546 2976 3616 quod
3005 3563 3152 3618 saepe
3179 3548 3482 3604 dicendum

1849 3644 1932 3693 est
1959 3656 2088 3694 vere
2121 3639 2215 3694 Dei
2249 3638 2438 3706 Filius,
2481 3644 2537 3692 et
2581 3655 2710 3693 vere
2755 3640 3005 3694 hominis
3051 3641 3200 3696 illius
3233 3659 3246 3696 :
3282 3665 3309 3694 ‹‹
3340 3645 3484 3698 Deus

1849 3750 1948 3805 per
1989 3733 2044 3788 id
2090 3733 2244 3804 quod
2289 3733 2346 3787 in
2387 3732 2668 3804 principio
2697 3737 2822 3788 erat
2847 3733 3120 3805 Verbum,
3151 3743 3207 3791 et
3237 3737 3482 3792 Verbum

1849 3833 1972 3883 erat
1994 3828 2144 3899 apud
2172 3829 2374 3896 Deum,
2404 3831 2460 3881 et
2480 3827 2626 3881 Deus
2655 3831 2777 3881 erat
2801 3827 3050 3882 Verbum
3079 3829 3255 3901 (Joan.
3287 3849 3324 3899 1,
3361 3833 3430 3904 t);
3453 3855 3479 3882 ››

1853 3923 2101 3990 «homo,
2143 3939 2245 3993 per
2275 3921 2332 3976 id
2377 3921 2530 3993 quod
2561 3921 2806 3976 Verbum
2847 3939 2978 3976 caro
3031 3923 3244 3980 factum
3293 3931 3395 3997 est,
3434 3936 3489 3982 et

1849 4017 2120 4071 habitavit
2161 4018 2222 4070 in
2267 4017 2432 4072 nobis
2477 4019 2650 4086 (Joan.
2693 4033 2750 4085 11,
2803 4018 2915 4088 tt);
2953 4041 2978 4067 ››
3035 4042 3061 4068 ‹‹
3091 4021 3256 4088 Deus,
3301 4038 3404 4092 per
3427 4023 3484 4077 id

1851 4112 2004 4184 quod
2048 4111 2240 4166 omnia
2285 4129 2387 4182 per
2446 4112 2635 4182 ipsum
2669 4112 2816 4166 facta
2847 4119 2996 4180 sunt,
3026 4119 3082 4168 et
3110 4115 3230 4170 sine
3263 4116 3384 4187 ipso
3409 4119 3488 4172 fa-

1851 4211 2002 4260 ctum
2035 4209 2118 4259 est
2146 4206 2288 4259 nihil
2320 4209 2492 4274 (Joan.
2517 4221 2554 4273 1,
2586 4207 2632 4274 3)
2661 4222 2676 4274 ;
2713 4224 2740 4256 »
2774 4205 2964 4272 homo,
2996 4223 3100 4276 per
3122 4207 3180 4260 id
3216 4210 3370 4279 quod
3402 4213 3482 4264 fa-

1851 4305 1971 4354 ctus
2017 4303 2100 4354 est
2149 4317 2218 4352 ex
2261 4298 2518 4365 muliere,
2562 4298 2743 4351 factus
2792 4304 2876 4352 est
2904 4299 3006 4352 sub
3038 4301 3185 4370 lege.
3221 4303 3486 4358 Nativitas

1851 4393 2035 4446 carnis
2067 4392 2449 4445 manifestatio
2478 4393 2565 4444 est
2585 4390 2848 4444 humana:
2881 4396 3121 4448 naturae.
3152 4395 3348 4450 Partus
3369 4398 3485 4451 Vir~

1852 4486 2000 4557 ginis
2024 4485 2228 4539 divina:
2254 4491 2332 4540 est
2377 4484 2596 4538 virtutis
2643 4484 2939 4539 indicium.
2987 4487 3224 4542 Infantia
3265 4493 3482 4560 parvuli

1852 4580 2173 4634 ostenditur
2200 4578 2520 4633 humilitate
2549 4595 2841 4632 cunarum.
2869 4580 3193 4651 Magnitudo
3217 4583 3482 4638 Altissimi

1852 4675 2169 4730 declaratur
2197 4673 2424 4728 vocibus
2457 4672 2810 4743 angelorum.
2841 4673 3047 4728 Similis
3076 4681 3160 4730 est
3189 4677 3481 4734 rudimen—

1849 4770 1920 4824 tis
1951 4769 2267 4838 hominum,
2307 4783 2480 4839 quem
2527 4768 2770 4823 Herodes
2797 4767 3004 4839 impius
3053 4771 3291 4826 molitur
3339 4774 3479 4828 occi-

1853 4863 2009 4918 dere.
2036 4863 2148 4919 Sed
2167 4862 2438 4917 Dominus
2458 4864 2542 4916 est
2562 4862 2840 4930 omnium,
2859 4879 3030 4934 quem
3049 4865 3206 4936 magi
3228 4867 3482 4937 gaudent

1851 4957 2182 5030 suppliciter
2224 4957 2482 5012 adorare.
2529 4959 2653 5012 Jam
2709 4974 2838 5012 cum
2882 4957 2952 5012 ad
2998 4964 3360 5029 przecursoris
3402 4967 3488 5018 sui

1851 5053 2083 5106 Joannis
2109 5052 2458 5124 baptismum
2487 5051 2724 5120 veniret,
2759 5069 2860 5106 nec
2893 5053 3096 5108 lateret
3120 5055 3272 5126 quod
3301 5060 3488 5114 carnis

1855 5147 2132 5201 velamine
2165 5151 2473 5217 tegeretur,
2502 5163 2602 5200 vox
2631 5145 2814 5199 Patris
2841 5145 2912 5199 de
2939 5149 3077 5202 ccelo
3101 5149 3379 5220 intonans,
3411 5155 3490 5208 di-

1855 5241 1934 5295 xit
1962 5257 1974 5294 :
2013 5262 2040 5290 «
2071 5241 2168 5294 Hic
2193 5244 2278 5294 est
2307 5241 2480 5295 Filius
2503 5257 2660 5294 meus
2681 5239 2938 5308 dilectus,
2957 5241 3014 5295 in
3043 5259 3157 5313 quo
3176 5245 3318 5300 mihi
3345 5248 3488 5303 bene

1855 5334 2174 5405 complacui
2203 5335 2414 5397 (Matth.
2464 5351 2545 5402 111,
2577 5337 2682 5404 t7).
2716 5357 2743 5382 ν
2779 5335 2956 5398 Quem
2985 5335 3176 5408 itaque
3210 5341 3354 5397 sicut
3385 5343 3488 5398 ho-

1857 5430 2070 5483 minem
2129 5427 2410 5482 diabolica
2465 5431 2646 5482 tentat
2694 5428 2919 5496 astutia,
2967 5429 3154 5485 eidem
3198 5434 3341 5490 sicut
3381 5437 3489 5490 Deo

1858 5523 2120 5593 angelica
2151 5523 2505 5576 famulantur
2538 5521 2745 5577 ofﬁcia.
2797 5522 3042 5594 Esurire,
3079 5525 3254 5596 sitire,
3287 5529 3488 5584 lasces~

1860 5633 2002 5686 sere,
2031 5620 2202 5687 atque
2229 5615 2478 5670 dormire
2507 5615 2800 5671 evidenter
2831 5617 3148 5673 humanum
3174 5627 3274 5675 est.
3304 5622 3412 5676 Sed
3434 5628 3490 5677 et

1861 5711 1930 5766 de
1965 5711 2216 5783 quinque
2263 5709 2529 5781 panibus,
2577 5711 2836 5782 quinque
2861 5711 3038 5766 millia
3069 5713 3366 5768 hominum
3399 5733 3489 5770 sa-

1861 5805 2020 5874 tiare,
2069 5811 2125 5861 et
2180 5804 2376 5878 largiri
2425 5804 2793 5860 Samaritana:
2849 5823 3058 5877 aquam
3105 5806 3286 5862 vivam
3335 5810 3496 5882 cujus

1863 5896 2097 5951 haustus
2127 5895 2340 5950 bibenti
2367 5897 2616 5966 praestat,
2653 5911 2724 5949 ne
2765 5896 2908 5948 ultra
2937 5895 3060 5965 jam
3113 5895 3282 5964 sitiat,
3328 5903 3386 5953 et
3411 5917 3500 5955 su-

3105 5999 3183 6058 ‘25
