4034 6304
539 329 630 380 771
1429 325 1714 382 APPEND.
1755 326 1840 382 AD
1879 327 2040 381 S:F.C.
2083 327 2168 380 IX.
2199 345 2266 365 —
2306 317 2549 381 lSlDORl
2589 319 3014 381 MERCATORIS

3804 323 3912 381 772

531 451 634 505 pra
662 433 894 488 dorsum
926 435 1096 488 maris
1127 433 1333 505 plantis
1362 451 1478 489 non
1503 435 1929 489 subsidentibus
1960 435 2166 488 ambu-
2189 433 2417 520 Adete,
2461 434 2592 504 quia
2619 433 2849 505 spiritus
2886 448 3119 489 carnem
3159 436 3217 488 et
3241 449 3366 488 ossa
3402 449 3520 489 non
3549 432 3724 488 habet
3761 433 3916 488 sicut

533 528 669 595 lare,
698 532 753 582 et
778 527 1049 582 elationes
1069 529 1345 582 fluctuum
1368 529 1657 600 increpata
1678 531 2018 600 tempestate
2039 546 2169 584 con-

535 625 807 688 sternere,
840 621 959 674 sine
999 621 1376 692 ambiguitate
1421 621 1678 676 divinum
1715 628 1818 676 est.
1851 622 2003 676 Sicut
2032 639 2168 692 ergo

536 715 619 783 (ut
643 715 824 768 multa
851 717 1206 785 praeteream)
1241 733 1356 770 non
1388 716 1644 786 ejusdem
1670 721 1888 770 natura:
1915 722 1999 770 est
2030 716 2168 770 ﬂere

535 807 912 862 miserationis
948 808 1150 864 affectu
1182 810 1430 864 amicum
1467 812 1782 879 mortuum,
1824 813 1881 864 et
1904 811 2167 864 eumdem

533 905 747 957 remoto
773 902 1167 973 quatriduanaa
1195 920 1408 975 aggere
1441 904 1750 976 sepultura:
1784 905 1855 958 ad
1880 904 2032 958 vocis
2056 905 2162 958 im-

531 996 758 1067 perium
786 996 1032 1051 excitare
1066 997 1400 1064 redivivum,
1429 1002 1526 1052 aut
1547 998 1603 1051 in
1623 997 1778 1069 ligno
1807 998 2078 1069 pendere,
2109 1001 2168 1052 et

532 1090 589 1144 in
622 1092 848 1144 noctem
877 1091 1003 1144 luce
1034 1107 1301 1145 conversa
1321 1091 1516 1146 omnia
1530 1092 1816 1145 elementa
1836 1093 2166 1146 tremefece-

532 1200 616 1249 re,
661 1188 758 1238 aut
801 1185 974 1237 clavis
1019 1185 1351 1239 transﬁxum
1405 1202 1544 1250 esse,
1597 1190 1650 1239 et
1692 1185 1932 1256 paradisi
1971 1191 2166 1257 portas

529 1277 657 1332 ﬁdei
694 1277 931 1332 latronis
967 1278 1210 1348 aperire,
1256 1279 1333 1334 ita
1377 1295 1494 1333 non
1547 1279 1800 1349 ejusdem
1832 1282 2050 1334 naturas
2082 1285 2167 1334 est

531 1371 720 1424 dicere
747 1387 759 1424 :
797 1394 822 1419 ‹‹
852 1372 968 1442 Ego
996 1376 1051 1426 et
1081 1373 1244 1426 Pater
1269 1389 1448 1427 unum
1478 1389 1674 1427 sumus
1704 1373 1877 1442 (Joan.
1908 1390 1959 1439 x,
1991 1375 2099 1443 30),
2135 1395 2162 1421 ι»

529 1468 587 1520 et
630 1464 819 1518 dicere
855 1482 865 1519 :
909 1467 1128 1520 «Pater
1163 1466 1346 1537 major
1384 1483 1475 1521 me
1515 1471 1599 1521 est
1639 1468 1810 1536 (Joan.
1853 1483 1961 1532 xxv,
1994 1468 2103 1536 28).
2134 1488 2160 1518 »

531 1558 800 1622 Quamvis
841 1559 994 1613 enim
1024 1560 1079 1613 in
1111 1560 1350 1614 Domino
1379 1561 1510 1615 Iesu
1538 1561 1756 1616 Christo
1780 1561 1875 1616 Dei
1902 1565 1958 1616 et
1986 1561 2166 1616 homi-

530 1651 617 1705 nis
643 1668 759 1706 una
785 1668 1029 1723 persona
1069 1653 1159 1722 sit,
1192 1654 1336 1708 alius
1365 1659 1560 1709 tamen
1593 1658 1678 1708 est
1699 1655 1848 1709 unde
1870 1659 2160 1711 contume-

2270 544 2364 582 me
2393 527 2598 581 videtis
2629 529 2837 582 habere
2865 529 3012 592 (Luc.
3060 545 3207 596 xxiv,
3241 528 3352 597 39),
3386 551 3411 578 »
3446 533 3511 582 ut
3536 544 3916 599 cognoscere-

2269 625 2363 675 tur
2384 621 2441 675 in
2454 638 2521 675 eo
2550 621 2870 692 proprietas
2887 621 3090 675 divinae
3107 622 3491 692 humanaeque
3525 624 3744 676 natura:
3767 621 3913 675 indi-

2267 714 2433 769 vidua
2461 731 2818 785 permanere,
2854 718 2912 769 et
2952 715 3029 768 ita
3067 715 3340 769 sciremus
3368 715 3612 769 Verbum
3649 732 3766 769 non
3797 716 3911 770 hoc

2269 825 2390 862 esse
2416 808 2569 879 quod
2595 825 2845 877 carnem,
2873 812 2935 862 ut
2964 825 3142 863 unum
3177 809 3280 863 Dei
3320 808 3525 863 Filium
3557 812 3614 862 et
3654 809 3911 863 Verbum

2267 903 2672 958 conﬁteremur
2697 907 2752 957 et
2777 920 3029 957 carnem.
3057 903 3179 967 Quo
3202 903 3335 957 ﬁdei
3355 908 3717 957 sacramento
3744 903 3908 956 Euti-

2267 997 2401 1051 ches
2427 997 2531 1052 iste
2566 996 2808 1052 nimium
2825 997 3198 1052 aestimandus
3229 1000 3313 1050 est
3343 1013 3570 1067 vacuus,
3605 997 3701 1067 qui
3734 1002 3908 1051 natu-

2266 1107 2389 1145 ram
2422 1097 2673 1146 nostram
2703 1091 2761 1145 in
2790 1090 3090 1162 unigenito
3121 1090 3219 1146 Dei
3255 1107 3358 1145 nec
3385 1107 3490 1162 per
3516 1090 3908 1145 humilitatem

2266 1185 2641 1250 mortalitatis,
2670 1201 2773 1239 nec
2796 1202 2898 1256 per
2925 1185 3168 1255 gloriam
3190 1184 3627 1239 resurrectionis
3649 1183 3906 1253 agnovit.

2265 1278 2378 1331 Nec
2403 1279 2746 1333 sententiam
2788 1278 2939 1333 beati
2980 1279 3135 1332 Pauli
3184 1283 3240 1332 et
3271 1278 3642 1348 Evangelistaz
3670 1277 3909 1331 Joannis

2267 1372 2490 1442 expavit
2508 1372 2758 1426 dicentes
2794 1389 2806 1426 :
2846 1393 2872 1421 «
2905 1371 3106 1427 Omnis
3126 1371 3355 1442 spiritus
3375 1372 3474 1443 qui
3497 1371 3805 1426 conﬁtetur
3823 1372 3910 1425 Je-

2266 1482 2390 1519 sum
2421 1466 2707 1521 Christum
2726 1467 2784 1519 in
2813 1481 2982 1520 carne
3011 1465 3228 1520 venisse
3262 1483 3331 1520 ex
3359 1466 3474 1519 Deo
3503 1470 3606 1532 est,
3630 1470 3689 1520 et
3716 1465 3908 1518 omnis

2265 1560 2497 1630 spiritus
2524 1559 2622 1630 qui
2651 1559 2815 1614 solvit
2839 1561 3050 1627 Jesum,
3089 1575 3155 1613 ex
3180 1561 3296 1614 Deo
3337 1576 3451 1613 non
3481 1565 3584 1627 est,
3613 1563 3670 1614 et
3698 1558 3793 1612 hic
3820 1563 3908 1612 est

2263 1653 2640 1708 Antichristus
2662 1654 2712 1725 (I
2723 1657 2880 1708 Joan.
2901 1670 2972 1722 ιν,
2992 1657 3046 1723 2,
3063 1655 3136 1724 3).
3159 1675 3186 1703 »
3211 1653 3353 1718 Quid
3371 1658 3565 1708 autem
3584 1657 3669 1707 est
3685 1653 3904 1706 solvere

531 1745 626 1810 lia,
660 1747 802 1799 alius
829 1747 982 1801 unde
1005 1748 1325 1802 communis
1347 1754 1430 1804 est
1460 1749 1661 1820 gloria.
1692 1750 1769 1803 De
1793 1755 1983 1804 nostro
2009 1749 2163 1804 enim
2267 1745 2315 1818 1
2333 1744 2458 1819 90
2479 1747 2668 1801 Jesum
2686 1747 2794 1800 nisi
2813 1747 3128 1802 humanam
3157 1747 3227 1800 ab
3244 1764 3310 1801 eo
3327 1762 3588 1818 separare
3607 1750 3902 1810 naturam,

531 1839 611 1893 illi
665 1845 749 1894 est
801 1841 991 1896 minor
1040 1843 1204 1896 Patre
1253 1843 1598 1909 humanitas,
1646 1843 1716 1898 de
1755 1845 1916 1899 Patre
1959 1844 2040 1898 illi
2081 1823 2241 1899 estB
2265 1846 2321 1895 et
2345 1845 2766 1895 sacramentum
2788 1841 2919 1896 ﬁdei
2941 1858 3045 1912 per
3068 1842 3224 1912 quod
3250 1841 3446 1895 salvati
3467 1857 3665 1895 sumus
3686 1840 3907 1910 impru-

529 1933 757 2005 mqualis
781 1951 912 1988 cum
939 1936 1104 1990 Patre
1138 1935 1421 1992 divinitas.

434 2010 502 2082 >
599 2029 684 2094 1V,
716 2029 775 2081 V.
810 2030 1042 2099 Propter
1068 2030 1216 2084 hanc
1242 2031 1515 2086 unitatem
1538 2048 1796 2103 personas
1837 2033 1894 2087 in
1925 2037 2162 2104 utraque

530 2125 738 2177 natura
769 2121 1219 2192 intelligendam,
1248 2128 1303 2178 et
1332 2123 1504 2179 Filius
1534 2125 1779 2180 hominis
1818 2126 2029 2197 legitur
2060 2127 2159 2181 de-

529 2216 809 2270 scendisse
846 2217 915 2270 de
971 2217 1132 2284 coelo,
1192 2235 1324 2272 cum
1371 2218 1542 2272 Filius
1580 2220 1679 2274 Dei
1723 2237 1955 2275 carnem
1992 2221 2061 2275 de
2093 2238 2161 2276 ea

525 2309 764 2380 virgine,
797 2309 866 2364 de
903 2326 1017 2380 qua
1062 2316 1146 2365 est
1185 2316 1369 2379 natus,
1415 2315 1804 2385 assumpserit.
1849 2315 1917 2368 Et
1967 2331 2160 2368 rursus

528 2403 698 2457 Filius
737 2402 834 2458 Dei
869 2405 1171 2460 cruciﬁxus
1209 2406 1415 2462 dicitur
1452 2424 1516 2462 ac
1550 2409 1824 2480 sepultus,
1863 2425 1993 2462 cum
2036 2409 2159 2463 haec

528 2512 642 2551 non
677 2497 734 2550 in
772 2496 1068 2553 divinitate
1095 2499 1216 2569 ipsa
1244 2516 1356 2570 qua
1385 2501 1716 2571 unigenitus
1744 2503 2155 2574 consempiter-

526 2606 633 2643 nus
662 2593 719 2644 et
746 2591 1238 2646 consubstantialis
1266 2598 1351 2647 est
1376 2594 1545 2663 Patri,
1578 2595 1677 2649 sed
1711 2594 1768 2649 in
1800 2598 2019 2650 natura:
2046 2596 2154 2650 hu-

527 2700 711 2738 manae
748 2685 820 2738 sit
862 2684 1193 2740 inﬁrmitate
1241 2703 1558 2758 perpessus.
1608 2689 1765 2743 Unde
1795 2689 2158 2760 unigenitum

526 2777 728 2831 Filium
761 2777 857 2831 Dei
884 2779 1214 2834 cruciﬁxum
1247 2786 1304 2835 et
1329 2783 1614 2852 sepultum
1655 2800 1857 2837 omnes
1893 2783 2063 2837 etiam
2098 2783 2155 2837 in

523 2871 791 2940 Symbolo
819 2871 1158 2927 conﬁtemur
1184 2875 1497 2930 secundum
1539 2876 1676 2931 illud
1704 2878 1955 2947 Apostoli
1989 2895 2001 2932 :
2040 2899 2066 2926 ‹‹
2099 2878 2155 2933 Si

525 2963 680 3018 enim
711 2966 1122 3035 cognovissent,
1163 2984 1458 3039 nunquam
1496 2970 1802 3025 Dominum
1845 2971 2156 3042 majestatis

523 3059 933 3114 cruciﬁxissent
975 3062 1021 3128 (Ι
1061 3061 1180 3115 Cor.
1215 3078 1276 3127 ιι,
1309 3064 1382 3132 8).
1416 3084 1444 3112 »
1478 3063 1620 3118 Cum
1651 3070 1847 3120 autem
1885 3066 2005 3137 ipse
2046 3067 2152 3120 Do-

524 3153 714 3206 minus
771 3159 964 3208 noster
1009 3158 1178 3227 atque
1235 3157 1496 3212 Salvator
1535 3158 1706 3213 ﬁdem
1747 3159 2153 3230 discipulorum

523 3263 753 3301 suorum
779 3247 893 3301 suis
918 3248 1466 3320 interrogationibus
1499 3252 1772 3319 erudiret,
1805 3274 1832 3305 «
1859 3271 2050 3325 quem,
2073 3255 2156 3310 in-

521 3341 663 3413 quit,
696 3341 890 3396 dicunt
914 3342 1173 3398 homines
1198 3360 1319 3399 esse
1343 3345 1544 3400 Filium
1565 3347 1816 3402 hominis
1835 3350 1862 3403 ?
1880 3371 1905 3398 »
1939 3350 2151 3420 (Matth.

521 3451 633 3502 xvx,
679 3437 784 3506 13).
826 3437 1084 3508 Cumque
1137 3437 1222 3492 illi
1264 3439 1512 3494 diversas
1557 3440 1805 3496 aliorum
1857 3443 2156 3514 opiniones

488 3507 920 3606 iretexuissent,
943 3533 1092 3586 «Vos
1105 3537 1319 3601 autem,
1334 3533 1430 3603 ait,
1445 3552 1618 3606 quem
1637 3554 1727 3591 me
1744 3553 1865 3592 esse
1886 3538 2070 3593 dicitis
2084 3541 2111 3594 Ὺ
2124 3563 2150 3589 ››

521 3624 625 3678 Ubi
665 3623 861 3679 beatus
904 3626 1103 3680 Petrus
1142 3627 1416 3682 divinitus
1459 3628 1786 3701 inspiratus,
1838 3635 1896 3685 et
1933 3635 2152 3688 confes-

518 3718 675 3772 sione
726 3735 827 3772 sua
883 3719 1150 3774 omnibus
1199 3721 1464 3790 gentibus
1504 3725 1876 3794 profuturus:
1915 3750 1941 3774 ‹‹
1967 3728 2048 3781 Tu
2074 3744 2152 3795 es,

517 3811 721 3882 inquit,
742 3812 995 3866 Christus
1021 3813 1193 3866 Filius
1219 3815 1315 3867 Dei
1339 3815 1450 3868 vivi
1476 3816 1693 3885 (Matth.
1717 3835 1828 3885 xw,
1856 3822 1957 3890 l6).
1989 3840 2016 3871 »
2047 3822 2154 3876 Nec

518 3904 806 3958 immerito
844 3905 1046 3959 beatus
1087 3911 1170 3960 est
1222 3909 1622 3976 pronuntiatus
1666 3927 1699 3965 a
1737 3913 2001 3980 Domino,
2035 3918 2092 3968 et
2122 3932 2155 3969 a

521 3996 815 4068 principali
843 4001 1005 4069 petra
1027 3999 1394 4069 soliditatem,
1445 4007 1500 4056 et
1521 4003 1746 4058 virtutis
1770 4007 1944 4061 traxit
1969 4011 2027 4062 et
2046 4025 2150 4064 no-

521 4090 709 4158 minis,
764 4090 859 4162 qui
914 4109 1018 4163 per
1070 4093 1480 4149 revelationem
1534 4098 1732 4166 Patris,
1781 4101 2048 4156 eumdem
2097 4107 2153 4157 et

521 4185 722 4239 Filium
751 4185 848 4239 Dei
871 4189 957 4239 est
984 4187 1272 4241 confessus
1302 4193 1358 4242 et
1382 4189 1688 4260 Christum,
1709 4193 1840 4264 quia
1861 4212 2037 4250 unum
2057 4197 2153 4252 ho-

519 4295 648 4333 rum
692 4279 814 4333 sine
848 4279 959 4333 alio
1009 4285 1301 4351 receptum
1335 4299 1449 4338 non
1493 4286 1761 4357 proderat
1787 4289 1859 4342 ad
1892 4291 2146 4346 salutem.

517 4373 622 4429 Sed
647 4373 877 4445 aequalis
907 4377 1030 4428 erat
1055 4375 1291 4445 periculi
1322 4378 1627 4435 Dominum
1647 4384 1836 4438 Jesum
1863 4385 2149 4440 Christum

516 4472 613 4522 aut
638 4468 818 4522 Deum
855 4470 1251 4525 tantummodo
1280 4471 1400 4528 sine
1434 4473 1692 4544 homine,
1733 4481 1832 4532 aut
1868 4478 1989 4534 sine
2037 4481 2150 4534 Deo

2176 3201 2230 3276 C

2264 1934 2606 1990 dentissimis
2633 1952 2902 1990 evacuare
2929 1936 3218 2006 ﬁgmentis
3235 1935 3262 1989 ?
3297 1934 3558 2005 Caligans
3584 1950 3716 1988 vero
3747 1934 3904 1987 circa

2266 2032 2529 2084 naturam
2581 2029 2830 2100 corporis
2871 2028 3097 2097 Christi,
3143 2045 3368 2084 necesse
3412 2033 3498 2082 est
3527 2028 3795 2082 utetiam
3843 2027 3905 2080 in

2261 2124 2521 2194 passione
2565 2124 2686 2194 ejus
2731 2124 2929 2178 eadem
2971 2123 3349 2178 obcaecatione
3394 2122 3654 2192 desipiat.
3688 2122 3834 2175 Nam
3857 2121 3904 2174 si

2261 2233 2488 2271 crucem
2513 2218 2743 2272 Domini
2771 2235 2883 2272 non
2911 2220 3072 2289 putat
3109 2217 3314 2272 falsam
3341 2221 3398 2271 et
3431 2219 3754 2287 susceptum
3798 2231 3906 2286 pro

2260 2311 2463 2366 mundi
2495 2313 2674 2367 salute
2702 2312 3046 2383 supplicium
3086 2329 3284 2366 verum
3308 2310 3478 2365 fuisse
3509 2326 3622 2364 non
3653 2309 3902 2378 dubitat,

2260 2406 2418 2476 cujus
2464 2407 2659 2475 credit,
2707 2412 2976 2476 agnoscat
3031 2409 3087 2460 et
3135 2421 3385 2459 carnem.
3441 2405 3550 2459 Nec
3588 2403 3904 2458 difﬁteatur

2258 2500 2436 2554 nostri
2464 2500 2717 2570 corporis
2743 2501 3040 2555 hominem
3068 2515 3241 2570 quem
3268 2498 3554 2570 cognoscit
3569 2497 3743 2552 fuisse
3773 2514 3903 2568 pas-

2258 2593 2501 2649 sibilem.
2544 2594 2824 2658 Quoniam
2861 2594 3086 2665 negatio
3118 2609 3263 2648 verae
3308 2592 3518 2661 carnis,
3551 2591 3783 2662 negatio
3812 2595 3901 2644 est

2259 2687 2432 2742 etiam
2452 2705 2737 2758 corporeae
2758 2671 3124 2793 passionis?
3142 2687 3297 2741 enim
3313 2686 3688 2743 Christianam
3709 2701 3903 2740 susce-

2257 2781 2340 2852 pit
2366 2782 2562 2851 ﬁdem,
2593 2787 2650 2836 et
2685 2801 2718 2836 a
2755 2780 3157 2853 praedicatio'ne
3208 2780 3496 2852 Evangelii
3551 2796 3719 2834 suum
3777 2796 3899 2833 non

2255 2875 2456 2930 avertit
2484 2876 2764 2944 auditum,
2795 2876 2981 2930 videat
3012 2893 3136 2947 quae
3173 2881 3372 2930 natura
3422 2874 3690 2928 transﬁxa
3725 2874 3902 2927 clavis

2258 2969 2598 3040 pependerit
2636 2970 2694 3024 in
2744 2971 2925 3024 crucis
2969 2970 3148 3042 ligno,
3197 2975 3274 3038 et,
3319 2971 3518 3040 aperto
3566 2984 3667 3038 per
3695 2967 3900 3021 militis

2256 3064 2512 3118 lanceam
2543 3065 2717 3118 latere
2747 3065 3016 3131 cruciﬁxi,
3061 3063 3349 3134 intelligat
3381 3063 3528 3118 unde
3566 3061 3804 3131 sanguis
3842 3068 3900 3116 et

2255 3174 2404 3230 aqua
2430 3158 2778 3226 effluxerint,
2806 3164 2870 3213 ut
2895 3158 3138 3212 Ecclesia
3160 3157 3258 3212 Dei
3285 3159 3507 3212 lavacro
3527 3155 3820 3226 rigaretur
3839 3158 3900 3210 et

2255 3253 2478 3324 poculo.
2501 3253 2705 3307 Audiat
2731 3254 2960 3308 beatum
2982 3255 3210 3307 Petrum
3228 3251 3550 3322 apostolum
3571 3249 3892 3321 praedican-

2257 3349 2372 3401 tem
2401 3348 2553 3419 quod
2580 3347 2946 3402 sanctiﬁcatio
2974 3347 3204 3418 spiritus
3234 3362 3336 3417 per
3373 3344 3759 3416 aspersionem
3796 3344 3899 3398 ﬁat

2256 3441 2550 3511 sanguinis
2603 3442 2832 3496 Christi.
2889 3443 2998 3496 Nec
3047 3441 3369 3495 transitorie
3422 3441 3575 3509 legat
3631 3438 3896 3508 ejusdem

2255 3535 2496 3606 apostoli
2527 3535 2698 3589 verba
2729 3535 2964 3589 dicentis
2993 3553 3005 3588 :
3041 3556 3066 3586 α
3097 3535 3354 3590 Scientes
3373 3534 3527 3605 quod
3549 3549 3664 3586 non
3692 3548 3894 3586 corru-

2255 3629 2550 3700 ptibilibus
2595 3634 2835 3700 argento
2881 3633 2939 3683 et
2989 3646 3126 3683 auro
3169 3627 3453 3699 redempti
3490 3627 3621 3682 estis
3651 3626 3720 3680 de
3748 3643 3897 3680 vana

2256 3728 2436 3778 vestra
2459 3724 2887 3778 conversatione
2913 3723 3165 3794 pristinae
3189 3722 3527 3788 traditionis,
3557 3720 3657 3774 sed
3675 3721 3891 3791 pretio-

2255 3833 2316 3871 so
2347 3818 2641 3888 sanguine,
2671 3818 2831 3888 quasi
2855 3817 2986 3888 agni
3013 3815 3468 3883 incontaminati,
3496 3817 3626 3870 Jesu
3651 3814 3886 3869 Christi.

2256 3913 2304 3982 (Ι
2321 3913 2463 3966 Petr.
2493 3929 2532 3977 ι,
2560 3915 2642 3977 18,
2680 3912 2783 3981 19).
2825 3934 2851 3961 ››
2897 3911 3045 3966 Beati
3100 3927 3328 3982 quoque
3374 3909 3604 3965 Joannis
3647 3909 3894 3978 apostoli

2253 4005 2581 4060 testimonio
2608 4022 2722 4059 non
2749 4005 2972 4060 resistat
2998 4005 3234 4060 dicentis
3269 4023 3282 4059 :
3319 4026 3347 4058 «
3373 4006 3481 4060 Sed
3503 4003 3730 4074 sanguis
3757 4004 3894 4057 Jesu

2255 4099 2353 4153 ﬁlii
2375 4099 2474 4152 Dei
2498 4100 2777 4154 emundat
2793 4117 2893 4154 nos
2909 4101 2979 4154 ab
2995 4100 3149 4154 omni
3171 4103 3400 4170 peccato
3419 4100 3632 4167 (IJoan.
3655 4114 3695 4164 1,
3721 4097 3833 4167 t7);
3861 4119 3888 4146 ››

2253 4199 2310 4248 et
2335 4194 2541 4248 iterum
2577 4211 2589 4248 :
2625 4195 2751 4248 Haec
2781 4200 2865 4250 est
2908 4195 3142 4249 victoria
3188 4211 3316 4266 quae
3365 4193 3539 4247 vincit
3576 4190 3890 4257 mundum,

2252 4288 2390 4342 ﬁdes
2421 4293 2629 4343 nostra.
2669 4290 2736 4342 Et
2780 4289 2906 4360 quis
2949 4292 3035 4342 est
3079 4288 3177 4359 qui
3222 4289 3394 4342 vincit
3430 4286 3734 4352 mundum,
3782 4287 3894 4339 nisi

2253 4382 2351 4453 qui
2384 4383 2563 4436 credit
2585 4383 2855 4454 quoniam
2879 4385 3039 4438 Jesus
3071 4389 3155 4437 est
3181 4383 3349 4436 Filius
3383 4382 3525 4436 Dei?
3555 4380 3651 4434 Hic
3678 4383 3763 4432 est
3789 4381 3890 4450 qui

2251 4477 2405 4530 venit
2431 4494 2536 4547 per
2563 4494 2774 4548 aquam
2804 4481 2860 4531 et
2892 4478 3232 4548 sanguinem
3263 4479 3422 4532 Jesus
3452 4475 3724 4531 Christus.
3760 4474 3891 4528 Non

517 4562 702 4615 solum
720 4561 1019 4617 hominem
1037 4563 1358 4622 credidisse.
1375 4568 1507 4623 Post
1519 4575 1996 4627 resurrectionem
2015 4590 2148 4628 vero
2169 4582 2228 4652 D
2254 4569 2310 4623 in
2336 4587 2484 4641 aqua
2512 4572 2718 4642 solum,
2749 4573 2849 4627 sed
2873 4572 2933 4626 in
2961 4589 3109 4643 aqua
3134 4575 3190 4627 et
3220 4571 3522 4642 sanguine,
3556 4571 3623 4624 Et
3643 4570 3893 4640 Spiritus

519 4655 744 4709 Domini
775 4671 904 4726 quae
931 4657 1124 4728 utique
1146 4660 1262 4714 veri
1284 4660 1532 4718 hominis
1557 4664 1684 4736 fuit,
1714 4666 1847 4737 quia
1872 4667 2013 4721 alter
2032 4684 2149 4722 non

519 4753 606 4803 est
632 4750 1009 4819 resuscitatus,
1033 4769 1208 4824 quam
1235 4755 1331 4826 qui
1360 4756 1541 4812 fuerat
1558 4760 1874 4830 crucifixus,
1907 4765 1965 4816 et
1991 4778 2146 4816 mor-

516 4849 667 4912 tuus,
700 4844 836 4916 quid
862 4845 1012 4902 aliud
1040 4849 1418 4920 quadraginta
1458 4851 1681 4906 dierum
1721 4870 1885 4908 mora
1923 4859 2146 4924 gestum

516 4944 619 5006 est,
655 4956 826 5010 quam
857 4944 919 4994 ut
948 4941 1078 4995 ﬁdei
1119 4949 1328 4998 nostra:
1371 4943 1670 5015 integritas
1713 4947 1785 5000 ab
1827 4947 1986 5001 omni
2015 4949 2143 5004 cali-

515 5033 645 5103 gine
672 5034 1046 5090 mundaretur
1073 5035 1100 5090 ?
1144 5037 1482 5109 Colloquens
1512 5038 1669 5092 enim
1701 5056 1831 5095 cum
1861 5041 2146 5114 discipulis

516 5127 650 5196 suis,
687 5132 744 5182 et
771 5129 1103 5184 cohabitans
1133 5136 1305 5202 atque
1335 5149 1698 5203 convescens,
1733 5139 1788 5190 et
1817 5141 2142 5206 pertractari

517 5239 575 5276 se
606 5222 866 5294 diligenti
885 5224 1222 5297 curiosoque
1235 5231 1497 5280 contactu
1524 5227 1592 5281 ab
1617 5227 1696 5282 eis
1721 5246 1864 5300 quos
1891 5231 2146 5289 dubietas

515 5317 932 5390 perstringebat
966 5318 1293 5373 admittens.
1334 5319 1460 5373 ldeo
1497 5321 1700 5376 clausis
1737 5324 1807 5378 ad
1839 5324 2145 5398 discipulos

505 5411 695 5482 januis
751 5411 1025 5465 introibat
1073 5411 1286 5466 etflatu
1335 5429 1435 5468 suo
1488 5414 1663 5470 dabat
1713 5418 1984 5490 Spiritum
2013 5439 2141 5477 san-

512 5509 689 5573 ctum,
735 5509 791 5559 et
832 5504 1042 5559 donato
1100 5504 1497 5578 intelligentiae
1547 5510 1762 5568 lumine
1819 5520 2142 5572 sanctarum

509 5600 925 5670 Scripturarum
980 5598 1203 5653 occulta
1251 5601 1555 5671 pandebat.
1609 5606 1677 5660 Et
1729 5623 1946 5676 rursus,
1991 5610 2140 5666 idem

511 5693 715 5747 vulnus
739 5691 952 5757 lateris,
982 5691 1192 5747 ﬁxuras
1219 5696 1529 5765 clavorum,
1561 5703 1618 5753 et
1653 5701 1847 5756 omnia
1867 5705 2140 5758 recentis-

511 5786 670 5840 simae
709 5784 982 5856 passionis
1016 5785 1179 5856 signa
1203 5792 1580 5860 monstrabat,
1615 5794 1809 5848 dicens
1839 5813 1851 5850 :
1886 5816 1912 5847 «
1943 5797 2141 5854 Videte

517 5894 720 5932 manus
748 5894 907 5932 meas
936 5883 991 5933 et
1028 5880 1219 5951 pedes,
1252 5883 1384 5954 quia
1412 5901 1521 5955 ego
1551 5903 1697 5955 sum,
1722 5890 1947 5960 palpate
1985 5895 2041 5945 et
2068 5893 2141 5945 vi-

2249 4667 2334 4718 est
2387 4665 2484 4734 qui
2541 4666 2872 4720 testiﬁcatur
2921 4667 3189 4737 quoniam
3229 4667 3481 4721 Christus
3529 4668 3613 4719 est
3643 4665 3888 4720 Veritas.

2247 4758 2386 4822 Quia
2439 4765 2612 4814 «tres
2651 4765 2785 4815 sunt
2827 4761 2924 4832 qui
2969 4761 3359 4816 testimonium
3406 4761 3582 4814 dant:
3616 4759 3890 4830 Spiritus,

2248 4869 2418 4924 aqua,
2454 4857 2511 4908 et
2540 4856 2790 4925 sanguis,
2819 4860 2876 4910 et
2904 4855 2962 4910 hi
3003 4859 3122 4911 tres
3151 4872 3334 4910 unum
3377 4858 3509 4909 sunt
3548 4855 3593 4925 (1
3633 4856 3793 4908 Joan.
3829 4871 3888 4924 v,

2247 4948 2300 5017 4,
2330 4948 2402 5016 8).
2440 4970 2466 4997 ››
2511 4949 2751 5019 Spiritus
2794 4951 2992 5021 utique
3028 4949 3508 5019 sanctiﬁcationis,
3553 4954 3607 5002 et
3649 4949 3893 5019 sanguis

2247 5042 2675 5114 redemptionis,
2721 5048 2779 5100 et
2813 5062 2962 5117 aqua
2999 5045 3377 5117 baptismatis,
3407 5060 3536 5116 qua:
3562 5043 3668 5098 tria
3697 5060 3892 5097 unum

2245 5142 2394 5205 sunt,
2427 5141 2484 5191 et
2502 5138 2796 5193 individua
2816 5146 3069 5210 manent,
3092 5140 3349 5212 nihilque
3366 5155 3566 5194 eorum
3586 5155 3619 5191 a
3639 5137 3727 5191 sui
3751 5155 3890 5192 con-

2244 5231 2488 5286 nexione
2515 5233 2853 5305 sejungitur.
2881 5235 3026 5299 Quia
3060 5234 3336 5290 catholica
3361 5234 3602 5288 Ecclesia
3633 5233 3742 5286 hac
3769 5232 3888 5286 ﬁde

2242 5325 2378 5380 vivit
2405 5343 2469 5380 ac
2497 5329 2734 5398 proﬁcit,
2756 5332 2821 5384 ut
2841 5329 2898 5384 in
2918 5329 3138 5384 Christo
3163 5331 3294 5384 Jesu
3323 5345 3430 5383 nec
3449 5329 3570 5382 sine
3593 5344 3727 5381 vera
3749 5327 3894 5381 divi-

2243 5419 2421 5475 nitate
2439 5421 2786 5492 humanitas,
2816 5440 2920 5478 nec
2939 5424 3062 5478 sine
3083 5441 3214 5478 vera
3235 5424 3498 5479 credatur
3522 5421 3892 5477 humanitate

2243 5514 2528 5570 divinitas.

2316 5609 2397 5663 Vl.
2417 5609 2561 5663 Cum
2581 5615 2771 5667 autem
2789 5612 2865 5666 ad
2879 5612 3382 5668 interlocutionem
3403 5612 3685 5668 examinis
3705 5613 3892 5667 vestri

2244 5702 2521 5774 Eutyches
2563 5707 2938 5777 responderit,
2977 5708 3170 5764 dicens
3199 5725 3211 5762 :
3246 5709 3534 5764 Conﬁteor
3561 5723 3624 5761 ex
3659 5707 3892 5761 duabus

2240 5797 2460 5853 naturis
2483 5800 2656 5856 fuisse
2683 5803 2990 5858 Dominum
3013 5808 3274 5860 nostrum
3293 5809 3422 5859 ante
3443 5801 3893 5873 adunationem,

2241 5899 2365 5965 post
2411 5896 2818 5952 adunationem
2861 5915 2992 5953 vero
3041 5916 3213 5954 unam
3260 5903 3523 5954 naturam
3555 5897 3895 5964 conﬁteor;
