4034 6332
179 323 271 376 773
1439 320 1915 380 DECRETALIUM
1953 321 2340 380 COLLECTIO.

176 430 346 485 miror
369 435 491 487 tam
521 432 826 488 absurdam
845 437 1078 504 tamque
1100 447 1425 504 perversam
1455 433 1576 503 ejus
1602 433 1810 504 profes-
1830 447 1888 520 Α
1907 435 2234 490 membrum
2261 435 2517 505 corporis
2543 434 2773 504 Christi,
2794 452 2898 492 nec
2925 441 3114 508 potest
3143 453 3208 492 eo
3233 439 3413 510 capite
3437 443 3552 512 glo-

176 524 390 581 sionem
409 527 565 581 nulla
572 527 594 598 j
605 527 955 582 udicautium
973 526 1363 598 increpatione
1378 526 1805 597 reprehensam,

177 624 227 672 et
255 635 588 676 sermonem
616 621 786 677 nimis
816 621 1197 693 insipientem,
1228 620 1514 691 nimisque
1549 621 1810 693 blasphe-

176 729 330 767 mum
355 713 441 768 ita
469 714 936 787 omissum,quasi
965 715 1107 769 nihil
1138 714 1292 786 quod
1318 714 1809 784 oﬂ'enderet,esset

175 807 432 862 auditum
442 851 457 875 ,
490 825 624 864 cum
635 812 752 864 tam
767 809 945 881 impie
965 809 1210 863 duarum
1224 811 1563 863 naturarum
1575 814 1705 862 ante
1720 808 1807 863 in-

175 900 562 956 carnationem
581 903 910 974 unigenitus
928 903 1026 957 Dei
1041 902 1207 956 Filius
1222 901 1397 956 fuisse
1411 902 1631 957 dicatur
1640 919 1811 974 quam

177 994 406 1064 nefarie,
427 999 740 1069 postquam
764 997 1010 1052 Verbum
1033 1013 1161 1051 caro
1181 997 1397 1074 factum
1418 1000 1734 1064 est,natura
1751 996 1809 1050 in

177 1105 240 1142 eo
253 1088 561 1160 singularis
581 1091 857 1145 asseritur
875 1108 888 1158 ;
914 1090 1067 1161 quod
1083 1107 1157 1145 ne
1173 1090 1457 1161 Eutyches
1473 1089 1604 1144 ideo
1625 1091 1712 1144 vel
1731 1106 1810 1144 re-

177 1186 255 1236 cte
280 1182 365 1238 vel
380 1183 764 1238 tolerabiliter
779 1184 1022 1238 aestimet
1037 1184 1271 1253 dictum,
1291 1183 1428 1255 quia
1448 1184 1604 1238 nulla
1618 1187 1813 1238 nostra

177 1282 251 1330 est
289 1277 577 1332 sententia
613 1277 954 1344 confutatus,
989 1277 1384 1332 sollicitudinis
1425 1283 1537 1332 tua:
1563 1277 1809 1348 diligen-

178 1369 303 1424 tiam
325 1386 790 1440 commonemus,
835 1372 1008 1426 frater
1035 1372 1384 1441 charissime,
1429 1376 1492 1426 ut
1522 1371 1569 1424 si
1595 1387 1698 1441 per
1723 1371 1810 1425 in-

175 1463 548 1534 spirationem
561 1464 970 1520 misericordiae
985 1466 1084 1520 Dei
1099 1466 1170 1519 ad
1187 1465 1627 1520 satisfactionem
1648 1482 1813 1519 causa

177 1558 526 1628 perducitur,
559 1559 954 1630 imprudentia
992 1559 1240 1614 hominis
1265 1559 1518 1630 imperiti
1549 1560 1718 1614 etiam
1743 1559 1813 1613 ab

176 1651 273 1705 hac
304 1668 510 1708 sensus
531 1653 619 1706 sui
635 1654 854 1708 macula
874 1670 977 1725 per
991 1659 1045 1709 te
1071 1657 1368 1724 purgetur.
1397 1653 1539 1717 Quia
1558 1653 1810 1724 quidem,

176 1745 313 1801 sicut
325 1752 630 1816 gestorum
649 1747 790 1802 ordo
809 1747 1241 1818 patefecit,bene
1256 1751 1503 1818 coeperat
1518 1765 1551 1800 a
1568 1763 1666 1801 sua
1681 1764 1811 1818 per-

1908 528 2046 582 riari
2072 527 2130 582 in
2161 545 2274 600 quo
2302 532 2568 584 naturam
2603 547 2762 584 suam
2782 530 2987 584 asserit
3009 549 3123 586 non
3156 533 3371 588 haberi.
3404 534 3548 598 Quid

1906 624 2101 676 autem
2144 622 2380 692 prodest
2432 622 2963 694 imprudentissimo
3026 626 3144 679 seni
3206 627 3548 682 Nestorianaa

1909 715 2193 769 haereseos
2209 716 2438 770 nomine
2460 732 2658 771 eorum
2679 719 2926 772 lacerare
2948 719 3276 790 opinionem
3299 737 3548 791 quorum

1909 806 2224 880 piissimam
2250 809 2564 864 convellere
2590 827 2702 864 non
2716 814 2898 881 potest
2919 811 3111 882 ﬁdem,
3127 829 3257 867 cum
3272 819 3548 884 quantum
3568 785 3596 903 1

1912 901 2202 956 Nestorius
2249 919 2282 956 a
2329 902 2564 957 veritate
2613 903 2866 958 discessit
2923 904 3191 959 deitatem
3261 907 3424 961 Verbi
3476 909 3545 964 ab

1913 995 2190 1066 assumpti
2231 995 2485 1050 hominis
2527 996 2836 1051 substantia
2885 999 3196 1068 separando
3246 1004 3466 1054 tantum
3516 1021 3546 1055 a

1911 1093 2064 1143 recto
2092 1089 2320 1143 tramite
2341 1089 2513 1144 etiam
2541 1089 2644 1145 iste
2676 1091 2919 1145 deciscat
2947 1092 3045 1163 qui
3063 1093 3427 1163 unigenitum
3448 1096 3546 1150 Dei

1915 1177 2119 1231 Filium
2149 1178 2224 1231 sic
2250 1178 2320 1232 de
2351 1183 2511 1233 utero
2541 1179 2725 1234 beatm
2765 1179 3010 1250 Virginis
3044 1183 3317 1252 prmdicat
3349 1189 3549 1239 natum

1914 1277 1973 1324 ut
2001 1271 2242 1325 humani
2261 1271 2495 1342 quidem
2511 1273 2767 1343 corporis
2796 1273 3148 1344 spiritualem
3182 1277 3436 1348 gesserit,
3453 1279 3547 1332 sed

1912 1365 2181 1419 humana}
2211 1365 2396 1419 carnis
2422 1366 2636 1421 Veritas
2676 1367 2856 1421 Verbo
2897 1368 3050 1422 unita
3079 1386 3192 1424 non
3233 1371 3444 1426 fuerit?
3474 1373 3549 1426 De

1912 1475 2026 1530 quo
2055 1459 2316 1530 prodigio
2347 1459 2630 1530 falsitatis,
2663 1461 2791 1532 quis
2819 1478 2933 1516 non
2968 1462 3152 1517 videat
3177 1481 3303 1535 quae
3331 1466 3551 1534 Opinio-

1912 1569 2052 1607 num
2078 1557 2334 1607 monstra
2361 1555 2706 1608 nascantur?
2748 1556 2994 1626 Negator
3023 1557 3177 1611 enim
3219 1559 3548 1614 mediatoris

1914 1646 2011 1700 Dei
2038 1650 2096 1700 et
2109 1647 2409 1701 hominum
2439 1647 2688 1702 hominis
2710 1650 2842 1704 Jesu
2870 1650 3095 1721 Christi,
3126 1668 3350 1706 necesse
3383 1657 3467 1707 est
3492 1661 3552 1709 ut

1913 1740 2108 1794 multis
2134 1741 2524 1812 impietatihus
2560 1742 2887 1813 impleatur,
2922 1761 3171 1816 eumque
3210 1747 3551 1818 Apollinaris

180 1840 438 1894 suasione
468 1841 760 1895 discedere
787 1858 917 1896 cum
941 1857 1009 1897 ex
1037 1846 1226 1896 vestra
1252 1841 1532 1896 sententia
1564 1845 1808 1896 coarcta-
1834 1825 1889 1897 Β
1914 1834 2020 1888 Sibi
2046 1834 2315 1903 Vindicet,
2344 1840 2443 1890 aut
2481 1837 2906 1891 Valentinianus
2949 1845 3196 1910 usurpet,
3233 1847 3331 1895 aut
3378 1843 3546 1896 Mani-

178 1938 265 1988 tus
293 1934 667 2004 profiteretur
701 1951 759 1990 se
789 1935 977 1990 dicere
1008 1935 1161 2007 quod
1187 1940 1317 1989 ante
1355 1952 1470 1990 non
1497 1935 1736 2002 dixerat,
1761 1940 1818 1990 et

178 2026 309 2081 ﬁdei
355 2029 722 2098 acquiescere
761 2029 920 2100 cujus
966 2029 1124 2101 prius
1171 2030 1368 2084 fuisset
1407 2030 1648 2084 alienus.
1707 2030 1816 2084 Sed

173 2137 298 2175 cum
329 2122 872 2178 anathematizando
901 2123 1074 2195 impio
1095 2124 1349 2194 dogmati
1382 2123 1648 2178 voluisset
1670 2139 1814 2195 pras—

174 2214 305 2270 bere
339 2232 714 2286 consensum,
732 2217 1101 2272 intellexisset
1131 2234 1262 2272 cum
1288 2218 1610 2272 fraternitas
1635 2223 1817 2272 vestra

169 2309 226 2363 in
247 2326 353 2364 sua
368 2310 890 2382 manere'perfidia,
911 2311 1265 2382 dignumque
1285 2329 1405 2366 esse
1427 2312 1522 2383 qui
1538 2311 1817 2383 judicium

173 2403 667 2459 condemnationis
695 2405 996 2477 exciperet.
1031 2407 1107 2460 De
1145 2423 1259 2476 quo
1289 2406 1335 2459 si
1371 2405 1616 2460 ﬁdeliter
1651 2411 1820 2477 atque

180 2497 396 2552 utiliter
416 2497 595 2566 dolet,
625 2503 682 2553 et
706 2515 879 2570 quam
905 2504 1053 2555 recte
1082 2503 1236 2553 mota
1269 2499 1341 2553 sit
1369 2499 1702 2571 episcopalis
1727 2517 1820 2554 au-

175 2592 426 2662 ctoritas,
467 2591 556 2647 vel
605 2609 664 2647 se
694 2609 857 2647 reum
903 2597 1244 2665 cognoscat;
1293 2595 1378 2648 vel
1420 2594 1467 2647 si
1496 2595 1567 2648 ad
1602 2593 1816 2648 satisfa-

177 2686 381 2740 ctionis
420 2687 838 2757 plenitudinem
882 2687 1071 2742 omnia
1113 2704 1238 2759 qum
1284 2689 1354 2742 ab
1399 2704 1465 2741 eo
1494 2690 1645 2742 male
1690 2695 1822 2743 sunt

176 2796 364 2847 sensa,
397 2780 526 2834 viva
543 2773 774 2868 vocelet
792 2780 850 2836 in
869 2782 1136 2853 praesenti
1150 2782 1561 2853 subscriptione
1583 2783 1818 2837 damna-

177 2874 338 2941 verit,
369 2890 491 2928 non
520 2874 628 2930 erit
658 2873 1123 2946 reprehensibilis
1148 2893 1282 2947 erga
1295 2881 1622 2949 correptum
1640 2894 1817 2948 quan-

176 2975 470 3039 tacunque
500 2968 812 3024 miseratio.
845 2969 1122 3024 Dominus
1149 2975 1342 3026 noster
1370 2987 1535 3026 verus
1561 2974 1618 3026 et
1642 2971 1820 3025 bonus

181 3067 375 3132 pastor
424 3061 526 3133 qui
575 3062 831 3117 animam
881 3080 1044 3118 suam
1091 3065 1282 3136 posuit
1324 3083 1427 3137 pro
1483 3064 1680 3119 ovibus
1707 3064 1821 3119 suis

181 3158 354 3223 (Joan.
414 3171 470 3225 x,
508 3159 614 3227 15),
660 3159 718 3211 et
767 3157 865 3228 qui
896 3159 1052 3212 venit
1095 3159 1318 3213 animas
1369 3159 1669 3213 hominum
1703 3139 1848 3228 sal-1

1839 3206 1893 3280 C

177 3265 331 3317 vare,
386 3265 508 3304 non
557 3250 794 3320 perdere
845 3251 989 3321 (Luc.
1043 3269 1113 3321 Ix,
1176 3253 1286 3324 56),
1347 3253 1666 3308 imitatores
1717 3270 1818 3306 nos

181 3344 300 3398 vult
338 3359 465 3399 esse
495 3359 610 3398 sua:
633 3344 881 3415 pietatis,
915 3349 979 3400 ut
1008 3350 1307 3417 peccantes
1334 3347 1568 3418 quidem
1598 3347 1820 3418 justitia

177 3440 456 3505 coerceat,
511 3454 814 3494 conversos
867 3445 1060 3495 autem
1112 3441 1501 3496 misericordia
1553 3459 1670 3496 non
1726 3458 1815 3495 re-

176 3533 371 3604 pellat.
400 3534 557 3588 Tnnc
583 3533 737 3587 enim
773 3533 1004 3589 demum
1041 3535 1486 3590 fructuosissime
1524 3535 1665 3590 ﬁdes
1692 3552 1820 3591 vera

177 3626 516 3681 defenditur
557 3628 786 3698 quando
813 3628 983 3683 etiam
1028 3647 1060 3683 a
1085 3630 1454 3684 sectatoribus
1490 3630 1604 3684 suis
1630 3630 1820 3701 opinio

175 3720 322 3775 falsa
353 3721 678 3776 damnatur.
717 3721 803 3775 Ad
829 3739 1064 3778 omnem
1093 3740 1229 3778 vero
1272 3742 1499 3779 causam
1526 3726 1615 3796 pie
1654 3741 1719 3779 ac
1748 3725 1818 3778 ﬁ-

176 3814 383 3870 deliter
412 3816 842 3886 exsequendam
878 3818 1082 3873 fratres
1120 3822 1348 3873 nostros
1377 3820 1662 3874 lulianum
1693 3819 1816 3890 epi-

173 3925 413 3981 scopum
447 3911 504 3963 et
544 3909 824 3964 Renatum
864 3912 1263 3984 presbyterum
1296 3913 1441 3968 tituli
1488 3914 1666 3968 sancti
1692 3915 1817 3968 Cle-

177 4003 415 4072 mentis,
470 4001 571 4058 sed
628 4007 683 4058 et
734 4003 916 4059 ﬁlium
944 4023 1138 4060 meum
1191 4008 1468 4062 Hilarium
1520 4009 1819 4063 diaconum

175 4096 291 4152 vice
322 4100 526 4151 nostra
571 4095 898 4152 direximus.
947 4099 1164 4163 Quibus
1194 4101 1498 4156 Dulcitium
1529 4102 1818 4156 notarium

177 4197 469 4259 nostrum,
502 4190 664 4261 cujus
688 4191 828 4247 ﬁdes
848 4193 1009 4248 nobis
1034 4199 1117 4250 est
1143 4211 1294 4265 saepe
1323 4196 1580 4266 probata,
1597 4196 1822 4251 sociavi-

173 4301 326 4353 mus,
355 4283 715 4340 conﬁdentes
749 4286 1058 4342 affuturum
1096 4289 1403 4343 divinitatis
1434 4290 1728 4360 auxilium,
1759 4293 1823 4344 ut

173 4378 222 4432 is
247 4379 352 4450 qui
374 4382 679 4448 erraverat,
713 4381 982 4437 damnata
1000 4399 1197 4438 sensus
1219 4383 1304 4437 sui
1321 4384 1622 4454 pravitate,
1648 4384 1823 4438 salve-

173 4477 288 4528 tur.
325 4473 469 4527 Data
493 4473 622 4527 ldus
641 4474 813 4542 Junii,
841 4476 1062 4531 Asteria
1079 4479 1135 4531 et
1161 4477 1474 4548 Protogene
1502 4478 1822 4533 consulibus

175 4581 293 4621 aera
322 4567 757 4623 CCCCLXXXVI.

179 4682 262 4738 Vl.
295 4713 369 4724 —-
405 4684 544 4738 Item
575 4683 814 4752 ejusdem
841 4687 1078 4762 epistolae
1114 4689 1190 4742 ad
1213 4689 1496 4745 Iulianum
1525 4693 1826 4762 episcopum

875 4761 1142 4816 Coensem.

247 4848 634 4905 Dilectissimo
659 4849 824 4906 fratri
851 4853 1082 4910 JULuno
1111 4853 1397 4926 episcOpo,
1435 4857 1566 4923 Leo,
1609 4861 1717 4912 etc.

249 4944 416 4999 Licet
461 4959 568 5015 per
615 4949 837 5001 nostros
866 4963 1007 5018 quos
1048 4948 1118 5002 ab
1165 4949 1302 5003 urbe
1346 4966 1450 5021 pro
1494 4949 1625 5005 ﬁdei
1661 4967 1829 5005 causa

179 5037 503 5093 direximus
528 5039 890 5109 plenissimas
908 5042 981 5096 ad
1006 5042 1244 5097 fratrem
1271 5044 1597 5099 Flavianum
1617 5046 1830 5100 litteras

179 5132 514 5188 miserimus
543 5137 739 5188 contra
765 5134 962 5190 nimim
999 5136 1304 5208 impietatis
1333 5154 1612 5208 errorem,
1641 5142 1828 5194 tamen

181 5227 322 5298 quia
350 5241 459 5298 per
498 5225 680 5281 ﬁlium
723 5233 980 5285 nostrum
1005 5229 1272 5286 Basilium
1302 5232 1596 5287 diaconem
1622 5233 1830 5305 scripta

178 5325 296 5375 tuas
326 5319 654 5375 dilectionis
679 5323 998 5394 accepimus
1016 5342 1145 5397 quae
1174 5327 1418 5381 multum
1445 5325 1610 5382 nobis
1638 5328 1826 5382 catho-

179 5413 274 5469 lici
305 5429 514 5470 sensus
542 5414 762 5471 fervore
799 5418 1154 5488 placuerunt,
1185 5421 1356 5476 etiam
1386 5421 1534 5476 hanc
1562 5422 1831 5494 paginam

179 5523 313 5580 qua:
357 5507 471 5563 illis
500 5507 752 5579 epistolis
801 5518 1142 5567 consonaret
1177 5514 1512 5585 adjecimus,
1538 5520 1602 5570 ut
1625 5516 1828 5569 unani-

181 5602 365 5656 miter
391 5605 568 5674 atque
607 5608 938 5661 constanter
965 5607 1052 5661 his
1085 5607 1182 5678 qui
1210 5609 1588 5680 Evangelium
1625 5609 1831 5666 Christi

181 5711 562 5768 corrumpere
591 5697 830 5769 cupiunt
857 5699 1132 5755 resistatis
1157 5719 1169 5768 ;
1199 5703 1470 5773 quoniam
1509 5704 1690 5759 sancti
1717 5703 1835 5776 Spi-

184 5789 334 5845 ritus
359 5789 422 5846 in
469 5789 639 5846 nobis
663 5796 835 5865 atque
878 5793 1038 5849 vobis
1061 5811 1174 5850 una
1202 5801 1290 5852 est
1333 5798 1579 5854 eruditio
1610 5799 1835 5854 eadem-

185 5899 301 5958 que
337 5885 606 5941 doctrina
630 5903 800 5960 quam
831 5887 1153 5962 quicunque
1191 5908 1308 5947 non
1337 5892 1560 5964 recipit,
1605 5910 1722 5948 non
1752 5898 1836 5948 est

1916 1929 2106 1983 chaeus
2137 1929 2413 1999 obtineat,
2442 1946 2693 2000 quorum
2727 1931 2913 1986 nullus
2939 1931 2995 1986 in
3033 1933 3256 1988 Christo
3282 1936 3550 1990 humana:

1917 2023 2101 2076 carnis
2115 2023 2355 2078 credidit
2367 2023 2667 2078 veritatem
2677 2067 2687 2078 .
2697 2024 2836 2088 Quia
2849 2026 3043 2097 utique
3059 2044 3176 2082 nou
3191 2035 3420 2100 recepta
3437 2047 3552 2085 non

1917 2116 2102 2170 solum
2118 2116 2269 2187 quod
2284 2117 2598 2171 secundum
2616 2135 2846 2172 carnem
2863 2122 3032 2190 atque
3046 2121 3298 2176 animam
3311 2123 3552 2178 rationa-

1918 2210 2028 2264 lem
2043 2210 2139 2281 qui
2157 2210 2348 2264 eratin
2365 2211 2553 2265 forma
2579 2212 2677 2265 Dei
2692 2229 2950 2279 manens,
2966 2214 3184 2269 idemin
3204 2216 3388 2270 forma
3405 2220 3550 2273 servi

1919 2304 2091 2358 homo
2116 2310 2281 2359 natus
2310 2305 2682 2376 denegat,sed
2703 2306 2876 2360 etiam
2891 2308 3048 2378 quod
3067 2311 3365 2365 cruciﬁxus
3385 2315 3554 2381 est,et

1919 2404 2198 2466 mortuus,
2220 2416 2284 2452 ac
2313 2399 2586 2470 sepultus,
2611 2401 2879 2472 quodque
2906 2401 2995 2456 die
3025 2404 3190 2458 tertia
3217 2406 3553 2472 surrexit,-et

1920 2492 2073 2562 quod
2098 2493 2170 2546 ad
2198 2493 2488 2547 dexteram
2510 2494 2685 2547 Patris
2710 2495 2780 2548 ad
2799 2495 3143 2564 judicandos
3169 2498 3319 2552 vivos
3331 2504 3386 2554 et
3407 2517 3551 2554 mor-

1920 2589 2048 2640 tuos
2074 2587 2128 2640 in
2154 2603 2218 2640 eo
2245 2603 2481 2657 corpore
2510 2588 2584 2640 sit
2610 2593 2898 2658 venturus,
2924 2590 2982 2643 in
3003 2607 3114 2661 quo
3140 2597 3225 2646 est
3237 2593 3548 2664 judicatus,

1919 2680 2356 2743 abnuitur.Quia
2380 2681 2504 2734 haec
2535 2681 2944 2753 redemptionis
2964 2689 3173 2739 nostrae
3201 2694 3552 2743 sacramenta

1921 2779 2250 2842 vacuantur,
2285 2774 2330 2828 si
2355 2775 2608 2830 Christus
2629 2792 2694 2829 ve
2707 2792 2822 2829 ram
2849 2777 2966 2831 veri
2983 2778 3233 2833 hominis
3257 2785 3550 2854 totamque

1919 2873 2186 2922 naturam
2239 2870 2547 2941 suscepisse
2587 2887 2700 2924 non
2747 2872 3013 2926 creditur.
3061 2877 3143 2928 An
3194 2876 3325 2945 quia
3364 2878 3547 2931 mani-

1918 2963 2064 3016 festa
2111 2968 2276 3017 erant
2307 2963 2470 3034 signa
2510 2964 2718 3031 divina,
2752 2965 2887 3019 falsa
2927 2967 3189 3022 dicentur
3212 2970 3552 3026 documenta

1922 3073 2195 3127 corporea
2223 3063 2279 3112 et
2316 3058 2640 3112 testimonia
2686 3059 2981 3132 utriusque
3007 3068 3226 3118 naturae
3260 3065 3548 3135 valebunt,

1924 3156 1983 3205 ut
2025 3157 2280 3206 creatura
2309 3154 2607 3207 salvetur?
2661 3153 2806 3217 Quid
2857 3155 3082 3210 deitatis
3135 3162 3237 3226 est,
3267 3175 3400 3214 caro
3434 3176 3549 3215 non

1919 3244 2125 3299 minuit
2157 3263 2169 3310 ;
2199 3247 2352 3316 quod
2386 3247 2572 3300 carnis
2603 3253 2705 3313 est,
2735 3248 2918 3302 deitas
2952 3265 3070 3304 non
3100 3254 3363 3322 peremit.
3398 3254 3551 3309 ldem

1918 3338 2072 3392 enim
2127 3343 2182 3392 et
2231 3341 2612 3410 sempiternus
2655 3357 2722 3394 ex
2773 3344 2961 3410 Patre,
3016 3347 3073 3398 et
3106 3347 3433 3416 temporalis
3483 3365 3553 3403 ex

1918 3437 2100 3486 matre
2126 3432 2184 3486 in
2212 3450 2313 3487 sua
2356 3433 2560 3488 virtute
2599 3435 2956 3504 inviolabilis,
3003 3438 3062 3490 in
3100 3443 3291 3494 nostra
3317 3441 3552 3496 inﬁrmi-

1919 3529 2031 3580 tate
2079 3526 2376 3596 passibilis.
2437 3529 2496 3581 ln
2528 3529 2738 3582 deitate
2790 3529 3076 3584 Trinitatis
3115 3549 3244 3586 cum
3298 3536 3463 3589 Patre
3494 3536 3570 3589 et"

1920 3635 2049 3672 cum
2098 3619 2313 3690 Spiritu
2352 3625 2550 3675 sancto
2589 3622 2757 3675 unius
2799 3623 3170 3696 ejusdemque
3221 3633 3459 3683 naturae.
3489 3631 3550 3684 lu

1920 3715 2272 3785 susceptione
2316 3719 2507 3769 autem
2538 3717 2783 3770 hominis
2833 3734 2946 3772 non
2987 3720 3156 3774 unius
3200 3723 3546 3796 substantia,

1920 3807 2020 3863 sed
2049 3809 2216 3863 unius
2237 3809 2606 3882 ejusdemque
2639 3827 2916 3880 personze,
2946 3817 3012 3868 ut
3039 3814 3190 3870 idem
3220 3821 3366 3872 esset
3395 3819 3550 3874 dives

1919 3902 1978 3957 in
2008 3905 2737 3976 paupertate,omnipotens
2764 3907 2823 3962 in
2849 3908 3553 3984 abjectione,impassibilis

1919 3995 1976 4052 in
1993 3998 2293 4069 supplicio,
2322 3999 2382 4053 in
2401 4007 2584 4055 morte
2606 4001 2963 4058 immortalis.
2995 4006 3104 4060 Nec
3128 4007 3281 4062 enim
3308 4009 3554 4065 Verbum

1921 4096 2020 4146 aut
2045 4091 2103 4146 in
2126 4109 2368 4164 carnem,
2403 4098 2501 4148 aut
2530 4096 2586 4148 in
2619 4096 2866 4151 animam
2895 4099 3086 4170 aliqua
3111 4101 3194 4155 sui
3226 4105 3384 4173 parte
3413 4122 3548 4160 con-

1921 4202 2147 4240 versum
2177 4194 2279 4257 est,
2312 4203 2440 4242 cum
2469 4189 2705 4260 simplex
2750 4196 2806 4244 et
2832 4192 3313 4251 incommutabilis
3355 4205 3556 4254 natura

1921 4279 2143 4334 deitatis
2171 4285 2283 4335 tota
2308 4281 2380 4336 sit
2405 4299 2637 4353 semper
2660 4285 2720 4337 in
2748 4301 2847 4338 sua
2869 4289 3130 4357 essentia,
3146 4306 3251 4343 nec
3280 4291 3555 4348 damnum

1922 4373 2006 4426 sui
2039 4375 2338 4445 recipiens,
2399 4392 2503 4429 nec
2550 4383 2946 4449 augmentum,
2997 4387 3054 4435 et
3076 4382 3156 4436 sic
3203 4392 3554 4457 assumptam

1922 4473 2188 4522 naturam
2220 4469 2554 4524 beatiﬁcans
2567 4477 2632 4525 ut
2657 4472 3041 4542 gloriﬁcatain
3061 4477 3411 4546 gloriﬁcante
3433 4497 3557 4551 per-

1841 4588 1901 4660 D
1927 4567 2175 4617 maneat.
2228 4566 2338 4618 Cur
2365 4569 2554 4620 autem
2612 4565 3018 4623 inconveniens
3060 4577 3160 4626 aut
3204 4573 3552 4644 impossibile

1926 4657 2183 4712 videatur
2224 4663 2288 4712 ut
2315 4657 2575 4713 videlicet
2628 4665 2685 4714 et
2711 4677 2838 4715 caro
2888 4668 2946 4717 et
2972 4664 3165 4719 anima
3217 4684 3362 4721 unus
3403 4671 3559 4724 Jesus

1925 4751 2197 4818 Christus,
2244 4756 2301 4806 et
2326 4769 2474 4806 unus
2503 4754 2597 4808 Dei
2621 4754 2982 4829 hominisque
3008 4759 3080 4813 sit
3118 4760 3304 4830 Filius,
3341 4763 3386 4817 si
3426 4782 3558 4819 caro

1928 4851 1984 4901 et
2030 4846 2219 4900 anima
2268 4863 2396 4918 quae
2427 4848 2789 4905 dissimilium
2819 4858 3150 4908 naturarum
3202 4863 3352 4924 sunt,
3387 4876 3560 4914 unam

1927 4941 2142 4996 faciunt
2179 4941 2350 4996 etiam
2393 4943 2512 4998 sine
2559 4945 2727 5000 Verbi
2775 4946 3166 5004 incarnatione
3195 4969 3503 5023 personam
3533 4958 3559 5010 ‘?

1929 5051 2058 5089 cum
2085 5038 2265 5091 multo
2294 5037 2514 5092 facilius
2542 5037 2632 5109 sit,
2674 5046 2738 5095 ut
2766 5041 2912 5097 hanc
2942 5044 3219 5100 unitatem
3259 5049 3346 5102 sui
3387 5055 3560 5122 atque

1932 5130 2184 5185 nominis
2216 5131 2415 5187 deitati
2466 5138 2694 5204 praestet
2741 5140 3008 5209 potestas,
3048 5156 3220 5210 quam
3249 5148 3312 5198 ut
3349 5159 3474 5199 eam
3505 5146 3564 5202 in

1930 5224 2257 5312 substantiis
2308 5228 2425 5281 suis
2469 5229 2718 5283 obtineat
2769 5231 2940 5286 solius
2991 5234 3364 5293 humanitatis
3413 5239 3567 5296 infir-

1933 5318 2118 5374 mitas.
2147 5320 2259 5374 Nec
2289 5321 2526 5376 verbum
2554 5322 2731 5393 igitur
2757 5324 2814 5378 in
2835 5342 3084 5396 carnem,
3108 5347 3212 5387 nec
3235 5331 3292 5387 in
3322 5335 3565 5392 Verbum

1932 5432 2062 5471 caro
2092 5421 2309 5472 mutata
2335 5421 2438 5486 est,
2473 5416 2574 5470 sed
2598 5423 2837 5490 utraque
2865 5420 2922 5475 in
2951 5439 3064 5477 uno
3093 5433 3307 5496 manet,
3340 5435 3396 5484 et
3423 5448 3568 5486 unus

1933 5511 1991 5565 in
2019 5514 2262 5583 utroque
2293 5515 2396 5580 est,
2426 5528 2540 5566 non
2567 5512 2897 5570 diversitate
2933 5517 3164 5591 divisus,
3195 5539 3309 5577 non
3346 5525 3562 5595 permi-

1933 5604 2114 5659 stione
2140 5605 2424 5674 confusus,
2456 5623 2560 5660 nec
2595 5609 2740 5663 alter
2767 5626 2836 5664 ex
2865 5611 3053 5683 Patre,
3082 5613 3229 5670 alter
3265 5633 3332 5670 ex
3362 5623 3564 5688 matre,

1934 5698 2036 5754 sed
2055 5699 2212 5754 idem
2234 5701 2398 5756 aliter
2411 5718 2480 5756 ex
2500 5703 2664 5757 Patre
2685 5709 2816 5759 ante
2839 5723 3009 5763 omne
3025 5710 3387 5781 principium,
3405 5712 3570 5769 aliter

1936 5795 2006 5849 de
2037 5799 2221 5850 matre
2262 5795 2322 5850 in
2352 5797 2464 5851 ﬁne
2495 5798 2855 5869 saeculorum,
2905 5806 2967 5857 ut
2992 5809 3136 5859 esset
3163 5805 3446 5863 mediator
3472 5810 3569 5866 Dei

1938 5893 1995 5945 et
2013 5890 2338 5965 hominum,
2369 5891 2543 5948 homo
2570 5895 2729 5950 Jesus
2753 5896 3028 5953 Christus.
3058 5900 3120 5954 ln
3141 5915 3256 5973 quo
3287 5903 3571 5964 habitaret

3447 335 3539 358 θοι
3639 353 3641 358 ι

3455 356 3548 388 Ir!
3637 361 3639 365 ‘
