4034 6302
406 3266 430 3379 i

467 298 568 353 ’77Ξί

1362 290 1646 356 ΑΡΡΕΝΙ).
1687 301 1775 357 AD
1813 301 1973 356 ΞᾹΞΟ.
2019 300 2105 355 IX.
2134 328 2203 340 -
2244 300 2487 358 lSlDORI
2526 298 2949 359 MERCATORIS

3731 304 3842 355 776

464 407 762 478 plenitudo
780 407 1084 462 divinitatis
1110 409 1501 479 corporaliter,
1525 410 1660 480 quia
1680 408 1957 480 assumpti
1983 426 2097 462 non
2119 422 2178 494 Α
2200 410 2405 465 curari.
2434 411 2572 466 Data
2607 411 2732 466 ldus
2756 409 2927 479 Junii,
2958 408 3181 463 Asterie
3209 411 3267 462 et
3295 408 3611 479 Protogene
3642 425 3849 461 consu-

462 500 800 555 assumentis
827 501 1114 573 provectio
1144 504 1248 568 est,
1270 523 1297 550 «
1327 502 1480 573 quod
1499 503 1639 557 Deus
1653 502 1817 556 illum
1835 502 2101 558 exultavit

464 596 521 649 et
547 593 772 649 donavit
795 594 879 649 illi
896 610 1111 650 nomen
1130 595 1282 666 quod
1306 600 1389 649 est
1415 612 1588 668 super
1606 612 1774 651 omne
1798 602 2100 666 nomen,ut

464 687 523 743 in
548 688 777 743 nomine
803 689 931 743 Jesu
957 704 1124 743 omne
1153 688 1589 759 genuflectatur,
1612 686 1950 759 caelestium,
1978 695 2094 746 ter-

462 782 748 849 restrium,
772 784 829 837 et
851 780 1231 847 infernorum,
1264 787 1320 838 et
1339 784 1528 838 omnis
1548 784 1748 856 lingua
1764 784 2099 840 conﬁteatur

461 876 732 946 quoniam
780 876 1047 930 Dominus
1095 878 1255 931 Jesns
1282 877 1538 932 Christus
1580 877 1639 932 in
1687 878 1863 948 gloria
1887 884 1971 933 est
2001 878 2093 934 Dei

458 969 636 1023 Patris
666 970 823 1039 (Phil.
852 986 909 1037 ιι,
944 972 997 1038 9,
1033 973 1182 1036 11).»
1217 973 1275 1026 ln
1306 987 1373 1026 eo
1399 971 1556 1043 quod
1590 972 1867 1042 Eutyches
1898 972 1954 1027 iu
1983 973 2095 1043 epi-

458 1063 671 1134 scopali
691 1062 913 1133 judicio
941 1080 1112 1118 ausus
1133 1069 1219 1119 est
1247 1064 1456 1133 dicere,
1489 1069 1618 1120 ante
1643 1065 2091 1121 incarnationem

458 1157 596 1211 duas
622 1156 679 1211 in
712 1156 934 1213 Christo
974 1157 1151 1212 fuisse
1197 1162 1449 1226 naturas,
1489 1162 1615 1230 post
1644 1158 2092 1214 incarnationem

455 1242 651 1304 autem
678 1267 853 1304 unam
883 1250 1270 1306 necessarium
1309 1252 1515 1320 fuerat,
1539 1257 1604 1307 ut
1631 1252 1701 1306 ad
1728 1252 2093 1307 reddendum

457 1344 742 1399 rationem
789 1344 1152 1416 professionis
1204 1362 1321 1401 sua:
1373 1345 1586 1400 crebris
1639 1350 1808 1418 atque
1843 1347 2094 1402 sollicitis

451 1436 712 1508 judicum
762 1438 1305 1509 interrogationibus
1348 1444 1671 1510 urgeretur,
1715 1457 1789 1494 ne
1815 1446 2090 1512 tanquam

2205 502 2371 655 1d,)”.
2479 586 2586 639 νη.
2616 616 2685 626 —
2716 586 2810 640 Ad
2845 586 3194 640 Theodosium
3228 587 3559 655 Augustum.

2716 626 2809 640 μω
2846 626 3194 640 -....,............
3228 626 3559 655 “suanm...

2237 626 2472 773 ﬁrmari
2512 680 2820 734 Tneonosm
2864 679 3295 749 religiosissima
3339 683 3398 733 et
3435 679 3686 749 piissimo
3724 683 3848 733 Au-

2198 772 2362 843 gusto
2394 774 2507 828 Leo
2535 790 2688 844 papa
2716 772 2977 827 Ecclesia:
3004 773 3305 828 catholica:
3331 772 3491 826 urbis
3520 773 3736 826 Romae.

2265 866 2551 930 Quantum
2606 867 2777 921 rebus
2817 866 3082 920 humanis
3136 867 3431 921 consulere
3482 867 3853 937 providentia

2196 959 2385 1014 divina
2430 960 2720 1030 dignetur,
2764 960 3085 1015 sollicitudo
3116 960 3434 1014 clementiae
3471 966 3675 1014 vestrae
3723 960 3849 1031 spi-

2194 1053 2308 1108 ritu
2339 1054 2441 1107 Dei
2470 1053 2702 1108 incitata
2746 1054 3117 1123 demonstrat,
3158 1070 3284 1125 quae
3322 1053 3381 1107 in
3426 1054 3708 1107 catholica
3740 1056 3845 1109 Ec-

2195 1147 2365 1201 clesia
2412 1147 2555 1201 nihil
2600 1148 2967 1218 impacatum,
3016 1147 3160 1202 nihil
3208 1148 3327 1202 vult
3367 1163 3487 1202 esse
3530 1147 3844 1214 diversum,

2196 1241 2464 1312 quoniam
2496 1241 2658 1308 fides,
2689 1258 2817 1312 quae
2843 1256 2959 1296 non
2990 1241 3099 1295 nisi
3117 1257 3229 1296 una
3254 1246 3359 1310 est,
3388 1242 3451 1295 in
3470 1241 3625 1295 nullo
3652 1244 3847 1312 potest

2195 1352 2317 1390 esse
2348 1335 2437 1390 sui
2466 1335 2775 1390 dissimilis.

2267 1430 2425 1484 Unde
2464 1429 2597 1484 licet
2632 1430 2913 1501 Eutyches
2954 1432 3238 1500 quantum
3284 1433 3575 1500 gestorum
3616 1429 3839 1502 episco-

456 1532 625 1585 inane
649 1531 860 1603 aliquid
888 1532 1324 1603 praeterﬂueret,
1358 1533 1509 1604 quod
1535 1533 1761 1588 nonnisi
1791 1533 1859 1588 de
1890 1534 2091 1588 haustu

2197 1523 2410 1594 palium
2423 1523 2562 1577 ordo
2577 1523 3140 1594 patefecit,imperite
3155 1527 3328 1594 atque
3340 1522 3742 1594 imprudenter
3754 1540 3847 1579 er-

455 1630 856 1679 veneratorum
875 1625 1211 1697 dogmatum
1226 1627 1538 1698 apparebat
1554 1627 1819 1683 effusum.
1839 1628 2094 1683 Arbitror
2193 1633 2316 1672 rare
2349 1616 2606 1671 ἀθῐθίὶίυε
2635 1616 2724 1683 Sit,
2770 1616 3150 1687 debueritque
3180 1633 3214 1670 ⁸
3253 1633 3353 1671 sua
3387 1616 3595 1672 merito
3632 1633 3842 1688 ΓθΡῙὌ·

459 1718 615 1774 enim
648 1718 783 1773 talia
808 1718 1136 1790 loquentem
1168 1719 1274 1773 hoc
1302 1719 1512 1774 habere
1548 1737 1909 1792 persuasum,
1936 1723 2090 1793 quod
2190 1710 2747 1781 babilil‘el‘suaSione
2781 1709 3094 1778 discedere:
3128 1716 3408 1781 quantum
3435 1717 3625 1765 tamen
3652 1711 3844 1782 Pietas

460 1811 672 1881 anima,
707 1828 876 1883 quam
916 1812 1172 1868 Salvator
1197 1814 1505 1885 assumpsit
1546 1814 1702 1885 prius
1739 1814 1797 1868 in
1839 1815 1991 1870 (309,115
2022 1816 2091 1869 sit
2110 1795 2167 1866 B
2191 1804 2531 1871 vestra,quze
2560 1801 2617 1854 in
2647 1800 2928 1854 honorem
2944 1799 3043 1853 Dei
3059 1799 3482 1871 religiosissime
3499 1800 3838 1855 catholicam

457 1910 820 1960 commorata
861 1922 1035 1977 quam
1083 1906 1154 1960 de
1194 1907 1425 1978 Virgini,
1453 1913 1803 1976 nasceretur,
1854 1926 2091 1981 eamque
2192 1894 2377 1965 diligit
2404 1894 2726 1960 veritatem,
2755 1893 2909 1965 apud
2938 1893 3224 1964 Ephesum
3249 1893 3540 1947 constituit
3564 1894 3841 1965 synodale

456 1999 561 2053 sibi
590 1999 835 2053 Verbum
878 1999 936 2052 in
963 2004 1128 2054 utero
1171 2000 1487 2071 copularet.
1520 2001 1629 2055 Sed
1670 2002 1778 2057 hoc
1805 2003 2091 2057 catholica!

2197 1988 2497 2042 concilium
2518 1987 2566 2060 1
2583 1986 2698 2060 91
2728 1990 2790 2041 ut
2806 1986 3110 2059 imperitus
3126 1986 3184 2041 in
3202 2004 3314 2059 quo
3327 1986 3499 2041 nimis
3515 1988 3843 2059 _ealigat,in-

456 2096 682 2147 mentes
713 2109 994 2164 auresque
1011 2110 1124 2148 non
1155 2095 1418 2163 tolerant,
1442 2095 1576 2166 quia
1602 2095 1741 2149 nihil
1771 2112 1965 2151 secum
1987 2098 2093 2151 Do-
2192 2083 2462 2149 calescat;
2491 2082 2691 2137 fratres
2716 2097 2875 2135 meos
2894 2081 3183 2136 ῘυῙίθιΠυῐη
3206 2080 3625 2152 episcopum,‘3t
3644 2083 3836 2136 Rena-

456 2186 649 2242 minus
675 2186 745 2242 de
775 2188 911 2241 coelo
936 2187 1173 2242 veniens
1206 2190 1415 2242 nostrae
1448 2188 1799 2244 conditionis
1814 2190 2132 2247 exhibuit]
2189 2181 2313 2230 tum
2341 2176 2761 2247 PreSbytemm.
2796 2178 2853 2229 εἰ
2878 2174 3060 2229 ﬁlium
3099 2190 3296 2229 meum
3328 2174 3601 2229 Hilarium
3640 2175 3840 2230 diaco-

456 2281 565 2344 Nec
592 2279 845 2335 animam
874 2281 1028 2335 enim
1055 2281 1468 2352 quae'anterior
1494 2282 1814 2352 exstitisset,
1846 2300 1950 2339 nec
1977 2268 2104 2339 car!
2192 2286 2332 2324 num
2358 2269 2506 2339 miSi,
2540 2270 2638 2340 (Ιαί
2664 2269 2733 2323 διά
2764 2268 2946 2323 Vicem
2974 2268 3292 2340 P1135“!tiae
3313 2285 3461 2323 meae
3480 2285 3584 2340 ΡΓο
3615 2271 3840 2340 negotii

454 2390 589 2429 nem
617 2390 746 2446 quae
767 2390 886 2429 non
912 2374 1155 2429 materni
1180 2376 1428 2446 corporis
1444 2379 1609 2445 esset,
1631 2377 2092 2448 accepit.Natura
2192 2363 2462 2435 qualitate
2506 2363 2854 2430 sumcerent,
2908 2366 2965 2417 et
3003 2362 3100 2433 qui
3151 2379 3285 2416 eum
3317 2379 3510 2418 secum
3548 2363 3841 2419 deferrent

455 2468 667 2540 quippe
701 2471 892 2523 nostra
915 2485 1030 2524 non
1066 2469 1143 2524 sic
1171 2472 1459 2540 assumpta
1485 2474 1587 2539 est,
1623 2475 1684 2524 ut
1712 2471 1869 2541 prius
1900 2476 2090 2526 creata
2184 2457 2423 2528 ἱιιεῖίὶίδθ
2474 2461 2532 2512 et
2559 2456 2933 2528 benignitatis
2981 2456 3265 2526 agedum:
3300 2460 3362 2510 αῖ
3406 2457 3540 2529 qni“
3584 2457 3837 2512 dubitari

452 2566 582 2634 post
607 2562 1115 2631 assumeretur,sed
1138 2567 1199 2618 ut
1214 2563 1337 2634 ipsa
1356 2564 1744 2635 assumptione
1782 2571 2086 2620 crearetur.

2197 2567 2309 2606 non
2326 2556 2514 2623 potest
2530 2568 2657 2623 qua:
2672 2550 2745 2604 sit
2766 2550 3104 2605 Christianae
3124 2550 3490 2605 confessionis
3513 2551 3835 2622 integritas,

452 2656 608 2711 Unde
654 2656 808 2728 quod
855 2655 912 2710 in
944 2656 1186 2728 Origene
1229 2657 1435 2711 merito
1485 2657 1817 2713 damnatum
1862 2664 1962 2727 est,
1993 2660 2089 2730 qui
2192 2650 2247 2700 et
2276 2645 2449 2700 totius
2480 2645 2686 2700 erroris
2714 2645 2960 2716 pravitas
2988 2645 3390 2711 damnaretur;
3422 2648 3480 2699 et
3500 2644 3839 2715 resipiscens

453 2750 778 2804 animarum
821 2753 1131 2821 antequam
1170 2751 1503 2822 corporibus
1533 2751 1940 2820 insererentur,
1972 2769 2089 2807 non

2197 2738 2291 2810 qui
2315 2738 2656 2806 deviaverat,
2675 2738 2722 2792 si
2748 2755 2850 2809 pro
2871 2737 3037 2792 venia
3062 2737 3430 2809 supplicaret,
3464 2737 3837 2793 sacerdotalis

454 2843 638 2898 solum
674 2843 835 2913 vitas,
878 2843 976 2898 sed
1017 2849 1073 2898 et
1099 2844 1351 2898 diversas
1390 2844 1563 2899 fuisse
1592 2845 1789 2900 asserit
1819 2846 2085 2915 actiones,
2190 2837 2247 2888 et
2273 2832 2667 2887 benevolentia
2682 2831 3028 2887 subveniret.
3057 2832 3199 2886 Cum
3224 2831 3282 2886 in
3312 2832 3503 2887 libello
3529 2848 3629 2887 suo
3656 2849 3836 2903 quem

451 2952 679 2992 necesse
698 2940 803 3003 est,
830 2939 895 2990 ut
920 2936 1096 2991 etiam
1125 2937 1183 2991 in
1212 2936 1317 2992 isto
1336 2938 1444 2991 nisi
1464 2939 1726 2993 maluerit
1742 2940 2087 2995 sententiam
2188 2927 2257 2981 ad
2274 2942 2376 2980 n05
2391 2925 2681 2993 ωίδίῑνδοο
2707 2925 2910 2981 Saltem
2932 2925 3037 2980 Sibi
3051 2925 3118 2979 ad
3136 2926 3577 2996 Promerandam
3599 2926 3834 2980 veniam

452 3030 733 3101 abdicare,
755 3030 1055 3101 piecmtur,
1080 3030 1348 3086 Nativitas
1369 3031 1519 3086 enim
1540 3031 2088 3089 Dominisecundum
2189 3020 2497 3075 reservavit
2522 3026 2583 3074 ut
2617 3023 3006 3074 correcturum
3038 3036 3096 3074 se
3123 3035 3242 3074 esse
3271 3019 3633 3091 promitteret
3661 3020 3830 3091 quid-

453 3140 708 3191 carnem,
749 3124 1004 3196 quamvis
1046 3124 1256 3180 habeat
1300 3126 1561 3197 quaedam
1611 3127 1842 3199 propria
1884 3127 2088 3199 quibus
2107 3164 2163 3240 C
2187 3115 2323 3186 quid
2354 3118 2550 3170 nostra
2573 3114 2851 3169 sententia
2880 3113 2949 3168 de
2979 3112 3067 3167 his
3096 3129 3227 3184 qua:
3254 3113 3401 3169 male
3433 3119 3689 3169 senserat
3726 3114 3837 3167 im-

453 3218 717 3240 L__...___
768 3217 1102 3240 ---ΔΞΑΞ-..Σ-
1148 3218 1302 3240 εμξιξ-
1348 3220 1712 3240 ιμ,,.----.ιᾼι
1784 3221 1884 3240 _:,,_
2027 3223 2082 3240 ,1
2189 3207 2473 3240 νηιηῖηηοεηι
2531 3207 2674 3240 nuit}
2708 3212 2894 3240 gulam
2939 3206 3212 3240 nglknlinn
3256 3207 3494 3240 Πηηιορῖο
3535 3207 3828 3240 ιιηςιηυιαη-

452 3218 720 3273 humana:
762 3217 1105 3274 conditionis
1148 3218 1310 3274 initia
1348 3220 1734 3289 transcendat,
1779 3221 1895 3275 sive
1934 3206 2163 3293 quodu
2189 3207 2495 3279 PI‘Obasset-
2531 3207 2679 3272 Quid
2705 3212 2899 3262 autem
2939 3206 3218 3262 οᾶῐὶὶοὶίοᾶ
3255 3207 3500 3263 ΕεοῙθδίᾶ
3535 3207 3830 3263 universa-

452 3312 606 3368 εοιυε
652 3329 721 3367 ex
770 3315 965 3367 sancto
1014 3311 1228 3384 spiritu
1272 3312 1343 3369 ab
1383 3312 1652 3369 inviolata
1690 3314 1919 3385 Virgine
1963 3316 2087 3371 sine
2188 3302 2317 3357 liter
2349 3302 2417 3356 de
2460 3304 2819 3356 sacramento
2863 3300 3168 3355 Dominicaa
3198 3300 3607 3356 incarnationis
3634 3301 3837 3356 credat

451 3406 913 3479 concupiscentia
937 3411 1022 3462 est
1046 3410 1352 3479 conceptus
1382 3412 1438 3463 et
1465 3413 1649 3475 natus,
1681 3408 1795 3463 sive
1824 3409 1973 3480 quod
2008 3410 2088 3465 ita
2187 3400 2245 3450 et
2291 3396 2511 3464 doceat:
2565 3396 2636 3449 ad
2695 3395 2930 3449 fratrem
2991 3398 3049 3448 et
3104 3393 3506 3466 coepiscopum
3569 3401 3833 3451 nostrum

447 3500 755 3557 visceribus
784 3499 981 3555 matris
1023 3504 1108 3556 est
1132 3500 1334 3571 editus,
1362 3504 1429 3556 ut
1469 3505 1525 3557 et
1562 3502 1882 3557 fecunditas
1925 3520 2089 3575 pare-

450 3599 557 3664 ret,
605 3599 662 3650 et
697 3594 994 3667 virginitas
1042 3599 1421 3666 permaneret,
1468 3612 1586 3651 non
1633 3596 1866 3651 alterius
1895 3602 2087 3652 tamen

453 3694 670 3745 natura:
714 3694 839 3744 erat
868 3689 991 3760 ejus
1037 3704 1210 3760 quam
1251 3695 1468 3758 nostra,
1500 3706 1605 3745 nec
1648 3690 1760 3745 alia
1790 3690 1875 3745 illi
1916 3707 2087 3762 quam

452 3782 672 3838 caeteris
716 3782 1047 3838 hominibus
1088 3782 1283 3837 anima
1329 3786 1414 3837 est
1461 3783 1734 3855 inspirata
1785 3784 2085 3855 principio,

453 3892 583 3949 quae
609 3876 909 3931 excelleret
936 3891 1054 3930 non
1081 3875 1403 3930 diversitate
1436 3877 1678 3947 generis,
1713 3877 1814 3932 sed
1840 3878 2091 3933 sublimi-

450 3973 567 4025 tate
594 3968 991 4023 virtutis.Nihil
1006 3967 1161 4023 enim
1176 3968 1363 4023 carnis
1377 3986 1494 4023 sure
1511 3970 1757 4025 habebat
1768 3970 1835 4025 ad
1843 3988 2083 4026 versum.

449 4064 561 4118 Nec
576 4061 856 4117 discordia
865 4061 1271 4117 desideriorum
1290 4062 2085 4135 gignebatcompugnantiam

451 4155 829 4211 voluntatum.
857 4155 1064 4211 Sensus
1090 4155 1343 4227 corporei
1372 4156 1636 4228 vigebant
1655 4157 1777 4213 sine
1801 4158 1929 4230 lege
1953 4176 2083 4230 pec-

452 4250 562 4306 cati
589 4252 646 4305 et
672 4248 880 4305 veritas
915 4249 1277 4305 affectionum
1308 4250 1412 4304 sub
1440 4251 1830 4307 moderamine
1858 4252 2087 4309 deitatis

455 4350 513 4402 et
558 4345 786 4403 mentis.
828 4346 940 4400 Nec
988 4346 1318 4401 tentabatur
1363 4346 1656 4415 illecebris,
1704 4365 1809 4404 nec
1853 4350 2087 4405 cedebat

451 4440 695 4512 injuriis.
726 4441 900 4495 Verus
925 4440 1101 4495 homo
1124 4456 1258 4494 vero
1285 4440 1477 4495 unitus
1503 4445 1589 4496 est
1615 4443 1746 4511 Deo,
1767 4460 1872 4499 nec
1890 4460 2087 4499 secun-

2190 3489 2517 3545 Flavianum
2547 3489 2771 3560 plenius
2800 3488 3099 3543 continent
3124 3488 3329 3560 scripta
3350 3505 3480 3560 quas
3511 3488 3658 3544 misi.
3688 3490 3832 3544 Data

2192 3584 2319 3639 ldus
2339 3583 2510 3652 Junii,
2543 3583 2761 3638 Asterie
2788 3588 2844 3638 et
2872 3584 3190 3654 Protogene
3226 3583 3573 3639 consulibus.

2473 3688 2604 3742 VIII.
2633 3717 2702 3727 —
2726 3687 2818 3742 Ad
2843 3687 3182 3741 Pulcheriam
3210 3687 3536 3754 Augustam.

2180 3702 2241 3823 /
2480 3702 2604 3742 vm.
2633 3717 2702 3727 —
2726 3702 2817 3742 Αα
2843 3702 3146 3741 ruicnertai

2262 3782 2369 3835 Leo
2399 3783 2717 3836 PULCHERIE
2744 3783 3015 3851 Augusta:
3056 3780 3146 3851 (2).

2258 3876 2548 3939 Quantum
2591 3873 2844 3945 praesidii
2874 3874 3150 3929 Dominus
3196 3874 3457 3928 Ecclesiie
3498 3891 3614 3928 suae
3643 3874 3701 3929 in
3730 3892 3829 3931 ve-

2188 3975 2305 4024 stra
2331 3969 2638 4023 clementia
2677 3968 3017 4040 praepararit
3054 3968 3248 4023 multis
3282 3985 3432 4039 saepe
3459 3968 3833 4040 probavimus

2188 4062 2561 4131 documentis,
2597 4066 2654 4116 et
2699 4062 2978 4134 quidquid
3010 4063 3216 4117 nostris
3249 4062 3605 4133 temporibus
3630 4066 3831 4118 contra

2187 4158 2618 4228 impugnatores
2648 4157 2944 4212 catholicae
2972 4157 3220 4212 veritatis
3256 4156 3534 4211 industria
3559 4157 3829 4213 sacerdo-

2188 4251 2317 4305 talis
2344 4250 2565 4305 obtinet
2605 4250 2677 4305 ad
2704 4254 2950 4305 vestram
2981 4251 3226 4305 maxime
3270 4250 3506 4321 gloriam
3537 4250 3827 4306 redunda-

2186 4345 2288 4415 bit,
2319 4346 2475 4415 dum,
2505 4344 2650 4399 sicut
2692 4362 2727 4399 a
2761 4345 2974 4417 Spiritu
3024 4351 3217 4399 sancto
3265 4344 3560 4414 didicistis,
3603 4344 3686 4398 illi
3724 4362 3833 4417 per

2189 4440 2383 4495 omnia
2405 4442 2741 4510 potestatem
2782 4445 3024 4494 vestram
3056 4438 3350 4509 subjicitis,
3401 4439 3559 4509 cujus
3585 4454 3831 4494 munere

453 4535 593 4590 dum
638 4533 976 4590 existentem
1015 4533 1175 4606 prius
1213 4535 1460 4590 animam
1500 4536 1778 4593 deductus
1815 4542 1900 4593 est
1928 4539 2084 4605 ccelo,
2106 4541 2166 4613 D
2189 4538 2245 4588 et
2269 4534 2619 4605 protectione
2652 4533 2921 4604 regnatis.
2950 4534 3107 4588 Unde
3138 4532 3275 4604 quia
3305 4535 3502 4587 contra
3531 4532 3835 4603 integrita-

451 4646 556 4685 nec
594 4628 911 4685 secundum
937 4644 1167 4684 carnem
1194 4633 1419 4685 creatus
1463 4646 1533 4685 ex
1569 4631 1773 4687 nihilo.
1816 4632 2084 4687 Eamdem

454 4740 661 4797 gerens
690 4723 749 4777 in
779 4724 894 4778 Deo
923 4724 1089 4778 Verbi
1130 4724 1225 4778 Dei
1252 4740 1573 4795 personam,
1604 4729 1660 4779 et
1690 4728 1893 4780 tenens
1922 4742 2083 4781 com-

450 4834 687 4873 munem
735 4817 1031 4872 nobiscum
1074 4818 1133 4872 in
1173 4834 1410 4890 corpore
1448 4818 1755 4890 animaque
1797 4823 2083 4876 naturam.

452 4913 574 4968 Non
605 4912 759 4966 enim
779 4915 926 4966 esset
944 4911 1039 4966 Dei
1056 4911 1466 4984 hominumque
1492 4912 1789 4978 mediator,
1813 4912 1921 4966 nisi
1940 4913 2086 4967 Deus

450 5005 724 5077 idemque
753 5005 926 5060 homo
942 5004 1001 5060 in
1024 5010 1266 5078 utroque
1296 5022 1445 5061 unus
1470 5009 1617 5060 esset
1631 5008 1688 5060 et
1703 5006 2086 5063 veruancitat

452 5098 723 5171 equidem
744 5115 849 5153 nos
875 5099 944 5153 ad
966 5099 1327 5155 latitudinem
1353 5098 1662 5155 disserendi
1681 5098 1935 5155 materiae
1961 5117 2082 5156 ma-

362 5226 367 5231 ι
455 5193 715 5265 gnitudo,
750 5193 845 5248 sed
872 5194 1023 5264 apud
1056 5194 1428 5250 eruditionem
1476 5196 1634 5247 tuam
1662 5209 1777 5247 non
1816 5196 1901 5247 est
1928 5195 2087 5266 copia

450 5286 873 5359 laborandum.\
891 5288 1213 5343 Praesertim
1247 5288 1373 5359 jam
1416 5303 1545 5341 cum
1591 5303 1695 5359 per
1746 5291 1970 5343 nostros
2015 5290 2086 5345 ad

452 5383 690 5437 fratrem
707 5380 1040 5437 Flavianum
1066 5380 1413 5435 sufﬁcientes
1432 5380 1647 5436 litteras
1671 5381 1995 5438 miserimus
2012 5384 2085 5438 ad

450 5476 873 5533 conﬁrmandos
915 5476 1138 5529 animos
1166 5490 1284 5529 non
1332 5474 1514 5528 solum
1558 5476 1937 5546 sacerdotum,
1988 5478 2086 5534 sed

451 5572 632 5627 etiam
661 5566 1282 5637 1aicorum.Praestahit,
1302 5572 1364 5623 ut
1389 5568 2088 5634 credimus,misericordia

451 5664 571 5734 Dei,
598 5671 663 5719 ut
702 5663 916 5735 absque
947 5662 1221 5734 cujusque
1268 5662 1475 5718 anima;
1501 5664 1846 5720 detrimento
1871 5667 2089 5739 possint

452 5759 754 5834 adversum
782 5756 993 5830 diaboli
1020 5755 1175 5811 dolos
1202 5760 1260 5811 et
1286 5773 1428 5813 sana
1452 5758 1677 5815 defendi
1711 5764 1769 5815 et
1795 5761 2088 5818 vulnerata

531 5879 596 5939 (2)
630 5876 818 5931 Editio
850 5880 1029 5948 vetus,
1059 5878 1436 5935 Pulcherrima
1464 5880 1744 5951 Augusta,
1789 5881 1879 5935 hic
1924 5891 1980 5937 et
2008 5881 2177 5938 infra.

2185 4631 2300 4681 tem
2347 4627 2479 4681 ﬁdei
2527 4627 2858 4683 Christianae
2923 4626 3333 4681 dissensionem
3400 4626 3709 4698 quamdam
3766 4627 3831 4681 in

2186 4719 2810 4792 Constantinopolitana
2835 4721 3071 4776 ecclesia
3106 4720 3355 4792 Eutyche
3390 4723 3617 4773 auctore
3649 4737 3825 4790 gene-

2185 4816 2372 4868 ratam
2409 4813 2602 4870 fratris
2642 4818 2699 4870 et
2728 4814 3041 4885 coepiscopi
3072 4813 3248 4868 nostri
3285 4812 3525 4868 Flaviani
3553 4813 3832 4869 relatione

2186 4902 2552 4979 cognoviﬁjta
2579 4914 2639 4963 ut
2672 4909 2840 4963 totius
2865 4925 3045 4963 causa:
3088 4907 3299 4979 species
3337 4907 3694 4979 synodalium
3725 4924 3829 4979 ge-

2187 4924 2469 4979 cognovm
2496 4924 2552 4963 ta
2579 4924 2639 4963 ut
2672 4924 2840 4963 tonus
2865 4925 3045 4963 causa:
3088 4924 3299 4979 speCies
3337 4924 3694 4979 synouanum
3725 4924 3828 4979 ge-

2187 5007 2407 5057 storum
2434 4924 2619 5058 ttxtus
2642 5002 2972 5072 ostenderit,
3000 5001 3239 5074 dignum
3269 5003 3465 5073 gloriae
3490 5006 3691 5056 vestrae
3718 5006 3828 5070 est,

2185 5101 2251 5151 ut
2276 5113 2437 5152 error
2478 5098 2576 5169 qui
2608 5099 2687 5167 (ut
2713 5096 2977 5167 arbitror)
3024 5097 3093 5151 de
3125 5096 3408 5169 imperitia
3434 5096 3617 5167 magis
3647 5112 3833 5167 quam

2188 5190 2257 5245 de
2302 5192 2553 5246 versutia
2596 5195 2763 5247 natus
2811 5196 2900 5246 est
2955 5192 3245 5247 auferatur
3296 5176 3627 5262 priusiIuam
3679 5189 3833 5244 ullas

2186 5284 2291 5339 sibi
2320 5285 2465 5341 vires
2496 5286 2568 5340 de
2599 5302 2885 5341 consensu
2921 5286 3393 5357 imprudentium,
3426 5290 3483 5339 et
3514 5283 3833 5355 pertinacia

2185 5372 2478 5451 pravitatis
2516 5381 2794 5452 acquirat,
2850 5380 2990 5452 quia
3038 5379 3215 5434 etiam
3259 5377 3589 5450 ignorantia
3628 5394 3836 5447 graves

2185 5491 2601 5547 nonnunquam
2645 5475 2849 5530 incidit
2873 5474 3084 5547 lapsus,
3142 5479 3200 5529 et
3224 5474 3560 5545 plerumque
3608 5472 3668 5526 in
3706 5471 3834 5526 dia-

2185 5569 2299 5625 boli
2348 5569 2465 5624 ruit
2504 5570 2693 5624 foveas
2737 5570 2961 5625 incauta
3005 5567 3355 5640 simplicitas,
3409 5583 3512 5638 per
3552 5582 3731 5637 quam
3773 5567 3837 5620 in

2187 5664 2511 5736 supradicto
2554 5663 2902 5736 subrepsisse
2946 5662 3204 5733 intelligo
3233 5660 3498 5733 spiritum
3543 5658 3838 5729 falsitatis,

2183 5763 2250 5815 ut
2274 5758 2411 5814 dum
2453 5757 2695 5814 aestimat
2724 5775 2783 5813 se
2810 5758 3107 5830 religiosus
3141 5755 3214 5810 de
3247 5754 3367 5811 Filii
3398 5753 3497 5810 Dei
3527 5752 3841 5825 majestate
