4034 6310
247 421 330 447 ill

1475 401 1944 456 DECRETALIUM
1985 403 2371 458 COLLECTIO.

3507 413 3604 468 778

223 503 458 574 sentire,
497 505 541 560 si
590 505 644 560 ei
679 509 897 561 natura:
939 513 1148 564 nostrae
1183 510 1480 564 veritatem
1525 511 1709 566 inesse
1753 527 1866 566 non
1889 517 1948 593 Α
1969 511 2258 582 proposito
2291 511 2584 567 laudabilis
2608 513 2925 584 videbatur,
2957 519 3154 571 contra
3181 513 3409 572 unicam
3439 535 3602 592 spem

225 595 380 652 dicat
425 603 616 654 totum
665 601 822 668 illud,
851 601 1002 673 quod
1049 603 1299 658 Verbum
1345 620 1472 658 caro
1521 604 1732 658 factum
1784 609 1869 660 est

225 694 396 748 unius
448 696 624 766 atque
678 696 932 766 ejusdem
987 701 1146 767 putet
1190 715 1310 752 esse
1359 699 1705 753 substantias.
1755 699 1865 754 Sed

220 794 510 859 quantum
557 790 842 844 Nestorius
885 808 916 844 a
967 792 1200 846 veritate
1249 793 1472 862 excidit,
1518 793 1654 846 dum
1701 793 1861 850 Chri-

219 889 374 936 stum
407 883 510 954 qui
537 883 608 938 de
637 888 816 938 matre
861 886 1040 938 solum
1083 885 1378 940 hominem
1414 887 1612 942 asserit
1639 891 1862 954 natum,

221 981 452 1030 tantum
503 978 674 1031 etiam
720 978 814 1032 hic
854 995 884 1032 a
931 979 1207 1032 catholico
1257 981 1482 1034 tramite
1528 981 1730 1049 deviat,
1768 981 1864 1052 qui

223 1069 292 1122 de
337 1070 544 1125 eadem
585 1071 816 1142 Virgine
861 1089 976 1126 non
1007 1078 1264 1128 nostram
1294 1075 1472 1129 credit
1500 1074 1710 1129 editam
1738 1091 1859 1129 esse

221 1164 636 1234 substantiam;
679 1166 882 1220 nolens
917 1167 1112 1238 utique
1145 1184 1276 1221 eam
1307 1168 1480 1222 solius
1511 1169 1734 1222 deitatis
1769 1169 1860 1223 in-

223 1257 425 1328 telligi,
461 1264 525 1314 ut
553 1260 706 1330 quod
736 1259 794 1314 in
819 1261 1004 1316 forma
1034 1261 1180 1315 servi
1211 1262 1400 1331 gessit,
1426 1267 1482 1316 et
1501 1262 1653 1333 quod
1681 1263 1860 1317 nostri

219 1351 420 1406 similis
443 1351 552 1408 fuit
575 1357 744 1424 atque
774 1355 1094 1422 conformis,
1121 1357 1384 1426 quaedam
1405 1359 1612 1410 nostrae.
1638 1361 1857 1410 naturae

215 1444 392 1499 fuerit
437 1445 668 1517 imago,
717 1463 828 1501 non
887 1449 1116 1504 veritas.
1177 1449 1324 1503 Nihil
1373 1455 1566 1503 autem
1627 1449 1858 1520 prodest

217 1538 530 1594 Dominum
555 1543 818 1595 nostrum
843 1541 1024 1596 beata:
1049 1543 1235 1597 Maria:
1273 1543 1507 1613 virginis
1543 1543 1724 1597 ﬁlium
1761 1561 1856 1597 ve-

217 1649 348 1685 rum
401 1633 837 1706 perfectumque
885 1636 1176 1691 hominem
1227 1637 1434 1704 dicere,
1465 1637 1508 1690 si
1549 1654 1665 1692 non
1710 1637 1859 1692 illius

215 1728 450 1796 generis
497 1729 675 1782 homo
713 1730 984 1798 creditur,
1013 1732 1172 1802 cujus
1215 1731 1275 1784 in
1317 1731 1620 1802 Evangelio
1653 1733 1854 1801 praedi-

211 1824 390 1874 catur.
441 1821 586 1876 Dicit
623 1822 776 1876 enim
818 1825 1154 1878 Matthzeus:
1193 1845 1218 1875 «
1261 1825 1428 1878 Liber
1474 1825 1857 1894 generationis

211 1916 340 1969 Jesu
365 1915 594 1984 Christi,
622 1916 723 1970 ﬁlii
757 1917 947 1984 David,
979 1917 1076 1972 lilii
1113 1919 1398 1972 Abraham
1423 1917 1636 1984 (Matth.
1659 1935 1696 1986 1,
1728 1921 1792 1990 l).
1825 1941 1852 1968 »

211 2008 319 2062 Sed
349 2009 431 2062 ita
461 2009 728 2062 humanas
753 2010 991 2080 originis
1009 2011 1268 2066 ordinem
1289 2012 1566 2082 sequitur,
1594 2016 1654 2066 ut
1677 2029 1852 2082 gene-

211 2101 503 2156 rationum
523 2103 698 2157 lineas
731 2121 908 2175 usque
939 2105 1008 2160 ad
1036 2106 1265 2176 Joseph,
1291 2105 1381 2160 cui
1411 2110 1600 2160 mater
1628 2107 1854 2161 Domini

209 2201 332 2250 erat
361 2196 1004 2266 desponsata,deducat.
1021 2199 1193 2253 Lucas
1219 2215 1353 2253 vero
1380 2203 1694 2253 retrorsum
1725 2217 1851 2254 suc-

207 2289 536 2344 cessionum
583 2291 792 2361 gradus
841 2292 1122 2363 relegens,
1150 2293 1222 2347 ad
1254 2293 1442 2364 ipsum
1481 2293 1723 2348 humani
1751 2311 1846 2365 ge-

207 2384 357 2437 neris
401 2384 723 2456 principem
765 2385 952 2454 rediit,
987 2389 1046 2439 ut
1072 2387 1256 2441 Adam
1285 2387 1559 2458 prinmm,
1585 2391 1640 2442 et
1667 2389 1849 2443 Adam

207 2477 590 2532 novissimum
620 2479 877 2548 ejusdem
907 2480 1170 2534 ostendat
1215 2497 1336 2534 esse
1377 2485 1611 2536 naturas.
1641 2483 1846 2536 Potue-

205 2575 290 2626 rat
313 2571 532 2642 quippe
563 2573 988 2643 omnipotentiae
1017 2573 1136 2628 Filii
1177 2575 1277 2628 Dei
1321 2575 1398 2629 sic
1444 2575 1515 2628 ad
1565 2575 1846 2630 docendos

203 2665 474 2719 homines
501 2683 799 2738 apparere,
831 2667 1119 2738 quomodo
1158 2671 1216 2722 et
1247 2667 1597 2740 patriarchis,
1631 2673 1687 2724 et
1711 2687 1842 2740 pro-

203 2759 392 2828 phetis
439 2759 496 2812 in
549 2759 732 2830 specie
777 2761 962 2814 carnis
987 2763 1250 2832 apparuit
1281 2779 1410 2815 cum
1439 2767 1534 2816 aut
1557 2764 1842 2818 luctamen

205 2853 350 2918 iniit,
383 2857 486 2906 aut
515 2870 841 2908 sermonem
869 2856 1174 2924 conseruit,
1206 2873 1336 2910 cum
1375 2857 1460 2910 vel
1502 2856 1690 2911 ofﬁcia
1721 2858 1844 2911 hos-

203 2945 502 3016 pitalitatis
527 2947 742 3016 habuit,
777 2947 863 3002 vel
895 2948 1066 3002 etiam
1095 2949 1419 3020 appositum
1442 2950 1632 3004 cibum
1655 2967 1844 3022 sump-

205 3040 291 3094 sit.
327 3040 438 3095 Sed
483 3041 594 3096 illae
639 3041 918 3112 imagines
961 3043 1130 3113 hujus
1169 3043 1417 3098 hominis
1445 3046 1842 3116 erantjudicia

203 3133 362 3203 cujus
411 3134 711 3190 veritatem
763 3153 828 3189 ex
877 3137 1326 3206 prmcedentium
1375 3140 1610 3193 Patrum
1664 3140 1840 3212 stirpe

201 3227 544 3282 sumendam
575 3227 1019 3300 signiﬁcationes
1063 3231 1296 3301 mystice
1341 3232 1698 3287 nuntiabant.
1730 3234 1834 3288 Sed

199 3321 322 3375 ideo
353 3327 782 3377 sacramentum
809 3324 1280 3378 reconciliationis
1305 3329 1513 3380 nostrae
1537 3329 1667 3380 ante
1691 3329 1835 3381 tem-

199 3432 334 3484 pora
387 3419 606 3470 aeterna
656 3415 990 3488 dispositum
1045 3419 1198 3472 mille
1245 3419 1566 3490 implebant
1617 3421 1832 3491 figurae,

197 3509 328 3579 quia
353 3509 621 3564 nondum
653 3517 887 3566 venerat
911 3511 1151 3583 Spiritus
1179 3517 1401 3567 sanctus
1435 3514 1495 3567 in
1525 3514 1832 3584 Virginmn,

199 3620 296 3657 nec
341 3603 524 3656 virtus
572 3604 846 3658 Altissimi
890 3605 1326 3662 obumbraverat
1366 3607 1438 3676 ei,
1471 3612 1534 3661 ut
1563 3608 1715 3662 intra
1745 3609 1832 3662 in-

199 3699 478 3752 temerata
507 3698 716 3752 viscera
747 3699 1060 3753 aedificante
1101 3699 1204 3753 sibi
1246 3701 1539 3771 Sapientia
1578 3702 1829 3768 domum,

199 3791 446 3845 Verbum
474 3807 606 3845 caro
635 3791 818 3860 ﬁeret,
853 3796 908 3847 et
945 3794 1132 3847 forma
1167 3794 1265 3848 Dei
1295 3811 1356 3848 ac
1387 3795 1574 3848 forma
1603 3796 1746 3850 servi
1775 3797 1832 3850 in

201 3901 370 3938 unam
430 3886 806 3940 conveniente
860 3903 1168 3957 personam
1221 3889 1452 3943 Creator
1505 3891 1830 3960 temporum

199 3981 526 4032 nasceretur
555 3979 614 4032 in
641 3981 916 4050 tempore,
942 3984 998 4034 et
1024 3998 1128 4052 per
1155 3999 1326 4052 quam
1353 3983 1502 4036 facta
1541 3987 1672 4037 sunt
1706 4001 1828 4037 om-

195 4071 303 4138 nia,
331 4073 456 4143 ipse
497 4071 652 4127 inter
684 4073 876 4128 omnia
921 4074 1272 4145 gigneretur.
1307 4076 1421 4130 Nisi
1464 4076 1616 4130 enim
1655 4095 1830 4132 novus

197 4167 366 4220 homo
415 4166 596 4220 factus
641 4168 702 4220 in
745 4167 1174 4224 similitudinem
1226 4169 1410 4224 carnis
1437 4171 1654 4240 peccati
1695 4187 1826 4225 nos-

195 4263 332 4314 tram
392 4260 712 4331 susciperet
776 4265 1153 4329 vetustatem,
1211 4267 1268 4317 et
1334 4263 1828 4318 consubstantialis

191 4354 376 4420 Patri,
432 4355 926 4410 consubstantialis
975 4372 1094 4410 esse
1147 4356 1486 4428 dignaretur
1530 4363 1586 4412 et
1633 4359 1823 4424 matri,

191 4455 454 4503 naturam
481 4449 586 4503 sibi
617 4453 870 4504 nostram
917 4451 1068 4506 solus
1113 4467 1146 4504 a
1186 4457 1415 4522 peccato
1445 4451 1586 4504 liber
1613 4452 1822 4518 uniret,

187 4543 288 4597 sub
309 4543 457 4614 jugo
489 4541 700 4598 diaboli
731 4545 1072 4612 generaliter
1095 4549 1394 4600 teneretur
1427 4546 1677 4599 humana
1703 4563 1826 4617 cap-

1968 607 2219 658 nostram
2252 608 2594 678 patrumque
2630 610 2958 662 nostrorum
2998 625 3142 664 vana
3177 609 3351 665 nimis
3390 615 3448 666 et
3487 619 3600 667 sto-

1965 698 2081 752 lida
2132 699 2307 753 audet
2353 701 2787 786 astruereQEQui
2837 703 2976 757 dum
3027 703 3232 758 viderit
3265 704 3602 777 insipientia;

1965 808 2080 846 sum
2112 809 2342 846 sensum
2388 793 2682 849 catholicis
2719 795 2951 850 auribus
2991 796 3308 868 displicere,
3335 815 3602 855 revocare

1965 901 2024 939 se
2054 901 2087 938 a
2112 903 2214 939 sua
2257 886 2523 957 opinione
2568 888 2864 956 debuerat,
2899 906 3002 944 nec
3047 890 3127 945 ita
3167 893 3426 947 Ecclesiae
3461 911 3602 965 prte-

1965 980 2114 1033 sules
2145 996 2524 1051 commovere,
2553 987 2616 1037 ut
2637 981 3023 1038 damnationis
3053 985 3395 1040 sententiam
3424 1003 3600 1042 mere-

1963 1077 2122 1127 retur
2175 1074 2454 1146 accipere,
2505 1092 2682 1148 quam
2735 1077 2934 1148 utique
2980 1079 3026 1132 si
3074 1079 3134 1133 in
3183 1095 3287 1134 sua
3321 1082 3600 1136 sententia

1963 1167 2202 1222 voluerit
2247 1161 2586 1239 permanere
2628 1169 2819 1224 nullus
2867 1171 3076 1242 poterit
3119 1173 3392 1229 relaxare.
3437 1175 3598 1230 Sedis

1963 1261 2118 1315 enim
2149 1262 2472 1334 apostolica
2499 1263 2817 1318 moderatio
2857 1265 3006 1320 hanc
3035 1268 3475 1339 temperantiam
3501 1269 3600 1324 ob-

1962 1359 2166 1424 servat,
2205 1361 2270 1410 ut
2313 1357 2561 1412 severius
2597 1363 2732 1429 agat
2769 1375 2899 1412 cum
2941 1359 3256 1428 obduratis,
3287 1365 3345 1415 et
3369 1361 3592 1417 veniam

1961 1449 2150 1519 cupiat
2195 1455 2468 1520 praestare
2520 1451 2806 1506 correctis.
2850 1451 2994 1516 Quia
3037 1469 3174 1524 ergo
3217 1455 3394 1508 multa
3451 1455 3596 1510 mihi

1959 1542 2166 1597 tiducia
2198 1547 2282 1598 est
2317 1544 2386 1598 de
2423 1543 2648 1615 pietatis
2674 1550 2787 1600 tua:
2807 1545 3186 1601 sincerissima
3205 1546 3334 1618 ﬁde,
3365 1547 3595 1604 obsecro

1960 1637 2200 1706 gloriam
2240 1638 2562 1692 clementiae
2591 1641 2725 1706 tuae,
2761 1643 2823 1692 ut
2849 1639 2993 1694 sicut
3027 1645 3220 1696 sancto
3259 1641 3444 1697 studio
3491 1645 3592 1698 tuo

1959 1731 2234 1786 catholica
2272 1732 2599 1802 praedicatio
2643 1749 2874 1804 semper
2921 1733 3114 1804 adjuta
3163 1739 3277 1802 est,
3323 1735 3403 1789 ita
3441 1753 3596 1790 nunc

1959 1841 2185 1896 quoque
2225 1825 2347 1896 ejus
2395 1826 2580 1880 faveat
2620 1826 2891 1894 libertati,
2921 1843 3098 1898 quam
3133 1829 3276 1883 forte
3301 1828 3430 1884 ideo
3461 1847 3591 1902 per-

1875 1891 2113 1972 Bmisit
2160 1891 2441 1974 Dominus
2485 1921 2592 1974 hac
2635 1891 2957 1975 tentatione
3007 1921 3242 1992 pulsari,
3291 1927 3352 1977 ut
3399 1891 3594 1994 quales

1953 2012 2108 2066 intra
2165 2013 2468 2068 Ecclesiam
2511 2013 2742 2080 lateant,
2793 2014 2969 2084 possit
3022 2016 3277 2085 agnosci.
3336 2016 3593 2080 Quorum

1953 2105 2122 2177 plane
2161 2122 2276 2160 non
2325 2110 2410 2160 est
2445 2106 2786 2178 negligenda
2812 2107 3048 2178 curatio,
3073 2111 3134 2161 ut
3161 2125 3268 2162 nec
3293 2110 3586 2182 episcopo-

1953 2215 2080 2253 rum
2107 2216 2221 2254 non
2251 2199 2550 2254 contristet
2587 2200 2836 2256 amissio.
2875 2201 3322 2272 Augustissimus
3365 2219 3498 2258 vero
3535 2207 3590 2258 et

1950 2293 2463 2348 Christianissimus
2489 2293 2801 2364 imperator
2831 2295 3066 2366 cupiens
3093 2311 3264 2366 quam
3291 2296 3588 2352 celerrime

1949 2387 2177 2442 turbata
2229 2387 2492 2458 componi
2547 2387 2860 2458 episcopali
2907 2388 3143 2444 concilio
3191 2389 3343 2461 quod
3383 2391 3586 2462 Ephesi

1947 2480 2067 2534 vult
2091 2480 2324 2548 habere,
2351 2480 2593 2534 nimium
2619 2480 2790 2535 breve
2821 2485 2877 2536 et
2903 2487 3214 2553 angustum
3247 2487 3474 2554 tempus
3503 2484 3587 2539 in-

1947 2573 2091 2628 dixit
2145 2573 2296 2628 diem
2341 2573 2725 2628 Kalendarum
2781 2573 3190 2645 praestituendo
3253 2569 3608 2652 conventum

1947 2684 2076 2721 cum
2115 2683 2148 2721 a
2187 2666 2357 2722 tertio
2406 2667 2499 2722 die
2549 2667 2751 2721 Iduum
2801 2667 3097 2736 Maiarum,
3126 2687 3239 2741 quo
3267 2671 3582 2727 serenitatis

1948 2761 2071 2832 ejus
2124 2761 2332 2832 scripta
2377 2761 2767 2833 suscepimus,
2827 2762 3013 2833 major
3065 2780 3195 2834 pars
3251 2763 3458 2836 reliqui
3507 2765 3582 2820 sit

1947 2855 2217 2926 temporis
2257 2855 2634 2922 absumenda,
2665 2858 2728 2910 ut
2773 2857 3050 2927 profectio
3093 2858 3446 2913 sacerdotum
3481 2859 3578 2930 qui

1945 2948 2176 3020 negotio
2221 2949 2526 3017 sufﬁciant,
2556 2950 2742 3004 valeat
2773 2950 3048 3005 ordinari.
3080 2952 3224 3005 Nam
3253 2951 3395 3006 illud
3425 2953 3578 3024 quod

1941 3042 2170 3114 pietatis
2224 3043 2345 3114 ejus
2391 3043 2566 3098 etiam
2618 3060 2712 3098 me
2759 3044 2995 3099 credidit
3050 3043 3259 3100 debere
3308 3045 3578 3102 interesse

1941 3135 2200 3206 concilio,
2261 3137 2482 3192 etiamsi
2564 3138 2878 3192 secundum
2954 3137 3185 3210 aliquod
3253 3139 3576 3210 praecedens

1939 3231 2189 3302 exigitur
2222 3231 2568 3302 exemplum,
2600 3248 2751 3285 nunc
2783 3237 2974 3286 tamen
3011 3248 3374 3304 nequaquam
3401 3233 3578 3305 possit

1939 3323 2183 3394 impleri,
2217 3325 2350 3394 quia
2375 3341 2565 3378 rerum
2595 3325 2967 3395 prtesentium
2997 3326 3167 3380 nimis
3191 3325 3408 3380 incerta
3435 3344 3570 3382 con-

1937 3417 2074 3472 ditio
2109 3422 2279 3472 tanta?
2315 3418 2473 3471 urbis
2511 3419 2735 3488 populis
2767 3435 2861 3472 me
2885 3419 3082 3472 abesse
3113 3436 3226 3473 non
3249 3420 3483 3486 sineret,
3517 3425 3570 3476 et

1936 3513 1994 3566 in
2023 3511 2483 3581 desperationem
2523 3511 2832 3582 quamdam
2879 3512 3056 3566 animi
3097 3511 3566 3567 tumultuantium

1935 3606 2316 3670 mitterentur,
2349 3604 2394 3656 si
2441 3621 2542 3674 per
2581 3604 2932 3658 occasionem
2963 3621 3147 3659 causas
3177 3605 3566 3661 ecclesiastica:

1935 3699 2157 3752 viderer
2193 3697 2440 3769 patriam
2493 3701 2550 3752 et
2592 3698 2958 3768 apostolicam
2998 3698 3200 3754 Sedem
3235 3699 3375 3753 velle
3405 3699 3561 3754 dese-

1934 3809 2078 3847 rere.
2107 3791 2248 3858 Quia
2285 3791 2460 3863 igitur
2488 3791 2561 3846 ad
2587 3791 2873 3863 publicam
2915 3793 3062 3846 hanc
3101 3791 3404 3847 utilitatem
3443 3810 3566 3864 per-

1935 3887 2168 3940 tinuisse
2229 3885 2593 3956 cognoscitis,
2641 3889 2705 3940 ut
2765 3887 2916 3940 salva
2990 3886 3307 3942 clementia:
3361 3889 3562 3941 vestrae

1933 3981 2096 4034 venia
2121 3980 2385 4034 charitati
2413 3997 2579 4048 meae,
2613 3983 2668 4034 et
2699 3979 2960 4051 precibus
2995 3980 3200 4035 civium
3235 3997 3350 4035 non
3389 3997 3564 4052 nega-

1933 4092 2053 4128 rem
2099 4075 2157 4128 in
2201 4075 2288 4128 his
2341 4074 2611 4130 fratribus
2647 4075 2788 4128 meis
2812 4091 2953 4145 quos
2983 4075 3103 4129 vice
3135 4091 3260 4129 mea
3291 4075 3444 4142 misi,
3471 4091 3562 4129 me

1933 4185 2158 4239 quoque
2189 4169 2384 4222 adesse
2408 4185 2536 4222 cum
2564 4167 2786 4221 caeteris
2817 4167 3114 4234 aestimate,
3133 4168 3231 4238 qui
3253 4169 3560 4223 secundum

1929 4279 2156 4316 causam
2200 4261 2332 4315 satis
2375 4260 2516 4314 mihi
2563 4277 2628 4314 ex
2677 4263 2966 4330 gestorum
2999 4261 3161 4328 serie,
3199 4264 3256 4314 et
3291 4262 3464 4331 ipsius
3492 4261 3561 4316 de

1928 4372 2039 4426 quo
2099 4354 2288 4426 agitur
2337 4353 2687 4424 professione
2741 4354 3084 4423 patefactam
3141 4353 3455 4420 evidenter,
3508 4361 3564 4409 et

1926 4450 2096 4520 plene
2142 4448 2276 4519 quid
2322 4447 2661 4501 servandum
2691 4450 2855 4512 esset,
2885 4447 3126 4502 ostendi.
3151 4447 3275 4502 Non
3311 4447 3462 4501 enim
3491 4447 3561 4503 de

1927 4542 2288 4613 portiuncula
2326 4541 2458 4594 ﬁdei
2491 4544 2702 4594 nostra:
2729 4557 2856 4610 quae
2885 4540 3056 4594 nimis
3083 4540 3266 4594 lucide
3294 4541 3560 4595 clarescat

189 4637 391 4702 tivitas,
429 4653 534 4691 nec
572 4637 740 4691 aliter
777 4639 1193 4709 possideremus
1217 4639 1623 4710 triumphantis
1651 4639 1820 4694 victo-
1846 4637 1903 4707 1)
1927 4637 2219 4708 quaeritur,
2253 4635 2348 4690 sed
2393 4635 2502 4690 hoc
2542 4633 2872 4688 stultissima
2921 4634 3214 4688 resultatio
3257 4634 3430 4688 audet
3467 4633 3556 4690 in-

191 4731 360 4800 riam,
391 4731 439 4784 si
473 4736 630 4785 extra
673 4737 926 4786 nostram
966 4739 1112 4787 esset
1153 4733 1407 4788 confecta
1434 4739 1719 4788 naturam.
1749 4736 1824 4788 De

191 4825 292 4878 hac
345 4829 541 4878 autem
598 4825 1030 4896 participatione
1085 4826 1348 4880 mirabile
1408 4831 1824 4881 sacramentum

191 4918 351 4972 nobis
389 4919 842 4988 regenerationis
885 4920 1142 4988 indulsit,
1175 4925 1234 4974 ut
1279 4937 1380 4991 per
1419 4920 1608 4991 ipsum
1645 4921 1821 4991 Spiri-

189 5017 306 5066 tum
359 5027 466 5082 per
513 5029 688 5083 quem
736 5013 991 5067 Christus
1046 5017 1350 5085 conceptus
1402 5018 1484 5068 est
1535 5017 1592 5068 et
1641 5019 1823 5082 natus,

189 5105 360 5160 etiam
403 5122 510 5160 nos
551 5107 650 5176 qui
696 5123 802 5177 per
850 5107 1374 5178 concupiscentiam
1416 5109 1601 5162 carnis
1633 5125 1827 5162 sumus

187 5199 384 5268 geniti,
427 5199 709 5270 spirituali
747 5200 958 5255 iterum
990 5201 1212 5272 origine
1245 5218 1626 5257 nasceremur.
1658 5203 1828 5272 Pr0p-

187 5297 270 5347 ter
319 5293 477 5365 quod
527 5293 598 5347 ab
639 5295 982 5365 evangelista
1032 5296 1102 5350 de
1161 5295 1520 5350 credentibus
1576 5295 1824 5350 dicitur:

191 5409 216 5435 «ι
269 5387 380 5451 Qui
435 5403 552 5441 non
598 5403 666 5442 ex
717 5389 1124 5459 sanguinibus,
1173 5406 1360 5462 neque
1415 5407 1484 5444 ex
1539 5389 1828 5460 voluptate

191 5481 397 5548 carnis,
425 5495 616 5552 neque
664 5498 728 5536 ex
782 5483 1076 5537 voluntate
1121 5483 1243 5552 viri,
1292 5483 1392 5538 sed
1437 5501 1502 5537 ex
1547 5484 1663 5537 Deo
1707 5483 1828 5537 nati

191 5577 320 5628 sunt
361 5575 542 5646 (Joan.
589 5591 628 5642 ι,
675 5575 780 5646 13).
817 5595 844 5628 )›
878 5576 1051 5647 Cujus
1087 5577 1390 5631 ineffabilis
1425 5577 1622 5648 gratiae
1658 5576 1830 5648 parti-

193 5683 316 5739 ceps
357 5685 478 5722 non
530 5673 633 5736 est,
673 5685 780 5724 nec
827 5675 1015 5741 potest
1059 5670 1309 5726 ﬁliorum
1341 5671 1438 5726 Dei
1467 5669 1828 5742 adoptionem

195 5762 486 5834 consequi,
518 5762 775 5835 quisquis
817 5781 848 5818 a
890 5763 1001 5819 ﬁde
1033 5782 1136 5820 sua
1165 5765 1270 5819 hoc
1297 5765 1446 5836 quod
1481 5781 1584 5820 nos
1611 5763 1828 5836 princi-

199 5857 395 5920 paliter
435 5857 612 5910 salvat
652 5857 920 5913 excludit.
969 5860 1126 5914 Unde
1173 5859 1416 5912 multum
1471 5859 1632 5913 doleo
1683 5859 1828 5912 mul-

203 5953 434 6026 tumque
466 5953 789 6022 contristor,
820 5953 972 6026 quod
998 5953 1088 6010 hic
1117 5953 1212 6028 qui
1235 5957 1366 6009 ante
1399 5953 1468 6008 de
1499 5951 1832 6009 humilitatis

1925 4746 2162 4796 cessere,
2199 4729 2354 4800 quod
2387 4728 2660 4783 Dominus
2685 4731 2878 4782 noster
2905 4727 2962 4782 in
2993 4727 3236 4782 Ecclesia
3261 4727 3558 4783 neminem

1926 4841 2089 4878 sexus
2139 4823 2435 4894 utriusque
2485 4823 2664 4876 voluit
2711 4821 2997 4893 ignorare.
3047 4821 3341 4893 Siquidem
3383 4821 3559 4892 ipsius

1927 4917 2190 4972 catholici
2241 4917 2482 4988 symboli
2527 4916 2713 4971 brevis
2743 4921 2797 4971 et
2831 4917 3077 4987 perfecta
3103 4915 3397 4984 confessio,
3429 4933 3558 4986 qua:

1927 5013 2224 5068 duodecim
2273 5011 2660 5081 apostolorum
2704 5010 2941 5065 totidem
2963 5015 3054 5065 est
3082 5010 3303 5081 signata
3341 5013 3562 5065 senten-

1927 5107 2039 5173 tiis,
2071 5111 2188 5160 tam
2218 5105 2494 5159 instructa
2533 5104 2604 5157 sit
2650 5104 2970 5158 munitione
3001 5103 3230 5171 ccelesti,
3253 5106 3316 5158 ut
3341 5120 3557 5170 omnes,

1929 5199 2328 5254 haereticorum
2374 5197 2670 5268 opiniones
2717 5197 2834 5251 solo
2895 5197 3068 5268 ipsius
3113 5197 3332 5268 possint
3375 5197 3562 5268 gladio

1929 5293 2272 5347 detruncari.
2301 5292 2474 5362 Cujus
2493 5289 2734 5362 symboli
2759 5289 3193 5362 plenitudinem,
3218 5290 3263 5345 si
3284 5291 3564 5363 Eutyches

1929 5403 2072 5457 puro
2101 5391 2154 5440 et
2173 5385 2418 5456 simplici
2447 5383 2714 5438 voluisset
2751 5383 2916 5438 corde
2946 5385 3263 5456 concipere,
3305 5386 3364 5440 in
3405 5385 3562 5440 nullo

1930 5497 1961 5534 a
1987 5479 2225 5534 decretis
2255 5479 2466 5532 Niczeni
2504 5476 2727 5532 concilii
2767 5476 3042 5547 deviaret,
3080 5482 3138 5533 et
3169 5479 3274 5532 hoc
3304 5495 3336 5532 a
3360 5477 3564 5532 sanctis

1929 5573 2185 5627 Patribus
2205 5572 2551 5642 intelligeret
2581 5570 2969 5638 constitutum,
2991 5575 3055 5626 ut
3077 5577 3272 5626 contra
3298 5569 3563 5639 apostoli-

1931 5683 2058 5722 cam
2087 5665 2278 5733 ﬁdem,
2303 5681 2432 5736 qua:
2462 5681 2578 5720 non
2617 5664 2722 5718 nisi
2767 5681 2880 5718 una
2920 5668 3023 5732 est,
3057 5664 3280 5719 nullum
3315 5677 3376 5715 se
3407 5661 3565 5734 inge-

1931 5761 2120 5828 nium,
2175 5759 2394 5814 nullum
2457 5760 2708 5814 elevaret
2767 5759 3078 5831 eloquium.
3119 5755 3228 5812 Sed
3283 5753 3409 5810 ideo
3457 5773 3562 5828 pro

1932 5859 2132 5910 vestrae
2163 5853 2389 5925 pietatis
2411 5853 2820 5909 consuetudine
2853 5852 3108 5906 laborare
3133 5849 3468 5920 dignemini,
3503 5855 3560 5904 ut

1933 5949 2086 6027 quod
2114 5951 2304 6006 contra
2330 5948 2616 6020 singulare
2639 5949 3062 6002 sacramentum
3083 5943 3278 6000 salutis
3297 5943 3562 6000 humanae
