4034 6314
424 395 524 444 779

1319 387 1596 440 APPEND.
1640 385 1727 438 AD
1768 385 1927 438 δερ.
1971 385 2057 437 IX.
2093 412 2160 424 —
2192 384 2436 440 lSIDORI
2473 385 2893 441 MERCATORIS

3682 389 3792 441 780

419 497 755 569 blasphema
797 494 1115 568 insipientia
1152 495 1405 564 protulit,
1435 494 1506 547 ab
1551 492 1809 547 omnium
1845 493 2048 546 animis
2073 499 2571 576 Aconsecratum,
2621 499 2688 548 ut
2725 494 3005 567 quidquid
3031 501 3115 550 est
3156 512 3190 549 a
3231 493 3470 550 Domino
3511 493 3797 567 insignius

426 591 753 662 repellatur.
787 593 861 645 Ac
890 590 934 643 si
961 589 1078 660 ipse
1112 587 1205 659 qui
1236 588 1294 642 in
1323 587 1471 642 hanc
1499 587 1877 641 tentationem
1918 585 2054 640 inci-

421 686 523 753 dit,
551 684 866 754 resipiscat,
904 683 981 736 ita
1037 686 1096 736 ut
1137 698 1239 753 per
1273 681 1571 735 liberalem
1607 680 2054 735 satisfactionem

421 778 713 850 proprium
745 777 978 831 damnet
999 793 1276 842 errorem,
1303 774 1631 830 communio
1653 774 1705 828 ei
1725 773 1810 828 sui
1841 774 2056 828 ordinis

420 873 780 926 reformetur.
827 871 986 936 Quod
1030 870 1200 925 etiam
1245 873 1442 924 sancto
1494 868 1762 923 Flaviano
1794 869 2055 939 episcopo

419 982 512 1020 me
542 965 840 1020 clementia
881 967 979 1018 tua
1021 963 1310 1034 scripsisse
1362 966 1686 1033 cognoscat,
1719 965 1783 1017 ut
1809 962 2056 1016 charitas

419 1075 534 1114 non
562 1063 826 1130 negetur,
857 1058 905 1112 si
944 1074 1104 1112 error
1131 1057 1411 1111 aboletur.

590 1154 670 1206 IX.
705 1185 770 1191 —
798 1153 890 1206 Ad
915 1155 1224 1207 Dioscorum
1252 1151 1694 1206 Alexandrinum
1723 1153 1884 1220 episc.

495 1248 601 1302 Leo
628 1233 899 1302 Dioscono
928 1245 1186 1300 Ecclesiae
1215 1245 1604 1314 Alexandrinae
1628 1243 1909 1314 episcopo.

491 1343 779 1406 Quantum
809 1339 1095 1394 dilectioni
1138 1343 1249 1393 tuae
1289 1337 1591 1392 Dominicse
1628 1336 1917 1392 charitatis
1949 1337 2053 1390 im-

422 1436 738 1509 pendamus
769 1435 1059 1500 affectum,
1089 1450 1158 1488 ex
1175 1433 1280 1488 hoc
1310 1433 1522 1503 poteris
1548 1432 1886 1503 approbare,
1907 1430 2058 1501 quod

423 1537 516 1586 tua
568 1529 786 1583 ﬁrmius
835 1527 1218 1582 desideramus
1268 1526 1511 1580 fundare
1556 1525 1754 1593 initia,
1801 1541 1872 1579 ne
1919 1524 2057 1596 quid

426 1623 685 1678 charitati
726 1627 834 1675 tuae
866 1623 932 1676 ad
963 1620 1374 1691 perfectionem
1409 1619 1606 1674 deesse
1633 1619 1910 1685 videatur,
1930 1635 2060 1672 cum

430 1718 530 1772 tibi
577 1715 828 1787 specialis
874 1716 1068 1786 gratiae
1107 1714 1329 1780 merita,
1361 1717 1421 1767 ut
1450 1713 1832 1784 probavimus,
1865 1712 2061 1767 suffra-

433 1784 953 1881 gentu—r.)Paterna
1003 1809 1198 1879 igitur,
1244 1811 1302 1861 et
1345 1809 1597 1862 fraterna
1635 1806 1861 1862 collatio
1897 1807 2064 1860 debet

2154 588 2522 642 constitutum
2567 588 2626 643 in
2664 588 2835 660 hujus
2886 588 2997 644 diei
3032 587 3308 661 dignitate
3347 589 3419 643 sit
3445 591 3694 659 gestum.
3731 589 3794 644 ιιι

2153 681 2260 736 hac
2303 682 2556 736 mundus
2593 683 2841 753 sumpsit
2884 682 3204 737 exordium.
3238 684 3296 736 ln
3340 683 3447 736 hac
3476 698 3578 753 per
3606 698 3796 739 resur-

2153 776 2466 831 rectionem
2494 776 2724 846 Christi,
2772 780 2829 830 et
2854 793 3007 831 mors
3053 776 3369 846 interitum,
3410 779 3467 831 et
3489 776 3605 831 vita
3641 791 3798 832 acce-

2153 869 2238 942 pit
2291 869 2540 925 initium.
2571 871 2632 924 In
2672 870 2776 926 hac
2824 871 3118 942 apostolis
3162 871 3406 926 Domino
3446 869 3799 942 praedicandi

2155 963 2215 1020 in
2241 963 2506 1018 omnibus
2545 965 2812 1034 gentibus
2857 965 3148 1037 Evangelii
3194 965 3394 1020 tubam
3434 966 3690 1032 sumunt,
3741 967 3801 1018 et

2157 1057 2456 1112 ferendum
2487 1058 2746 1113 universo
2771 1059 2986 1114 mundo
3027 1063 3449 1114 sacramentum
3486 1074 3796 1130 regenera-

2157 1151 2322 1206 tionis
2361 1151 2663 1223 accipiunt.
2701 1154 2758 1206 In
2789 1152 2913 1220 hac,
2946 1153 3093 1208 sicut
3120 1153 3319 1209 beatus
3347 1153 3593 1209 Joannes
3620 1167 3796 1206 evan-

2157 1246 2358 1316 gelista
2385 1249 2639 1313 testatur,
2671 1247 3035 1318 congregatis
3061 1247 3121 1302 in
3162 1263 3348 1301 unum
3389 1245 3680 1317 discipulis
3702 1245 3798 1316 ja-

2156 1340 2285 1395 nuis
2358 1339 2581 1406 clausis,
2639 1357 2770 1395 cum
2845 1341 2915 1395 ad
2967 1357 3061 1395 eos
3135 1341 3411 1396 Dominus
3485 1338 3801 1406 introisset,

2163 1455 2189 1482 «
2219 1433 2526 1487 insufﬂavit
2565 1437 2621 1488 et
2663 1434 2838 1490 dixit:
2886 1435 3132 1507 Accipite
3184 1435 3462 1507 Spiritum
3506 1436 3798 1500 sanctum,

2158 1544 2400 1600 quorum
2457 1527 2788 1584 remiseritis
2839 1533 3091 1600 peccata,
3146 1529 3523 1585 remittuntur
3583 1527 3682 1595 eis,
3745 1530 3805 1581 et

2160 1638 2407 1693 quorum
2453 1621 2828 1692 detinueritis,
2874 1623 3106 1678 detenta
3158 1625 3327 1678 erunt
3359 1622 3536 1693 (Joan.
3570 1639 3663 1688 xx,
3705 1624 3803 1690 22,

2161 1716 2270 1787 23).
2306 1737 2332 1764 »
2364 1717 2424 1770 In
2453 1715 2558 1770 hac
2581 1716 2826 1787 denique
2853 1717 3169 1787 promissus
3196 1734 3229 1772 a
3260 1716 3501 1770 Domino
3527 1714 3808 1786 apostolis

2166 1808 2402 1879 Spiritus
2433 1813 2658 1863 sanctus
2683 1809 2928 1878 advenit,
2970 1813 3036 1864 ut
3079 1810 3290 1865 caelesti
3323 1810 3572 1881 quadam
3600 1809 3808 1880 regula

434 1904 719 1958 sanctitati
756 1907 871 1957 tum
911 1919 1030 1957 esse
1069 1901 1405 1972 gratissima,
1436 1907 1492 1956 et
1523 1919 1556 1955 a
1594 1903 1648 1955 te
1679 1901 1867 1955 taliter
1900 1880 2141 1954 susci-B
2166 1903 2539 1970 insinuatum,
2569 1906 2626 1957 et
2651 1903 2925 1958 traditum
2960 1904 3280 1960 noverimus
3309 1904 3369 1958 in
3394 1904 3490 1958 illa
3526 1903 3617 1958 die
3661 1902 3808 1958 cele—

433 1999 512 2072 pi,
540 1996 1022 2069 quemadmodum
1052 2013 1085 2050 a
1111 1997 1277 2050 nobis
1298 2012 1423 2049 eam
1459 1995 1743 2065 intelligas
1763 1993 2060 2065 proﬁcisci.

437 2095 622 2147 Unum
665 2092 818 2145 enim
867 2107 966 2144 nos
1009 2090 1218 2144 sentire
1251 2093 1471 2160 oportet
1508 2092 1566 2144 et
1606 2105 1796 2159 agere,
1834 2093 1890 2141 ut
1923 2087 2067 2141 sicut

2164 1997 2379 2052 branda
2393 1997 2553 2050 nobis
2567 2014 2686 2051 esse
2704 1997 2751 2069 1
2769 1997 2893 2070 92
2907 1998 3179 2069 mysteria
3192 1997 3622 2054 sacerdotalium
3635 1997 3814 2052 bene-

2167 2089 2502 2159 dictionum,
2519 2091 2575 2144 in
2596 2109 2707 2162 quo
2724 2093 2926 2146 collata
2945 2097 3075 2147 sunt
3093 2093 3288 2148 omnia
3301 2093 3445 2147 dona
3457 2091 3808 2162 gratiarum.

437 2186 701 2256 legimus,
735 2185 794 2239 in
823 2185 985 2238 nobis
1013 2200 1245 2255 quoque
1288 2206 1314 2232 ‹‹
1355 2199 1536 2236 unum
1577 2198 1697 2235 esse
1725 2199 1842 2248 cor,
1873 2185 1929 2236 et
1953 2180 2066 2234 ani-
2133 2167 2232 2262 [Ut
2277 2188 2469 2239 autem
2519 2185 2786 2240 omnibus
2833 2187 3195 2241 observantia
3249 2189 3445 2242 nostra
3481 2186 3812 2254 concordet,

437 2298 533 2333 ma
555 2297 668 2333 una
688 2279 831 2349 (Act.
859 2295 931 2344 iv,
954 2281 1035 2344 32)
1055 2299 1081 2324 ››
1103 2276 1676 2347 comprobatur.CuIn
1699 2275 1852 2329 enim
1870 2274 2068 2329 beatis-

435 2373 619 2445 simus
655 2375 850 2426 Petrus
888 2371 1262 2442 apostolicum
1291 2388 1323 2423 a
1350 2370 1586 2424 Domino
1611 2369 1893 2439 acceperit
1919 2367 2070 2440 prin-

441 2467 712 2538 cipatum,
759 2470 814 2521 et
854 2467 1111 2520 Romana
1159 2464 1404 2519 Ecclesia
1458 2464 1517 2517 in
1565 2464 1686 2533 ejus
1734 2465 2072 2534 permaneat

441 2559 732 2627 institutis,
762 2559 923 2613 nefas
968 2562 1053 2614 est
1095 2559 1326 2613 credere
1363 2558 1516 2629 quod
1558 2560 1786 2611 sanctus
1822 2555 2067 2627 discipu-

442 2656 527 2708 lus
571 2654 691 2725 ejus
739 2655 972 2720 Marcus,
1015 2652 1112 2724 qui
1160 2652 1598 2707 Alexandrinam
1643 2650 1858 2722 primus
1903 2651 2073 2704 eccle.

444 2749 587 2804 siam
619 2747 984 2818 gubernavit,
1015 2747 1139 2802 aliis
1183 2746 1396 2816 regulis
1435 2745 1810 2800 traditionum
1844 2760 2071 2798 suarum

447 2842 675 2896 decreta
700 2841 1044 2910 formaverit,
1063 2857 1191 2895 cum
1211 2841 1279 2893 de
1301 2841 1508 2894 eodem
1535 2840 1692 2893 fonte
1713 2838 1914 2909 gratiae
1931 2854 2075 2891 unus

448 2934 679 3004 spiritus
723 2935 913 3002 fuerit,
951 2938 1008 2988 et
1051 2933 1328 3004 discipuli,
1358 2937 1414 2986 et
1439 2932 1719 3001 magistri,
1771 2948 1874 2984 nec
1920 2930 2073 2985 aliud

450 3027 740 3083 ordinatus
788 3027 1013 3082 tradere
1057 3026 1327 3097 potuerit,
1357 3043 1529 3096 quam
1555 3025 1707 3097 quod
1751 3026 1821 3079 ab
1861 3023 2077 3079 ordina-

451 3127 575 3176 tore
609 3121 872 3192 suscepit.
906 3123 1028 3176 Non
1062 3137 1201 3191 ergo
1237 3120 1505 3191 patimur,
1527 3122 1592 3173 ut
1624 3136 1754 3173 cum
1779 3119 1948 3173 unius
1974 3135 2078 3173 nos

452 3215 707 3287 corporis
737 3219 795 3268 et
823 3214 958 3268 ﬁdei
989 3216 1272 3269 fateamur
1292 3213 1351 3266 in
1373 3213 1564 3284 aliquo
1589 3213 1991 3284 discrepemus,
2023 3218 2080 3267 et

452 3311 564 3364 alia
620 3309 895 3378 doctoris,
947 3307 1371 3378 alia.discipuli
1439 3307 1701 3362 instituta
1758 3307 2075 3362 videantur.

452 3403 614 3468 Quod
645 3419 784 3475 ergo
815 3421 848 3457 a
867 3403 1127 3474 patribus
1153 3401 1364 3457 nostris
1385 3401 1757 3473 propensiore
1779 3418 1916 3456 cura
1932 3401 2085 3456 novi-

457 3514 586 3552 mus
628 3513 749 3552 esse
785 3499 1090 3565 servatum,
1121 3513 1153 3550 a
1190 3495 1348 3549 vobis
1386 3496 1650 3550 volumus
1690 3494 1982 3563 custodiri,
2021 3499 2087 3548 ut

457 3608 574 3646 non
602 3590 814 3662 passim
844 3590 1042 3645 diebus
1063 3590 1328 3644 omnibus
1357 3589 1724 3644 sacerdotalis
1751 3589 1838 3643 vel
1865 3588 2085 3643 levitica

459 3684 741 3740 ordinatio
780 3685 1116 3753 celebretur,
1162 3684 1260 3738 sed
1308 3688 1438 3754 post
1485 3683 1638 3738 diem
1695 3683 1912 3736 sabbati
1965 3683 2086 3752 ejus

455 3779 638 3834 noctis
681 3779 740 3832 in
782 3778 973 3848 prima
1011 3778 1230 3832 sabbati
1255 3793 1382 3848 quas
1420 3777 1653 3831 lucescit
1678 3777 1912 3831 exordia
1943 3776 2082 3831 dele-

461 3876 688 3943 gantur,
717 3872 777 3925 in
803 3871 1011 3941 quibus
1047 3871 1137 3924 his
1176 3871 1273 3941 qui
1311 3870 1680 3925 consecrandi
1705 3873 1836 3924 sunt
1853 3869 2084 3940 jejunis,

461 3971 516 4021 et
540 3983 575 4019 a
598 3964 990 4036 jejunantibus
1016 3980 1170 4018 sacra
1194 3963 1512 4018 benedictio
1549 3965 1893 4018 conferatur.
1929 3963 2088 4028 Quod

464 4057 723 4129 ejusdem
761 4057 1135 4112 observantiae
1174 4057 1300 4125 erit,
1337 4057 1383 4110 si
1419 4073 1590 4112 mane
1629 4057 1747 4128 ipse
1794 4057 2088 4112 Dominico

463 4152 554 4207 die
598 4151 925 4206 continuato
970 4150 1188 4206 sabbati
1230 4151 1452 4222 jejunio
1502 4151 1840 4206 celebretur.
1864 4153 1928 4218 5A
1976 4168 2089 4223 quo

468 4251 725 4318 tempore
773 4245 1148 4317 praecedentis
1203 4245 1380 4300 noctis
1432 4246 1595 4300 initia
1645 4263 1762 4300 non
1819 4246 2093 4301 recedunt

465 4357 635 4412 quam
666 4340 738 4394 ad
773 4339 925 4395 diem
952 4339 1398 4409 resurrectionis,
1423 4341 1568 4395 sicut
1587 4341 1759 4394 etiam
1789 4340 1848 4394 in
1881 4340 2090 4394 Pascha

467 4433 692 4490 Domini
731 4434 1048 4496 declaratur
1086 4434 1374 4506 pertinere
1403 4451 1516 4489 non
1545 4434 1782 4489 dubium
1815 4439 1916 4490 est.
1952 4435 2090 4489 Nam

465 4532 674 4602 praeter
696 4528 1089 4584 auctoritatem
1114 4529 1536 4584 consuetudinis
1563 4545 1737 4600 quam
1765 4546 1829 4583 ex
1862 4532 2090 4600 aposto-

465 4624 574 4679 lica
600 4623 864 4680 novimus
894 4621 1086 4678 venire
1107 4623 1385 4693 doctrina,
1417 4623 1592 4678 etiam
1619 4640 1776 4678 sacra
1804 4623 2095 4694 Scriptura
2113 4625 2173 4697 Ι)

467 4717 813 4784 manifestat,
838 4717 993 4788 quod
1009 4733 1139 4771 cum
1155 4718 1540 4788 apostolorum
1563 4719 1801 4772 Paulum
1823 4722 1878 4771 et
1899 4718 2101 4770 Barna-

467 4813 602 4867 bam
629 4828 694 4867 ex
720 4816 1003 4883 praecepto
1032 4811 1270 4882 Spiritus
1299 4812 1476 4866 sancti
1514 4811 1879 4882 Evangelium
1907 4809 2097 4863 mitte-

469 4908 600 4961 rent
627 4906 701 4960 ad
727 4905 1172 4977 praedicandum,
1195 4928 1220 4954 ‹‹
1241 4905 1569 4976 jejunantes
1591 4909 1646 4958 et
1669 4907 1898 4958 orantes
1923 4903 2103 4973 impo-

472 5003 710 5056 suerunt
747 5000 826 5054 eis
872 5017 1075 5053 manus
1115 5000 1252 5068 (Act.
1302 5017 1376 5067 τι,
1423 5000 1498 5070 6),
1550 5021 1578 5048 ››
1635 5001 1698 5051 ut
1722 4997 2102 5066 intelligamus

473 5098 683 5165 quanta
758 5097 815 5147 et
895 5093 1152 5147 dantium
1224 5098 1280 5147 et
1337 5091 1735 5163 accipientium
1809 5089 2102 5145 devotione

474 5185 793 5240 curandum
823 5187 912 5254 sit,
944 5203 1014 5240 ne
1041 5190 1213 5241 tantae
1240 5183 1653 5240 benedictionis
1684 5188 2101 5237 sacramentum

477 5279 834 5351 negligenter
878 5280 1130 5335 videatur
1159 5280 1477 5351 impletum.
1508 5279 1577 5331 Et
1603 5275 1732 5331 ideo
1772 5276 1864 5347 pie
1895 5280 1950 5331 et
1979 5277 2098 5331 lau-

476 5373 739 5429 dabiliter
777 5374 1096 5444 apostolicis
1152 5390 1371 5428 morem
1423 5370 1664 5441 gesseris
1723 5370 2014 5440 institutis,
2059 5371 2102 5425 si

475 5471 624 5524 hanc
651 5467 1099 5524 ordinandorum
1133 5466 1490 5522 sacerdotum
1528 5465 1777 5520 formam
1818 5482 1918 5536 per
1937 5459 2133 5520 eccle-i

477 5563 602 5634 sias,
631 5562 834 5634 quibus
877 5562 1151 5617 Dominus
1180 5575 1427 5631 praeesse
1462 5564 1516 5613 te
1544 5559 1738 5628 voluit,
1769 5560 1938 5615 etiam
1984 5561 2105 5631 ipse

477 5657 804 5724 servaveris,
836 5660 897 5711 ut
936 5656 1023 5709 his
1067 5655 1166 5725 qui
1209 5654 1574 5709 consecrandi
1614 5657 1764 5724 sunt,
1806 5671 2103 5726 nunquam

475 5751 914 5818 benedictiones,
961 5748 1070 5803 nisi
1093 5748 1152 5802 in
1202 5748 1292 5803 die
1332 5749 1758 5804 resurrectionis
1804 5749 2106 5803 Dominica'

478 5844 818 5908 tribuantur,
866 5842 954 5896 cui
994 5859 1026 5895 a
1075 5858 1313 5913 vespera
1359 5842 1572 5897 sabbati
1617 5843 1845 5897 initium
1889 5847 2110 5896 constat

478 5933 700 5998 ascribi,
728 5937 787 5987 et
820 5935 990 5988 tantis
1018 5934 1340 5990 divinarum
1367 5934 1798 6008 dispositionu’m
1828 5933 2109 6005 mysteriis

2167 2277 2310 2332 illud
2356 2295 2582 2350 quoque
2611 2280 2870 2334 volumus
2915 2280 3189 2334 custodiri
3220 2285 3283 2334 ut
3323 2297 3454 2334 cum
3493 2278 3814 2333 solemnior

2169 2372 2443 2426 festivitas
2471 2377 2810 2428 conventum
2839 2375 3036 2444 populi
3067 2374 3496 2428 numerositatis
3519 2372 3813 2438 indixerit,

2171 2470 2227 2522 et
2262 2467 2333 2520 ad
2381 2483 2505 2520 eam
2546 2471 2703 2521 tanta
2755 2467 3058 2523 multitudo
3101 2468 3365 2524 convenit
3414 2484 3588 2539 quam
3633 2466 3816 2536 recipi

2170 2561 2402 2616 basilica
2427 2559 2593 2614 simul
2629 2578 2738 2615 una
2763 2578 2877 2616 non
2904 2563 3096 2633 possit,
3130 2561 3384 2617 sacrificii
3417 2561 3626 2616 oblatio
3651 2560 3818 2615 indu-

2173 2654 2422 2709 bitanter
2453 2654 2706 2724 iteretur,
2749 2672 2821 2709 ne
2853 2656 2941 2710 his
2987 2660 3207 2711 tantum
3255 2656 3515 2712 admissis
3557 2655 3628 2710 ad
3666 2655 3819 2709 hanc

2174 2747 2532 2802 devotionem
2577 2749 2674 2818 qui
2722 2749 2890 2819 primi
2923 2750 3282 2804 advenerunt
3313 2750 3608 2805 videantur
3647 2749 3686 2803 ii
3715 2747 3821 2820 qui

2176 2846 2305 2912 post
2331 2841 2566 2895 modum
2595 2842 2979 2898 confluxerint
3012 2860 3129 2898 non
3160 2844 3387 2914 recepti,
3419 2859 3548 2898 cum
3577 2843 3818 2914 plenum

2178 2936 2398 3006 pietatis
2443 2939 2610 3006 atque
2643 2935 2878 2990 rationis
2915 2937 3006 3001 sit,
3061 2941 3123 2992 ut
3151 2938 3370 3009 quoties
3420 2937 3708 2991 basilicam
3758 2935 3823 2990 in

2179 3045 2291 3100 qua
2315 3027 2504 3099 agitur
2538 3030 2845 3099 praesentia
2870 3047 3034 3084 nova
3071 3031 3251 3101 plebis
3274 3030 3614 3101 impleverit,
3651 3029 3823 3084 toties

2179 3122 2515 3178 sacriﬁcium
2543 3123 2894 3194 subsequens
2921 3124 3212 3179 offeratur.
3246 3125 3478 3179 Necesse
3506 3128 3589 3178 est
3621 3127 3820 3178 autem

2179 3220 2243 3272 ut
2273 3217 2536 3288 quaedam
2577 3234 2704 3288 pars
2756 3218 2952 3288 populi
2998 3235 3096 3272 sua
3123 3218 3424 3273 devotione
3472 3217 3743 3288 privetur,
3774 3218 3824 3271 si

2186 3311 2353 3366 unius
2379 3315 2604 3365 tantum
2621 3312 2811 3366 missae
2833 3327 2993 3366 more
3015 3316 3232 3366 servato
3259 3311 3593 3366 sacrificium
3613 3309 3824 3366 offerre

2183 3421 2298 3460 non
2323 3405 2560 3477 possint,
2596 3405 2706 3459 nisi
2735 3405 2830 3476 qui
2875 3406 3057 3476 prima
3087 3405 3202 3460 diei
3227 3407 3392 3476 parte
3427 3403 3821 3460 convenerint.

2186 3499 2444 3555 Studiose
2458 3515 2594 3569 ergo
2611 3498 2975 3554 dilectionem
2992 3501 3152 3553 tuam
3169 3503 3226 3554 et
3244 3498 3603 3553 familiariter
3619 3497 3823 3552 admo-

2188 3609 2410 3661 nemus,
2435 3596 2496 3646 ut
2521 3593 2676 3664 quod
2693 3597 2900 3648 nostrw
2919 3591 3314 3647 consuetudini
3341 3609 3406 3646 ex
3430 3592 3615 3646 forma
3634 3595 3828 3663 pater-

2190 3704 2274 3742 nm
2297 3685 2615 3741 traditionis
2647 3686 2872 3755 insedit,
2923 3686 3021 3740 tua
3059 3702 3285 3758 quoque
3325 3702 3459 3740 cura
3490 3703 3607 3741 non
3637 3685 3824 3756 negli-

2188 3785 2306 3852 gat,
2356 3785 2417 3834 ut
2441 3780 2635 3835 omnia
2681 3780 2847 3834 nobis
2891 3798 2955 3835 ex
2985 3780 3099 3834 fide
3149 3785 3206 3834 et
3234 3780 3451 3835 actibus
3481 3786 3825 3849 congruant.

2187 3877 2424 3946 Propter
2452 3875 2602 3945 quod
2634 3874 2911 3929 remeanti
2939 3874 3053 3929 ﬁlio
3085 3879 3281 3929 nostro
3327 3873 3652 3928 Possidonio
3695 3889 3827 3944 pre-

2188 3969 2415 4039 sbytero
2449 3969 2595 4022 hanc
2615 3968 2686 4022 ad
2710 3969 3125 4023 fraternitatem
3151 3973 3312 4023 tuam
3341 3967 3639 4040 epistolam
3664 3966 3827 4021 dedi-

2190 4078 2315 4116 mus
2339 4060 2739 4132 perferendam
2783 4061 2880 4133 qui
2910 4061 3118 4116 nostris
3153 4061 3612 4132 processionibus
3654 4063 3830 4130 atque

2192 4154 2644 4210 ordinationibus
2669 4155 2999 4226 frequenter
3034 4154 3314 4223 interfuit,
3349 4159 3404 4208 et
3431 4153 3598 4208 toties
3617 4153 3830 4207 admis-

2191 4267 2282 4304 sus
2309 4248 2446 4320 quid
2489 4249 2549 4302 in
2583 4249 2845 4304 omnibus
2867 4249 3194 4321 apostolicae
3219 4247 3564 4304 auctoritatis
3606 4252 3830 4302 tenere-

2192 4359 2340 4410 mus,
2367 4342 2616 4414 agnovit.
2647 4343 2783 4397 Data
2805 4342 3069 4397 Kalendis
3094 4341 3272 4397 Juliis.

2191 4451 2326 4505 X.-—
2343 4451 2431 4505 Ad
2449 4449 2775 4518 Ephesinam
2800 4451 3069 4518 synodum
3087 4450 3396 4512 secundum,
3415 4452 3472 4502 in
3499 4463 3609 4517 qua
3633 4462 3831 4516 provo-

2255 4527 2343 4576 cat
2368 4524 2637 4591 episcopos
2663 4523 2974 4589 Eutychetis
3005 4522 3363 4591 blasphemz'as
3383 4520 3759 4574 condemnare.

2265 4624 2373 4678 Leo
2403 4622 2699 4694 episcopus
2722 4627 2929 4678 sanctte
2952 4623 3164 4694 synodo
3198 4639 3326 4694 quae
3362 4621 3516 4693 apud
3545 4621 3841 4692 Ephesum

2201 4716 2480 4772 convenit.
3795 4789 3802 4794 I

2274 4810 2557 4882 Religiosa
2577 4811 3035 4866 excellentissimi
3066 4809 3334 4882 principis
3363 4811 3524 4877 ﬁdes,
3556 4808 3738 4864 sciens
3765 4810 3844 4864 ad

2203 4921 2365 4960 suam
2414 4905 2652 4976 gloriam
2684 4905 2932 4960 maxime
2958 4905 3244 4976 pertinere
3286 4904 3332 4958 si
3356 4903 3506 4958 intra
3532 4902 3845 4958 Ecclesiam

2203 4998 2540 5053 catholicam
2571 4998 2782 5053 nullius
2813 4999 3023 5054 erroris
3050 5015 3287 5069 germen
3315 5001 3660 5067 exsurgeret,
3692 4996 3847 5050 hanc

2204 5092 2584 5148 reverentiam
2613 5092 2819 5147 divinis
2863 5091 3065 5147 detulit
3096 5091 3385 5160 institutis,
3420 5094 3482 5144 ut
3519 5090 3591 5144 ad
3635 5093 3846 5144 sanctae

2204 5186 2586 5256 dispositionis
2615 5186 2884 5241 effectum
2913 5187 3308 5241 auctoritatem
3336 5184 3658 5255 apostolicae
3685 5183 3849 5239 Sedis

2203 5279 2522 5346 adhiberet,
2550 5285 2821 5352 tanquam
2842 5280 2911 5334 ab
2928 5280 3048 5351 ipso
3075 5279 3400 5334 beatissimo
3417 5280 3582 5332 Petro
3608 5281 3848 5347 cuperet

2204 5373 2480 5428 declarari
2534 5373 2672 5444 quid
2721 5375 2780 5428 in
2835 5373 2958 5444 ejus
3005 5373 3353 5428 confessione
3404 5371 3701 5426 laudatum
3751 5370 3844 5437 sit,

2206 5467 2438 5539 quando
2476 5467 2702 5522 dicente
2757 5467 3040 5522 Domino:
3091 5489 3118 5516 ‹‹
3147 5483 3320 5539 quem
3363 5481 3456 5520 me
3495 5480 3615 5520 esse
3647 5463 3850 5519 dicunt

2206 5561 2465 5616 homines
2508 5560 2689 5615 ﬁlium
2713 5581 2716 5584 ’
2736 5561 2982 5615 hominis
3004 5561 3032 5615 ?
3053 5583 3080 5612 »
3131 5560 3347 5630 (Matth.
3375 5575 3487 5625 xvx,
3523 5559 3630 5628 l3.)
3659 5557 3850 5613 varias

2205 5655 2439 5726 quidem
2468 5655 2818 5709 diversorum
2836 5655 3134 5726 opiniones
3149 5652 3406 5725 discipuli
3431 5654 3846 5707 memorarunt.

2207 5747 2318 5804 Sed
2333 5764 2465 5802 cum
2493 5747 2564 5801 ab
2591 5748 2674 5802 eis
2699 5749 2834 5820 quid
2859 5749 2966 5820 ipsi
2987 5748 3285 5803 crederent
3301 5749 3674 5818 quaereretur,
3692 5745 3850 5816 prin-

2208 5858 2341 5913 ceps
2367 5842 2760 5912 apostolorum
2791 5841 3207 5912 plenitudinem
3239 5840 3372 5896 ﬁdei
3397 5839 3553 5896 brevi
3581 5854 3850 5894 sermone

2210 5935 2575 6006 complexus:
2625 5955 2652 5987 ‹‹
2699 5936 2779 5992 Tu
2824 5951 2904 6005 es,
2953 5935 3158 6008 inquit,
3221 5934 3474 5994 Christus
3531 5931 3701 5988 Filius
3748 5931 3848 5989 Dei
