4034 6344
195 371 294 421 78l

1450 365 1919 423 DECRETALIL‘M
1957 367 2343 424 COLLECTIO.

3472 375 3573 430 782

193 476 306 530 vivi
331 475 560 546 (Matth.
590 491 700 542 xvr,
727 475 810 546 l6)
823 491 841 544 ;
873 495 904 524 ››
937 475 1046 530 hoc
1079 477 1182 544 est,
1220 477 1302 530 Tu
1322 475 1420 547 qui
1442 491 1500 530 es
1527 492 1663 530 vere
1690 476 1840 530 ﬁlius
1858 489 1918 562 Α
1939 477 2092 530 nulla
2117 476 2379 547 patimini
2404 481 2566 548 parte
2591 477 2900 548 corrumpi.
2924 480 3049 532 Non
3071 477 3243 533 dubie
3262 477 3414 533 enim
3431 479 3576 536 sicut

195 569 478 637 hominis,
519 569 674 624 idem
707 585 842 624 vere
874 586 934 623 es
959 568 1128 624 Filius
1155 569 1256 625 Dei
1285 569 1414 624 vivi.
1443 571 1544 639 Tu,
1577 569 1834 642 inquam,

191 680 364 718 verus
405 663 468 718 in
506 664 736 732 deitate,
785 679 954 718 verus
985 662 1044 717 in
1083 679 1274 732 carne,
1321 667 1376 717 et
1404 663 1552 718 salva
1590 663 1838 734 gemina:

189 758 556 830 proprietate
567 762 810 824 naturae,
826 761 1134 828 utrumque
1147 773 1314 812 unus.
1328 757 1489 821 Quod
1501 757 1838 829 siEutyches

191 851 600 922 intelligenter
641 867 706 906 ac
749 851 1016 906 vivaciter
1057 850 1338 920 crederet,
1371 867 1735 923 nequaquam
1765 853 1836 906 ab

191 945 368 1016 hujus
381 945 518 1000 ﬁdei
536 945 768 1000 tramite
784 945 1055 1012 deviaret,
1081 947 1318 1016 propter
1331 961 1508 1016 quam
1534 945 1588 1000 ei
1605 961 1836 1016 respon-

190 1040 362 1094 detur
380 1056 416 1094 a
443 1039 692 1094 Domino
722 1055 734 1094 :
771 1057 800 1090 «
833 1039 1036 1094 Beatus
1063 1055 1124 1093 es
1153 1037 1350 1094 Simon
1383 1040 1492 1094 Bar
1515 1040 1673 1109 Jona,
1704 1039 1836 1112 quia

191 1149 326 1188 caro
361 1136 424 1188 et
455 1131 696 1203 sanguis
733 1149 848 1188 non
889 1132 1157 1188 revelavit
1185 1133 1308 1200 tibi,
1342 1133 1438 1188 sed
1471 1134 1637 1188 Pater
1668 1149 1835 1188 meus

191 1227 290 1299 qui
335 1229 428 1282 est
472 1227 535 1281 in
575 1226 747 1281 ccelis.
783 1248 810 1276 »
841 1227 908 1282 Et
941 1243 1048 1298 ego
1088 1227 1212 1282 dico
1252 1227 1356 1281 tibi
1392 1243 1404 1281 :
1451 1227 1645 1292 «Quia
1683 1231 1747 1282 tu
1773 1245 1833 1281 es

193 1324 420 1388 Petrus,
473 1325 534 1376 et
558 1336 728 1391 super
758 1321 907 1375 hanc
938 1323 1159 1391 petram
1199 1319 1492 1375 aediﬁcabo
1529 1321 1830 1376 Ecclesiam

193 1431 408 1481 meam,
451 1419 512 1468 et
553 1418 738 1485 portae
779 1413 944 1469 inferi
979 1431 1098 1469 non
1135 1415 1526 1485 praevalebunt
1567 1415 1834 1471 adversus

191 1525 320 1564 eam
349 1509 572 1578 (Matth.
597 1525 706 1576 xvx,
743 1512 826 1576 l7,
860 1507 966 1577 l8).
1001 1527 1027 1558 »
1071 1508 1252 1562 Nimis
1287 1513 1479 1562 autem
1501 1525 1534 1562 a
1555 1525 1833 1580 compage

191 1603 364 1673 hujus
389 1601 791 1658 mdilicationis
816 1601 1034 1656 alienus
1067 1605 1169 1671 est,
1209 1601 1308 1672 qui
1332 1601 1486 1656 beati
1513 1603 1666 1657 Petri
1690 1619 1828 1657 con-

189 1698 506 1752 fessionem
537 1713 654 1750 non
683 1695 852 1766 capit,
890 1700 946 1750 et
975 1695 1185 1751 Christi
1216 1696 1518 1767 Evangelio
1549 1697 1832 1752 contradi-

187 1791 282 1846 cit.
313 1789 646 1846 Ostendens
690 1807 752 1843 se
781 1789 1002 1843 nullum
1027 1805 1286 1860 unquam
1329 1789 1576 1844 studium
1617 1805 1828 1860 cogno-

1937 569 2092 623 vobis
2124 569 2366 641 Spiritus
2394 574 2620 624 sanctus
2657 571 2926 625 reseravit
2965 572 3406 628 Manichaeorum
3433 589 3572 628 con-

1936 663 2284 718 foederantur
2309 664 2507 732 errori,
2530 664 2628 735 qui
2655 664 2727 719 ab
2749 665 3049 737 unigenito
3065 665 3164 720 Dei
3187 666 3348 736 Filio,
3371 684 3572 723 verum

1937 760 1992 810 et
2017 761 2227 812 nostras
2259 761 2478 811 natium
2509 758 2806 813 hominem
2833 765 3053 830 negant
3071 776 3194 815 esse
3220 765 3570 833 susceptum,

1937 867 2246 922 omnesque
2273 852 2320 922 ej
2332 869 2392 906 us
2414 867 2714 922 corporeas
2737 853 2985 908 actiones
3005 854 3346 909 simulatorii
3373 856 3575 910 volunt

1936 945 2108 999 fuisse
2133 945 2562 1016 phantasmatis.
2593 947 2694 1002 Cui
2717 947 2997 1018 impietati
3025 964 3096 1002 ne
3117 947 3176 1002 in
3204 948 3394 1020 aliquo
3423 966 3566 1020 pra:-

1933 1038 2140 1093 beretis
2157 1055 2469 1106 assensum,
2485 1040 2607 1110 jam
2629 1057 2730 1111 per
2749 1041 2928 1096 ﬁlium
2946 1059 3142 1096 meum
3162 1041 3565 1114 Epiphanium,

1935 1137 1992 1186 et
2031 1131 2358 1203 Dionysium
2403 1135 2678 1188 Romanae
2727 1135 2984 1190 Ecclesia:
3027 1135 3278 1190 notarios
3307 1137 3564 1192 cohorta-

1935 1225 2076 1280 toria
2097 1226 2168 1280 ad
2194 1227 2559 1282 dilectionem
2583 1231 2828 1282 vestram
2861 1231 3072 1300 scripta
3091 1229 3432 1298 direximus,
3446 1231 3570 1302 qui-

1933 1318 2039 1374 bus
2051 1321 2544 1376 conﬁrmationem
2555 1339 2727 1393 quam
2741 1339 2804 1376 ex
2810 1323 3026 1394 petistis
3039 1324 3184 1378 ultro
3197 1325 3565 1395 praebuimus,

1937 1417 1996 1466 ut
2023 1430 2128 1468 nos
2153 1419 2456 1485 paternam
2485 1415 2639 1470 vobis
2670 1432 2865 1470 curam
2896 1434 3012 1472 non
3041 1417 3310 1473 dubitetis
3345 1419 3567 1490 impen-

1935 1506 2090 1573 dere,
2143 1524 2208 1561 ac
2263 1508 2450 1562 modis
2501 1509 2769 1564 omnibus
2815 1510 3096 1578 laborare,
3145 1517 3226 1578 ut,
3259 1512 3568 1567 auxiliante

1933 1599 2322 1655 misericordia
2373 1602 2493 1671 Dei,
2553 1603 2748 1657 omnia
2801 1621 2929 1675 quae
2975 1603 3046 1658 ab
3089 1605 3372 1677 imperitis
3403 1609 3460 1660 et
3496 1607 3566 1660 ab

1931 1693 2332 1764 insipientibus
2397 1695 2631 1751 excitata
2701 1701 2834 1750 sunt
2918 1698 3186 1753 scandala
3267 1699 3567 1754 destruan-

1933 1791 2043 1842 tur.
2073 1788 2180 1842 Nec
2212 1789 2514 1859 quisquam
2543 1789 2648 1844 sibi
2671 1791 2882 1846 audeat
2909 1791 2976 1846 de
3000 1792 3326 1847 sacerdotali
3351 1793 3570 1848 honore

189 1885 419 1940 scenda;
447 1884 706 1939 veritatis
731 1883 1013 1952 habuisse,
1047 1883 1406 1955 etsuperﬂuo
1435 1863 2178 1938 honorabilemelandiri
2228 1883 2326 1952 qui
2377 1883 2626 1953 potuerit
2689 1883 2744 1938 in
2803 1885 3128 1940 exsecrandi
3198 1903 3395 1941 sensus
3461 1887 3568 1941 im-

191 1979 376 2033 visum
406 1979 512 2049 qui
543 1978 702 2032 nulla
731 1977 1064 2032 auctoritate
1091 1977 1278 2032 cordis
1315 1977 1535 2032 ornavit
1564 1977 1832 2033 canitiem

191 2073 522 2128 senectutis.
553 2073 766 2126 Verum
799 2071 935 2142 quia
961 2071 1130 2126 etiam
1163 2070 1364 2125 talium
1393 2088 1509 2126 non
1539 2075 1624 2127 est
1647 2073 1830 2143 negli-

191 2167 380 2239 genda
407 2183 570 2234 cura,
599 2165 694 2237 pie
720 2182 784 2220 ac
809 2165 1070 2237 religiose
1099 2165 1609 2222 Christianissimus
1653 2166 1832 2237 impe-

189 2263 346 2316 rator
391 2259 606 2314 habere
657 2258 837 2314 voluit
882 2259 1204 2330 episcOpale
1242 2259 1565 2328 concilium,
1609 2263 1672 2314 ut
1707 2261 1828 2330 ple-

189 2355 353 2409 niore
397 2353 625 2424 judicio
674 2352 858 2407 omnis
910 2351 1089 2424 possit
1142 2369 1302 2407 error
1346 2352 1583 2422 aboleri,
1626 2353 1828 2407 fratres

187 2451 436 2516 nostros,
487 2447 776 2502 Iulianum
815 2446 1163 2517 episcopum,
1208 2447 1488 2500 Renatum
1529 2447 1824 2518 presbyte-

187 2559 336 2610 rum,
367 2545 428 2596 et
457 2541 648 2595 ﬁlium
671 2543 929 2594 nostrum
959 2539 1228 2594 Hilarium
1260 2541 1574 2607 diaconem,
1614 2545 1671 2595 et
1695 2557 1828 2595 cum

191 2637 274 2692 his
311 2635 630 2690 Dulcitium
663 2633 950 2688 notarium
987 2634 1246 2705 probata:
1291 2635 1455 2689 nobis
1501 2634 1631 2688 ﬁdei
1675 2635 1824 2704 misi,

189 2730 282 2802 qui
327 2731 452 2784 vice
493 2745 620 2784 mea
663 2733 852 2782 sancto
893 2727 1194 2782 conventui
1227 2731 1427 2783 vestrae
1460 2729 1828 2784 fraternitatis

191 2823 474 2891 intersint,
505 2826 566 2877 et
590 2821 882 2878 communi
912 2822 1200 2876 vobiscum
1227 2823 1533 2888 sententia,
1563 2839 1692 2894 qua:
1725 2823 1827 2877 Do-

189 2917 345 2974 mino
367 2917 486 2972 sint
514 2916 817 2990 placitura,
844 2915 1208 2971 constituant.
1236 2917 1348 2970 Hoc
1365 2921 1449 2971 est
1479 2922 1538 2971 ut
1561 2917 1827 2988 primitus

191 3011 463 3083 pestifero
495 3025 689 3064 errore
721 3009 1013 3076 damnato,
1052 3008 1227 3063 etiam
1267 3009 1337 3092 de
1373 3009 1548 3080 ipsius
1589 3009 1686 3082 qui
1723 3010 1826 3064 im-

191 3106 504 3177 prudenter
551 3105 774 3170 erravit,
809 3103 1166 3158 restitutione
1203 3106 1479 3158 tractetur
1508 3121 1520 3158 :
1559 3104 1606 3158 si
1631 3107 1823 3159 tamen

193 3199 512 3254 doctrinam
561 3197 816 3252 veritatis
880 3199 1226 3268 amplectens
1279 3214 1478 3252 sensus
1535 3198 1825 3254 haereticos
1845 3237 1899 3311 Ο

231 3293 302 3311 λι
425 3292 702 3311 σμη--ις,
888 3291 1298 3311 ρ,--μ-ιε-,,-ιει,
1327 3291 1488 3311 _.___-

192 3293 394 3365 quibus
421 3292 712 3363 imperitia
737 3291 858 3362 ejus
887 3291 1072 3346 fuerat
1087 3291 1308 3346 irretita
1326 3291 1496 3362 plene
1515 3297 1823 3364 aperteque

193 3387 424 3458 pmpria
468 3401 603 3440 voce
648 3391 705 3442 et
757 3385 1171 3456 subscriptione
1229 3385 1606 3439 damnaverit.
1662 3388 1822 3451 Quod

193 3482 362 3535 etiam
391 3481 456 3534 in
487 3480 676 3535 libello
702 3496 872 3551 quem
901 3480 972 3534 ad
1005 3496 1110 3533 nos
1141 3479 1378 3533 miserat
1408 3484 1493 3534 est
1517 3480 1819 3550 professus,

191 3574 477 3645 spondens
519 3590 626 3644 per
669 3574 860 3627 omnia
913 3577 1170 3628 nostram
1211 3578 1536 3628 secuturum
1591 3591 1648 3628 se
1702 3590 1822 3629 esse

194 3667 555 3724 sententiam.
613 3667 864 3738 Acceptis
911 3673 1105 3722 autem
1145 3667 1335 3722 fratris
1391 3673 1448 3722 et
1502 3668 1823 3740 coepisc0pi

193 3763 368 3817 nostri
393 3761 646 3816 Flaviani
666 3761 868 3816 litteris
886 3761 1109 3832 plenius
1130 3761 1198 3816 ad
1222 3778 1355 3816 eum
1382 3761 1452 3816 de
1481 3762 1568 3817 his
1596 3779 1722 3834 qua:
1751 3763 1820 3818 ad

191 3873 288 3912 nos
307 3856 540 3911 videtur
557 3855 815 3910 retulisse
837 3856 1247 3927 rescripsimus,
1266 3860 1328 3910 ut
1347 3856 1560 3910 abolito
1579 3857 1705 3924 hoc,
1727 3857 1824 3927 qui

193 3955 356 4005 natus
373 3950 676 4005 videbatur
696 3965 908 4018 errore,
933 3950 992 4004 in
1012 3949 1246 4003 laudem
1265 3954 1320 4004 et
1344 3950 1586 4020 gloriam
1603 3950 1703 4006 Dei
1723 3968 1824 4022 per

196 4049 374 4100 totum
401 4043 688 4100 mundum
716 4059 832 4098 una
857 4043 930 4096 sit
951 4043 1112 4110 ﬁdes,
1136 4045 1193 4096 et
1213 4060 1326 4098 una
1349 4044 1667 4116 eademque
1697 4062 1825 4100 con-

195 4139 374 4206 fessio,
409 4159 438 4187 «
465 4141 524 4193 et
549 4138 610 4192 in
635 4137 865 4192 nomine
887 4139 1018 4192 Jesu
1048 4153 1216 4191 omne
1244 4153 1396 4208 genu
1425 4137 1683 4193 flectatur
1709 4156 1820 4194 coe-

195 4233 438 4300 lestium,
469 4230 849 4300 terrestrium,
873 4233 929 4285 et
955 4231 1308 4285 infernorum
1333 4233 1390 4284 et
1417 4232 1602 4286 omnis
1628 4232 1824 4303 lingua

193 4326 530 4381 conﬁteatur
567 4323 706 4396 quia
751 4324 1026 4379 Dominus
1065 4327 1226 4380 Jesus
1266 4325 1517 4380 Christus
1547 4326 1608 4380 in
1639 4326 1824 4396 gloria

195 4424 274 4475 est
305 4421 408 4475 Dei
441 4419 620 4474 Patris
653 4419 872 4488 (Philip.
909 4435 967 4488 ιι,
1017 4422 1101 4485 lO,
1136 4417 1244 4488 ll).
1275 4437 1302 4468 »
1331 4420 1470 4473 Data
1497 4419 1623 4472 Idus
1647 4418 1821 4489 Junii,

195 4513 406 4569 Asterio
451 4517 512 4568 et
555 4513 870 4584 Protogene
912 4511 1048 4566 viris
1093 4511 1420 4566 clarissimis
1471 4511 1819 4580 consulibus,

195 4623 298 4662 aara
323 4623 442 4680 qua
465 4621 655 4677 supra.

525 4701 607 4754 ΧῙ.
637 4729 705 4740 —-
731 4699 824 4754 Ad
849 4699 1486 4769 Constantinopolitanos.

261 4797 368 4851 Leo
429 4793 730 4865 episc0pus
773 4796 830 4848 et
876 4797 1070 4847 sancta
1116 4792 1362 4864 synodus
1413 4809 1540 4864 quae
1583 4792 1638 4847 in
1684 4793 1822 4848 urbe

199 4891 367 4944 Roma
393 4885 683 4954 convenit,
716 4886 866 4941 clero
897 4890 954 4940 et
974 4885 1126 4958 plebi
1155 4885 1488 4941 consistenti
1513 4886 1823 4942 Constanti-

193 4982 407 5056 n0poli.
1781 4989 1788 4994 '

261 5078 411 5132 Licet
451 5075 523 5128 de
565 5073 652 5129 his
709 5089 838 5145 quae
877 5075 936 5129 in
987 5073 1224 5128 concilio
1265 5073 1622 5128 sacerdotum
1669 5074 1821 5145 apud

199 5173 480 5242 Ephesum
530 5173 686 5240 gesta
733 5172 1156 5236 memorantur,
1207 5169 1417 5221 multos
1464 5183 1566 5220 nos
1617 5184 1824 5222 maeror

200 5265 420 5331 alliciat,
459 5281 528 5318 eo
572 5263 722 5335 quod
750 5263 894 5317 sicut
924 5279 1244 5316 consonans
1273 5262 1427 5316 fama
1453 5261 1736 5332 dispersit,
1769 5267 1824 5316 et

199 5361 312 5432 ipso
339 5375 538 5414 rerum
561 5360 912 5412 monstratur
942 5357 1167 5426 effectu,
1201 5373 1303 5410 nec
1319 5355 1554 5426 justitite
1575 5355 1686 5409 illic
1708 5372 1824 5409 mo-

200 5453 431 5520 deratio,
479 5469 586 5506 nec
631 5451 744 5506 ﬁde
781 5456 866 5506 est
901 5454 1118 5505 servata
1145 5449 1365 5520 religio,
1403 5453 1603 5504 vestrae
1633 5453 1820 5503 tamen

200 5547 506 5602 devotionis
551 5545 762 5617 pietate
813 5544 1152 5616 gaudemus,
1202 5547 1258 5599 et
1308 5544 1366 5598 in
1409 5547 1616 5598 sanctae
1647 5542 1825 5614 plebis

202 5639 716 5708 acclamationibus,
731 5655 974 5710 quarum
989 5639 1062 5693 ad
1073 5655 1177 5692 nos
1196 5654 1358 5692 exem
1369 5639 1456 5709 pla
1476 5637 1658 5692 delata
1672 5641 1822 5704 sunt,

203 5736 450 5791 omnium
501 5739 818 5790 vestrorum
867 5733 1178 5804 probamus
1230 5731 1536 5800 affectum;
1582 5730 1718 5802 quia
1770 5733 1828 5785 et

203 5831 326 5884 vivit
369 5847 434 5884 ac
477 5831 779 5900 permanet
817 5829 966 5898 apud
1003 5828 1179 5881 bonos
1220 5825 1364 5880 ﬁlios
1409 5825 1615 5897 Optimi
1653 5823 1826 5895 patris

200 5927 342 5998 justa
366 5923 616 5996 dilectio,
653 5927 710 5978 et
733 5922 1022 5978 catholica:
1055 5921 1326 5980 doctrina:
1357 5919 1733 5976 eruditionem
1766 5918 1824 5974 in

1932 1974 2146 2044 pietate
2175 1977 2454 2031 convinci.
2486 1977 2626 2030 Nam
2661 1977 2708 2030 si
2739 1978 2826 2030 vix
2861 1978 2917 2031 in
2956 1979 3112 2032 laicis
3149 1981 3454 2034 tolerabilis
3485 1981 3566 2034 vi-

1933 2067 2101 2122 detur
2137 2069 2374 2136 inscitia,
2410 2076 2624 2141 quanto
2656 2071 2840 2142 magis
2859 2072 2919 2126 in
2940 2073 3019 2126 eis
3041 2072 3137 2143 qui
3159 2081 3440 2144 praesunt;
3461 2091 3568 2128 nec

1933 2163 2296 2218 excusatione
2355 2169 2442 2218 est
2494 2163 2688 2235 digna,
2747 2181 2850 2220 nec
2908 2165 3094 2232 venia,
3147 2167 3395 2222 maxime
3437 2185 3566 2223 cum

1931 2257 2102 2311 etiam
2133 2257 2442 2312 defendere
2465 2274 2856 2329 perversarum
2887 2259 3218 2330 opinionum
3241 2267 3568 2317 commenta

1930 2354 2308 2422 praesumunt,
2345 2356 2402 2405 ct
2427 2351 2484 2405 in
2517 2369 2856 2407 consensum
2884 2370 3074 2422 suum,
3109 2357 3209 2408 aut
3232 2371 3446 2422 errore,
3471 2363 3569 2411 aut
3579 2339 3612 2446 Ι

1931 2445 2116 2515 gratia
2159 2444 2499 2500 insanabiles
2547 2463 2806 2518 quosque
2840 2447 3166 2502 traducunt.
3221 2448 3567 2519 Separentur

1929 2538 2024 2609 huj
2035 2538 2257 2592 usmodi
2277 2555 2310 2591 a
2329 2539 2538 2592 sanctis
2559 2539 2829 2593 membris
2845 2541 3096 2611 corporis
3118 2541 3344 2611 Christi,
3373 2559 3561 2613 neque

1930 2631 2036 2685 sibi
2063 2632 2338 2686 catholica
2360 2632 2593 2687 libertas
2618 2633 2940 2687 infidelium
2954 2635 3162 2704 jugum
3189 2634 3437 2706 patiatur
3453 2636 3562 2690 im-

1929 2725 2081 2796 poni.
2111 2726 2278 2780 Extra
2305 2725 2460 2780 enim
2487 2726 2702 2780 donum
2735 2726 2944 2782 divinae
2977 2727 3176 2798 gratia:
3209 2731 3266 2782 et
3290 2733 3448 2783 extra
3472 2747 3560 2784 sa-

1929 2823 2287 2874 cramentum
2345 2819 2596 2874 habendi
2657 2825 2788 2874 sunt
2827 2821 3020 2876 salutis
3071 2821 3369 2892 humanae,
3426 2823 3560 2894 qui,

1925 2915 2205 2984 negantes
2234 2917 2494 2968 naturam
2519 2917 2729 2968 nostra}
2751 2916 2936 2969 carnis
2960 2915 3018 2969 in
3039 2915 3280 2984 Christo,
3309 2921 3366 2970 et
3385 2917 3564 2971 Evan-

1927 3007 2078 3078 gelio
2106 3007 2525 3076 contradicunt,
2554 3013 2610 3062 et
2629 3008 2886 3079 symbolo
2905 3009 3275 3077 reluctantur,
3299 3026 3408 3066 nec
3435 3027 3564 3066 sen-

1927 3100 2076 3156 tiunt
2099 3117 2158 3154 se
2191 3101 2250 3156 in
2285 3102 2390 3156 hoc
2429 3107 2782 3174 praeruptum
2809 3119 2910 3156 sua
2935 3103 3308 3159 obcaecatione
3343 3104 3560 3174 deduci,

1925 3199 1990 3249 ut
2015 3211 2119 3248 nec
2157 3195 2215 3248 in
2257 3195 2534 3266 passionis
2561 3196 2895 3266 Dominicze,
2925 3213 3030 3251 nec
3050 3197 3110 3251 in
3136 3199 3562 3254 resurrectionis

1925 3289 2158 3343 veritate
2188 3288 2525 3356 consistant;
2561 3289 2698 3360 quia
2727 3293 3038 3362 utrumque
3067 3291 3126 3344 in
3160 3292 3441 3347 Salvatore
3467 3309 3558 3347 va-

1924 3387 2144 3452 cuatur,
2178 3383 2226 3436 si
2255 3382 2312 3436 in
2341 3399 2408 3436 eo
2441 3382 2618 3437 nostri
2652 3383 2880 3454 generis
2905 3401 3033 3438 caro
3061 3401 3176 3438 non
3203 3385 3475 3442 creditur.
3499 3389 3560 3440 In

1924 3476 2128 3547 quibus
2177 3475 2268 3530 isti
2327 3476 2664 3546 ignorantiae
2715 3477 2986 3546 tenebris,
3037 3478 3096 3531 in
3132 3495 3244 3549 quo
3286 3479 3562 3534 hactenus

1923 3569 2155 3624 desidiae
2198 3574 2427 3640 torpore
2459 3570 2712 3640 jacuere,
2761 3574 2824 3623 ut
2869 3587 2972 3624 nec
3017 3571 3210 3625 audita
3249 3572 3557 3640 discerent,

1923 3664 2004 3717 vel
2049 3663 2290 3718 lectione
2330 3667 2762 3734 cognoscerent,
2809 3664 2962 3735 quod
3001 3663 3062 3718 in
3092 3666 3336 3721 Ecclesia
3363 3666 3464 3720 Dei
3501 3666 3560 3720 in

1925 3757 2184 3811 omnium
2228 3773 2347 3824 ore,
2389 3761 2504 3811 tam
2544 3774 2864 3812 consonum
2903 3763 3006 3829 est,
3051 3761 3113 3812 ut
3142 3775 3243 3814 nec
3273 3760 3342 3814 ab
3367 3759 3553 3814 infan-

1921 3852 2066 3907 tium
2115 3851 2325 3923 linguis
2374 3851 2580 3906 veritas
2634 3851 2890 3923 corporis
2933 3858 2987 3908 et
3023 3853 3315 3924 sanguinis
3353 3855 3556 3911 Christi

1922 3945 2074 4000 inter
2094 3945 2514 4000 communionis
2552 3949 2912 4001 sacramenta
2933 3946 3065 4002 ﬁdei
3093 3949 3382 4004 taceatur?
3415 3949 3558 4015 Quia

1923 4041 1980 4095 in
2011 4041 2107 4095 illa
2137 4041 2374 4113 mystica
2415 4040 2812 4096 distributione
2844 4041 3113 4113 spiritalis
3141 4043 3428 4099 alimoniae
3457 4045 3560 4100 hoc

1925 4135 2270 4205 impartitur,
2303 4137 2367 4190 ut
2397 4135 2738 4207 accipientes
2767 4135 3036 4191 virtutem
3071 4137 3310 4191 caelestis
3348 4139 3454 4193 cibi
3501 4139 3558 4194 in

1924 4245 2156 4283 carnem
2184 4229 2362 4299 ipsius
2384 4229 2478 4299 qui
2503 4245 2630 4282 caro
2653 4232 2846 4283 nostra
2863 4230 3042 4283 factus
3059 4234 3161 4296 est,
3183 4235 3555 4288 transeamus.

1923 4323 2082 4376 Unde
2110 4327 2164 4376 et
2201 4322 2272 4376 ad
2305 4321 2794 4376 conﬁrmationem
2845 4322 3135 4377 charitatis
3179 4327 3380 4379 vestrae
3430 4342 3556 4396 quae

1923 4415 2188 4470 laudabili
2224 4415 2334 4468 ﬁde
2359 4414 2596 4469 inimicis
2626 4415 2877 4469 veritatis
2905 4415 3199 4482 obnititur,
3232 4421 3361 4487 apte
3388 4421 3558 4490 atque

1925 4511 2243 4580 Opportune
2275 4525 2536 4562 sermone
2577 4508 2898 4580 affoctuque
2937 4509 3174 4580 apostoli
3225 4512 3350 4564 utar
3382 4515 3440 4565 et
3466 4512 3554 4566 di-

1845 4612 1904 4684 D
1929 4619 2074 4657 cam.
2097 4604 2405 4672 Propterea
2418 4605 2474 4656 et
2491 4618 2598 4672 ego
2617 4601 2851 4656 audiens
2867 4601 3042 4656 ﬁdem
3061 4605 3306 4657 vestram
3327 4620 3454 4674 quae
3473 4609 3560 4658 est

1922 4697 1982 4751 in
2012 4696 2230 4751 Christo
2267 4697 2418 4763 Jesu,
2462 4699 2518 4750 et
2559 4695 2921 4750 dilectionem
2959 4695 3018 4750 in
3065 4701 3555 4774 omnessanctos,

1923 4807 2036 4844 non
2069 4807 2221 4844 cesso
2241 4790 2454 4860 gratias
2481 4806 2658 4860 agens
2683 4807 2787 4861 pro
2818 4789 2997 4858 vobis,
3031 4791 3366 4845 memoriam
3389 4794 3556 4847 vestri

1923 4884 2127 4939 faciens
2169 4885 2225 4938 in
2267 4883 2625 4939 orationibus
2671 4884 2833 4952 meis,
2865 4889 2924 4938 ut
2955 4884 3099 4939 Deus
3130 4884 3354 4938 Domini
3380 4887 3558 4940 nostri

1922 4979 2089 5032 Pater
2116 4978 2312 5049 gloriae
2341 4977 2437 5032 det
2461 4977 2614 5032 vobis
2647 4978 2911 5049 spiritum
2939 4977 3234 5048 sapientia:
3258 4982 3315 5034 et
3338 4979 3554 5034 revela-

1921 5073 2116 5140 tionis,
2145 5073 2203 5126 in
2248 5072 2539 5143 agnitione
2586 5072 2708 5143 ejus
2753 5071 3108 5126 illuminatos
3149 5073 3343 5128 oculos
3373 5075 3560 5128 cordis

1924 5166 2112 5234 vestri,
2155 5169 2219 5220 ut
2252 5167 2436 5220 sciatis
2467 5183 2592 5236 quae
2626 5171 2709 5221 est
2738 5182 2866 5236 spes
2907 5165 3213 5220 vocationis
3254 5167 3396 5239 ejus,
3433 5185 3559 5240 quae

1925 5259 2153 5326 divitiae,
2186 5259 2402 5330 gloriae,
2449 5259 2794 5314 haereditatis
2832 5257 2953 5329 ejus
2995 5259 3052 5312 in
3097 5260 3305 5315 sanctis
3336 5262 3477 5333 ejus,
3506 5269 3560 5317 et

1926 5371 2052 5424 (iure
2100 5354 2172 5406 sit
2221 5353 2654 5424 supereminens
2701 5352 3038 5424 magnitudo
3083 5353 3309 5411 virtutis
3349 5357 3470 5428 ejus
3503 5356 3560 5410 in

1925 5447 2087 5502 nobis
2113 5447 2210 5518 qui
2237 5446 2584 5501 credidimus
2610 5447 2925 5502 secundum
2946 5448 3336 5520 operationem
3357 5456 3560 5521 poten-

1927 5541 2023 5595 tia;
2049 5541 2267 5594 virtutis
2289 5541 2409 5611 ejus
2434 5557 2604 5611 quam
2635 5546 2902 5612 operatus
2927 5547 3012 5597 est
3034 5542 3094 5596 in
3113 5544 3359 5612 Christo;
3394 5544 3563 5597 susci-

1927 5641 2053 5690 tans
2087 5635 2244 5688 illum
2273 5653 2305 5689 a
2341 5634 2596 5704 mortuis,
2625 5639 2682 5690 et
2702 5636 3050 5691 constituens
3074 5637 3230 5691 illum
3259 5635 3330 5690 ad
3357 5636 3558 5690 dexte-

1928 5746 2052 5784 ram
2081 5745 2240 5782 suam
2259 5729 2318 5782 in
2347 5729 2665 5784 caelestibus
2695 5747 2866 5801 supra
2891 5747 3126 5784 omnem
3157 5728 3557 5800 principatum,

1928 5829 1982 5877 et
2018 5826 2373 5893 potestatem,
2404 5825 2460 5876 et
2487 5822 2775 5891 virtutem,
2809 5827 2864 5877 et
2893 5823 3358 5892 dominationem,
3391 5841 3558 5878 onme

1928 5933 2141 5976 nomen
2169 5917 2322 5990 quod
2362 5917 2709 5986 nominatur,
2743 5934 2858 5974 non
2891 5919 3072 5973 solum
3103 5915 3162 5972 in
3195 5915 3300 5974 hoc
3337 5919 3562 5988 saeculo,
