4034 6322
459 351 558 405 783

1357 349 1637 404 APPEND.
1681 349 1766 402 AD
1804 349 1964 403 SEC.
2007 348 2093 402 IX.
2126 375 2195 385 ——
2234 349 2477 404 lSlDORl
2517 347 2941 404 MERCATORIS

3722 346 3833 403 784

456 458 560 512 sed
579 458 637 512 in
655 456 867 528 futuro,
898 463 951 512 et
982 456 1173 511 omnia
1200 455 1438 526 subjecit
1464 455 1566 509 sub
1596 454 1840 526 pedibus
1861 455 2005 525 ejus,
2026 457 2087 509 et
2107 455 2521 538 Aresurrectio
2569 458 2950 523 mortuorum,
2999 459 3057 510 et
3094 455 3237 510 sicut
3280 454 3339 509 in
3388 454 3567 509 Adam
3619 469 3831 510 omnes

458 550 646 623 ipsum
667 550 824 607 dedit
849 554 1016 622 caput
1042 566 1212 621 supra
1241 565 1475 605 omnem
1495 547 1818 618 Ecclesiam,
1847 565 1977 621 quae
2006 556 2092 606 est

459 660 659 716 corpus
686 643 880 716 ipsius,
908 643 1201 715 plenitudo
1228 642 1353 713 ejus
1378 642 1476 714 qui
1505 641 1700 697 omnia
1732 642 1790 696 in
1828 642 2092 697 omnibus

456 738 733 809 adimplet
761 738 973 808 (Ephes.
1006 754 1045 803 Ι,
1078 738 1283 806 iii-23).
1316 736 1518 790 Dicant
1546 735 1603 789 hi
1626 734 1928 790 adversarii
1952 735 2092 790 veri-

458 831 587 886 tatis
618 835 829 903 quanto
858 830 1223 903 omnipotens
1257 832 1420 885 Pater
1449 830 1534 883 vel
1566 829 1879 884 secundum
1916 845 2090 900 quam

460 929 721 981 naturam
758 926 966 980 Filium
1006 942 1173 980 suum
1213 941 1384 996 super
1427 924 1692 978 universa
1725 923 2090 994 provexerit?

455 1022 543 1075 vel
572 1021 664 1076 cui
692 1019 1018 1075 substantiae
1061 1022 1265 1073 cuncta
1304 1017 1611 1087 subjecerit
1638 1018 1664 1072 ?
1713 1017 1889 1072 deitas
1933 1017 2088 1072 enim

457 1114 625 1169 Verbi
658 1131 763 1185 par
788 1114 847 1169 in
875 1114 1160 1182 omnibus,
1194 1115 1252 1167 et
1279 1110 1767 1167 consubstantialis
1797 1116 1878 1166 est
1914 1111 2087 1177 Patri,

456 1215 510 1262 et
565 1209 932 1280 sempiternae
981 1215 1149 1278 atque
1199 1205 1649 1277 intemporaliter
1701 1222 1815 1260 una
1867 1205 2092 1261 eadem-

453 1320 563 1374 que
593 1302 848 1374 potentia
874 1305 960 1356 est
987 1300 1264 1372 genitoris
1289 1304 1344 1354 et
1384 1299 1584 1370 geniti.
1618 1299 1852 1354 Creator
1878 1299 2090 1371 quippe

456 1396 713 1451 omnium
770 1399 1127 1463 naturarum,
1182 1393 1458 1465 quoniam
1494 1412 1541 1449 .«
1587 1410 1692 1463 per
1744 1393 1933 1464 ipsum
1962 1409 2086 1447 om-

450 1491 548 1546 nia
588 1491 738 1546 facta
762 1493 915 1557 sunt,
953 1495 1008 1544 et
1050 1489 1170 1543 sine
1216 1488 1338 1558 ipso
1368 1488 1587 1541 factum
1629 1490 1713 1540 est
1742 1486 1884 1540 nihil
1913 1488 2085 1555 (Joan.

454 1601 492 1651 1,
530 1585 604 1654 3),
649 1588 909 1654 superest
948 1582 1211 1637 omnibus
1259 1598 1387 1652 quae
1422 1580 1653 1647 creavit,
1695 1596 1800 1634 nec
1833 1597 2088 1651 unquam

453 1678 703 1733 Creatori
730 1693 833 1731 suo
862 1694 973 1731 non
1004 1675 1220 1731 fuerint
1247 1675 1500 1745 subjecta
1528 1689 1655 1744 quae
1686 1673 1957 1729 condidit.
1986 1672 2087 1728 Cui

455 1771 772 1842 proprium,
804 1776 860 1824 et
889 1768 1302 1840 sempiternum
1324 1772 1426 1835 est,
1447 1783 1552 1821 nec
1571 1765 1800 1821 aliunde
1826 1783 1999 1837 quam
2019 1767 2087 1821 de

2187 553 2543 623 moriuntur,
2612 553 2691 609 ita
2755 554 2813 609 in
2860 553 3082 609 Christo
3135 569 3338 609 omnes
3393 550 3834 609 viviﬁcabuntur

2189 647 2238 718 (Ι
2261 648 2379 703 Cor.
2412 664 2502 717 xv,
2542 651 2631 715 21,
2680 648 2789 719 22).
2823 669 2851 699 »
2884 648 2952 702 Hi
2988 647 3186 720 utique
3228 663 3428 702 omnes
3470 647 3568 718 qui
3606 646 3742 702 licet
3766 646 3830 701 in

2187 741 2371 796 Adam
2392 745 2524 796 sunt
2541 740 2683 810 nati,
2706 741 2766 797 in
2784 741 3006 798 Christo
3021 745 3211 797 tamen
3230 740 3599 797 inveniuntur
3619 740 3828 807 renati,

2189 834 2458 891 habentes
2483 835 2619 890 ﬁdei
2644 835 3065 903 testimonium,
3087 840 3144 891 et
3168 835 3239 890 de
3260 834 3667 906 justiﬁcatione
3694 849 3828 906 gra-

2189 929 2283 985 tia:
2313 932 2371 984 et
2389 929 2459 985 de
2485 928 2893 985 communione
2924 932 3165 997 naturae,
3188 945 3364 1001 quam
3383 928 3481 1001 qui
3500 932 3832 1000 susceptam

2190 1023 2261 1078 ab
2303 1022 2601 1095 unigenito
2650 1022 2753 1077 Dei
2790 1022 2928 1077 Filio
2973 1021 3031 1077 in
3076 1025 3242 1077 utero
3288 1020 3561 1077 Davidicae
3586 1019 3832 1092 virginis

2188 1117 2483 1184 difﬁtetur,
2511 1116 2583 1171 ab
2613 1115 2769 1171 omni
2791 1120 3145 1172 sacramento
3171 1115 3506 1173 Christiana;
3532 1113 3835 1186 religionis

2187 1211 2405 1266 alienus
2426 1215 2541 1279 est;
2571 1215 2752 1265 etnec
2771 1226 3040 1281 sponsam
3070 1226 3401 1282 agnoscens,
3432 1225 3536 1264 nec
3560 1223 3831 1281 sponsam

2189 1304 2532 1376 intelligens,
2575 1303 2822 1376 nuptiali
2856 1320 2972 1358 non
3017 1308 3205 1375 potest
3242 1302 3515 1359 interesse
3544 1302 3829 1357 convivio.

2189 1399 2330 1454 Caro
2357 1397 2509 1452 enim
2537 1397 2744 1454 Christi
2762 1397 3021 1452 velamen
3049 1400 3135 1452 est
3164 1396 3350 1467 Verbi,
3371 1412 3486 1469 quo
3513 1396 3699 1453 omnis
3726 1394 3833 1467 qui

2186 1492 2474 1547 Christum
2518 1490 2837 1560 conﬁtetur,
2886 1490 3111 1562 integre
3151 1490 3429 1546 induitur.
3476 1490 3834 1546 Erubeseens

2188 1590 2383 1642 autem
2412 1585 2573 1653 illud,
2615 1588 2674 1640 et
2716 1584 2876 1657 quasi
2931 1584 3233 1656 indignum
3274 1585 3551 1654 refutans,
3600 1585 3833 1640 nullum

2191 1678 2239 1751 1
2255 1677 2381 1752 93
2400 1696 2467 1734 ex
2490 1695 2556 1734 eo
2574 1678 2806 1734 habebit
2824 1680 3122 1745 ornatum;
3140 1694 3205 1734 ac
3220 1678 3350 1735 licet
3367 1676 3596 1750 seregio
3613 1677 3838 1734 inserat

2188 1772 2355 1841 festo,
2397 1772 2682 1844 sacrisque
2727 1789 2787 1827 se
2830 1771 3013 1844 epulis
3072 1772 3436 1844 importunus
3489 1771 3832 1842 immisceat,

451 1838 638 1933 l’atre,
671 1880 774 1918 nec
786 1863 936 1918 aliud
969 1838 1090 1917 esse
1117 1878 1287 1933 quam
1322 1862 1485 1916 Pater
1515 1866 1620 1915 est.
1651 1859 1788 1914 Huic
1820 1860 1864 1914 si
1896 1860 2088 1915 addita
2109 1838 2165 1910 Β
2189 1838 2607 1921 ἀίεειεριίοῃεηί
2629 1870 2825 1921 tamen
2862 1838 3015 1937 ξεείε
3043 1838 3242 1920 εειιιέισθ
3284 1864 3560 1937 improbis
3593 1838 3835 1920 conviva,

454 1963 538 2013 est
566 1961 835 2029 potestas,
865 1958 910 2011 si
940 1957 1219 2010 illustrata
1253 1954 1517 2025 dignitas,
1559 1954 1603 2008 si
1643 1954 1884 2009 exaltata
1909 1954 2083 2008 subli-

452 2051 643 2120 mitas,
678 2051 867 2105 minor
894 2053 1018 2106 erat
1037 2049 1391 2121 provehente
1422 2048 1517 2119 qui
1548 2048 1741 2116 crevit,
1774 2065 1878 2101 nec
1910 2048 2084 2103 habe-

451 2146 551 2201 bat
594 2145 816 2199 divitias
859 2145 983 2215 ejus
1026 2148 1247 2198 naturaa
1293 2142 1454 2213 cujus
1505 2142 1751 2212 indiguit
1801 2142 2083 2213 largitate.

452 2239 560 2295 Sed
608 2239 742 2294 talia
795 2238 1141 2293 sentientem
1199 2237 1261 2291 in
1329 2236 1654 2290 societatem
1708 2252 1872 2290 suam
1924 2235 2089 2289 Arius

451 2333 615 2403 rapit,
675 2333 836 2403 cujus
878 2330 1228 2403 perversitati
1282 2331 1527 2385 multum
1571 2331 1695 2384 haec
1745 2329 2089 2400 suffragatur

451 2427 733 2500 impietas,
771 2443 991 2497 negans
1018 2425 1200 2480 Verbo
1231 2424 1327 2480 Dei
1359 2425 1670 2479 humanam
1701 2425 1887 2478 inesse
1917 2428 2083 2479 natu-

451 2543 595 2593 ram,
626 2531 704 2593 ut,
737 2525 875 2580 dum
896 2524 1278 2579 humilitatem
1307 2523 1368 2577 in
1390 2522 1491 2577 Dei
1511 2522 1809 2594 majestate
1835 2521 2085 2591 fasdidit,

451 2625 551 2675 aut
574 2620 837 2674 falsatam
866 2618 927 2672 in
956 2617 1176 2673 Christo
1215 2620 1429 2671 asserat
1458 2615 1776 2687 imaginem
1812 2615 2086 2686 corporis,

448 2720 547 2769 aut
598 2730 798 2768 omnes
848 2712 1097 2766 actiones
1141 2711 1283 2781 ejus,
1340 2710 1737 2781 passionesque
1791 2725 2089 2780 corporeas

449 2807 675 2863 deitatis
706 2806 890 2877 potius
916 2805 1088 2860 fuisse
1114 2821 1290 2876 quam
1321 2803 1528 2859 carnis.
1556 2802 1866 2867 Quodlibet
1894 2805 2090 2857 autem

453 2899 762 2954 defendere
810 2898 1023 2953 audeat
1070 2914 1320 2968 prorsus,
1374 2896 1637 2950 insanum
1673 2899 1778 2963 est,
1827 2896 1961 2966 quia
1986 2912 2090 2950 nec

452 2993 636 3064 pietas
667 2991 820 3059 fidei,
850 3008 956 3046 nec
982 2991 1126 3045 ratio
1162 2990 1363 3061 recipit
1388 2989 1753 3058 sacramenti,
1788 2992 1850 3044 ut
1877 2989 2089 3060 aliquid

453 3102 616 3157 passa
663 3085 734 3138 sit
795 3084 997 3152 deitas,
1052 3089 1150 3138 aut
1210 3084 1269 3137 in
1319 3083 1435 3137 ullo
1475 3082 1712 3137 mentita
1755 3083 1826 3136 sit
1859 3082 2086 3137 veritas.

454 3178 820 3251 Impassibilis
863 3177 1040 3249 igitur
1080 3177 1180 3232 Dei
1208 3176 1395 3241 Filius,
1437 3177 1583 3231 Deus
1622 3176 1712 3230 cui
1743 3193 1873 3231 cum
1902 3178 2095 3258 Patre,

456 3277 512 3328 et
543 3272 755 3344 Spiritu
785 3276 1001 3338 sancto,
1038 3287 1150 3325 una
1179 3269 1657 3325 incommutabilis
1685 3269 1971 3324 Trinitatis
2002 3286 2088 3323 es-

456 3366 655 3432 sentia,
678 3366 783 3420 hoc
810 3365 963 3436 quod
985 3367 1071 3419 est
1099 3380 1220 3419 esse
1245 3369 1584 3436 perpetuum
1610 3366 1715 3433 est,
1740 3363 1795 3418 in
1815 3380 1883 3418 ea
1908 3364 2089 3435 pleni-

454 3460 652 3516 tudine
702 3459 970 3531 temporis
1024 3476 1150 3530 quin
1208 3458 1558 3530 sempiterno
1622 3457 1854 3512 consilio
1908 3457 2095 3512 fuerat

456 3553 790 3626 praestituta,
830 3557 887 3608 et
923 3552 1252 3625 prophetica
1286 3552 1568 3607 dictorum
1604 3557 1775 3622 atque
1803 3557 2093 3622 gestorum

455 3647 865 3718 significatione
911 3647 1213 3718 promissa,
1257 3647 1437 3701 factus
1476 3645 1627 3700 ﬁlius
1665 3645 1937 3713 hominis,
1981 3663 2093 3700 non

453 3759 570 3797 suae
595 3742 962 3797 conversione
983 3740 1332 3809 substantia,
1361 3740 1457 3794 sed
1484 3744 1689 3795 nostra}
1708 3739 2093 3810 assumptione

458 3841 674 3891 natura:
720 3859 747 3884 ‹‹
776 3836 926 3889 venit
980 3850 1237 3905 quaerere
1285 3837 1344 3887 et
1390 3834 1601 3886 salvare
1646 3833 1797 3903 quod
1845 3832 2097 3903 perierat

458 3931 675 3997 (Matth.
708 3945 858 3996 xvm,
902 3928 1006 3999 11).
1041 3945 1067 3977 ι)
1096 3925 1264 3980 Venit
1293 3930 1483 3980 autem
1510 3942 1627 3979 non
1650 3924 1816 3979 locali
1849 3942 2091 3994 accessu,

458 4035 563 4073 nec
610 4016 925 4071 monitione
977 4031 1257 4087 corporea
1300 4017 1575 4085 tanquam
1613 4030 1863 4085 praesens
1912 4015 2095 4070 factus

457 4111 613 4165 unde
640 4110 931 4176 abfuisset,
975 4112 1075 4163 ant
1110 4107 1267 4163 illinc
1292 4124 1617 4162 recessurus
1648 4107 1799 4162 unde
1830 4108 2091 4176 venisset,

461 4204 562 4259 sed
588 4203 739 4259 venit
770 4220 871 4275 per
894 4202 1174 4274 hocquod
1194 4204 1317 4257 erat
1346 4201 1587 4272 visibile,
1615 4205 1672 4257 et
1692 4203 2094 4259 communione

462 4297 825 4354 cernentibus
851 4297 1245 4365 declarandus,
1275 4296 1586 4350 humanam
1614 4296 1828 4352 scilicet
1863 4314 2092 4352 carnem

412 4398 630 4491 latque
675 4392 926 4446 animam
978 4391 1037 4445 in
1089 4390 1397 4445 visceribus
1437 4390 1684 4461 Virginis
1727 4391 1923 4446 matris
1948 4391 2089 4447 acci-

459 4487 641 4559 piens,
676 4491 737 4541 ut
763 4501 1005 4541 manens
1035 4484 1095 4539 in
1125 4484 1314 4539 forma
1342 4482 1459 4553 Dei,
1496 4484 1742 4538 formam
1770 4484 1913 4539 servi
1958 4484 2091 4539 sibi-

2187 1976 2303 2015 non
2330 1959 2558 2031 poterit,
2594 1959 2695 2014 sed
2718 1959 2863 2014 sicut
2890 1959 3011 2030 ipse
3049 1959 3321 2014 Dominus
3351 1962 3691 2032 protestatus
3716 1964 3829 2026 est,

2190 2072 2217 2105 α
2252 2054 2485 2109 tolletur
2524 2053 2714 2125 ligatis
2755 2053 3019 2108 manibus
3067 2057 3124 2109 et
3163 2053 3425 2125 pedibus,
3465 2057 3524 2108 et
3570 2052 3836 2109 mittetur

2187 2148 2247 2202 in
2299 2148 2566 2203 tenebras
2624 2147 2951 2215 exteriores,
3015 2147 3116 2202 ubi
3161 2147 3271 2202 erit
3319 2146 3485 2223 ﬂetus
3533 2150 3588 2202 et
3621 2146 3836 2202 stridor

2189 2240 2447 2296 dentium
2499 2240 2714 2312 (Matth.
2766 2257 2908 2312 ml,
2964 2241 3069 2313 13).
3121 2260 3148 2293 ››
3190 2240 3347 2296 Unde
3390 2240 3718 2313 quicunque
3767 2240 3833 2297 in

2189 2335 2412 2399 Christo
2443 2350 2557 2388 non
2582 2332 2883 2389 conﬁtetur
2908 2351 3112 2407 corpus
3143 2334 3483 2402 humanum,
3517 2334 3742 2389 noverit
3766 2350 3832 2389 se

2187 2427 2459 2499 mysterio
2502 2426 2904 2482 incarnationis
2945 2427 3272 2500 indignum,
3324 2443 3429 2482 nec
3470 2427 3593 2499 ejus
3647 2444 3834 2483 sacra-

2189 2522 2369 2575 menti
2398 2521 2611 2576 habere
2642 2521 3013 2589 consortium,
3051 2521 3203 2593 quod
3230 2522 3531 2592 Apostolus
3557 2521 3835 2592 praedicat

2188 2614 2384 2670 dicens
2406 2632 2419 2669 :
2449 2637 2476 2664 ‹‹
2498 2614 2629 2686 quia
2650 2615 2914 2670 membra
2934 2631 3130 2670 sumus
3146 2614 3400 2686 corporis
3427 2614 3498 2669 de
3518 2631 3685 2670 carne
3705 2615 3835 2686 ejus

2189 2712 2247 2763 et
2271 2708 2491 2763 ossibus
2517 2709 2658 2778 ejus.
2688 2711 2927 2780 Propter
2971 2709 3079 2763 hoc
3104 2708 3388 2780 relinquet
3408 2708 3581 2764 homo
3604 2712 3835 2781 patrem

2190 2804 2248 2857 et
2266 2805 2533 2871 matrem,
2564 2805 2621 2856 et
2650 2802 2969 2857 adhaerebit
3007 2802 3166 2858 uxori
3195 2818 3313 2857 suae
3341 2805 3399 2856 et
3427 2808 3596 2858 erunt
3625 2801 3741 2859 duo
3771 2804 3835 2859 in

2189 2911 2356 2950 carne
2382 2912 2501 2949 una
2541 2896 2754 2965 (Ephes.
2795 2912 2848 2965 ν,
2892 2899 2979 2963 30,
3015 2898 3124 2965 31).
3164 2916 3198 2944 ω
3247 2897 3314 2950 Et
3357 2912 3649 2966 exponens
3689 2896 3836 2968 quid

2188 3005 2294 3061 per
2330 2989 2437 3044 hoc
2464 2988 2834 3059 significetur,
2882 2989 3091 3061 adjecit
3134 3006 3145 3044 :
3192 3010 3219 3039 «
3259 2989 3689 3045 Sacramentum
3721 2989 3837 3046 hoc

2190 3099 2470 3154 magnum
2494 3086 2596 3139 est.
2630 3085 2745 3155 Ego
2776 3086 2971 3139 autem
2991 3083 3116 3139 dico
3144 3083 3201 3138 in
3227 3083 3451 3139 Christo
3476 3089 3533 3140 et
3551 3084 3611 3138 in
3636 3085 3832 3141 Eccle-

2203 3177 2285 3232 sia
2307 3177 2518 3248 (Ephes.
2558 3194 2613 3245 v,
2641 3178 2750 3248 32).
2785 3199 2812 3227 ››
2847 3178 2929 3232 Ab
2967 3178 3091 3249 ipso
3127 3193 3262 3248 ergo
3292 3177 3573 3250 principio
3602 3179 3838 3250 generis

2201 3271 2458 3341 humani,
2486 3271 2741 3327 Christus
2762 3275 2849 3327 est
2875 3271 3240 3327 denuntiatus
3257 3270 3315 3326 in
3336 3288 3507 3327 carne
3532 3277 3835 3329 venturus.

2195 3367 2254 3420 ln
2284 3382 2414 3437 qua,
2447 3364 2593 3420 sicut
2617 3364 2831 3420 dictum
2856 3369 2960 3433 est,
2993 3368 3050 3420 et
3077 3371 3246 3422 erunt
3271 3366 3384 3422 duo
3415 3367 3476 3421 in
3503 3382 3670 3421 carne
3695 3382 3833 3422 una.

2192 3459 2395 3530 Utique
2419 3459 2533 3514 duo
2565 3462 2700 3513 sunt
2729 3460 2873 3514 Deus
2899 3463 2956 3513 et
2981 3459 3176 3530 homo,
3204 3460 3460 3516 Christus
3481 3462 3540 3515 et
3559 3460 3834 3530 Ecclesia,

2192 3569 2319 3624 quin
2345 3553 2414 3607 de
2445 3553 2636 3625 sponsi
2655 3570 2827 3608 carne
2850 3552 3154 3625 prodeunt,
3175 3554 3406 3626 quando
3423 3571 3495 3610 ex
3511 3554 3687 3610 latere
3708 3570 3839 3610 cru-

2193 3646 2344 3701 ciﬁxi
2385 3649 2653 3702 manante
2684 3647 2965 3718 sanguine
3008 3650 3065 3702 et
3097 3664 3247 3720 aqua
3288 3653 3706 3704 sacramentum
3738 3665 3832 3705 re-

2193 3736 2537 3811 demptionis
2564 3745 2619 3795 et
2660 3740 3114 3811 regenerationis
3148 3741 3382 3813 accepit.
3414 3744 3541 3814 Ipsa
3568 3746 3654 3797 est
3677 3741 3838 3798 enim

2192 3849 2342 3889 nova
2367 3834 2613 3889 conditio
2642 3838 2917 3889 creaturae
2937 3835 3229 3903 humanae,
3261 3852 3389 3906 quae
3409 3835 3468 3891 in
3485 3836 3837 3907 baptismate

2196 3944 2310 3982 non
2340 3926 2681 3983 indumento
2710 3944 2857 3983 vera:
2887 3928 3092 3996 carnis,
3125 3929 3224 3984 sed
3251 3929 3517 4001 contagio
3548 3930 3839 3986 damnatas

2194 4020 2488 4077 vetustatis
2557 4020 2821 4088 exuitur,
2904 4026 2967 4078 ut
3043 4022 3321 4079 efﬁciatur
3393 4023 3564 4078 homo
3628 4040 3840 4097 corpus

2193 4113 2419 4183 Christi,
2453 4114 2587 4185 quia
2615 4117 2673 4170 et
2703 4115 2956 4170 Christus
2998 4132 3204 4188 corpus
3241 4120 3325 4172 est
3366 4117 3633 4172 hominis.
3673 4117 3838 4173 Unde

2193 4225 2305 4263 non
2339 4209 2522 4262 Deum
2560 4210 2783 4263 tantum
2812 4209 3056 4265 dicimus
3089 4210 3379 4266 Christum
3410 4210 3553 4267 sicut
3580 4211 3839 4267 hmretici

2193 4300 2505 4369 Manichaei,
2536 4317 2641 4357 nec
2666 4301 2960 4357 hominem
2986 4306 3214 4358 tantum
3233 4303 3381 4359 sicut
3404 4304 3655 4359 haeretici
3684 4305 3835 4359 Pho-

2192 4395 2355 4462 tiani,
2393 4411 2495 4450 nec
2521 4395 2599 4450 ita
2640 4396 2934 4450 hominem
2966 4400 3033 4450 ut
3058 4397 3277 4468 aliquid
3313 4397 3364 4452 ei
3391 4398 3538 4454 desit
3572 4398 3725 4470 quod
3760 4400 3837 4454 ad

2195 4489 2510 4544 humanam
2536 4494 2755 4544 certum
2783 4494 2867 4544 est
2901 4491 3194 4560 pertinere
3229 4494 3514 4559 naturam,
3554 4491 3667 4547 sive
3708 4492 3836 4547 ani-

462 4585 658 4636 metet
678 4578 1113 4635 similitudinem
1132 4578 1349 4650 peccati
1367 4577 1553 4632 carnis
1574 4578 1777 4647 nniret,
1805 4595 1907 4650 per
1925 4594 2099 4650 quam
2116 4581 2178 4652 D
2200 4598 2353 4636 mam
2382 4581 2494 4636 sive
2525 4586 2778 4638 mentem
2808 4582 3222 4651 rationabilem,
3259 4585 3376 4640 sive
3404 4601 3639 4640 carnem
3663 4601 3840 4657 quam

462 4692 580 4730 non
606 4674 893 4729 minueret
916 4671 1117 4739 divina
1135 4671 1419 4741 humanis,
1460 4671 1559 4727 sed
1585 4675 1824 4744 augeret
1850 4673 2101 4727 humana

464 4768 685 4824 divinis.
714 4768 860 4822 Talis
886 4767 1041 4822 enim
1073 4770 1193 4821 erat
1233 4766 1491 4821 omnium
1523 4783 1558 4821 a
1582 4766 1780 4838 primis
1804 4766 1970 4821 ducta
1999 4783 2097 4837 ge-

462 4862 743 4917 nitoribus
803 4876 971 4915 causa
1030 4859 1386 4930 mortalium,
1443 4863 1505 4915 ut
1555 4859 1817 4931 originali
1873 4864 2101 4930 peccato

464 4960 791 5011 transeunte
831 4970 935 5025 per
965 4957 1217 5025 posteros
1244 4954 1434 5009 nullus
1466 4971 1693 5026 poenam
1720 4952 2103 5008 damnationis

469 5049 749 5115 evaderet,
800 5048 910 5102 nisi
953 5048 1200 5104 Verbum
1252 5066 1380 5103 caro
1418 5049 1598 5115 ﬁeret,
1647 5050 1703 5102 et
1729 5045 2013 5101 habitaret
2040 5047 2100 5100 in

469 5142 650 5210 nobis,
699 5142 754 5196 in
786 5160 849 5197 ea
882 5142 1093 5198 scilicet
1121 5146 1327 5198 natura
1352 5159 1481 5214 quae
1510 5140 1692 5195 nostri
1723 5144 1781 5194 et
1810 5140 2103 5210 sanguinis

470 5241 617 5293 esset
668 5239 726 5291 et
782 5237 1027 5308 generis.
1084 5239 1320 5310 PrOpter
1372 5235 1526 5308 quod
1581 5234 1715 5289 dicit
1769 5234 2097 5305 Apostolus:

472 5354 499 5380 ‹‹
534 5331 689 5387 Sicut
741 5349 845 5404 per
886 5332 1056 5387 unius
1099 5331 1371 5388 delictum
1418 5329 1477 5383 in
1516 5344 1718 5384 omnes
1749 5326 2007 5383 homines
2043 5329 2102 5384 in

469 5425 1021 5493 condemnationem,
1041 5425 1120 5481 sic
1142 5429 1200 5480 et
1217 5441 1320 5496 per
1341 5422 1506 5477 unius
1520 5422 1801 5493 justitiam
1822 5421 1880 5477 in
1900 5439 2103 5478 omnes

466 5519 734 5576 homines
765 5520 837 5574 ad
866 5519 1355 5591 justiﬁcationem.
1401 5516 1556 5572 Sicut
1596 5516 1749 5572 enim
1776 5533 1878 5589 per
1902 5516 2098 5573 inobe-

467 5613 739 5670 dientiam
784 5614 957 5668 unius
994 5611 1249 5667 hominis
1279 5614 1601 5682 peccatores
1651 5611 1936 5667 constituti
1972 5616 2104 5667 sunt

467 5708 653 5773 multi,
694 5707 774 5761 ita
819 5711 875 5761 et
912 5722 1016 5777 per
1051 5704 1222 5760 unius
1257 5705 1509 5761 hominis
1552 5705 1938 5762 obedientiam
1964 5705 2104 5777 justi

469 5800 881 5854 constituentur
917 5798 1085 5853 multi
1125 5798 1293 5868 (Rom.
1337 5816 1390 5867 v,
1439 5803 1523 5868 18,
1561 5800 1665 5874 19).
1700 5822 1728 5850 ››
1757 5802 1823 5855 Et
1848 5800 2056 5855 iterum
2086 5817 2099 5854 :

471 5914 493 5935 ‹‹
527 5890 669 5957 Quia
698 5892 849 5946 enim
887 5909 989 5962 per
1029 5892 1325 5948 hominem
1367 5910 1540 5962 mors,
1572 5900 1627 5951 et
1676 5911 1777 5968 per
1807 5893 2101 5949 hominem

2200 4692 2318 4730 non
2349 4676 2418 4731 de
2454 4676 2663 4731 femina
2705 4677 2968 4749 sumpsit,
3014 4677 3113 4733 sed
3161 4678 3373 4734 factam
3429 4679 3498 4734 de
3546 4678 3728 4734 Verbo
3773 4678 3841 4734 in

2200 4786 2429 4825 carnem
2475 4787 2743 4827 converso
2785 4774 2955 4843 atque
3001 4776 3257 4840 mutato,
3300 4789 3428 4844 quae
3474 4772 3582 4828 tria
3614 4772 3755 4828 falsa
3784 4779 3847 4829 et

2203 4881 2342 4919 vana
2369 4864 2839 4935 Apollinistarum
2877 4865 3278 4921 haereticorum
3308 4870 3425 4921 tres
3454 4872 3648 4939 partes
3688 4867 3845 4924 varie

2202 4959 2581 5029 protulerunt.
2628 4960 2739 5014 Nec
2779 4959 3020 5015 dicimus
3060 4960 3215 5031 quod
3254 4959 3425 5015 beata
3469 4960 3629 5032 virgo
3670 4962 3847 5017 Maria

2201 5051 2502 5107 hominem
2536 5052 2658 5108 sine
2684 5052 2892 5108 deitate
2918 5053 3260 5125 conceperit,
3292 5054 3392 5126 qui
3415 5057 3635 5110 creatus
3652 5072 3681 5109 a
3711 5056 3841 5127 Spi-

2202 5145 2318 5199 ritu
2368 5148 2596 5213 sancto,
2632 5149 2832 5218 postea
2882 5147 2953 5203 sit
3002 5151 3300 5218 susceptus
3341 5164 3374 5203 a
3420 5148 3629 5216 Verbo,
3683 5150 3843 5220 quod

2203 5237 2523 5293 Nestorium
2561 5239 2966 5310 praedicantem
3003 5241 3213 5297 merito
3246 5241 3515 5313 justeque
3544 5241 3839 5297 damnavi-

2202 5349 2350 5387 mus.
2380 5332 2487 5388 Sed
2516 5332 2757 5388 dicimus
2779 5333 3067 5390 Christum
3092 5334 3187 5390 Dei
3213 5334 3419 5390 Filium
3439 5337 3616 5391 Deum
3634 5352 3840 5392 verum

2202 5431 2403 5481 natum
2424 5425 2494 5482 de
2519 5427 2633 5482 Deo
2661 5428 2846 5496 Patre,
2873 5426 2995 5483 sine
3022 5429 3137 5484 ullo
3164 5427 3325 5484 initio
3355 5429 3648 5501 temporis,
3680 5445 3845 5486 eum-

2204 5520 2449 5591 demque
2465 5520 2764 5577 hominem
2783 5538 2983 5578 verum
3003 5525 3203 5578 natum
3223 5522 3293 5578 de
3313 5525 3518 5594 matre,
3542 5523 3843 5579 hominem

2203 5618 2353 5668 certa
2389 5613 2741 5684 plenitudine
2779 5616 3075 5688 temporis,
3120 5633 3229 5672 nec
3262 5617 3386 5688 ejus
3418 5616 3845 5674 humanitatem

2202 5724 2317 5779 qua
2346 5707 2535 5779 major
2559 5711 2644 5763 est
2668 5709 2833 5764 Pater
2856 5709 3119 5766 minuere
3152 5710 3366 5783 aliquid
3404 5711 3528 5783 ejus
3552 5714 3771 5766 natura
3805 5728 3841 5767 a

2201 5818 2314 5873 qua
2350 5801 2589 5871 aequalis
2622 5804 2706 5857 est
2748 5803 2920 5859 Patri.
2949 5805 3061 5859 Hoc
3087 5807 3279 5860 autem
3311 5809 3618 5877 utrumque
3648 5821 3837 5861 unum

2203 5898 2284 5949 est
2300 5893 2561 5957 Christus
2594 5895 2690 5969 qui
2713 5896 2998 5953 verissime
3023 5897 3183 5967 dixit,
3206 5901 3263 5954 et
3284 5898 3597 5955 secundum
3615 5900 3832 5956 Deum:
