  <div class='ocr_page' id='page_1' title='image "/cluster/home/n/w/nwhite01/storage/ocr_20150623/130/umn.319510024774230/468.png"; bbox 0 0 4034 6292; ppageno 0'>
   <div class='ocr_carea' id='block_1_1' title="bbox 217 360 2365 417">
    <p class='ocr_par' dir='ltr' id='par_1_1' title="bbox 217 360 2365 417">
     <span class='ocr_line' id='line_1_1' title="bbox 217 360 2365 417; baseline 0 -4"><span class='ocrx_word' id='word_1_1' title='bbox 217 364 317 415; x_wconf 74' lang='lat'>785</span> <span class='ocrx_word' id='word_1_2' title='bbox 1467 360 1938 417; x_wconf 75' lang='lat' dir='ltr'>DECRETALIUM</span> <span class='ocrx_word' id='word_1_3' title='bbox 1984 361 2365 416; x_wconf 80' lang='lat' dir='ltr'>CULLEC&#39;I&#39;IO.</span> 
     </span>
    </p>
   </div>
   <div class='ocr_carea' id='block_1_2' title="bbox 3494 370 3595 423">
    <p class='ocr_par' dir='ltr' id='par_1_2' title="bbox 3494 370 3595 423">
     <span class='ocr_line' id='line_1_2' title="bbox 3494 370 3595 423; baseline -0.02 0"><span class='ocrx_word' id='word_1_4' title='bbox 3494 370 3595 423; x_wconf 79' lang='lat'>786</span> 
     </span>
    </p>
   </div>
   <div class='ocr_carea' id='block_1_3' title="bbox 215 468 3590 553">
    <p class='ocr_par' dir='ltr' id='par_1_3' title="bbox 215 468 3590 553">
     <span class='ocr_line' id='line_1_3' title="bbox 215 468 3590 553; baseline 0.003 -32"><span class='ocrx_word' id='word_1_5' title='bbox 215 468 332 537; x_wconf 81' lang='lat' dir='ltr'>Ego</span> <span class='ocrx_word' id='word_1_6' title='bbox 351 474 412 522; x_wconf 91' lang='lat' dir='ltr'>et</span> <span class='ocrx_word' id='word_1_7' title='bbox 431 469 598 523; x_wconf 84' lang='lat' dir='ltr'>Pater</span> <span class='ocrx_word' id='word_1_8' title='bbox 618 485 797 523; x_wconf 90' lang='lat' dir='ltr'>unum</span> <span class='ocrx_word' id='word_1_9' title='bbox 826 486 1053 537; x_wconf 87' lang='lat' dir='ltr'>sumus;</span> <span class='ocrx_word' id='word_1_10' title='bbox 1094 472 1153 524; x_wconf 89' lang='lat' dir='ltr'>et</span> <span class='ocrx_word' id='word_1_11' title='bbox 1176 469 1490 525; x_wconf 90' lang='lat' dir='ltr'>secundum</span> <span class='ocrx_word' id='word_1_12' title='bbox 1528 468 1855 524; x_wconf 84' lang='lat' dir='ltr'>hominem:</span> <span class='ocrx_word' id='word_1_13' title='bbox 1881 479 1939 553; x_wconf 78' lang='grc' dir='ltr'>Α</span> <span class='ocrx_word' id='word_1_14' title='bbox 1959 471 2050 523; x_wconf 87' lang='lat' dir='ltr'>cta</span> <span class='ocrx_word' id='word_1_15' title='bbox 2086 469 2383 540; x_wconf 88' lang='lat' dir='ltr'>sacrilegia</span> <span class='ocrx_word' id='word_1_16' title='bbox 2415 469 2660 539; x_wconf 83' lang='lat' dir='ltr'>excedit,</span> <span class='ocrx_word' id='word_1_17' title='bbox 2708 469 3020 526; x_wconf 88' lang='lat' dir='ltr'>aboleatur.</span> <span class='ocrx_word' id='word_1_18' title='bbox 3064 471 3205 537; x_wconf 86' lang='lat' dir='ltr'>Quia</span> <span class='ocrx_word' id='word_1_19' title='bbox 3231 488 3364 528; x_wconf 89' lang='lat' dir='ltr'>vero</span> <span class='ocrx_word' id='word_1_20' title='bbox 3397 472 3590 530; x_wconf 89' lang='lat' dir='ltr'>diabo-</span> 
     </span>
    </p>
   </div>
   <div class='ocr_carea' id='block_1_4' title="bbox 214 562 1853 634">
    <p class='ocr_par' dir='ltr' id='par_1_4' title="bbox 214 562 1853 634">
     <span class='ocr_line' id='line_1_4' title="bbox 214 562 1853 634; baseline 0.001 -19"><span class='ocrx_word' id='word_1_21' title='bbox 214 562 382 616; x_wconf 86' lang='lat' dir='ltr'>Pater</span> <span class='ocrx_word' id='word_1_22' title='bbox 429 562 615 634; x_wconf 82' lang='lat' dir='ltr'>major</span> <span class='ocrx_word' id='word_1_23' title='bbox 638 578 732 617; x_wconf 89' lang='lat' dir='ltr'>me</span> <span class='ocrx_word' id='word_1_24' title='bbox 772 567 876 618; x_wconf 91' lang='lat' dir='ltr'>est.</span> <span class='ocrx_word' id='word_1_25' title='bbox 922 564 1076 619; x_wconf 83' lang='lat' dir='ltr'>Hanc</span> <span class='ocrx_word' id='word_1_26' title='bbox 1103 562 1294 631; x_wconf 84' lang='lat' dir='ltr'>ﬁdem,</span> <span class='ocrx_word' id='word_1_27' title='bbox 1344 562 1717 628; x_wconf 83' lang='lat' dir='ltr'>dilectissimi,</span> <span class='ocrx_word' id='word_1_28' title='bbox 1754 579 1853 617; x_wconf 86' lang='lat' dir='ltr'>ve-</span> 
     </span>
    </p>
   </div>
   <div class='ocr_carea' id='block_1_5' title="bbox 212 655 1852 729">
    <p class='ocr_par' dir='ltr' id='par_1_5' title="bbox 212 655 1852 729">
     <span class='ocr_line' id='line_1_5' title="bbox 212 655 1852 729; baseline 0.001 -19"><span class='ocrx_word' id='word_1_29' title='bbox 212 671 341 710; x_wconf 89' lang='lat' dir='ltr'>ram</span> <span class='ocrx_word' id='word_1_30' title='bbox 382 660 443 711; x_wconf 90' lang='lat' dir='ltr'>et</span> <span class='ocrx_word' id='word_1_31' title='bbox 471 655 941 726; x_wconf 87' lang='lat' dir='ltr'>indissolubilem,</span> <span class='ocrx_word' id='word_1_32' title='bbox 988 674 1116 729; x_wconf 84' lang='lat' dir='ltr'>qum</span> <span class='ocrx_word' id='word_1_33' title='bbox 1144 658 1265 713; x_wconf 78' lang='lat' dir='ltr'>sdla</span> <span class='ocrx_word' id='word_1_34' title='bbox 1304 673 1463 713; x_wconf 89' lang='lat' dir='ltr'>veros</span> <span class='ocrx_word' id='word_1_35' title='bbox 1500 656 1673 712; x_wconf 86' lang='lat' dir='ltr'>efﬁcit</span> <span class='ocrx_word' id='word_1_36' title='bbox 1696 656 1852 712; x_wconf 88' lang='lat' dir='ltr'>Chri-</span> 
     </span>
    </p>
   </div>
   <div class='ocr_carea' id='block_1_6' title="bbox 213 749 1855 823">
    <p class='ocr_par' dir='ltr' id='par_1_6' title="bbox 213 749 1855 823">
     <span class='ocr_line' id='line_1_6' title="bbox 213 749 1855 823; baseline 0.001 -21"><span class='ocrx_word' id='word_1_37' title='bbox 213 749 459 819; x_wconf 86' lang='lat' dir='ltr'>stianos,</span> <span class='ocrx_word' id='word_1_38' title='bbox 490 766 798 822; x_wconf 89' lang='lat' dir='ltr'>quamque,</span> <span class='ocrx_word' id='word_1_39' title='bbox 831 755 895 806; x_wconf 89' lang='lat' dir='ltr'>ut</span> <span class='ocrx_word' id='word_1_40' title='bbox 930 751 1307 823; x_wconf 73' lang='lat' dir='ltr'>intelligimus</span> <span class='ocrx_word' id='word_1_41' title='bbox 1332 756 1388 807; x_wconf 93' lang='lat' dir='ltr'>et</span> <span class='ocrx_word' id='word_1_42' title='bbox 1418 752 1724 823; x_wconf 83' lang='lat' dir='ltr'>probamus</span> <span class='ocrx_word' id='word_1_43' title='bbox 1762 750 1855 822; x_wconf 93' lang='lat' dir='ltr'>pio</span> 
     </span>
    </p>
   </div>
   <div class='ocr_carea' id='block_1_7' title="bbox 213 842 1857 917">
    <p class='ocr_par' dir='ltr' id='par_1_7' title="bbox 213 842 1857 917">
     <span class='ocr_line' id='line_1_7' title="bbox 213 842 1857 917; baseline 0.002 -22"><span class='ocrx_word' id='word_1_44' title='bbox 213 842 425 910; x_wconf 87' lang='lat' dir='ltr'>studio,</span> <span class='ocrx_word' id='word_1_45' title='bbox 456 846 516 897; x_wconf 90' lang='lat' dir='ltr'>et</span> <span class='ocrx_word' id='word_1_46' title='bbox 540 843 819 899; x_wconf 80' lang='lat' dir='ltr'>laudabili</span> <span class='ocrx_word' id='word_1_47' title='bbox 854 861 1045 900; x_wconf 92' lang='lat' dir='ltr'>amore</span> <span class='ocrx_word' id='word_1_48' title='bbox 1071 845 1393 915; x_wconf 84' lang='lat' dir='ltr'>defenditis,</span> <span class='ocrx_word' id='word_1_49' title='bbox 1430 849 1857 917; x_wconf 81' lang='lat' dir='ltr'>perseveranter</span> 
     </span>
    </p>
   </div>
   <div class='ocr_carea' id='block_1_8' title="bbox 215 938 1857 1011">
    <p class='ocr_par' dir='ltr' id='par_1_8' title="bbox 215 938 1857 1011">
     <span class='ocr_line' id='line_1_8' title="bbox 215 938 1857 1011; baseline 0.002 -21"><span class='ocrx_word' id='word_1_50' title='bbox 215 938 429 1001; x_wconf 85' lang='lat' dir='ltr'>tenete,</span> <span class='ocrx_word' id='word_1_51' title='bbox 462 942 522 992; x_wconf 90' lang='lat' dir='ltr'>et</span> <span class='ocrx_word' id='word_1_52' title='bbox 565 940 897 993; x_wconf 83' lang='lat' dir='ltr'>constanter</span> <span class='ocrx_word' id='word_1_53' title='bbox 939 938 1193 994; x_wconf 89' lang='lat' dir='ltr'>asserite.</span> <span class='ocrx_word' id='word_1_54' title='bbox 1227 940 1295 994; x_wconf 88' lang='lat' dir='ltr'>Et</span> <span class='ocrx_word' id='word_1_55' title='bbox 1318 939 1592 1011; x_wconf 90' lang='lat' dir='ltr'>quoniam</span> <span class='ocrx_word' id='word_1_56' title='bbox 1632 942 1857 1011; x_wconf 87' lang='lat' dir='ltr'>oportet</span> 
     </span>
    </p>
   </div>
   <div class='ocr_carea' id='block_1_9' title="bbox 213 1030 1852 1103">
    <p class='ocr_par' dir='ltr' id='par_1_9' title="bbox 213 1030 1852 1103">
     <span class='ocr_line' id='line_1_9' title="bbox 213 1030 1852 1103; baseline 0.004 -23"><span class='ocrx_word' id='word_1_57' title='bbox 213 1045 312 1083; x_wconf 88' lang='lat' dir='ltr'>vos</span> <span class='ocrx_word' id='word_1_58' title='bbox 342 1035 477 1101; x_wconf 91' lang='lat' dir='ltr'>post</span> <span class='ocrx_word' id='word_1_59' title='bbox 493 1030 748 1085; x_wconf 90' lang='lat' dir='ltr'>divinum</span> <span class='ocrx_word' id='word_1_60' title='bbox 775 1031 1045 1086; x_wconf 87' lang='lat' dir='ltr'>auxilium</span> <span class='ocrx_word' id='word_1_61' title='bbox 1073 1031 1246 1087; x_wconf 90' lang='lat' dir='ltr'>etiam</span> <span class='ocrx_word' id='word_1_62' title='bbox 1268 1032 1678 1087; x_wconf 89' lang='lat' dir='ltr'>catholicorum</span> <span class='ocrx_word' id='word_1_63' title='bbox 1695 1032 1852 1103; x_wconf 89' lang='lat' dir='ltr'>prin-</span> 
     </span>
    </p>
   </div>
   <div class='ocr_carea' id='block_1_10' title="bbox 215 1123 1851 1198">
    <p class='ocr_par' dir='ltr' id='par_1_10' title="bbox 215 1123 1851 1198">
     <span class='ocr_line' id='line_1_10' title="bbox 215 1123 1851 1198; baseline 0.002 -22"><span class='ocrx_word' id='word_1_64' title='bbox 215 1123 262 1177; x_wconf 89' lang='lat' dir='ltr'>ci</span> <span class='ocrx_word' id='word_1_65' title='bbox 267 1140 407 1194; x_wconf 90' lang='lat' dir='ltr'>pum</span> <span class='ocrx_word' id='word_1_66' title='bbox 440 1124 693 1194; x_wconf 81' lang='lat' dir='ltr'>gratiam</span> <span class='ocrx_word' id='word_1_67' title='bbox 707 1126 1045 1196; x_wconf 86' lang='lat' dir='ltr'>promereri,</span> <span class='ocrx_word' id='word_1_68' title='bbox 1066 1125 1360 1181; x_wconf 86' lang='lat' dir='ltr'>humiliter</span> <span class='ocrx_word' id='word_1_69' title='bbox 1387 1131 1442 1181; x_wconf 94' lang='lat' dir='ltr'>et</span> <span class='ocrx_word' id='word_1_70' title='bbox 1455 1126 1742 1198; x_wconf 89' lang='lat' dir='ltr'>sapienter</span> <span class='ocrx_word' id='word_1_71' title='bbox 1757 1143 1851 1181; x_wconf 90' lang='lat' dir='ltr'>ex-</span> 
     </span>
    </p>
   </div>
   <div class='ocr_carea' id='block_1_11' title="bbox 214 1217 1856 1292">
    <p class='ocr_par' dir='ltr' id='par_1_11' title="bbox 214 1217 1856 1292">
     <span class='ocr_line' id='line_1_11' title="bbox 214 1217 1856 1292; baseline 0.002 -21"><span class='ocrx_word' id='word_1_72' title='bbox 214 1217 450 1288; x_wconf 91' lang='lat' dir='ltr'>poscite,</span> <span class='ocrx_word' id='word_1_73' title='bbox 485 1220 550 1271; x_wconf 90' lang='lat' dir='ltr'>ut</span> <span class='ocrx_word' id='word_1_74' title='bbox 572 1218 834 1290; x_wconf 89' lang='lat' dir='ltr'>petitioni</span> <span class='ocrx_word' id='word_1_75' title='bbox 863 1222 1072 1275; x_wconf 89' lang='lat' dir='ltr'>nostrm</span> <span class='ocrx_word' id='word_1_76' title='bbox 1098 1236 1209 1291; x_wconf 89' lang='lat' dir='ltr'>qua</span> <span class='ocrx_word' id='word_1_77' title='bbox 1234 1220 1556 1292; x_wconf 90' lang='lat' dir='ltr'>plenariam</span> <span class='ocrx_word' id='word_1_78' title='bbox 1576 1219 1751 1274; x_wconf 87' lang='lat' dir='ltr'>indici</span> <span class='ocrx_word' id='word_1_79' title='bbox 1769 1237 1856 1291; x_wconf 88' lang='lat' dir='ltr'>sy-</span> 
     </span>
    </p>
   </div>
   <div class='ocr_carea' id='block_1_12' title="bbox 212 1310 1855 1385">
    <p class='ocr_par' dir='ltr' id='par_1_12' title="bbox 212 1310 1855 1385">
     <span class='ocr_line' id='line_1_12' title="bbox 212 1310 1855 1385; baseline 0.002 -20"><span class='ocrx_word' id='word_1_80' title='bbox 212 1310 433 1365; x_wconf 86' lang='lat' dir='ltr'>nodum</span> <span class='ocrx_word' id='word_1_81' title='bbox 500 1312 858 1383; x_wconf 85' lang='lat' dir='ltr'>postulamus</span> <span class='ocrx_word' id='word_1_82' title='bbox 886 1354 900 1382; x_wconf 93' lang='lat'>,</span> <span class='ocrx_word' id='word_1_83' title='bbox 992 1312 1468 1369; x_wconf 84' lang='lat' dir='ltr'>clementissimus</span> <span class='ocrx_word' id='word_1_84' title='bbox 1544 1312 1855 1385; x_wconf 88' lang='lat' dir='ltr'>imperator</span> 
     </span>
    </p>
   </div>
   <div class='ocr_carea' id='block_1_13' title="bbox 214 1404 1855 1479">
    <p class='ocr_par' dir='ltr' id='par_1_13' title="bbox 214 1404 1855 1479">
     <span class='ocr_line' id='line_1_13' title="bbox 214 1404 1855 1479; baseline 0.002 -21"><span class='ocrx_word' id='word_1_85' title='bbox 214 1404 490 1475; x_wconf 78' lang='lat' dir='ltr'>dignetur</span> <span class='ocrx_word' id='word_1_86' title='bbox 515 1422 794 1476; x_wconf 92' lang='lat' dir='ltr'>annuere,</span> <span class='ocrx_word' id='word_1_87' title='bbox 823 1422 935 1478; x_wconf 90' lang='lat' dir='ltr'>quo</span> <span class='ocrx_word' id='word_1_88' title='bbox 963 1406 1128 1461; x_wconf 85' lang='lat' dir='ltr'>citius</span> <span class='ocrx_word' id='word_1_89' title='bbox 1142 1407 1446 1479; x_wconf 91' lang='lat' dir='ltr'>adjuvante</span> <span class='ocrx_word' id='word_1_90' title='bbox 1464 1406 1855 1462; x_wconf 88' lang='lat' dir='ltr'>misericordia</span> 
     </span>
    </p>
   </div>
   <div class='ocr_carea' id='block_1_14' title="bbox 212 1498 1849 1573">
    <p class='ocr_par' dir='ltr' id='par_1_14' title="bbox 212 1498 1849 1573">
     <span class='ocr_line' id='line_1_14' title="bbox 212 1498 1849 1573; baseline 0.002 -20"><span class='ocrx_word' id='word_1_91' title='bbox 212 1498 329 1567; x_wconf 90' lang='lat' dir='ltr'>Dei,</span> <span class='ocrx_word' id='word_1_92' title='bbox 362 1504 421 1554; x_wconf 90' lang='lat' dir='ltr'>et</span> <span class='ocrx_word' id='word_1_93' title='bbox 451 1499 602 1554; x_wconf 89' lang='lat' dir='ltr'>sanis</span> <span class='ocrx_word' id='word_1_94' title='bbox 628 1500 901 1557; x_wconf 86' lang='lat' dir='ltr'>fortitudo</span> <span class='ocrx_word' id='word_1_95' title='bbox 928 1505 1229 1573; x_wconf 77' lang='lat' dir='ltr'>augeatur,</span> <span class='ocrx_word' id='word_1_96' title='bbox 1273 1506 1330 1557; x_wconf 91' lang='lat' dir='ltr'>et</span> <span class='ocrx_word' id='word_1_97' title='bbox 1358 1501 1648 1569; x_wconf 90' lang='lat' dir='ltr'>morbidis,</span> <span class='ocrx_word' id='word_1_98' title='bbox 1677 1500 1722 1555; x_wconf 91' lang='lat' dir='ltr'>si</span> <span class='ocrx_word' id='word_1_99' title='bbox 1754 1517 1849 1557; x_wconf 87' lang='lat' dir='ltr'>cu-</span> 
     </span>
    </p>
   </div>
   <div class='ocr_carea' id='block_1_15' title="bbox 211 1592 1399 1667">
    <p class='ocr_par' dir='ltr' id='par_1_15' title="bbox 211 1592 1399 1667">
     <span class='ocr_line' id='line_1_15' title="bbox 211 1592 1399 1667; baseline 0.003 -21"><span class='ocrx_word' id='word_1_100' title='bbox 211 1592 321 1646; x_wconf 86' lang='lat' dir='ltr'>rari</span> <span class='ocrx_word' id='word_1_101' title='bbox 345 1593 736 1665; x_wconf 88' lang='lat' dir='ltr'>acquiescant,</span> <span class='ocrx_word' id='word_1_102' title='bbox 764 1594 1049 1649; x_wconf 87' lang='lat' dir='ltr'>medicina</span> <span class='ocrx_word' id='word_1_103' title='bbox 1076 1598 1399 1667; x_wconf 86' lang='lat' dir='ltr'>prmstetur.</span> 
     </span>
    </p>
   </div>
   <div class='ocr_carea' id='block_1_16' title="bbox 496 1688 1562 1760">
    <p class='ocr_par' dir='ltr' id='par_1_16' title="bbox 496 1688 1562 1760">
     <span class='ocr_line' id='line_1_16' title="bbox 496 1688 1562 1760; baseline 0.004 -19"><span class='ocrx_word' id='word_1_104' title='bbox 496 1688 608 1743; x_wconf 84' lang='lat' dir='ltr'><strong>XII.</strong></span> <span class='ocrx_word' id='word_1_105' title='bbox 638 1716 706 1728; x_wconf 94' lang='lat'><strong>—</strong></span> <span class='ocrx_word' id='word_1_106' title='bbox 739 1688 829 1745; x_wconf 81' lang='lat' dir='ltr'>Ad</span> <span class='ocrx_word' id='word_1_107' title='bbox 861 1688 1211 1744; x_wconf 75' lang='lat' dir='ltr'>Theodosium</span> <span class='ocrx_word' id='word_1_108' title='bbox 1237 1690 1562 1760; x_wconf 85' lang='lat' dir='ltr'>Augustum.</span> 
     </span>
    </p>
   </div>
   <div class='ocr_carea' id='block_1_17' title="bbox 279 1779 1852 1854">
    <p class='ocr_par' dir='ltr' id='par_1_17' title="bbox 279 1779 1852 1854">
     <span class='ocr_line' id='line_1_17' title="bbox 279 1779 1852 1854; baseline 0.003 -20"><span class='ocrx_word' id='word_1_109' title='bbox 279 1780 390 1835; x_wconf 74' lang='lat' dir='ltr'>Leo</span> <span class='ocrx_word' id='word_1_110' title='bbox 443 1779 746 1853; x_wconf 91' lang='lat' dir='ltr'>episcopus</span> <span class='ocrx_word' id='word_1_111' title='bbox 795 1784 853 1836; x_wconf 94' lang='lat' dir='ltr'>et</span> <span class='ocrx_word' id='word_1_112' title='bbox 904 1786 1095 1837; x_wconf 89' lang='lat' dir='ltr'>sancta</span> <span class='ocrx_word' id='word_1_113' title='bbox 1142 1782 1395 1854; x_wconf 86' lang='lat' dir='ltr'>synodus</span> <span class='ocrx_word' id='word_1_114' title='bbox 1433 1799 1563 1854; x_wconf 86' lang='lat' dir='ltr'>qum</span> <span class='ocrx_word' id='word_1_115' title='bbox 1606 1784 1664 1838; x_wconf 89' lang='lat' dir='ltr'>in</span> <span class='ocrx_word' id='word_1_116' title='bbox 1708 1783 1852 1838; x_wconf 86' lang='lat' dir='ltr'>urbe</span> 
     </span>
    </p>
   </div>
   <div class='ocr_carea' id='block_1_18' title="bbox 210 1874 1353 1947">
    <p class='ocr_par' dir='ltr' id='par_1_18' title="bbox 210 1874 1353 1947">
     <span class='ocr_line' id='line_1_18' title="bbox 210 1874 1353 1947; baseline 0.003 -20"><span class='ocrx_word' id='word_1_117' title='bbox 210 1874 387 1928; x_wconf 84' lang='lat' dir='ltr'>Roma</span> <span class='ocrx_word' id='word_1_118' title='bbox 416 1874 708 1942; x_wconf 85' lang='lat' dir='ltr'>convenit,</span> <span class='ocrx_word' id='word_1_119' title='bbox 740 1876 1049 1931; x_wconf 71' lang='lat' dir='ltr'>Tneooosro</span> <span class='ocrx_word' id='word_1_120' title='bbox 1077 1878 1353 1947; x_wconf 88' lang='lat' dir='ltr'>Augusto.</span> 
     </span>
    </p>
   </div>
   <div class='ocr_carea' id='block_1_19' title="bbox 274 1967 1850 2042">
    <p class='ocr_par' dir='ltr' id='par_1_19' title="bbox 274 1967 1850 2042">
     <span class='ocr_line' id='line_1_19' title="bbox 274 1967 1850 2042; baseline 0.003 -21"><span class='ocrx_word' id='word_1_121' title='bbox 274 1967 506 2023; x_wconf 81' lang='lat' dir='ltr'>Litteris</span> <span class='ocrx_word' id='word_1_122' title='bbox 551 1969 865 2025; x_wconf 86' lang='lat' dir='ltr'>clementiae</span> <span class='ocrx_word' id='word_1_123' title='bbox 911 1972 1115 2025; x_wconf 83' lang='lat' dir='ltr'>vestrae</span> <span class='ocrx_word' id='word_1_124' title='bbox 1156 1986 1296 2042; x_wconf 90' lang='lat' dir='ltr'>quas</span> <span class='ocrx_word' id='word_1_125' title='bbox 1325 1969 1543 2025; x_wconf 90' lang='lat' dir='ltr'>dudum</span> <span class='ocrx_word' id='word_1_126' title='bbox 1589 1970 1659 2025; x_wconf 93' lang='lat' dir='ltr'>ad</span> <span class='ocrx_word' id='word_1_127' title='bbox 1698 1970 1850 2026; x_wconf 87' lang='lat' dir='ltr'>beati</span> 
     </span>
    </p>
   </div>
   <div class='ocr_carea' id='block_1_20' title="bbox 204 2061 1844 2135">
    <p class='ocr_par' dir='ltr' id='par_1_20' title="bbox 204 2061 1844 2135">
     <span class='ocr_line' id='line_1_20' title="bbox 204 2061 1844 2135; baseline 0.002 -20"><span class='ocrx_word' id='word_1_128' title='bbox 204 2061 351 2116; x_wconf 86' lang='lat' dir='ltr'>Petri</span> <span class='ocrx_word' id='word_1_129' title='bbox 382 2062 626 2133; x_wconf 89' lang='lat' dir='ltr'>apostoli</span> <span class='ocrx_word' id='word_1_130' title='bbox 654 2063 843 2118; x_wconf 88' lang='lat' dir='ltr'>sedem</span> <span class='ocrx_word' id='word_1_131' title='bbox 883 2080 989 2135; x_wconf 91' lang='lat' dir='ltr'>pro</span> <span class='ocrx_word' id='word_1_132' title='bbox 1020 2063 1311 2118; x_wconf 90' lang='lat' dir='ltr'>catholicm</span> <span class='ocrx_word' id='word_1_133' title='bbox 1351 2063 1484 2118; x_wconf 81' lang='lat' dir='ltr'>fidei</span> <span class='ocrx_word' id='word_1_134' title='bbox 1512 2080 1707 2119; x_wconf 89' lang='lat' dir='ltr'>amore</span> <span class='ocrx_word' id='word_1_135' title='bbox 1736 2065 1844 2119; x_wconf 88' lang='lat' dir='ltr'>mi-</span> 
     </span>
    </p>
   </div>
   <div class='ocr_carea' id='block_1_21' title="bbox 203 2156 1848 2230">
    <p class='ocr_par' dir='ltr' id='par_1_21' title="bbox 203 2156 1848 2230">
     <span class='ocr_line' id='line_1_21' title="bbox 203 2156 1848 2230; baseline 0.003 -22"><span class='ocrx_word' id='word_1_136' title='bbox 203 2156 373 2222; x_wconf 86' lang='lat' dir='ltr'>sistis,</span> <span class='ocrx_word' id='word_1_137' title='bbox 411 2159 629 2211; x_wconf 86' lang='lat' dir='ltr'>tantam</span> <span class='ocrx_word' id='word_1_138' title='bbox 657 2157 922 2212; x_wconf 87' lang='lat' dir='ltr'>ﬁduciam</span> <span class='ocrx_word' id='word_1_139' title='bbox 953 2158 1298 2229; x_wconf 87' lang='lat' dir='ltr'>sumpsimus</span> <span class='ocrx_word' id='word_1_140' title='bbox 1319 2157 1713 2228; x_wconf 87' lang='lat' dir='ltr'>defendendm,</span> <span class='ocrx_word' id='word_1_141' title='bbox 1742 2175 1848 2230; x_wconf 92' lang='lat' dir='ltr'>per</span> 
     </span>
    </p>
   </div>
   <div class='ocr_carea' id='block_1_22' title="bbox 202 2249 1843 2323">
    <p class='ocr_par' dir='ltr' id='par_1_22' title="bbox 202 2249 1843 2323">
     <span class='ocr_line' id='line_1_22' title="bbox 202 2249 1843 2323; baseline 0.004 -21"><span class='ocrx_word' id='word_1_142' title='bbox 202 2266 299 2303; x_wconf 91' lang='lat' dir='ltr'>vos</span> <span class='ocrx_word' id='word_1_143' title='bbox 326 2249 586 2305; x_wconf 75' lang='lat' dir='ltr'>veritatis</span> <span class='ocrx_word' id='word_1_144' title='bbox 612 2253 670 2305; x_wconf 91' lang='lat' dir='ltr'>et</span> <span class='ocrx_word' id='word_1_145' title='bbox 693 2251 872 2322; x_wconf 89' lang='lat' dir='ltr'>pacis,</span> <span class='ocrx_word' id='word_1_146' title='bbox 898 2257 961 2306; x_wconf 92' lang='lat' dir='ltr'>ut</span> <span class='ocrx_word' id='word_1_147' title='bbox 981 2252 1041 2307; x_wconf 90' lang='lat' dir='ltr'>in</span> <span class='ocrx_word' id='word_1_148' title='bbox 1068 2268 1236 2307; x_wconf 88' lang='lat' dir='ltr'>causa</span> <span class='ocrx_word' id='word_1_149' title='bbox 1265 2256 1385 2307; x_wconf 91' lang='lat' dir='ltr'>tam</span> <span class='ocrx_word' id='word_1_150' title='bbox 1406 2251 1671 2323; x_wconf 90' lang='lat' dir='ltr'>simplici,</span> <span class='ocrx_word' id='word_1_151' title='bbox 1700 2255 1843 2308; x_wconf 87' lang='lat' dir='ltr'>tam-</span> 
     </span>
    </p>
   </div>
   <div class='ocr_carea' id='block_1_23' title="bbox 203 2343 1845 2418">
    <p class='ocr_par' dir='ltr' id='par_1_23' title="bbox 203 2343 1845 2418">
     <span class='ocr_line' id='line_1_23' title="bbox 203 2343 1845 2418; baseline 0.002 -20"><span class='ocrx_word' id='word_1_152' title='bbox 203 2360 313 2415; x_wconf 88' lang='lat' dir='ltr'>que</span> <span class='ocrx_word' id='word_1_153' title='bbox 366 2343 613 2413; x_wconf 88' lang='lat' dir='ltr'>minuta,</span> <span class='ocrx_word' id='word_1_154' title='bbox 662 2344 808 2400; x_wconf 89' lang='lat' dir='ltr'>nihil</span> <span class='ocrx_word' id='word_1_155' title='bbox 837 2348 1172 2416; x_wconf 90' lang='lat' dir='ltr'>putaremus</span> <span class='ocrx_word' id='word_1_156' title='bbox 1215 2362 1379 2417; x_wconf 89' lang='lat' dir='ltr'>posse</span> <span class='ocrx_word' id='word_1_157' title='bbox 1415 2346 1655 2401; x_wconf 85' lang='lat' dir='ltr'>existere</span> <span class='ocrx_word' id='word_1_158' title='bbox 1694 2347 1845 2418; x_wconf 89' lang='lat' dir='ltr'>quod</span> 
     </span>
    </p>
   </div>
   <div class='ocr_carea' id='block_1_24' title="bbox 201 2439 1843 2511">
    <p class='ocr_par' dir='ltr' id='par_1_24' title="bbox 201 2439 1843 2511">
     <span class='ocr_line' id='line_1_24' title="bbox 201 2439 1843 2511; baseline 0.002 -19"><span class='ocrx_word' id='word_1_159' title='bbox 201 2441 456 2503; x_wconf 84' lang='lat' dir='ltr'>noceret,</span> <span class='ocrx_word' id='word_1_160' title='bbox 504 2439 829 2510; x_wconf 90' lang='lat' dir='ltr'>prmsertim</span> <span class='ocrx_word' id='word_1_161' title='bbox 876 2456 1008 2494; x_wconf 90' lang='lat' dir='ltr'>cum</span> <span class='ocrx_word' id='word_1_162' title='bbox 1061 2439 1130 2494; x_wconf 91' lang='lat' dir='ltr'>ad</span> <span class='ocrx_word' id='word_1_163' title='bbox 1192 2439 1505 2511; x_wconf 91' lang='lat' dir='ltr'>episcopale</span> <span class='ocrx_word' id='word_1_164' title='bbox 1538 2439 1843 2495; x_wconf 91' lang='lat' dir='ltr'>concilium</span> 
     </span>
    </p>
   </div>
   <div class='ocr_carea' id='block_1_25' title="bbox 198 2532 1840 2605">
    <p class='ocr_par' dir='ltr' id='par_1_25' title="bbox 198 2532 1840 2605">
     <span class='ocr_line' id='line_1_25' title="bbox 198 2532 1840 2605; baseline 0.002 -19"><span class='ocrx_word' id='word_1_165' title='bbox 198 2532 353 2604; x_wconf 91' lang='lat' dir='ltr'>quod</span> <span class='ocrx_word' id='word_1_166' title='bbox 381 2532 588 2587; x_wconf 90' lang='lat' dir='ltr'>haberi</span> <span class='ocrx_word' id='word_1_167' title='bbox 615 2533 769 2604; x_wconf 92' lang='lat' dir='ltr'>apud</span> <span class='ocrx_word' id='word_1_168' title='bbox 796 2534 1083 2604; x_wconf 87' lang='lat' dir='ltr'>Ephesum</span> <span class='ocrx_word' id='word_1_169' title='bbox 1108 2533 1460 2605; x_wconf 86' lang='lat' dir='ltr'>prmcepistis</span> <span class='ocrx_word' id='word_1_170' title='bbox 1485 2538 1605 2589; x_wconf 92' lang='lat' dir='ltr'>tam</span> <span class='ocrx_word' id='word_1_171' title='bbox 1628 2534 1840 2590; x_wconf 89' lang='lat' dir='ltr'>instru-</span> 
     </span>
    </p>
   </div>
   <div class='ocr_carea' id='block_1_26' title="bbox 200 2625 1839 2699">
    <p class='ocr_par' dir='ltr' id='par_1_26' title="bbox 200 2625 1839 2699">
     <span class='ocr_line' id='line_1_26' title="bbox 200 2625 1839 2699; baseline 0.002 -20"><span class='ocrx_word' id='word_1_172' title='bbox 200 2626 271 2679; x_wconf 93' lang='lat' dir='ltr'>cti</span> <span class='ocrx_word' id='word_1_173' title='bbox 302 2625 421 2680; x_wconf 89' lang='lat' dir='ltr'>sint</span> <span class='ocrx_word' id='word_1_174' title='bbox 450 2626 634 2694; x_wconf 90' lang='lat' dir='ltr'>missi,</span> <span class='ocrx_word' id='word_1_175' title='bbox 679 2631 744 2681; x_wconf 90' lang='lat' dir='ltr'>ut</span> <span class='ocrx_word' id='word_1_176' title='bbox 773 2625 816 2681; x_wconf 88' lang='lat' dir='ltr'>si</span> <span class='ocrx_word' id='word_1_177' title='bbox 848 2625 1054 2698; x_wconf 90' lang='lat' dir='ltr'>scripta</span> <span class='ocrx_word' id='word_1_178' title='bbox 1099 2643 1228 2698; x_wconf 89' lang='lat' dir='ltr'>qum</span> <span class='ocrx_word' id='word_1_179' title='bbox 1254 2627 1342 2682; x_wconf 86' lang='lat' dir='ltr'>vel</span> <span class='ocrx_word' id='word_1_180' title='bbox 1367 2626 1441 2681; x_wconf 91' lang='lat' dir='ltr'>ad</span> <span class='ocrx_word' id='word_1_181' title='bbox 1470 2632 1719 2683; x_wconf 88' lang='lat' dir='ltr'>sanctam</span> <span class='ocrx_word' id='word_1_182' title='bbox 1748 2646 1839 2699; x_wconf 88' lang='lat' dir='ltr'>sy-</span> 
     </span>
    </p>
   </div>
   <div class='ocr_carea' id='block_1_27' title="bbox 199 2715 1838 2788">
    <p class='ocr_par' dir='ltr' id='par_1_27' title="bbox 199 2715 1838 2788">
     <span class='ocr_line' id='line_1_27' title="bbox 199 2715 1838 2788; baseline 0.001 -19"><span class='ocrx_word' id='word_1_183' title='bbox 199 2716 419 2769; x_wconf 87' lang='lat' dir='ltr'>nodum</span> <span class='ocrx_word' id='word_1_184' title='bbox 472 2716 559 2769; x_wconf 87' lang='lat' dir='ltr'>vel</span> <span class='ocrx_word' id='word_1_185' title='bbox 611 2715 681 2770; x_wconf 90' lang='lat' dir='ltr'>ad</span> <span class='ocrx_word' id='word_1_186' title='bbox 730 2716 1060 2770; x_wconf 85' lang='lat' dir='ltr'>Flavianum</span> <span class='ocrx_word' id='word_1_187' title='bbox 1118 2716 1444 2788; x_wconf 90' lang='lat' dir='ltr'>episcopum</span> <span class='ocrx_word' id='word_1_188' title='bbox 1491 2717 1838 2787; x_wconf 90' lang='lat' dir='ltr'>detulerunt,</span> 
     </span>
    </p>
   </div>
   <div class='ocr_carea' id='block_1_28' title="bbox 202 2808 1837 2881">
    <p class='ocr_par' dir='ltr' id='par_1_28' title="bbox 202 2808 1837 2881">
     <span class='ocr_line' id='line_1_28' title="bbox 202 2808 1837 2881; baseline 0.002 -19"><span class='ocrx_word' id='word_1_189' title='bbox 202 2808 602 2879; x_wconf 90' lang='lat' dir='ltr'>episcoporum</span> <span class='ocrx_word' id='word_1_190' title='bbox 626 2809 902 2881; x_wconf 87' lang='lat' dir='ltr'>publicari</span> <span class='ocrx_word' id='word_1_191' title='bbox 931 2808 1163 2864; x_wconf 90' lang='lat' dir='ltr'>auribus</span> <span class='ocrx_word' id='word_1_192' title='bbox 1180 2810 1603 2864; x_wconf 85' lang='lat' dir='ltr'>Alexandrinus</span> <span class='ocrx_word' id='word_1_193' title='bbox 1630 2811 1837 2881; x_wconf 82' lang='lat' dir='ltr'>permi-</span> 
     </span>
    </p>
   </div>
   <div class='ocr_carea' id='block_1_29' title="bbox 200 2902 1839 2974">
    <p class='ocr_par' dir='ltr' id='par_1_29' title="bbox 200 2902 1839 2974">
     <span class='ocr_line' id='line_1_29' title="bbox 200 2902 1839 2974; baseline 0.002 -20"><span class='ocrx_word' id='word_1_194' title='bbox 200 2902 362 2956; x_wconf 77' lang='lat' dir='ltr'>sisset</span> <span class='ocrx_word' id='word_1_195' title='bbox 403 2902 659 2957; x_wconf 88' lang='lat' dir='ltr'>antistes.</span> <span class='ocrx_word' id='word_1_196' title='bbox 709 2904 791 2957; x_wconf 91' lang='lat' dir='ltr'>Ita</span> <span class='ocrx_word' id='word_1_197' title='bbox 836 2902 1296 2957; x_wconf 89' lang='lat' dir='ltr'>manifestatione</span> <span class='ocrx_word' id='word_1_198' title='bbox 1340 2902 1665 2974; x_wconf 88' lang='lat' dir='ltr'>purissimm</span> <span class='ocrx_word' id='word_1_199' title='bbox 1704 2904 1839 2958; x_wconf 85' lang='lat' dir='ltr'>ﬁdei</span> 
     </span>
    </p>
   </div>
   <div class='ocr_carea' id='block_1_30' title="bbox 200 2995 1836 3068">
    <p class='ocr_par' dir='ltr' id='par_1_30' title="bbox 200 2995 1836 3068">
     <span class='ocr_line' id='line_1_30' title="bbox 200 2995 1836 3068; baseline 0.002 -19"><span class='ocrx_word' id='word_1_200' title='bbox 200 3012 367 3066; x_wconf 89' lang='lat' dir='ltr'>quam</span> <span class='ocrx_word' id='word_1_201' title='bbox 389 2995 664 3051; x_wconf 90' lang='lat' dir='ltr'>divinitus</span> <span class='ocrx_word' id='word_1_202' title='bbox 689 2995 1024 3068; x_wconf 89' lang='lat' dir='ltr'>inspiratam</span> <span class='ocrx_word' id='word_1_203' title='bbox 1051 3000 1107 3051; x_wconf 92' lang='lat' dir='ltr'>et</span> <span class='ocrx_word' id='word_1_204' title='bbox 1127 2996 1451 3068; x_wconf 90' lang='lat' dir='ltr'>accepimus</span> <span class='ocrx_word' id='word_1_205' title='bbox 1472 3000 1530 3051; x_wconf 88' lang='lat' dir='ltr'>et</span> <span class='ocrx_word' id='word_1_206' title='bbox 1555 3001 1836 3067; x_wconf 90' lang='lat' dir='ltr'>tenemus,</span> 
     </span>
    </p>
   </div>
   <div class='ocr_carea' id='block_1_31' title="bbox 202 3089 1839 3163">
    <p class='ocr_par' dir='ltr' id='par_1_31' title="bbox 202 3089 1839 3163">
     <span class='ocr_line' id='line_1_31' title="bbox 202 3089 1839 3163; baseline 0.001 -18"><span class='ocrx_word' id='word_1_207' title='bbox 202 3089 462 3145; x_wconf 90' lang='lat' dir='ltr'>omnium</span> <span class='ocrx_word' id='word_1_208' title='bbox 492 3090 960 3161; x_wconf 88' lang='lat' dir='ltr'>congressionum</span> <span class='ocrx_word' id='word_1_209' title='bbox 994 3091 1261 3163; x_wconf 86' lang='lat' dir='ltr'>strepitus</span> <span class='ocrx_word' id='word_1_210' title='bbox 1286 3090 1612 3163; x_wconf 89' lang='lat' dir='ltr'>quievisset,</span> <span class='ocrx_word' id='word_1_211' title='bbox 1644 3096 1706 3146; x_wconf 93' lang='lat' dir='ltr'>ut</span> <span class='ocrx_word' id='word_1_212' title='bbox 1732 3108 1839 3147; x_wconf 89' lang='lat' dir='ltr'>nec</span> 
     </span>
    </p>
   </div>
   <div class='ocr_carea' id='block_1_32' title="bbox 1955 562 3592 641">
    <p class='ocr_par' dir='ltr' id='par_1_32' title="bbox 1955 562 3592 641">
     <span class='ocr_line' id='line_1_32' title="bbox 1955 562 3592 641; baseline 0.004 -23"><span class='ocrx_word' id='word_1_213' title='bbox 1955 564 2064 619; x_wconf 90' lang='lat' dir='ltr'>lica</span> <span class='ocrx_word' id='word_1_214' title='bbox 2112 562 2368 635; x_wconf 89' lang='lat' dir='ltr'>nequitia</span> <span class='ocrx_word' id='word_1_215' title='bbox 2408 563 2693 619; x_wconf 89' lang='lat' dir='ltr'>subtiliter</span> <span class='ocrx_word' id='word_1_216' title='bbox 2738 563 2882 619; x_wconf 91' lang='lat' dir='ltr'>fallit</span> <span class='ocrx_word' id='word_1_217' title='bbox 2911 563 3188 635; x_wconf 90' lang='lat' dir='ltr'>incautos,</span> <span class='ocrx_word' id='word_1_218' title='bbox 3234 570 3292 621; x_wconf 89' lang='lat' dir='ltr'>et.</span> <span class='ocrx_word' id='word_1_219' title='bbox 3328 567 3408 623; x_wconf 89' lang='lat' dir='ltr'>ita</span> <span class='ocrx_word' id='word_1_220' title='bbox 3450 585 3592 641; x_wconf 90' lang='lat' dir='ltr'>quo-</span> 
     </span>
    </p>
   </div>
   <div class='ocr_carea' id='block_1_33' title="bbox 1954 656 3598 733">
    <p class='ocr_par' dir='ltr' id='par_1_33' title="bbox 1954 656 3598 733">
     <span class='ocr_line' id='line_1_33' title="bbox 1954 656 3598 733; baseline 0.004 -20"><span class='ocrx_word' id='word_1_221' title='bbox 1954 657 2221 713; x_wconf 90' lang='lat' dir='ltr'>rumdam</span> <span class='ocrx_word' id='word_1_222' title='bbox 2260 656 2710 728; x_wconf 87' lang='lat' dir='ltr'>imprudentiam</span> <span class='ocrx_word' id='word_1_223' title='bbox 2740 674 2843 729; x_wconf 89' lang='lat' dir='ltr'>per</span> <span class='ocrx_word' id='word_1_224' title='bbox 2887 657 3328 716; x_wconf 87' lang='lat' dir='ltr'>similitudinem</span> <span class='ocrx_word' id='word_1_225' title='bbox 3372 662 3598 733; x_wconf 86' lang='lat' dir='ltr'>pietatis</span> 
     </span>
    </p>
   </div>
   <div class='ocr_carea' id='block_1_34' title="bbox 1953 750 3590 825">
    <p class='ocr_par' dir='ltr' id='par_1_34' title="bbox 1953 750 3590 825">
     <span class='ocr_line' id='line_1_34' title="bbox 1953 750 3590 825; baseline 0.003 -19"><span class='ocrx_word' id='word_1_226' title='bbox 1953 750 2161 821; x_wconf 90' lang='lat' dir='ltr'>illudit,</span> <span class='ocrx_word' id='word_1_227' title='bbox 2194 752 2260 805; x_wconf 90' lang='lat' dir='ltr'>ut</span> <span class='ocrx_word' id='word_1_228' title='bbox 2301 766 2404 821; x_wconf 91' lang='lat' dir='ltr'>pro</span> <span class='ocrx_word' id='word_1_229' title='bbox 2449 750 2766 806; x_wconf 88' lang='lat' dir='ltr'>salubribus</span> <span class='ocrx_word' id='word_1_230' title='bbox 2795 752 3140 824; x_wconf 89' lang='lat' dir='ltr'>persuadeat</span> <span class='ocrx_word' id='word_1_231' title='bbox 3184 754 3461 825; x_wconf 91' lang='lat' dir='ltr'>nocitura,</span> <span class='ocrx_word' id='word_1_232' title='bbox 3502 772 3590 812; x_wconf 80' lang='lat' dir='ltr'>re~</span> 
     </span>
    </p>
   </div>
   <div class='ocr_carea' id='block_1_35' title="bbox 1955 846 3596 917">
    <p class='ocr_par' dir='ltr' id='par_1_35' title="bbox 1955 846 3596 917">
     <span class='ocr_line' id='line_1_35' title="bbox 1955 846 3596 917; baseline 0.003 -18"><span class='ocrx_word' id='word_1_233' title='bbox 1955 847 2200 913; x_wconf 90' lang='lat' dir='ltr'>movete,</span> <span class='ocrx_word' id='word_1_234' title='bbox 2216 860 2562 916; x_wconf 83' lang='lat' dir='ltr'>quaesumus,</span> <span class='ocrx_word' id='word_1_235' title='bbox 2578 860 2779 899; x_wconf 87' lang='lat' dir='ltr'>aurem</span> <span class='ocrx_word' id='word_1_236' title='bbox 2801 862 2835 899; x_wconf 91' lang='lat' dir='ltr'>a</span> <span class='ocrx_word' id='word_1_237' title='bbox 2850 848 3050 902; x_wconf 89' lang='lat' dir='ltr'>vestrm</span> <span class='ocrx_word' id='word_1_238' title='bbox 3065 846 3294 917; x_wconf 89' lang='lat' dir='ltr'>pietatis</span> <span class='ocrx_word' id='word_1_239' title='bbox 3306 848 3596 905; x_wconf 85' lang='lat' dir='ltr'>conscien-</span> 
     </span>
    </p>
   </div>
   <div class='ocr_carea' id='block_1_36' title="bbox 1954 936 3587 1009">
    <p class='ocr_par' dir='ltr' id='par_1_36' title="bbox 1954 936 3587 1009">
     <span class='ocr_line' id='line_1_36' title="bbox 1954 936 3587 1009; baseline 0.004 -17"><span class='ocrx_word' id='word_1_240' title='bbox 1954 939 2033 992; x_wconf 85' lang='lat' dir='ltr'>tia</span> <span class='ocrx_word' id='word_1_241' title='bbox 2057 937 2117 991; x_wconf 93' lang='lat' dir='ltr'>in</span> <span class='ocrx_word' id='word_1_242' title='bbox 2161 936 2480 1009; x_wconf 92' lang='lat' dir='ltr'>periculum</span> <span class='ocrx_word' id='word_1_243' title='bbox 2510 936 2801 1008; x_wconf 88' lang='lat' dir='ltr'>religionis</span> <span class='ocrx_word' id='word_1_244' title='bbox 2831 943 2887 993; x_wconf 90' lang='lat' dir='ltr'>et</span> <span class='ocrx_word' id='word_1_245' title='bbox 2915 938 3069 994; x_wconf 86' lang='lat' dir='ltr'>fidei.</span> <span class='ocrx_word' id='word_1_246' title='bbox 3110 940 3270 1005; x_wconf 87' lang='lat' dir='ltr'>Quod</span> <span class='ocrx_word' id='word_1_247' title='bbox 3310 943 3587 997; x_wconf 89' lang='lat' dir='ltr'>smculari-</span> 
     </span>
    </p>
   </div>
   <div class='ocr_carea' id='block_1_37' title="bbox 1954 1030 3594 1105">
    <p class='ocr_par' dir='ltr' id='par_1_37' title="bbox 1954 1030 3594 1105">
     <span class='ocr_line' id='line_1_37' title="bbox 1954 1030 3594 1105; baseline 0.004 -20"><span class='ocrx_word' id='word_1_248' title='bbox 1954 1030 2059 1086; x_wconf 90' lang='lat' dir='ltr'>bus</span> <span class='ocrx_word' id='word_1_249' title='bbox 2083 1030 2333 1102; x_wconf 87' lang='lat' dir='ltr'>negotiis</span> <span class='ocrx_word' id='word_1_250' title='bbox 2374 1031 2570 1103; x_wconf 88' lang='lat' dir='ltr'>legum</span> <span class='ocrx_word' id='word_1_251' title='bbox 2617 1034 2931 1087; x_wconf 87' lang='lat' dir='ltr'>vestrarum</span> <span class='ocrx_word' id='word_1_252' title='bbox 2962 1032 3225 1105; x_wconf 87' lang='lat' dir='ltr'>mquilate</span> <span class='ocrx_word' id='word_1_253' title='bbox 3261 1035 3594 1092; x_wconf 89' lang='lat' dir='ltr'>conceditur</span> 
     </span>
    </p>
   </div>
   <div class='ocr_carea' id='block_1_38' title="bbox 1953 1124 3585 1197">
    <p class='ocr_par' dir='ltr' id='par_1_38' title="bbox 1953 1124 3585 1197">
     <span class='ocr_line' id='line_1_38' title="bbox 1953 1124 3585 1197; baseline 0.004 -19"><span class='ocrx_word' id='word_1_254' title='bbox 1953 1124 2013 1179; x_wconf 89' lang='lat' dir='ltr'>in</span> <span class='ocrx_word' id='word_1_255' title='bbox 2045 1140 2242 1179; x_wconf 91' lang='lat' dir='ltr'>rerum</span> <span class='ocrx_word' id='word_1_256' title='bbox 2269 1124 2593 1179; x_wconf 90' lang='lat' dir='ltr'>divinarum</span> <span class='ocrx_word' id='word_1_257' title='bbox 2617 1125 2995 1196; x_wconf 87' lang='lat' dir='ltr'>pertractione</span> <span class='ocrx_word' id='word_1_258' title='bbox 3018 1131 3310 1197; x_wconf 88' lang='lat' dir='ltr'>prmstare,</span> <span class='ocrx_word' id='word_1_259' title='bbox 3341 1133 3403 1184; x_wconf 85' lang='lat' dir='ltr'>ut</span> <span class='ocrx_word' id='word_1_260' title='bbox 3426 1129 3585 1184; x_wconf 89' lang='lat' dir='ltr'>Chri-</span> 
     </span>
    </p>
   </div>
   <div class='ocr_carea' id='block_1_39' title="bbox 1954 1217 3586 1293">
    <p class='ocr_par' dir='ltr' id='par_1_39' title="bbox 1954 1217 3586 1293">
     <span class='ocr_line' id='line_1_39' title="bbox 1954 1217 3586 1293; baseline 0.003 -21"><span class='ocrx_word' id='word_1_261' title='bbox 1954 1217 2021 1272; x_wconf 85' lang='lat' dir='ltr'>sti</span> <span class='ocrx_word' id='word_1_262' title='bbox 2056 1217 2359 1289; x_wconf 88' lang='lat' dir='ltr'>Evangelio</span> <span class='ocrx_word' id='word_1_263' title='bbox 2387 1217 2504 1272; x_wconf 90' lang='lat' dir='ltr'>vim</span> <span class='ocrx_word' id='word_1_264' title='bbox 2534 1234 2653 1273; x_wconf 90' lang='lat' dir='ltr'>non</span> <span class='ocrx_word' id='word_1_265' title='bbox 2678 1217 2888 1273; x_wconf 89' lang='lat' dir='ltr'>inferat</span> <span class='ocrx_word' id='word_1_266' title='bbox 2915 1219 3165 1275; x_wconf 88' lang='lat' dir='ltr'>humana</span> <span class='ocrx_word' id='word_1_267' title='bbox 3193 1222 3586 1293; x_wconf 87' lang='lat' dir='ltr'>prmsumptio.</span> 
     </span>
    </p>
   </div>
   <div class='ocr_carea' id='block_1_40' title="bbox 1953 1310 3587 1385">
    <p class='ocr_par' dir='ltr' id='par_1_40' title="bbox 1953 1310 3587 1385">
     <span class='ocr_line' id='line_1_40' title="bbox 1953 1310 3587 1385; baseline 0.004 -21"><span class='ocrx_word' id='word_1_268' title='bbox 1953 1311 2112 1378; x_wconf 89' lang='lat' dir='ltr'>Ecce,</span> <span class='ocrx_word' id='word_1_269' title='bbox 2145 1310 2621 1367; x_wconf 87' lang='lat' dir='ltr'>Christianissime</span> <span class='ocrx_word' id='word_1_270' title='bbox 2646 1316 2705 1367; x_wconf 91' lang='lat' dir='ltr'>et</span> <span class='ocrx_word' id='word_1_271' title='bbox 2729 1312 3068 1367; x_wconf 88' lang='lat' dir='ltr'>venerabilis</span> <span class='ocrx_word' id='word_1_272' title='bbox 3092 1314 3425 1385; x_wconf 86' lang='lat' dir='ltr'>imperator,</span> <span class='ocrx_word' id='word_1_273' title='bbox 3457 1332 3587 1371; x_wconf 91' lang='lat' dir='ltr'>cum</span> 
     </span>
    </p>
   </div>
   <div class='ocr_carea' id='block_1_41' title="bbox 1951 1404 3591 1478">
    <p class='ocr_par' dir='ltr' id='par_1_41' title="bbox 1951 1404 3591 1478">
     <span class='ocr_line' id='line_1_41' title="bbox 1951 1404 3591 1478; baseline 0.004 -19"><span class='ocrx_word' id='word_1_274' title='bbox 1951 1404 2449 1460; x_wconf 85' lang='lat' dir='ltr'>consacerdotibus</span> <span class='ocrx_word' id='word_1_275' title='bbox 2478 1405 2621 1460; x_wconf 90' lang='lat' dir='ltr'>meis</span> <span class='ocrx_word' id='word_1_276' title='bbox 2650 1405 2898 1477; x_wconf 88' lang='lat' dir='ltr'>implens</span> <span class='ocrx_word' id='word_1_277' title='bbox 2924 1422 3061 1478; x_wconf 91' lang='lat' dir='ltr'>erga</span> <span class='ocrx_word' id='word_1_278' title='bbox 3084 1408 3464 1464; x_wconf 89' lang='lat' dir='ltr'>reverentiam</span> <span class='ocrx_word' id='word_1_279' title='bbox 3484 1411 3591 1465; x_wconf 88' lang='lat' dir='ltr'>cle-</span> 
     </span>
    </p>
   </div>
   <div class='ocr_carea' id='block_1_42' title="bbox 1950 1498 3587 1575">
    <p class='ocr_par' dir='ltr' id='par_1_42' title="bbox 1950 1498 3587 1575">
     <span class='ocr_line' id='line_1_42' title="bbox 1950 1498 3587 1575; baseline 0.004 -22"><span class='ocrx_word' id='word_1_280' title='bbox 1950 1498 2189 1553; x_wconf 91' lang='lat' dir='ltr'>mentim</span> <span class='ocrx_word' id='word_1_281' title='bbox 2216 1501 2421 1553; x_wconf 87' lang='lat' dir='ltr'>vestrm</span> <span class='ocrx_word' id='word_1_282' title='bbox 2455 1498 2658 1554; x_wconf 86' lang='lat' dir='ltr'>sinceri</span> <span class='ocrx_word' id='word_1_283' title='bbox 2683 1500 2900 1555; x_wconf 89' lang='lat' dir='ltr'>amoris</span> <span class='ocrx_word' id='word_1_284' title='bbox 2937 1499 3209 1568; x_wconf 85' lang='lat' dir='ltr'>ofﬁcium,</span> <span class='ocrx_word' id='word_1_285' title='bbox 3240 1501 3587 1575; x_wconf 89' lang='lat' dir='ltr'>cupiensque</span> 
     </span>
    </p>
   </div>
   <div class='ocr_carea' id='block_1_43' title="bbox 1951 1592 3588 1664">
    <p class='ocr_par' dir='ltr' id='par_1_43' title="bbox 1951 1592 3588 1664">
     <span class='ocr_line' id='line_1_43' title="bbox 1951 1592 3588 1664; baseline 0.004 -19"><span class='ocrx_word' id='word_1_286' title='bbox 1951 1607 2051 1645; x_wconf 89' lang='lat' dir='ltr'>vos</span> <span class='ocrx_word' id='word_1_287' title='bbox 2076 1592 2301 1661; x_wconf 91' lang='lat' dir='ltr'>placere</span> <span class='ocrx_word' id='word_1_288' title='bbox 2322 1607 2425 1663; x_wconf 89' lang='lat' dir='ltr'>per</span> <span class='ocrx_word' id='word_1_289' title='bbox 2450 1592 2649 1647; x_wconf 90' lang='lat' dir='ltr'>omnia</span> <span class='ocrx_word' id='word_1_290' title='bbox 2665 1593 2803 1663; x_wconf 91' lang='lat' dir='ltr'>Deo,</span> <span class='ocrx_word' id='word_1_291' title='bbox 2825 1592 2917 1648; x_wconf 92' lang='lat' dir='ltr'>cui</span> <span class='ocrx_word' id='word_1_292' title='bbox 2942 1610 3043 1664; x_wconf 91' lang='lat' dir='ltr'>pro</span> <span class='ocrx_word' id='word_1_293' title='bbox 3066 1594 3229 1649; x_wconf 89' lang='lat' dir='ltr'>vobis</span> <span class='ocrx_word' id='word_1_294' title='bbox 3252 1595 3322 1650; x_wconf 91' lang='lat' dir='ltr'>ab</span> <span class='ocrx_word' id='word_1_295' title='bbox 3342 1596 3588 1652; x_wconf 87' lang='lat' dir='ltr'>Ecclesia</span> 
     </span>
    </p>
   </div>
   <div class='ocr_carea' id='block_1_44' title="bbox 1952 1684 3589 1757">
    <p class='ocr_par' dir='ltr' id='par_1_44' title="bbox 1952 1684 3589 1757">
     <span class='ocr_line' id='line_1_44' title="bbox 1952 1684 3589 1757; baseline 0.004 -18"><span class='ocrx_word' id='word_1_296' title='bbox 1952 1684 2326 1757; x_wconf 80' lang='lat' dir='ltr'>supplicatur,</span> <span class='ocrx_word' id='word_1_297' title='bbox 2358 1702 2429 1741; x_wconf 93' lang='lat' dir='ltr'>ne</span> <span class='ocrx_word' id='word_1_298' title='bbox 2460 1690 2594 1742; x_wconf 89' lang='lat' dir='ltr'>ante</span> <span class='ocrx_word' id='word_1_299' title='bbox 2638 1686 2889 1741; x_wconf 84' lang='lat' dir='ltr'>tribunal</span> <span class='ocrx_word' id='word_1_300' title='bbox 2919 1686 3129 1743; x_wconf 85' lang='lat' dir='ltr'>Christi</span> <span class='ocrx_word' id='word_1_301' title='bbox 3153 1688 3377 1743; x_wconf 89' lang='lat' dir='ltr'>Domini</span> <span class='ocrx_word' id='word_1_302' title='bbox 3403 1688 3488 1743; x_wconf 92' lang='lat' dir='ltr'>rei</span> <span class='ocrx_word' id='word_1_303' title='bbox 3519 1689 3589 1745; x_wconf 89' lang='lat' dir='ltr'>de</span> 
     </span>
    </p>
   </div>
   <div class='ocr_carea' id='block_1_45' title="bbox 1952 1778 3585 1849">
    <p class='ocr_par' dir='ltr' id='par_1_45' title="bbox 1952 1778 3585 1849">
     <span class='ocr_line' id='line_1_45' title="bbox 1952 1778 3585 1849; baseline 0.004 -17"><span class='ocrx_word' id='word_1_304' title='bbox 1952 1778 2177 1833; x_wconf 91' lang='lat' dir='ltr'>silentio</span> <span class='ocrx_word' id='word_1_305' title='bbox 2195 1778 2543 1849; x_wconf 89' lang='lat' dir='ltr'>judicemur.</span> <span class='ocrx_word' id='word_1_306' title='bbox 2587 1779 2962 1836; x_wconf 81' lang='lat' dir='ltr'>Obsecremus</span> <span class='ocrx_word' id='word_1_307' title='bbox 2994 1797 3187 1836; x_wconf 92' lang='lat' dir='ltr'>coram</span> <span class='ocrx_word' id='word_1_308' title='bbox 3212 1782 3381 1837; x_wconf 90' lang='lat' dir='ltr'>unius</span> <span class='ocrx_word' id='word_1_309' title='bbox 3408 1782 3585 1839; x_wconf 85' lang='lat' dir='ltr'>deita-</span> 
     </span>
    </p>
   </div>
   <div class='ocr_carea' id='block_1_46' title="bbox 1871 1852 3585 1945">
    <p class='ocr_par' dir='ltr' id='par_1_46' title="bbox 1871 1852 3585 1945">
     <span class='ocr_line' id='line_1_46' title="bbox 1871 1852 3585 1945; baseline 0.004 -20"><span class='ocrx_word' id='word_1_310' title='bbox 1871 1852 1928 1925; x_wconf 87' lang='grc' dir='ltr'>Β</span> <span class='ocrx_word' id='word_1_311' title='bbox 1952 1871 2023 1925; x_wconf 90' lang='lat' dir='ltr'>tis</span> <span class='ocrx_word' id='word_1_312' title='bbox 2051 1871 2421 1943; x_wconf 90' lang='lat' dir='ltr'>inseparabili</span> <span class='ocrx_word' id='word_1_313' title='bbox 2449 1872 2722 1942; x_wconf 88' lang='lat' dir='ltr'>trinitate,</span> <span class='ocrx_word' id='word_1_314' title='bbox 2752 1890 2880 1945; x_wconf 89' lang='lat' dir='ltr'>qum</span> <span class='ocrx_word' id='word_1_315' title='bbox 2895 1874 2995 1929; x_wconf 90' lang='lat' dir='ltr'>tali</span> <span class='ocrx_word' id='word_1_316' title='bbox 3010 1875 3157 1930; x_wconf 88' lang='lat' dir='ltr'>facto</span> <span class='ocrx_word' id='word_1_317' title='bbox 3182 1875 3431 1945; x_wconf 89' lang='lat' dir='ltr'>lmditur,</span> <span class='ocrx_word' id='word_1_318' title='bbox 3452 1892 3585 1931; x_wconf 89' lang='lat' dir='ltr'>cum</span> 
     </span>
    </p>
   </div>
   <div class='ocr_carea' id='block_1_47' title="bbox 1949 1965 3587 2041">
    <p class='ocr_par' dir='ltr' id='par_1_47' title="bbox 1949 1965 3587 2041">
     <span class='ocr_line' id='line_1_47' title="bbox 1949 1965 3587 2041; baseline 0.004 -22"><span class='ocrx_word' id='word_1_319' title='bbox 1949 1965 2070 2037; x_wconf 92' lang='lat' dir='ltr'>ipsa</span> <span class='ocrx_word' id='word_1_320' title='bbox 2099 1965 2271 2021; x_wconf 87' lang='lat' dir='ltr'>vestri</span> <span class='ocrx_word' id='word_1_321' title='bbox 2313 1966 2386 2021; x_wconf 90' lang='lat' dir='ltr'>sit</span> <span class='ocrx_word' id='word_1_322' title='bbox 2425 1969 2614 2021; x_wconf 89' lang='lat' dir='ltr'>custos</span> <span class='ocrx_word' id='word_1_323' title='bbox 2644 1972 2701 2021; x_wconf 92' lang='lat' dir='ltr'>et</span> <span class='ocrx_word' id='word_1_324' title='bbox 2744 1968 2963 2023; x_wconf 81' lang='lat' dir='ltr'>auctrix</span> <span class='ocrx_word' id='word_1_325' title='bbox 3006 1968 3254 2041; x_wconf 90' lang='lat' dir='ltr'>imperii,</span> <span class='ocrx_word' id='word_1_326' title='bbox 3298 1973 3355 2025; x_wconf 93' lang='lat' dir='ltr'>et</span> <span class='ocrx_word' id='word_1_327' title='bbox 3393 1986 3587 2025; x_wconf 88' lang='lat' dir='ltr'>coram</span> 
     </span>
    </p>
   </div>
   <div class='ocr_carea' id='block_1_48' title="bbox 1948 2058 3585 2131">
    <p class='ocr_par' dir='ltr' id='par_1_48' title="bbox 1948 2058 3585 2131">
     <span class='ocr_line' id='line_1_48' title="bbox 1948 2058 3585 2131; baseline 0.004 -18"><span class='ocrx_word' id='word_1_328' title='bbox 1948 2058 2152 2114; x_wconf 88' lang='lat' dir='ltr'>sanctis</span> <span class='ocrx_word' id='word_1_329' title='bbox 2178 2058 2399 2131; x_wconf 89' lang='lat' dir='ltr'>angelis</span> <span class='ocrx_word' id='word_1_330' title='bbox 2424 2059 2648 2127; x_wconf 90' lang='lat' dir='ltr'>Christi,</span> <span class='ocrx_word' id='word_1_331' title='bbox 2678 2062 2741 2114; x_wconf 92' lang='lat' dir='ltr'>ut</span> <span class='ocrx_word' id='word_1_332' title='bbox 2769 2060 2962 2116; x_wconf 91' lang='lat' dir='ltr'>omnia</span> <span class='ocrx_word' id='word_1_333' title='bbox 2985 2061 3047 2116; x_wconf 91' lang='lat' dir='ltr'>in</span> <span class='ocrx_word' id='word_1_334' title='bbox 3074 2079 3142 2117; x_wconf 92' lang='lat' dir='ltr'>eo</span> <span class='ocrx_word' id='word_1_335' title='bbox 3169 2065 3318 2118; x_wconf 91' lang='lat' dir='ltr'>statu</span> <span class='ocrx_word' id='word_1_336' title='bbox 3348 2080 3585 2120; x_wconf 86' lang='lat' dir='ltr'>manere</span> 
     </span>
    </p>
   </div>
   <div class='ocr_carea' id='block_1_49' title="bbox 1939 2152 3587 2227">
    <p class='ocr_par' dir='ltr' id='par_1_49' title="bbox 1939 2152 3587 2227">
     <span class='ocr_line' id='line_1_49' title="bbox 1939 2152 3587 2227; baseline 0.003 -20"><span class='ocrx_word' id='word_1_337' title='bbox 1939 2152 2211 2224; x_wconf 90' lang='lat' dir='ltr'>jubeatis,</span> <span class='ocrx_word' id='word_1_338' title='bbox 2249 2152 2309 2207; x_wconf 93' lang='lat' dir='ltr'>in</span> <span class='ocrx_word' id='word_1_339' title='bbox 2337 2169 2451 2225; x_wconf 93' lang='lat' dir='ltr'>quo</span> <span class='ocrx_word' id='word_1_340' title='bbox 2476 2153 2710 2208; x_wconf 90' lang='lat' dir='ltr'>fuerunt</span> <span class='ocrx_word' id='word_1_341' title='bbox 2734 2157 2867 2209; x_wconf 88' lang='lat' dir='ltr'>ante</span> <span class='ocrx_word' id='word_1_342' title='bbox 2889 2170 3063 2210; x_wconf 92' lang='lat' dir='ltr'>omne</span> <span class='ocrx_word' id='word_1_343' title='bbox 3085 2155 3387 2227; x_wconf 90' lang='lat' dir='ltr'>judicium,</span> <span class='ocrx_word' id='word_1_344' title='bbox 3410 2156 3587 2213; x_wconf 90' lang='lat' dir='ltr'>donec</span> 
     </span>
    </p>
   </div>
   <div class='ocr_carea' id='block_1_50' title="bbox 1945 2245 3583 2323">
    <p class='ocr_par' dir='ltr' id='par_1_50' title="bbox 1945 2245 3583 2323">
     <span class='ocr_line' id='line_1_50' title="bbox 1945 2245 3583 2323; baseline 0.003 -23"><span class='ocrx_word' id='word_1_345' title='bbox 1945 2245 2127 2317; x_wconf 88' lang='lat' dir='ltr'>major</span> <span class='ocrx_word' id='word_1_346' title='bbox 2154 2262 2221 2300; x_wconf 90' lang='lat' dir='ltr'>ex</span> <span class='ocrx_word' id='word_1_347' title='bbox 2247 2249 2366 2300; x_wconf 91' lang='lat' dir='ltr'>toto</span> <span class='ocrx_word' id='word_1_348' title='bbox 2406 2246 2542 2301; x_wconf 91' lang='lat' dir='ltr'>orbe</span> <span class='ocrx_word' id='word_1_349' title='bbox 2571 2246 2935 2303; x_wconf 91' lang='lat' dir='ltr'>sacerdotum</span> <span class='ocrx_word' id='word_1_350' title='bbox 2965 2264 3241 2305; x_wconf 91' lang='lat' dir='ltr'>numerus</span> <span class='ocrx_word' id='word_1_351' title='bbox 3269 2265 3583 2323; x_wconf 86' lang='lat' dir='ltr'>congrege-</span> 
     </span>
    </p>
   </div>
   <div class='ocr_carea' id='block_1_51' title="bbox 1945 2329 3587 2488">
    <p class='ocr_par' dir='ltr' id='par_1_51' title="bbox 1945 2329 3587 2488">
     <span class='ocr_line' id='line_1_51' title="bbox 1945 2329 3587 2488; baseline 0.004 -94"><span class='ocrx_word' id='word_1_352' title='bbox 1945 2329 2204 2488; x_wconf 51' lang='lat' dir='ltr'>tur.lNec</span> <span class='ocrx_word' id='word_1_353' title='bbox 2232 2339 2421 2396; x_wconf 90' lang='lat' dir='ltr'>alieno</span> <span class='ocrx_word' id='word_1_354' title='bbox 2458 2346 2691 2412; x_wconf 86' lang='lat' dir='ltr'>peccato</span> <span class='ocrx_word' id='word_1_355' title='bbox 2719 2341 3020 2413; x_wconf 89' lang='lat' dir='ltr'>patiamini</span> <span class='ocrx_word' id='word_1_356' title='bbox 3051 2359 3151 2398; x_wconf 90' lang='lat' dir='ltr'>vos</span> <span class='ocrx_word' id='word_1_357' title='bbox 3178 2344 3418 2415; x_wconf 88' lang='lat' dir='ltr'>gravari,</span> <span class='ocrx_word' id='word_1_358' title='bbox 3454 2345 3587 2416; x_wconf 91' lang='lat' dir='ltr'>quia</span> 
     </span>
     <span class='ocr_line' id='line_1_52' title="bbox 1945 2435 3585 2488; baseline 0 0"><span class='ocrx_word' id='word_1_359' title='bbox 1945 2450 2056 2488; x_wconf 88' lang='lat' dir='ltr'>auo</span> <span class='ocrx_word' id='word_1_360' title='bbox 2147 2450 2370 2488; x_wconf 87' lang='lat' dir='ltr'>necesse</span> <span class='ocrx_word' id='word_1_361' title='bbox 2426 2439 2511 2488; x_wconf 87' lang='lat' dir='ltr'>est</span> <span class='ocrx_word' id='word_1_362' title='bbox 2556 2451 2661 2488; x_wconf 89' lang='lat' dir='ltr'>nos</span> <span class='ocrx_word' id='word_1_363' title='bbox 2715 2435 2924 2488; x_wconf 88' lang='lat' dir='ltr'>dicere.</span> <span class='ocrx_word' id='word_1_364' title='bbox 2978 2452 3245 2488; x_wconf 87' lang='lat' dir='ltr'>veremur</span> <span class='ocrx_word' id='word_1_365' title='bbox 3293 2453 3367 2488; x_wconf 87' lang='lat' dir='ltr'>ne</span> <span class='ocrx_word' id='word_1_366' title='bbox 3422 2439 3585 2488; x_wconf 78' lang='lat' dir='ltr'>cuius</span> 
     </span>
    </p>
   </div>
   <div class='ocr_carea' id='block_1_52' title="bbox 1944 2435 3585 2510">
    <p class='ocr_par' dir='ltr' id='par_1_52' title="bbox 1944 2435 3585 2510">
     <span class='ocr_line' id='line_1_53' title="bbox 1944 2435 3585 2510; baseline 0.004 -22"><span class='ocrx_word' id='word_1_367' title='bbox 1944 2435 2097 2506; x_wconf 93' lang='lat' dir='ltr'>quod</span> <span class='ocrx_word' id='word_1_368' title='bbox 2147 2450 2370 2490; x_wconf 87' lang='lat' dir='ltr'>necesse</span> <span class='ocrx_word' id='word_1_369' title='bbox 2426 2439 2511 2490; x_wconf 89' lang='lat' dir='ltr'>est</span> <span class='ocrx_word' id='word_1_370' title='bbox 2556 2451 2661 2490; x_wconf 91' lang='lat' dir='ltr'>nos</span> <span class='ocrx_word' id='word_1_371' title='bbox 2715 2435 2924 2503; x_wconf 90' lang='lat' dir='ltr'>dicere,</span> <span class='ocrx_word' id='word_1_372' title='bbox 2978 2452 3245 2492; x_wconf 87' lang='lat' dir='ltr'>veremur</span> <span class='ocrx_word' id='word_1_373' title='bbox 3293 2453 3367 2493; x_wconf 91' lang='lat' dir='ltr'>ne</span> <span class='ocrx_word' id='word_1_374' title='bbox 3422 2439 3585 2510; x_wconf 88' lang='lat' dir='ltr'>cujus</span> 
     </span>
    </p>
   </div>
   <div class='ocr_carea' id='block_1_53' title="bbox 1942 2527 3583 2601">
    <p class='ocr_par' dir='ltr' id='par_1_53' title="bbox 1942 2527 3583 2601">
     <span class='ocr_line' id='line_1_54' title="bbox 1942 2527 3583 2601; baseline 0.004 -19"><span class='ocrx_word' id='word_1_375' title='bbox 1942 2527 2144 2599; x_wconf 90' lang='lat' dir='ltr'>religio</span> <span class='ocrx_word' id='word_1_376' title='bbox 2175 2527 2501 2600; x_wconf 89' lang='lat' dir='ltr'>dissipatur,</span> <span class='ocrx_word' id='word_1_377' title='bbox 2522 2528 2841 2600; x_wconf 89' lang='lat' dir='ltr'>indignatio</span> <span class='ocrx_word' id='word_1_378' title='bbox 2870 2534 3235 2601; x_wconf 88' lang='lat' dir='ltr'>provocetur.</span> <span class='ocrx_word' id='word_1_379' title='bbox 3254 2532 3376 2587; x_wconf 89' lang='lat' dir='ltr'>Prm</span> <span class='ocrx_word' id='word_1_380' title='bbox 3404 2532 3583 2588; x_wconf 91' lang='lat' dir='ltr'>oculis</span> 
     </span>
    </p>
   </div>
   <div class='ocr_carea' id='block_1_54' title="bbox 1941 2621 3581 2696">
    <p class='ocr_par' dir='ltr' id='par_1_54' title="bbox 1941 2621 3581 2696">
     <span class='ocr_line' id='line_1_55' title="bbox 1941 2621 3581 2696; baseline 0.003 -21"><span class='ocrx_word' id='word_1_381' title='bbox 1941 2621 2146 2677; x_wconf 88' lang='lat' dir='ltr'>habete</span> <span class='ocrx_word' id='word_1_382' title='bbox 2177 2624 2237 2676; x_wconf 90' lang='lat' dir='ltr'>et</span> <span class='ocrx_word' id='word_1_383' title='bbox 2264 2626 2380 2677; x_wconf 91' lang='lat' dir='ltr'>tota</span> <span class='ocrx_word' id='word_1_384' title='bbox 2405 2622 2617 2677; x_wconf 90' lang='lat' dir='ltr'>mentis</span> <span class='ocrx_word' id='word_1_385' title='bbox 2644 2622 2762 2676; x_wconf 89' lang='lat' dir='ltr'>acie</span> <span class='ocrx_word' id='word_1_386' title='bbox 2805 2628 3134 2679; x_wconf 90' lang='lat' dir='ltr'>reverenter</span> <span class='ocrx_word' id='word_1_387' title='bbox 3160 2624 3394 2696; x_wconf 90' lang='lat' dir='ltr'>accipite</span> <span class='ocrx_word' id='word_1_388' title='bbox 3429 2624 3581 2681; x_wconf 89' lang='lat' dir='ltr'>beati</span> 
     </span>
    </p>
   </div>
   <div class='ocr_carea' id='block_1_55' title="bbox 1942 2715 3578 2791">
    <p class='ocr_par' dir='ltr' id='par_1_55' title="bbox 1942 2715 3578 2791">
     <span class='ocr_line' id='line_1_56' title="bbox 1942 2715 3578 2791; baseline 0.002 -20"><span class='ocrx_word' id='word_1_389' title='bbox 1942 2715 2087 2771; x_wconf 90' lang='lat' dir='ltr'>Petri</span> <span class='ocrx_word' id='word_1_390' title='bbox 2116 2715 2357 2787; x_wconf 89' lang='lat' dir='ltr'>gloriam</span> <span class='ocrx_word' id='word_1_391' title='bbox 2384 2719 2442 2771; x_wconf 90' lang='lat' dir='ltr'>et</span> <span class='ocrx_word' id='word_1_392' title='bbox 2471 2732 2805 2771; x_wconf 90' lang='lat' dir='ltr'>communes</span> <span class='ocrx_word' id='word_1_393' title='bbox 2835 2733 2965 2772; x_wconf 93' lang='lat' dir='ltr'>cum</span> <span class='ocrx_word' id='word_1_394' title='bbox 3004 2717 3126 2789; x_wconf 90' lang='lat' dir='ltr'>ipso</span> <span class='ocrx_word' id='word_1_395' title='bbox 3157 2718 3415 2774; x_wconf 89' lang='lat' dir='ltr'>omnium</span> <span class='ocrx_word' id='word_1_396' title='bbox 3444 2736 3578 2791; x_wconf 87' lang='lat' dir='ltr'>apo-</span> 
     </span>
    </p>
   </div>
   <div class='ocr_carea' id='block_1_56' title="bbox 1941 2808 3575 2884">
    <p class='ocr_par' dir='ltr' id='par_1_56' title="bbox 1941 2808 3575 2884">
     <span class='ocr_line' id='line_1_57' title="bbox 1941 2808 3575 2884; baseline 0.002 -20"><span class='ocrx_word' id='word_1_397' title='bbox 1941 2808 2215 2865; x_wconf 89' lang='lat' dir='ltr'>stolorum</span> <span class='ocrx_word' id='word_1_398' title='bbox 2247 2815 2975 2882; x_wconf 89' lang='lat' dir='ltr'>coronas,cunctorumque</span> <span class='ocrx_word' id='word_1_399' title='bbox 2992 2814 3315 2883; x_wconf 83' lang='lat' dir='ltr'>martyrum</span> <span class='ocrx_word' id='word_1_400' title='bbox 3340 2813 3575 2884; x_wconf 91' lang='lat' dir='ltr'>palmas,</span> 
     </span>
    </p>
   </div>
   <div class='ocr_carea' id='block_1_57' title="bbox 1941 2902 3579 2975">
    <p class='ocr_par' dir='ltr' id='par_1_57' title="bbox 1941 2902 3579 2975">
     <span class='ocr_line' id='line_1_58' title="bbox 1941 2902 3579 2975; baseline 0.002 -18"><span class='ocrx_word' id='word_1_401' title='bbox 1941 2902 2146 2973; x_wconf 90' lang='lat' dir='ltr'>quibus</span> <span class='ocrx_word' id='word_1_402' title='bbox 2189 2903 2299 2957; x_wconf 89' lang='lat' dir='ltr'>alia</span> <span class='ocrx_word' id='word_1_403' title='bbox 2338 2920 2454 2959; x_wconf 90' lang='lat' dir='ltr'>non</span> <span class='ocrx_word' id='word_1_404' title='bbox 2483 2903 2593 2958; x_wconf 91' lang='lat' dir='ltr'>fuit</span> <span class='ocrx_word' id='word_1_405' title='bbox 2622 2920 2786 2958; x_wconf 91' lang='lat' dir='ltr'>causa</span> <span class='ocrx_word' id='word_1_406' title='bbox 2828 2903 3102 2975; x_wconf 89' lang='lat' dir='ltr'>patiendi,</span> <span class='ocrx_word' id='word_1_407' title='bbox 3151 2904 3259 2959; x_wconf 91' lang='lat' dir='ltr'>nisi</span> <span class='ocrx_word' id='word_1_408' title='bbox 3303 2906 3579 2961; x_wconf 89' lang='lat' dir='ltr'>confessio</span> 
     </span>
    </p>
   </div>
   <div class='ocr_carea' id='block_1_58' title="bbox 1942 2996 3579 3057">
    <p class='ocr_par' dir='ltr' id='par_1_58' title="bbox 1942 2996 3579 3057">
     <span class='ocr_line' id='line_1_59' title="bbox 1942 2996 3579 3057; baseline 0.003 -7"><span class='ocrx_word' id='word_1_409' title='bbox 1942 3012 2090 3051; x_wconf 87' lang='lat' dir='ltr'>verm</span> <span class='ocrx_word' id='word_1_410' title='bbox 2118 2996 2426 3053; x_wconf 87' lang='lat' dir='ltr'>divinitatis</span> <span class='ocrx_word' id='word_1_411' title='bbox 2454 3000 2512 3052; x_wconf 90' lang='lat' dir='ltr'>et</span> <span class='ocrx_word' id='word_1_412' title='bbox 2539 3013 2689 3053; x_wconf 88' lang='lat' dir='ltr'>verm</span> <span class='ocrx_word' id='word_1_413' title='bbox 2714 2997 3087 3055; x_wconf 84' lang='lat' dir='ltr'>humanitatis</span> <span class='ocrx_word' id='word_1_414' title='bbox 3114 2999 3172 3053; x_wconf 91' lang='lat' dir='ltr'>in</span> <span class='ocrx_word' id='word_1_415' title='bbox 3206 2998 3449 3056; x_wconf 88' lang='lat' dir='ltr'>Christo.</span> <span class='ocrx_word' id='word_1_416' title='bbox 3477 3000 3579 3057; x_wconf 90' lang='lat' dir='ltr'>Cui</span> 
     </span>
    </p>
   </div>
   <div class='ocr_carea' id='block_1_59' title="bbox 1940 3091 3578 3165">
    <p class='ocr_par' dir='ltr' id='par_1_59' title="bbox 1940 3091 3578 3165">
     <span class='ocr_line' id='line_1_60' title="bbox 1940 3091 3578 3165; baseline 0.002 -19"><span class='ocrx_word' id='word_1_417' title='bbox 1940 3093 2295 3147; x_wconf 88' lang='lat' dir='ltr'>sacramento</span> <span class='ocrx_word' id='word_1_418' title='bbox 2326 3091 2462 3163; x_wconf 89' lang='lat' dir='ltr'>quia</span> <span class='ocrx_word' id='word_1_419' title='bbox 2487 3091 2660 3162; x_wconf 91' lang='lat' dir='ltr'>impie</span> <span class='ocrx_word' id='word_1_420' title='bbox 2678 3107 2833 3147; x_wconf 90' lang='lat' dir='ltr'>nunc</span> <span class='ocrx_word' id='word_1_421' title='bbox 2849 3109 2881 3146; x_wconf 92' lang='lat' dir='ltr'>a</span> <span class='ocrx_word' id='word_1_422' title='bbox 2901 3092 3098 3163; x_wconf 90' lang='lat' dir='ltr'>paucis</span> <span class='ocrx_word' id='word_1_423' title='bbox 3122 3091 3578 3165; x_wconf 88' lang='lat' dir='ltr'>imprudentibus</span> 
     </span>
    </p>
   </div>
   <div class='ocr_carea' id='block_1_60' title="bbox 200 3183 3572 3301">
    <p class='ocr_par' dir='ltr' id='par_1_60' title="bbox 200 3183 3572 3301">
     <span class='ocr_line' id='line_1_61' title="bbox 200 3183 3572 3301; baseline 0.002 -64"><span class='ocrx_word' id='word_1_424' title='bbox 200 3183 487 3255; x_wconf 90' lang='lat' dir='ltr'>imperitia</span> <span class='ocrx_word' id='word_1_425' title='bbox 532 3185 680 3238; x_wconf 89' lang='lat' dir='ltr'>ultra</span> <span class='ocrx_word' id='word_1_426' title='bbox 717 3184 1022 3257; x_wconf 89' lang='lat' dir='ltr'>desiperet,</span> <span class='ocrx_word' id='word_1_427' title='bbox 1066 3201 1168 3239; x_wconf 90' lang='lat' dir='ltr'>nec</span> <span class='ocrx_word' id='word_1_428' title='bbox 1196 3184 1549 3241; x_wconf 89' lang='lat' dir='ltr'>occasionem</span> <span class='ocrx_word' id='word_1_429' title='bbox 1595 3186 1836 3241; x_wconf 90' lang='lat' dir='ltr'>nocendi</span> <span class='ocrx_word' id='word_1_430' title='bbox 1858 3227 1913 3301; x_wconf 67' lang='grc' dir='ltr'>Ο</span> <span class='ocrx_word' id='word_1_431' title='bbox 1941 3184 2217 3255; x_wconf 90' lang='lat' dir='ltr'>obviatur,</span> <span class='ocrx_word' id='word_1_432' title='bbox 2254 3202 2453 3240; x_wconf 91' lang='lat' dir='ltr'>omnes</span> <span class='ocrx_word' id='word_1_433' title='bbox 2495 3185 2741 3256; x_wconf 89' lang='lat' dir='ltr'>partium</span> <span class='ocrx_word' id='word_1_434' title='bbox 2784 3186 3032 3241; x_wconf 91' lang='lat' dir='ltr'>ecclesim</span> <span class='ocrx_word' id='word_1_435' title='bbox 3078 3190 3422 3257; x_wconf 90' lang='lat' dir='ltr'>nostrarum,</span> <span class='ocrx_word' id='word_1_436' title='bbox 3452 3205 3572 3243; x_wconf 86' lang='lat' dir='ltr'>om-</span> 
     </span>
     <span class='ocr_line' id='line_1_62' title="bbox 201 3277 3572 3301; baseline 0 0"><span class='ocrx_word' id='word_1_437' title='bbox 201 3277 481 3301; x_wconf 67' lang='lat' dir='ltr'>...._.--I..A:..</span> <span class='ocrx_word' id='word_1_438' title='bbox 514 3278 789 3301; x_wconf 71' lang='lat' dir='ltr'>_-_-_:_-L</span> <span class='ocrx_word' id='word_1_439' title='bbox 839 3279 945 3301; x_wconf 58' lang='grc' dir='ltr'>ο-)</span> <span class='ocrx_word' id='word_1_440' title='bbox 985 3279 1111 3301; x_wconf 77' lang='lat'>.1-___</span> <span class='ocrx_word' id='word_1_441' title='bbox 1146 3278 1375 3301; x_wconf 47' lang='grc' dir='ltr'>-..ἔ-,ιη</span> <span class='ocrx_word' id='word_1_442' title='bbox 1410 3296 1586 3301; x_wconf 61' lang='grc' dir='ltr'>--η-μ</span> <span class='ocrx_word' id='word_1_443' title='bbox 1618 3279 1809 3301; x_wconf 46' lang='grc' dir='ltr'>..Διεμε-</span> <span class='ocrx_word' id='word_1_444' title='bbox 1940 3295 2038 3301; x_wconf 53' lang='grc' dir='ltr'>κ--</span> <span class='ocrx_word' id='word_1_445' title='bbox 2070 3279 2490 3301; x_wconf 54' lang='grc' dir='ltr'>..ΔΑ-----1.--.ΙΞ..Ξ</span> <span class='ocrx_word' id='word_1_446' title='bbox 2520 3282 2715 3301; x_wconf 68' lang='lat'>..--1_._</span> <span class='ocrx_word' id='word_1_447' title='bbox 2752 3296 2871 3301; x_wconf 57' lang='grc' dir='ltr'>---μ</span> <span class='ocrx_word' id='word_1_448' title='bbox 2907 3280 3206 3301; x_wconf 65' lang='grc' dir='ltr'>--..-2ιέ1.---</span> <span class='ocrx_word' id='word_1_449' title='bbox 3238 3286 3281 3301; x_wconf 70' lang='grc' dir='ltr'>,ι</span> <span class='ocrx_word' id='word_1_450' title='bbox 3312 3282 3355 3301; x_wconf 30' lang='lat' dir='ltr'>In</span> <span class='ocrx_word' id='word_1_451' title='bbox 3379 3282 3572 3301; x_wconf 32' lang='lat' dir='ltr'>-ﬂm,m_2,</span> 
     </span>
    </p>
   </div>
   <div class='ocr_carea' id='block_1_61' title="bbox 199 3277 1839 3351">
    <p class='ocr_par' dir='ltr' id='par_1_61' title="bbox 199 3277 1839 3351">
     <span class='ocr_line' id='line_1_63' title="bbox 199 3277 1839 3351; baseline 0.002 -20"><span class='ocrx_word' id='word_1_452' title='bbox 199 3277 486 3331; x_wconf 83' lang='lat' dir='ltr'>mmulatio</span> <span class='ocrx_word' id='word_1_453' title='bbox 514 3278 809 3350; x_wconf 88' lang='lat' dir='ltr'>reperiret.</span> <span class='ocrx_word' id='word_1_454' title='bbox 839 3279 949 3333; x_wconf 93' lang='lat' dir='ltr'>Sed</span> <span class='ocrx_word' id='word_1_455' title='bbox 979 3279 1117 3333; x_wconf 92' lang='lat' dir='ltr'>dum</span> <span class='ocrx_word' id='word_1_456' title='bbox 1146 3278 1380 3350; x_wconf 85' lang='lat' dir='ltr'>privatm</span> <span class='ocrx_word' id='word_1_457' title='bbox 1404 3296 1589 3334; x_wconf 86' lang='lat' dir='ltr'>causm</span> <span class='ocrx_word' id='word_1_458' title='bbox 1618 3279 1839 3351; x_wconf 90' lang='lat' dir='ltr'>religio-</span> 
     </span>
    </p>
   </div>
   <div class='ocr_carea' id='block_1_62' title="bbox 198 3370 1836 3445">
    <p class='ocr_par' dir='ltr' id='par_1_62' title="bbox 198 3370 1836 3445">
     <span class='ocr_line' id='line_1_64' title="bbox 198 3370 1836 3445; baseline 0.001 -20"><span class='ocrx_word' id='word_1_459' title='bbox 198 3370 283 3425; x_wconf 89' lang='lat' dir='ltr'>nis</span> <span class='ocrx_word' id='word_1_460' title='bbox 315 3374 657 3426; x_wconf 86' lang='lat' dir='ltr'>exercentur</span> <span class='ocrx_word' id='word_1_461' title='bbox 704 3371 962 3439; x_wconf 89' lang='lat' dir='ltr'>obtentu,</span> <span class='ocrx_word' id='word_1_462' title='bbox 1006 3372 1377 3427; x_wconf 89' lang='lat' dir='ltr'>commissum</span> <span class='ocrx_word' id='word_1_463' title='bbox 1417 3376 1501 3427; x_wconf 89' lang='lat' dir='ltr'>est</span> <span class='ocrx_word' id='word_1_464' title='bbox 1543 3372 1836 3445; x_wconf 88' lang='lat' dir='ltr'>impietate</span> 
     </span>
    </p>
   </div>
   <div class='ocr_carea' id='block_1_63' title="bbox 195 3465 1833 3537">
    <p class='ocr_par' dir='ltr' id='par_1_63' title="bbox 195 3465 1833 3537">
     <span class='ocr_line' id='line_1_65' title="bbox 195 3465 1833 3537; baseline 0.002 -20"><span class='ocrx_word' id='word_1_465' title='bbox 195 3481 509 3537; x_wconf 88' lang='lat' dir='ltr'>paucorum</span> <span class='ocrx_word' id='word_1_466' title='bbox 559 3465 711 3537; x_wconf 89' lang='lat' dir='ltr'>quod</span> <span class='ocrx_word' id='word_1_467' title='bbox 756 3465 1080 3520; x_wconf 89' lang='lat' dir='ltr'>universam</span> <span class='ocrx_word' id='word_1_468' title='bbox 1139 3466 1442 3521; x_wconf 89' lang='lat' dir='ltr'>Ecclesiam</span> <span class='ocrx_word' id='word_1_469' title='bbox 1492 3466 1833 3521; x_wconf 87' lang='lat' dir='ltr'>vulneraret.</span> 
     </span>
    </p>
   </div>
   <div class='ocr_carea' id='block_1_64' title="bbox 193 3558 1833 3631">
    <p class='ocr_par' dir='ltr' id='par_1_64' title="bbox 193 3558 1833 3631">
     <span class='ocr_line' id='line_1_66' title="bbox 193 3558 1833 3631; baseline 0.001 -18"><span class='ocrx_word' id='word_1_470' title='bbox 193 3558 587 3631; x_wconf 90' lang='lat' dir='ltr'>Comperimus</span> <span class='ocrx_word' id='word_1_471' title='bbox 616 3558 770 3613; x_wconf 92' lang='lat' dir='ltr'>enim</span> <span class='ocrx_word' id='word_1_472' title='bbox 818 3576 934 3615; x_wconf 91' lang='lat' dir='ltr'>non</span> <span class='ocrx_word' id='word_1_473' title='bbox 964 3559 1182 3615; x_wconf 87' lang='lat' dir='ltr'>incerto</span> <span class='ocrx_word' id='word_1_474' title='bbox 1226 3559 1446 3629; x_wconf 91' lang='lat' dir='ltr'>nuntio,</span> <span class='ocrx_word' id='word_1_475' title='bbox 1496 3560 1592 3614; x_wconf 91' lang='lat' dir='ltr'>sed</span> <span class='ocrx_word' id='word_1_476' title='bbox 1624 3560 1833 3614; x_wconf 82' lang='lat' dir='ltr'>fidelis-</span> 
     </span>
    </p>
   </div>
   <div class='ocr_carea' id='block_1_65' title="bbox 194 3653 1834 3725">
    <p class='ocr_par' dir='ltr' id='par_1_65' title="bbox 194 3653 1834 3725">
     <span class='ocr_line' id='line_1_67' title="bbox 194 3653 1834 3725; baseline 0.001 -18"><span class='ocrx_word' id='word_1_477' title='bbox 194 3653 334 3707; x_wconf 89' lang='lat' dir='ltr'>simo</span> <span class='ocrx_word' id='word_1_478' title='bbox 358 3669 558 3707; x_wconf 88' lang='lat' dir='ltr'>rerum</span> <span class='ocrx_word' id='word_1_479' title='bbox 584 3670 713 3725; x_wconf 83' lang='lat' dir='ltr'>qum</span> <span class='ocrx_word' id='word_1_480' title='bbox 757 3656 933 3723; x_wconf 82' lang='lat' dir='ltr'>gestm</span> <span class='ocrx_word' id='word_1_481' title='bbox 963 3657 1114 3721; x_wconf 91' lang='lat' dir='ltr'>sunt,</span> <span class='ocrx_word' id='word_1_482' title='bbox 1148 3657 1442 3709; x_wconf 90' lang='lat' dir='ltr'>narratore</span> <span class='ocrx_word' id='word_1_483' title='bbox 1469 3654 1681 3708; x_wconf 85' lang='lat' dir='ltr'>Hilario</span> <span class='ocrx_word' id='word_1_484' title='bbox 1712 3654 1834 3708; x_wconf 87' lang='lat' dir='ltr'>dia-</span> 
     </span>
    </p>
   </div>
   <div class='ocr_carea' id='block_1_66' title="bbox 195 3747 1829 3819">
    <p class='ocr_par' dir='ltr' id='par_1_66' title="bbox 195 3747 1829 3819">
     <span class='ocr_line' id='line_1_68' title="bbox 195 3747 1829 3819; baseline 0.001 -18"><span class='ocrx_word' id='word_1_485' title='bbox 195 3763 334 3802; x_wconf 90' lang='lat' dir='ltr'>cono</span> <span class='ocrx_word' id='word_1_486' title='bbox 371 3752 573 3801; x_wconf 91' lang='lat' dir='ltr'>nostro</span> <span class='ocrx_word' id='word_1_487' title='bbox 617 3748 715 3819; x_wconf 91' lang='lat' dir='ltr'>qui</span> <span class='ocrx_word' id='word_1_488' title='bbox 746 3748 839 3802; x_wconf 87' lang='lat' dir='ltr'>vix</span> <span class='ocrx_word' id='word_1_489' title='bbox 865 3764 937 3803; x_wconf 92' lang='lat' dir='ltr'>ne</span> <span class='ocrx_word' id='word_1_490' title='bbox 967 3747 1318 3803; x_wconf 90' lang='lat' dir='ltr'>subscribere</span> <span class='ocrx_word' id='word_1_491' title='bbox 1347 3753 1667 3819; x_wconf 86' lang='lat' dir='ltr'>cogeretur,</span> <span class='ocrx_word' id='word_1_492' title='bbox 1692 3748 1829 3803; x_wconf 80' lang='lat' dir='ltr'>effu-</span> 
     </span>
    </p>
   </div>
   <div class='ocr_carea' id='block_1_67' title="bbox 195 3841 1833 3913">
    <p class='ocr_par' dir='ltr' id='par_1_67' title="bbox 195 3841 1833 3913">
     <span class='ocr_line' id='line_1_69' title="bbox 195 3841 1833 3913; baseline 0.002 -19"><span class='ocrx_word' id='word_1_493' title='bbox 195 3841 294 3912; x_wconf 85' lang='lat' dir='ltr'>git,</span> <span class='ocrx_word' id='word_1_494' title='bbox 348 3841 683 3896; x_wconf 88' lang='lat' dir='ltr'>convenisse</span> <span class='ocrx_word' id='word_1_495' title='bbox 732 3841 805 3896; x_wconf 92' lang='lat' dir='ltr'>ad</span> <span class='ocrx_word' id='word_1_496' title='bbox 859 3842 1139 3913; x_wconf 82' lang='lat' dir='ltr'>synodum</span> <span class='ocrx_word' id='word_1_497' title='bbox 1196 3841 1472 3913; x_wconf 84' lang='lat' dir='ltr'>plurimos</span> <span class='ocrx_word' id='word_1_498' title='bbox 1518 3842 1833 3898; x_wconf 89' lang='lat' dir='ltr'>sacerdotes</span> 
     </span>
    </p>
   </div>
   <div class='ocr_carea' id='block_1_68' title="bbox 192 3934 1828 4007">
    <p class='ocr_par' dir='ltr' id='par_1_68' title="bbox 192 3934 1828 4007">
     <span class='ocr_line' id='line_1_70' title="bbox 192 3934 1828 4007; baseline 0.001 -17"><span class='ocrx_word' id='word_1_499' title='bbox 192 3952 439 4006; x_wconf 87' lang='lat' dir='ltr'>quorum</span> <span class='ocrx_word' id='word_1_500' title='bbox 466 3934 667 4006; x_wconf 87' lang='lat' dir='ltr'>utique</span> <span class='ocrx_word' id='word_1_501' title='bbox 700 3936 1021 4007; x_wconf 87' lang='lat' dir='ltr'>frequentia</span> <span class='ocrx_word' id='word_1_502' title='bbox 1050 3935 1335 3990; x_wconf 92' lang='lat' dir='ltr'>collationi</span> <span class='ocrx_word' id='word_1_503' title='bbox 1374 3939 1431 3989; x_wconf 91' lang='lat' dir='ltr'>et</span> <span class='ocrx_word' id='word_1_504' title='bbox 1452 3936 1665 4007; x_wconf 89' lang='lat' dir='ltr'>judicio</span> <span class='ocrx_word' id='word_1_505' title='bbox 1695 3953 1828 4007; x_wconf 91' lang='lat' dir='ltr'>pro-</span> 
     </span>
    </p>
   </div>
   <div class='ocr_carea' id='block_1_69' title="bbox 191 4029 1827 4101">
    <p class='ocr_par' dir='ltr' id='par_1_69' title="bbox 191 4029 1827 4101">
     <span class='ocr_line' id='line_1_71' title="bbox 191 4029 1827 4101; baseline 0.001 -18"><span class='ocrx_word' id='word_1_506' title='bbox 191 4029 407 4097; x_wconf 87' lang='lat' dir='ltr'>fuisset,</span> <span class='ocrx_word' id='word_1_507' title='bbox 440 4029 489 4084; x_wconf 90' lang='lat' dir='ltr'>si</span> <span class='ocrx_word' id='word_1_508' title='bbox 518 4029 563 4084; x_wconf 91' lang='lat' dir='ltr'>is</span> <span class='ocrx_word' id='word_1_509' title='bbox 588 4029 687 4101; x_wconf 89' lang='lat' dir='ltr'>qui</span> <span class='ocrx_word' id='word_1_510' title='bbox 717 4029 824 4085; x_wconf 89' lang='lat' dir='ltr'>sibi</span> <span class='ocrx_word' id='word_1_511' title='bbox 850 4030 1036 4085; x_wconf 93' lang='lat' dir='ltr'>locum</span> <span class='ocrx_word' id='word_1_512' title='bbox 1072 4029 1454 4101; x_wconf 88' lang='lat' dir='ltr'>principalem</span> <span class='ocrx_word' id='word_1_513' title='bbox 1488 4029 1827 4099; x_wconf 88' lang='lat' dir='ltr'>vindicabat,</span> 
     </span>
    </p>
   </div>
   <div class='ocr_carea' id='block_1_70' title="bbox 192 4122 1828 4191">
    <p class='ocr_par' dir='ltr' id='par_1_70' title="bbox 192 4122 1828 4191">
     <span class='ocr_line' id='line_1_72' title="bbox 192 4122 1828 4191; baseline 0.002 -15"><span class='ocrx_word' id='word_1_514' title='bbox 192 4122 607 4178; x_wconf 89' lang='lat' dir='ltr'>sacerdotalem</span> <span class='ocrx_word' id='word_1_515' title='bbox 632 4123 1085 4179; x_wconf 87' lang='lat' dir='ltr'>moderationem</span> <span class='ocrx_word' id='word_1_516' title='bbox 1116 4122 1401 4177; x_wconf 90' lang='lat' dir='ltr'>custodire</span> <span class='ocrx_word' id='word_1_517' title='bbox 1426 4124 1714 4191; x_wconf 89' lang='lat' dir='ltr'>voluisset,</span> <span class='ocrx_word' id='word_1_518' title='bbox 1743 4128 1828 4191; x_wconf 86' lang='lat' dir='ltr'>ut,</span> 
     </span>
    </p>
   </div>
   <div class='ocr_carea' id='block_1_71' title="bbox 190 4215 1827 4287">
    <p class='ocr_par' dir='ltr' id='par_1_71' title="bbox 190 4215 1827 4287">
     <span class='ocr_line' id='line_1_73' title="bbox 190 4215 1827 4287; baseline 0.001 -17"><span class='ocrx_word' id='word_1_519' title='bbox 190 4217 333 4271; x_wconf 87' lang='lat' dir='ltr'>sicut</span> <span class='ocrx_word' id='word_1_520' title='bbox 359 4216 538 4271; x_wconf 90' lang='lat' dir='ltr'>moris</span> <span class='ocrx_word' id='word_1_521' title='bbox 563 4222 667 4285; x_wconf 89' lang='lat' dir='ltr'>est,</span> <span class='ocrx_word' id='word_1_522' title='bbox 695 4217 952 4271; x_wconf 91' lang='lat' dir='ltr'>omnium</span> <span class='ocrx_word' id='word_1_523' title='bbox 982 4215 1277 4272; x_wconf 88' lang='lat' dir='ltr'>sententiis</span> <span class='ocrx_word' id='word_1_524' title='bbox 1303 4233 1369 4271; x_wconf 87' lang='lat' dir='ltr'>ex</span> <span class='ocrx_word' id='word_1_525' title='bbox 1401 4216 1664 4271; x_wconf 91' lang='lat' dir='ltr'>libertate</span> <span class='ocrx_word' id='word_1_526' title='bbox 1692 4234 1827 4287; x_wconf 85' lang='lat' dir='ltr'>pro-</span> 
     </span>
    </p>
   </div>
   <div class='ocr_carea' id='block_1_72' title="bbox 192 4310 1830 4383">
    <p class='ocr_par' dir='ltr' id='par_1_72' title="bbox 192 4310 1830 4383">
     <span class='ocr_line' id='line_1_74' title="bbox 192 4310 1830 4383; baseline 0.001 -20"><span class='ocrx_word' id='word_1_527' title='bbox 192 4310 334 4377; x_wconf 85' lang='lat' dir='ltr'>latis,</span> <span class='ocrx_word' id='word_1_528' title='bbox 368 4311 427 4365; x_wconf 91' lang='lat' dir='ltr'>id</span> <span class='ocrx_word' id='word_1_529' title='bbox 470 4310 777 4383; x_wconf 88' lang='lat' dir='ltr'>tranquillo</span> <span class='ocrx_word' id='word_1_530' title='bbox 821 4316 876 4366; x_wconf 88' lang='lat' dir='ltr'>et</span> <span class='ocrx_word' id='word_1_531' title='bbox 901 4328 1065 4383; x_wconf 87' lang='lat' dir='ltr'>mquo</span> <span class='ocrx_word' id='word_1_532' title='bbox 1094 4310 1532 4366; x_wconf 90' lang='lat' dir='ltr'>constitueretur</span> <span class='ocrx_word' id='word_1_533' title='bbox 1568 4310 1830 4365; x_wconf 88' lang='lat' dir='ltr'>examine</span> 
     </span>
    </p>
   </div>
   <div class='ocr_carea' id='block_1_73' title="bbox 191 4403 1824 4475">
    <p class='ocr_par' dir='ltr' id='par_1_73' title="bbox 191 4403 1824 4475">
     <span class='ocr_line' id='line_1_75' title="bbox 191 4403 1824 4475; baseline -0.001 -16"><span class='ocrx_word' id='word_1_534' title='bbox 191 4404 339 4475; x_wconf 86' lang='lat' dir='ltr'>quod</span> <span class='ocrx_word' id='word_1_535' title='bbox 368 4408 428 4459; x_wconf 89' lang='lat' dir='ltr'>et</span> <span class='ocrx_word' id='word_1_536' title='bbox 452 4404 587 4459; x_wconf 83' lang='lat' dir='ltr'>ﬁdei</span> <span class='ocrx_word' id='word_1_537' title='bbox 617 4408 979 4475; x_wconf 88' lang='lat' dir='ltr'>congrueret,</span> <span class='ocrx_word' id='word_1_538' title='bbox 1025 4408 1083 4459; x_wconf 91' lang='lat' dir='ltr'>et</span> <span class='ocrx_word' id='word_1_539' title='bbox 1113 4404 1437 4459; x_wconf 88' lang='lat' dir='ltr'>errantibus</span> <span class='ocrx_word' id='word_1_540' title='bbox 1482 4403 1824 4460; x_wconf 88' lang='lat' dir='ltr'>subveniret.</span> 
     </span>
    </p>
   </div>
   <div class='ocr_carea' id='block_1_74' title="bbox 189 4497 1829 4569">
    <p class='ocr_par' dir='ltr' id='par_1_74' title="bbox 189 4497 1829 4569">
     <span class='ocr_line' id='line_1_76' title="bbox 189 4497 1829 4569; baseline -0.002 -15"><span class='ocrx_word' id='word_1_541' title='bbox 189 4500 248 4554; x_wconf 90' lang='lat' dir='ltr'><strong>In</strong></span> <span class='ocrx_word' id='word_1_542' title='bbox 278 4498 403 4569; x_wconf 87' lang='lat' dir='ltr'>ipso</span> <span class='ocrx_word' id='word_1_543' title='bbox 433 4501 629 4553; x_wconf 89' lang='lat' dir='ltr'>autem</span> <span class='ocrx_word' id='word_1_544' title='bbox 649 4498 867 4569; x_wconf 90' lang='lat' dir='ltr'>judicio</span> <span class='ocrx_word' id='word_1_545' title='bbox 910 4515 1025 4553; x_wconf 91' lang='lat' dir='ltr'>non</span> <span class='ocrx_word' id='word_1_546' title='bbox 1071 4514 1269 4553; x_wconf 91' lang='lat' dir='ltr'>omnes</span> <span class='ocrx_word' id='word_1_547' title='bbox 1300 4497 1397 4569; x_wconf 92' lang='lat' dir='ltr'>qui</span> <span class='ocrx_word' id='word_1_548' title='bbox 1442 4502 1829 4553; x_wconf 90' lang='lat' dir='ltr'>convenerant</span> 
     </span>
    </p>
   </div>
   <div class='ocr_carea' id='block_1_75' title="bbox 1938 3279 3577 3353">
    <p class='ocr_par' dir='ltr' id='par_1_75' title="bbox 1938 3279 3577 3353">
     <span class='ocr_line' id='line_1_77' title="bbox 1938 3279 3577 3353; baseline 0.002 -20"><span class='ocrx_word' id='word_1_549' title='bbox 1938 3295 2041 3333; x_wconf 90' lang='lat' dir='ltr'>nes</span> <span class='ocrx_word' id='word_1_550' title='bbox 2068 3279 2493 3336; x_wconf 91' lang='lat' dir='ltr'>mansuetudini</span> <span class='ocrx_word' id='word_1_551' title='bbox 2520 3282 2719 3333; x_wconf 86' lang='lat' dir='ltr'>vestrm</span> <span class='ocrx_word' id='word_1_552' title='bbox 2746 3296 2876 3334; x_wconf 92' lang='lat' dir='ltr'>cum</span> <span class='ocrx_word' id='word_1_553' title='bbox 2901 3280 3209 3351; x_wconf 89' lang='lat' dir='ltr'>gemitibus</span> <span class='ocrx_word' id='word_1_554' title='bbox 3229 3286 3286 3337; x_wconf 91' lang='lat' dir='ltr'>et</span> <span class='ocrx_word' id='word_1_555' title='bbox 3311 3282 3577 3353; x_wconf 89' lang='lat' dir='ltr'>lacrymis</span> 
     </span>
    </p>
   </div>
   <div class='ocr_carea' id='block_1_76' title="bbox 1938 3371 3570 3444">
    <p class='ocr_par' dir='ltr' id='par_1_76' title="bbox 1938 3371 3570 3444">
     <span class='ocr_line' id='line_1_78' title="bbox 1938 3371 3570 3444; baseline 0.003 -19"><span class='ocrx_word' id='word_1_556' title='bbox 1938 3371 2255 3442; x_wconf 89' lang='lat' dir='ltr'>supplicant</span> <span class='ocrx_word' id='word_1_557' title='bbox 2299 3372 2641 3439; x_wconf 89' lang='lat' dir='ltr'>sacerdotes,</span> <span class='ocrx_word' id='word_1_558' title='bbox 2673 3376 2740 3427; x_wconf 93' lang='lat' dir='ltr'>ut</span> <span class='ocrx_word' id='word_1_559' title='bbox 2781 3372 2881 3444; x_wconf 89' lang='lat' dir='ltr'>qui</span> <span class='ocrx_word' id='word_1_560' title='bbox 2910 3376 2967 3428; x_wconf 90' lang='lat' dir='ltr'>et</span> <span class='ocrx_word' id='word_1_561' title='bbox 2991 3374 3173 3429; x_wconf 89' lang='lat' dir='ltr'>nostri</span> <span class='ocrx_word' id='word_1_562' title='bbox 3209 3374 3456 3430; x_wconf 80' lang='lat' dir='ltr'>fideliter</span> <span class='ocrx_word' id='word_1_563' title='bbox 3481 3392 3570 3430; x_wconf 90' lang='lat' dir='ltr'>re-</span> 
     </span>
    </p>
   </div>
   <div class='ocr_carea' id='block_1_77' title="bbox 1937 3465 3574 3539">
    <p class='ocr_par' dir='ltr' id='par_1_77' title="bbox 1937 3465 3574 3539">
     <span class='ocr_line' id='line_1_79' title="bbox 1937 3465 3574 3539; baseline 0.002 -20"><span class='ocrx_word' id='word_1_564' title='bbox 1937 3465 2272 3533; x_wconf 89' lang='lat' dir='ltr'>clamarunt,</span> <span class='ocrx_word' id='word_1_565' title='bbox 2302 3469 2359 3520; x_wconf 93' lang='lat' dir='ltr'>et</span> <span class='ocrx_word' id='word_1_566' title='bbox 2397 3465 2608 3521; x_wconf 92' lang='lat' dir='ltr'>eisdem</span> <span class='ocrx_word' id='word_1_567' title='bbox 2634 3465 2894 3521; x_wconf 91' lang='lat' dir='ltr'>libellum</span> <span class='ocrx_word' id='word_1_568' title='bbox 2927 3467 3323 3539; x_wconf 91' lang='lat' dir='ltr'>appellationis</span> <span class='ocrx_word' id='word_1_569' title='bbox 3363 3469 3574 3523; x_wconf 88' lang='lat' dir='ltr'>Flavia-</span> 
     </span>
    </p>
   </div>
   <div class='ocr_carea' id='block_1_78' title="bbox 1934 3559 3575 3633">
    <p class='ocr_par' dir='ltr' id='par_1_78' title="bbox 1934 3559 3575 3633">
     <span class='ocr_line' id='line_1_80' title="bbox 1934 3559 3575 3633; baseline 0.002 -19"><span class='ocrx_word' id='word_1_570' title='bbox 1934 3576 2041 3614; x_wconf 91' lang='lat' dir='ltr'>nus</span> <span class='ocrx_word' id='word_1_571' title='bbox 2086 3559 2381 3631; x_wconf 91' lang='lat' dir='ltr'>episcopus</span> <span class='ocrx_word' id='word_1_572' title='bbox 2426 3559 2599 3627; x_wconf 88' lang='lat' dir='ltr'>dedit,</span> <span class='ocrx_word' id='word_1_573' title='bbox 2648 3560 2972 3631; x_wconf 90' lang='lat' dir='ltr'>generalem</span> <span class='ocrx_word' id='word_1_574' title='bbox 3015 3561 3300 3632; x_wconf 86' lang='lat' dir='ltr'>synodum</span> <span class='ocrx_word' id='word_1_575' title='bbox 3322 3562 3575 3633; x_wconf 90' lang='lat' dir='ltr'>jubeatis</span> 
     </span>
    </p>
   </div>
   <div class='ocr_carea' id='block_1_79' title="bbox 1935 3652 3571 3725">
    <p class='ocr_par' dir='ltr' id='par_1_79' title="bbox 1935 3652 3571 3725">
     <span class='ocr_line' id='line_1_81' title="bbox 1935 3652 3571 3725; baseline 0.002 -18"><span class='ocrx_word' id='word_1_576' title='bbox 1935 3652 2085 3707; x_wconf 89' lang='lat' dir='ltr'>intra</span> <span class='ocrx_word' id='word_1_577' title='bbox 2129 3652 2346 3707; x_wconf 84' lang='lat' dir='ltr'>Italiam</span> <span class='ocrx_word' id='word_1_578' title='bbox 2373 3652 2670 3723; x_wconf 91' lang='lat' dir='ltr'>celebrari,</span> <span class='ocrx_word' id='word_1_579' title='bbox 2718 3670 2846 3725; x_wconf 90' lang='lat' dir='ltr'>qum</span> <span class='ocrx_word' id='word_1_580' title='bbox 2875 3670 3073 3709; x_wconf 91' lang='lat' dir='ltr'>omnes</span> <span class='ocrx_word' id='word_1_581' title='bbox 3113 3655 3455 3711; x_wconf 78' lang='lat' dir='ltr'>offensiones</span> <span class='ocrx_word' id='word_1_582' title='bbox 3492 3656 3571 3711; x_wconf 89' lang='lat' dir='ltr'>ita</span> 
     </span>
    </p>
   </div>
   <div class='ocr_carea' id='block_1_80' title="bbox 1932 3746 3571 3821">
    <p class='ocr_par' dir='ltr' id='par_1_80' title="bbox 1932 3746 3571 3821">
     <span class='ocr_line' id='line_1_82' title="bbox 1932 3746 3571 3821; baseline 0.003 -21"><span class='ocrx_word' id='word_1_583' title='bbox 1932 3750 2032 3801; x_wconf 90' lang='lat' dir='ltr'>aut</span> <span class='ocrx_word' id='word_1_584' title='bbox 2062 3747 2294 3818; x_wconf 87' lang='lat' dir='ltr'>repellat</span> <span class='ocrx_word' id='word_1_585' title='bbox 2337 3750 2437 3801; x_wconf 88' lang='lat' dir='ltr'>aut</span> <span class='ocrx_word' id='word_1_586' title='bbox 2461 3746 2703 3818; x_wconf 86' lang='lat' dir='ltr'>mitiget,</span> <span class='ocrx_word' id='word_1_587' title='bbox 2739 3765 2811 3802; x_wconf 92' lang='lat' dir='ltr'>ne</span> <span class='ocrx_word' id='word_1_588' title='bbox 2840 3748 3056 3821; x_wconf 90' lang='lat' dir='ltr'>aliquid</span> <span class='ocrx_word' id='word_1_589' title='bbox 3093 3749 3245 3821; x_wconf 61' lang='lat' dir='ltr'>ultra</span> <span class='ocrx_word' id='word_1_590' title='bbox 3269 3749 3359 3817; x_wconf 91' lang='lat' dir='ltr'>sit,</span> <span class='ocrx_word' id='word_1_591' title='bbox 3394 3749 3482 3805; x_wconf 88' lang='lat' dir='ltr'>vel</span> <span class='ocrx_word' id='word_1_592' title='bbox 3514 3750 3571 3805; x_wconf 91' lang='lat' dir='ltr'>in</span> 
     </span>
    </p>
   </div>
   <div class='ocr_carea' id='block_1_81' title="bbox 1932 3840 3577 3910">
    <p class='ocr_par' dir='ltr' id='par_1_81' title="bbox 1932 3840 3577 3910">
     <span class='ocr_line' id='line_1_83' title="bbox 1932 3840 3577 3910; baseline 0.002 -14"><span class='ocrx_word' id='word_1_593' title='bbox 1932 3840 2044 3896; x_wconf 86' lang='lat' dir='ltr'>fide</span> <span class='ocrx_word' id='word_1_594' title='bbox 2071 3840 2329 3910; x_wconf 91' lang='lat' dir='ltr'>dubium,</span> <span class='ocrx_word' id='word_1_595' title='bbox 2358 3841 2443 3896; x_wconf 90' lang='lat' dir='ltr'>vel</span> <span class='ocrx_word' id='word_1_596' title='bbox 2485 3840 2546 3896; x_wconf 93' lang='lat' dir='ltr'>in</span> <span class='ocrx_word' id='word_1_597' title='bbox 2572 3841 2849 3897; x_wconf 86' lang='lat' dir='ltr'>charitate</span> <span class='ocrx_word' id='word_1_598' title='bbox 2887 3842 3151 3898; x_wconf 91' lang='lat' dir='ltr'>divisum.</span> <span class='ocrx_word' id='word_1_599' title='bbox 3172 3840 3577 3910; x_wconf 64' lang='lat' dir='ltr'>lionvenienti-</span> 
     </span>
    </p>
   </div>
   <div class='ocr_carea' id='block_1_82' title="bbox 1932 3934 3570 4010">
    <p class='ocr_par' dir='ltr' id='par_1_82' title="bbox 1932 3934 3570 4010">
     <span class='ocr_line' id='line_1_84' title="bbox 1932 3934 3570 4010; baseline 0.001 -20"><span class='ocrx_word' id='word_1_600' title='bbox 1932 3936 2038 3990; x_wconf 89' lang='lat' dir='ltr'>bus</span> <span class='ocrx_word' id='word_1_601' title='bbox 2095 3935 2294 4007; x_wconf 90' lang='lat' dir='ltr'>utique</span> <span class='ocrx_word' id='word_1_602' title='bbox 2345 3934 2714 3991; x_wconf 91' lang='lat' dir='ltr'>orientalium</span> <span class='ocrx_word' id='word_1_603' title='bbox 2783 3937 3205 4008; x_wconf 88' lang='lat' dir='ltr'>provinciarum</span> <span class='ocrx_word' id='word_1_604' title='bbox 3271 3937 3570 4010; x_wconf 90' lang='lat' dir='ltr'>episcopis,</span> 
     </span>
    </p>
   </div>
   <div class='ocr_carea' id='block_1_83' title="bbox 1932 4029 3566 4103">
    <p class='ocr_par' dir='ltr' id='par_1_83' title="bbox 1932 4029 3566 4103">
     <span class='ocr_line' id='line_1_85' title="bbox 1932 4029 3566 4103; baseline 0.002 -20"><span class='ocrx_word' id='word_1_605' title='bbox 1932 4046 2182 4101; x_wconf 88' lang='lat' dir='ltr'>quorum</span> <span class='ocrx_word' id='word_1_606' title='bbox 2226 4030 2272 4085; x_wconf 92' lang='lat' dir='ltr'>si</span> <span class='ocrx_word' id='word_1_607' title='bbox 2309 4029 2409 4102; x_wconf 93' lang='lat' dir='ltr'>qui</span> <span class='ocrx_word' id='word_1_608' title='bbox 2435 4030 2683 4102; x_wconf 91' lang='lat' dir='ltr'>superati</span> <span class='ocrx_word' id='word_1_609' title='bbox 2708 4031 2879 4086; x_wconf 87' lang='lat' dir='ltr'>minis</span> <span class='ocrx_word' id='word_1_610' title='bbox 2903 4034 3077 4103; x_wconf 90' lang='lat' dir='ltr'>atque</span> <span class='ocrx_word' id='word_1_611' title='bbox 3104 4031 3329 4103; x_wconf 91' lang='lat' dir='ltr'>injuriis</span> <span class='ocrx_word' id='word_1_612' title='bbox 3358 4048 3390 4086; x_wconf 92' lang='lat' dir='ltr'>a</span> <span class='ocrx_word' id='word_1_613' title='bbox 3424 4032 3566 4088; x_wconf 91' lang='lat' dir='ltr'>veri-</span> 
     </span>
    </p>
   </div>
   <div class='ocr_carea' id='block_1_84' title="bbox 1935 4123 3571 4194">
    <p class='ocr_par' dir='ltr' id='par_1_84' title="bbox 1935 4123 3571 4194">
     <span class='ocr_line' id='line_1_86' title="bbox 1935 4123 3571 4194; baseline 0.002 -17"><span class='ocrx_word' id='word_1_614' title='bbox 1935 4123 2061 4178; x_wconf 84' lang='lat' dir='ltr'>tatis</span> <span class='ocrx_word' id='word_1_615' title='bbox 2108 4124 2335 4180; x_wconf 88' lang='lat' dir='ltr'>tramite</span> <span class='ocrx_word' id='word_1_616' title='bbox 2399 4125 2720 4194; x_wconf 89' lang='lat' dir='ltr'>deviarunt,</span> <span class='ocrx_word' id='word_1_617' title='bbox 2781 4125 3116 4180; x_wconf 88' lang='lat' dir='ltr'>salutaribus</span> <span class='ocrx_word' id='word_1_618' title='bbox 3187 4125 3451 4182; x_wconf 90' lang='lat' dir='ltr'>remediis</span> <span class='ocrx_word' id='word_1_619' title='bbox 3514 4126 3571 4181; x_wconf 88' lang='lat' dir='ltr'>in</span> 
     </span>
    </p>
   </div>
   <div class='ocr_carea' id='block_1_85' title="bbox 1930 4218 3572 4292">
    <p class='ocr_par' dir='ltr' id='par_1_85' title="bbox 1930 4218 3572 4292">
     <span class='ocr_line' id='line_1_87' title="bbox 1930 4218 3572 4292; baseline 0.003 -21"><span class='ocrx_word' id='word_1_620' title='bbox 1930 4218 2221 4288; x_wconf 87' lang='lat' dir='ltr'>integrum</span> <span class='ocrx_word' id='word_1_621' title='bbox 2269 4222 2626 4286; x_wconf 90' lang='lat' dir='ltr'>revocentur,</span> <span class='ocrx_word' id='word_1_622' title='bbox 2677 4218 2923 4291; x_wconf 90' lang='lat' dir='ltr'>ipsique,</span> <span class='ocrx_word' id='word_1_623' title='bbox 2976 4236 3226 4292; x_wconf 89' lang='lat' dir='ltr'>quorum</span> <span class='ocrx_word' id='word_1_624' title='bbox 3276 4225 3363 4275; x_wconf 92' lang='lat' dir='ltr'>est</span> <span class='ocrx_word' id='word_1_625' title='bbox 3399 4237 3572 4276; x_wconf 85' lang='lat' dir='ltr'>causa</span> 
     </span>
    </p>
   </div>
   <div class='ocr_carea' id='block_1_86' title="bbox 1930 4310 3571 4384">
    <p class='ocr_par' dir='ltr' id='par_1_86' title="bbox 1930 4310 3571 4384">
     <span class='ocr_line' id='line_1_88' title="bbox 1930 4310 3571 4384; baseline 0.004 -20"><span class='ocrx_word' id='word_1_626' title='bbox 1930 4310 2123 4365; x_wconf 86' lang='lat' dir='ltr'>durior</span> <span class='ocrx_word' id='word_1_627' title='bbox 2151 4312 2197 4365; x_wconf 90' lang='lat' dir='ltr'>si</span> <span class='ocrx_word' id='word_1_628' title='bbox 2226 4312 2474 4366; x_wconf 90' lang='lat' dir='ltr'>consiliis</span> <span class='ocrx_word' id='word_1_629' title='bbox 2510 4312 2839 4367; x_wconf 90' lang='lat' dir='ltr'>melioribus</span> <span class='ocrx_word' id='word_1_630' title='bbox 2879 4312 3262 4384; x_wconf 87' lang='lat' dir='ltr'>acquiescant,</span> <span class='ocrx_word' id='word_1_631' title='bbox 3290 4313 3359 4367; x_wconf 91' lang='lat' dir='ltr'>ab</span> <span class='ocrx_word' id='word_1_632' title='bbox 3390 4315 3571 4371; x_wconf 88' lang='lat' dir='ltr'>Eccle-</span> 
     </span>
    </p>
   </div>
   <div class='ocr_carea' id='block_1_87' title="bbox 1929 4404 3571 4479">
    <p class='ocr_par' dir='ltr' id='par_1_87' title="bbox 1929 4404 3571 4479">
     <span class='ocr_line' id='line_1_89' title="bbox 1929 4404 3571 4479; baseline 0.003 -21"><span class='ocrx_word' id='word_1_633' title='bbox 1929 4405 2027 4458; x_wconf 85' lang='lat' dir='ltr'>sim</span> <span class='ocrx_word' id='word_1_634' title='bbox 2055 4404 2273 4460; x_wconf 83' lang='lat' dir='ltr'>unitate</span> <span class='ocrx_word' id='word_1_635' title='bbox 2300 4421 2417 4459; x_wconf 92' lang='lat' dir='ltr'>non</span> <span class='ocrx_word' id='word_1_636' title='bbox 2449 4404 2759 4460; x_wconf 88' lang='lat' dir='ltr'>discedant.</span> <span class='ocrx_word' id='word_1_637' title='bbox 2790 4407 2975 4470; x_wconf 87' lang='lat' dir='ltr'>Quam</span> <span class='ocrx_word' id='word_1_638' title='bbox 3003 4410 3193 4461; x_wconf 90' lang='lat' dir='ltr'>autem</span> <span class='ocrx_word' id='word_1_639' title='bbox 3222 4411 3354 4478; x_wconf 92' lang='lat' dir='ltr'>post</span> <span class='ocrx_word' id='word_1_640' title='bbox 3385 4408 3571 4479; x_wconf 89' lang='lat' dir='ltr'>appel-</span> 
     </span>
    </p>
   </div>
   <div class='ocr_carea' id='block_1_88' title="bbox 1930 4498 3565 4572">
    <p class='ocr_par' dir='ltr' id='par_1_88' title="bbox 1930 4498 3565 4572">
     <span class='ocr_line' id='line_1_90' title="bbox 1930 4498 3565 4572; baseline 0.002 -21"><span class='ocrx_word' id='word_1_641' title='bbox 1930 4498 2205 4552; x_wconf 87' lang='lat' dir='ltr'>lationem</span> <span class='ocrx_word' id='word_1_642' title='bbox 2250 4498 2647 4569; x_wconf 89' lang='lat' dir='ltr'>interpositam</span> <span class='ocrx_word' id='word_1_643' title='bbox 2691 4500 2800 4554; x_wconf 91' lang='lat' dir='ltr'>hoc</span> <span class='ocrx_word' id='word_1_644' title='bbox 2852 4500 3169 4554; x_wconf 89' lang='lat' dir='ltr'>necessarie</span> <span class='ocrx_word' id='word_1_645' title='bbox 3224 4501 3565 4572; x_wconf 89' lang='lat' dir='ltr'>postuletur,</span> 
     </span>
    </p>
   </div>
   <div class='ocr_carea' id='block_1_89' title="bbox 196 4591 3568 4672">
    <p class='ocr_par' dir='ltr' id='par_1_89' title="bbox 196 4591 3568 4672">
     <span class='ocr_line' id='line_1_91' title="bbox 196 4591 3568 4672; baseline 0.001 -27"><span class='ocrx_word' id='word_1_646' title='bbox 196 4591 518 4647; x_wconf 86' lang='lat' dir='ltr'>interfuisse</span> <span class='ocrx_word' id='word_1_647' title='bbox 572 4592 962 4663; x_wconf 90' lang='lat' dir='ltr'>cognovimus.</span> <span class='ocrx_word' id='word_1_648' title='bbox 1018 4593 1157 4646; x_wconf 86' lang='lat' dir='ltr'>Nam</span> <span class='ocrx_word' id='word_1_649' title='bbox 1207 4592 1345 4647; x_wconf 90' lang='lat' dir='ltr'>alios</span> <span class='ocrx_word' id='word_1_650' title='bbox 1398 4591 1658 4662; x_wconf 90' lang='lat' dir='ltr'>rejectos,</span> <span class='ocrx_word' id='word_1_651' title='bbox 1689 4591 1906 4672; x_wconf 83' lang='lat' dir='ltr'>aliosD</span> <span class='ocrx_word' id='word_1_652' title='bbox 1930 4608 2215 4647; x_wconf 87' lang='lat' dir='ltr'>canonum</span> <span class='ocrx_word' id='word_1_653' title='bbox 2261 4591 2460 4646; x_wconf 88' lang='lat' dir='ltr'>Nicmm</span> <span class='ocrx_word' id='word_1_654' title='bbox 2488 4592 2814 4647; x_wconf 84' lang='lat' dir='ltr'>habitorum</span> <span class='ocrx_word' id='word_1_655' title='bbox 2846 4593 3072 4648; x_wconf 89' lang='lat' dir='ltr'>decreta</span> <span class='ocrx_word' id='word_1_656' title='bbox 3109 4596 3409 4663; x_wconf 91' lang='lat' dir='ltr'>testantur,</span> <span class='ocrx_word' id='word_1_657' title='bbox 3440 4610 3568 4665; x_wconf 87' lang='lat' dir='ltr'>qum</span> 
     </span>
    </p>
   </div>
   <div class='ocr_carea' id='block_1_90' title="bbox 191 4685 1831 4758">
    <p class='ocr_par' dir='ltr' id='par_1_90' title="bbox 191 4685 1831 4758">
     <span class='ocr_line' id='line_1_92' title="bbox 191 4685 1831 4758; baseline -0.001 -17"><span class='ocrx_word' id='word_1_658' title='bbox 191 4686 494 4741; x_wconf 90' lang='lat' dir='ltr'>didicimus</span> <span class='ocrx_word' id='word_1_659' title='bbox 524 4685 901 4757; x_wconf 90' lang='lat' dir='ltr'>intromissos,</span> <span class='ocrx_word' id='word_1_660' title='bbox 936 4687 1029 4757; x_wconf 91' lang='lat' dir='ltr'>qui</span> <span class='ocrx_word' id='word_1_661' title='bbox 1058 4703 1162 4758; x_wconf 89' lang='lat' dir='ltr'>pro</span> <span class='ocrx_word' id='word_1_662' title='bbox 1183 4685 1492 4757; x_wconf 87' lang='lat' dir='ltr'>supradicti</span> <span class='ocrx_word' id='word_1_663' title='bbox 1522 4687 1831 4741; x_wconf 89' lang='lat' dir='ltr'>sacerdotis</span> 
     </span>
    </p>
   </div>
   <div class='ocr_carea' id='block_1_91' title="bbox 187 4779 1829 4853">
    <p class='ocr_par' dir='ltr' id='par_1_91' title="bbox 187 4779 1829 4853">
     <span class='ocr_line' id='line_1_93' title="bbox 187 4779 1829 4853; baseline 0.001 -20"><span class='ocrx_word' id='word_1_664' title='bbox 187 4780 423 4835; x_wconf 84' lang='lat' dir='ltr'>arbitrio</span> <span class='ocrx_word' id='word_1_665' title='bbox 450 4779 643 4851; x_wconf 90' lang='lat' dir='ltr'>impiis</span> <span class='ocrx_word' id='word_1_666' title='bbox 680 4780 1193 4853; x_wconf 89' lang='lat' dir='ltr'>subscriptionibus</span> <span class='ocrx_word' id='word_1_667' title='bbox 1224 4779 1471 4851; x_wconf 89' lang='lat' dir='ltr'>captivas</span> <span class='ocrx_word' id='word_1_668' title='bbox 1500 4795 1703 4834; x_wconf 89' lang='lat' dir='ltr'>manus</span> <span class='ocrx_word' id='word_1_669' title='bbox 1730 4780 1829 4835; x_wconf 89' lang='lat' dir='ltr'>dc-</span> 
     </span>
    </p>
   </div>
   <div class='ocr_carea' id='block_1_92' title="bbox 190 4872 1829 4945">
    <p class='ocr_par' dir='ltr' id='par_1_92' title="bbox 190 4872 1829 4945">
     <span class='ocr_line' id='line_1_94' title="bbox 190 4872 1829 4945; baseline 0 -17"><span class='ocrx_word' id='word_1_670' title='bbox 190 4873 412 4941; x_wconf 88' lang='lat' dir='ltr'>derant,</span> <span class='ocrx_word' id='word_1_671' title='bbox 462 4877 521 4928; x_wconf 90' lang='lat' dir='ltr'>et</span> <span class='ocrx_word' id='word_1_672' title='bbox 560 4875 883 4929; x_wconf 89' lang='lat' dir='ltr'>nociturum</span> <span class='ocrx_word' id='word_1_673' title='bbox 923 4874 1091 4929; x_wconf 90' lang='lat' dir='ltr'>statui</span> <span class='ocrx_word' id='word_1_674' title='bbox 1134 4874 1360 4939; x_wconf 88' lang='lat' dir='ltr'>scirent,</span> <span class='ocrx_word' id='word_1_675' title='bbox 1411 4873 1519 4927; x_wconf 90' lang='lat' dir='ltr'>nisi</span> <span class='ocrx_word' id='word_1_676' title='bbox 1548 4872 1829 4945; x_wconf 90' lang='lat' dir='ltr'>imperata</span> 
     </span>
    </p>
   </div>
   <div class='ocr_carea' id='block_1_93' title="bbox 186 4967 1825 5040">
    <p class='ocr_par' dir='ltr' id='par_1_93' title="bbox 186 4967 1825 5040">
     <span class='ocr_line' id='line_1_95' title="bbox 186 4967 1825 5040; baseline -0.001 -18"><span class='ocrx_word' id='word_1_677' title='bbox 186 4967 469 5023; x_wconf 87' lang='lat' dir='ltr'>fecissent.</span> <span class='ocrx_word' id='word_1_678' title='bbox 501 4968 811 5039; x_wconf 90' lang='lat' dir='ltr'>Talemque</span> <span class='ocrx_word' id='word_1_679' title='bbox 843 4968 915 5023; x_wconf 91' lang='lat' dir='ltr'>ab</span> <span class='ocrx_word' id='word_1_680' title='bbox 946 4968 1069 5039; x_wconf 89' lang='lat' dir='ltr'>ipso</span> <span class='ocrx_word' id='word_1_681' title='bbox 1115 4968 1398 5040; x_wconf 89' lang='lat' dir='ltr'>prolatam</span> <span class='ocrx_word' id='word_1_682' title='bbox 1433 4985 1555 5022; x_wconf 87' lang='lat' dir='ltr'>esse</span> <span class='ocrx_word' id='word_1_683' title='bbox 1595 4970 1825 5022; x_wconf 88' lang='lat' dir='ltr'>senten-</span> 
     </span>
    </p>
   </div>
   <div class='ocr_carea' id='block_1_94' title="bbox 186 5060 1828 5134">
    <p class='ocr_par' dir='ltr' id='par_1_94' title="bbox 186 5060 1828 5134">
     <span class='ocr_line' id='line_1_96' title="bbox 186 5060 1828 5134; baseline 0.001 -19"><span class='ocrx_word' id='word_1_684' title='bbox 186 5060 341 5129; x_wconf 90' lang='lat' dir='ltr'>tiam,</span> <span class='ocrx_word' id='word_1_685' title='bbox 374 5065 441 5116; x_wconf 91' lang='lat' dir='ltr'>ut</span> <span class='ocrx_word' id='word_1_686' title='bbox 468 5060 610 5116; x_wconf 90' lang='lat' dir='ltr'>dum</span> <span class='ocrx_word' id='word_1_687' title='bbox 639 5061 813 5116; x_wconf 92' lang='lat' dir='ltr'>homo</span> <span class='ocrx_word' id='word_1_688' title='bbox 846 5079 993 5115; x_wconf 89' lang='lat' dir='ltr'>unus</span> <span class='ocrx_word' id='word_1_689' title='bbox 1023 5062 1336 5134; x_wconf 90' lang='lat' dir='ltr'>impetitur,</span> <span class='ocrx_word' id='word_1_690' title='bbox 1375 5061 1433 5115; x_wconf 91' lang='lat' dir='ltr'>in</span> <span class='ocrx_word' id='word_1_691' title='bbox 1460 5077 1698 5116; x_wconf 90' lang='lat' dir='ltr'>omnem</span> <span class='ocrx_word' id='word_1_692' title='bbox 1744 5077 1828 5116; x_wconf 92' lang='lat' dir='ltr'>ec-</span> 
     </span>
    </p>
   </div>
   <div class='ocr_carea' id='block_1_95' title="bbox 186 5154 1826 5227">
    <p class='ocr_par' dir='ltr' id='par_1_95' title="bbox 186 5154 1826 5227">
     <span class='ocr_line' id='line_1_97' title="bbox 186 5154 1826 5227; baseline 0.001 -19"><span class='ocrx_word' id='word_1_693' title='bbox 186 5155 418 5209; x_wconf 90' lang='lat' dir='ltr'>clesiam</span> <span class='ocrx_word' id='word_1_694' title='bbox 469 5154 781 5211; x_wconf 89' lang='lat' dir='ltr'>smviretur.</span> <span class='ocrx_word' id='word_1_695' title='bbox 825 5156 990 5221; x_wconf 90' lang='lat' dir='ltr'>Quod</span> <span class='ocrx_word' id='word_1_696' title='bbox 1020 5156 1197 5211; x_wconf 90' lang='lat' dir='ltr'>nostri</span> <span class='ocrx_word' id='word_1_697' title='bbox 1243 5155 1313 5210; x_wconf 90' lang='lat' dir='ltr'>ab</span> <span class='ocrx_word' id='word_1_698' title='bbox 1338 5154 1649 5227; x_wconf 89' lang='lat' dir='ltr'>apostolica</span> <span class='ocrx_word' id='word_1_699' title='bbox 1688 5155 1826 5211; x_wconf 89' lang='lat' dir='ltr'>Sede</span> 
     </span>
    </p>
   </div>
   <div class='ocr_carea' id='block_1_96' title="bbox 188 5247 1826 5320">
    <p class='ocr_par' dir='ltr' id='par_1_96' title="bbox 188 5247 1826 5320">
     <span class='ocr_line' id='line_1_98' title="bbox 188 5247 1826 5320; baseline 0 -18"><span class='ocrx_word' id='word_1_700' title='bbox 188 5247 387 5303; x_wconf 88' lang='lat' dir='ltr'>directi</span> <span class='ocrx_word' id='word_1_701' title='bbox 435 5249 578 5303; x_wconf 92' lang='lat' dir='ltr'>adeo</span> <span class='ocrx_word' id='word_1_702' title='bbox 607 5249 850 5320; x_wconf 88' lang='lat' dir='ltr'>impium</span> <span class='ocrx_word' id='word_1_703' title='bbox 897 5254 955 5304; x_wconf 92' lang='lat' dir='ltr'>et</span> <span class='ocrx_word' id='word_1_704' title='bbox 986 5249 1274 5305; x_wconf 89' lang='lat' dir='ltr'>catholicm</span> <span class='ocrx_word' id='word_1_705' title='bbox 1321 5248 1454 5304; x_wconf 86' lang='lat' dir='ltr'>fidei</span> <span class='ocrx_word' id='word_1_706' title='bbox 1481 5248 1826 5304; x_wconf 88' lang='lat' dir='ltr'>contrarium</span> 
     </span>
    </p>
   </div>
   <div class='ocr_carea' id='block_1_97' title="bbox 186 5342 1827 5413">
    <p class='ocr_par' dir='ltr' id='par_1_97' title="bbox 186 5342 1827 5413">
     <span class='ocr_line' id='line_1_99' title="bbox 186 5342 1827 5413; baseline 0 -18"><span class='ocrx_word' id='word_1_707' title='bbox 186 5358 303 5397; x_wconf 88' lang='lat' dir='ltr'>esse</span> <span class='ocrx_word' id='word_1_708' title='bbox 328 5342 612 5410; x_wconf 88' lang='lat' dir='ltr'>viderunt,</span> <span class='ocrx_word' id='word_1_709' title='bbox 652 5348 713 5399; x_wconf 90' lang='lat' dir='ltr'>ut</span> <span class='ocrx_word' id='word_1_710' title='bbox 741 5344 812 5398; x_wconf 90' lang='lat' dir='ltr'>ad</span> <span class='ocrx_word' id='word_1_711' title='bbox 842 5343 1319 5398; x_wconf 90' lang='lat' dir='ltr'>consentiendum</span> <span class='ocrx_word' id='word_1_712' title='bbox 1348 5343 1507 5398; x_wconf 91' lang='lat' dir='ltr'>nulla</span> <span class='ocrx_word' id='word_1_713' title='bbox 1538 5342 1827 5413; x_wconf 90' lang='lat' dir='ltr'>potuerint</span> 
     </span>
    </p>
   </div>
   <div class='ocr_carea' id='block_1_98' title="bbox 185 5435 1823 5509">
    <p class='ocr_par' dir='ltr' id='par_1_98' title="bbox 185 5435 1823 5509">
     <span class='ocr_line' id='line_1_100' title="bbox 185 5435 1823 5509; baseline -0.001 -19"><span class='ocrx_word' id='word_1_714' title='bbox 185 5436 551 5507; x_wconf 89' lang='lat' dir='ltr'>oppressione</span> <span class='ocrx_word' id='word_1_715' title='bbox 596 5437 884 5508; x_wconf 90' lang='lat' dir='ltr'>compelli,</span> <span class='ocrx_word' id='word_1_716' title='bbox 914 5441 1358 5509; x_wconf 87' lang='lat' dir='ltr'>constanterque</span> <span class='ocrx_word' id='word_1_717' title='bbox 1401 5436 1460 5492; x_wconf 92' lang='lat' dir='ltr'>in</span> <span class='ocrx_word' id='word_1_718' title='bbox 1490 5435 1694 5492; x_wconf 91' lang='lat' dir='ltr'>eadem</span> <span class='ocrx_word' id='word_1_719' title='bbox 1732 5453 1823 5507; x_wconf 84' lang='lat' dir='ltr'>sy-</span> 
     </span>
    </p>
   </div>
   <div class='ocr_carea' id='block_1_99' title="bbox 185 5529 1823 5603">
    <p class='ocr_par' dir='ltr' id='par_1_99' title="bbox 185 5529 1823 5603">
     <span class='ocr_line' id='line_1_101' title="bbox 185 5529 1823 5603; baseline -0.001 -19"><span class='ocrx_word' id='word_1_720' title='bbox 185 5531 353 5599; x_wconf 91' lang='lat' dir='ltr'>nodo,</span> <span class='ocrx_word' id='word_1_721' title='bbox 401 5534 465 5586; x_wconf 90' lang='lat' dir='ltr'>ut</span> <span class='ocrx_word' id='word_1_722' title='bbox 495 5530 704 5600; x_wconf 87' lang='lat' dir='ltr'>decuit,</span> <span class='ocrx_word' id='word_1_723' title='bbox 748 5531 984 5586; x_wconf 90' lang='lat' dir='ltr'>fuerunt</span> <span class='ocrx_word' id='word_1_724' title='bbox 1024 5530 1325 5603; x_wconf 89' lang='lat' dir='ltr'>protestati</span> <span class='ocrx_word' id='word_1_725' title='bbox 1366 5546 1734 5602; x_wconf 89' lang='lat' dir='ltr'>nequaquam</span> <span class='ocrx_word' id='word_1_726' title='bbox 1768 5529 1823 5584; x_wconf 91' lang='lat' dir='ltr'>id</span> 
     </span>
    </p>
   </div>
   <div class='ocr_carea' id='block_1_100' title="bbox 181 5624 1823 5697">
    <p class='ocr_par' dir='ltr' id='par_1_100' title="bbox 181 5624 1823 5697">
     <span class='ocr_line' id='line_1_102' title="bbox 181 5624 1823 5697; baseline -0.001 -17"><span class='ocrx_word' id='word_1_727' title='bbox 181 5625 331 5697; x_wconf 84' lang='lat' dir='ltr'>quod</span> <span class='ocrx_word' id='word_1_728' title='bbox 380 5624 840 5681; x_wconf 87' lang='lat' dir='ltr'>constituebatur</span> <span class='ocrx_word' id='word_1_729' title='bbox 886 5625 1095 5681; x_wconf 91' lang='lat' dir='ltr'>Sedem</span> <span class='ocrx_word' id='word_1_730' title='bbox 1143 5625 1511 5696; x_wconf 87' lang='lat' dir='ltr'>apostolicam</span> <span class='ocrx_word' id='word_1_731' title='bbox 1565 5628 1823 5696; x_wconf 88' lang='lat' dir='ltr'>receptu-</span> 
     </span>
    </p>
   </div>
   <div class='ocr_carea' id='block_1_101' title="bbox 182 5718 1822 5792">
    <p class='ocr_par' dir='ltr' id='par_1_101' title="bbox 182 5718 1822 5792">
     <span class='ocr_line' id='line_1_103' title="bbox 182 5718 1822 5792; baseline -0.001 -17"><span class='ocrx_word' id='word_1_732' title='bbox 182 5734 334 5791; x_wconf 84' lang='lat' dir='ltr'>ram;</span> <span class='ocrx_word' id='word_1_733' title='bbox 382 5718 656 5792; x_wconf 91' lang='lat' dir='ltr'>quoniam</span> <span class='ocrx_word' id='word_1_734' title='bbox 684 5735 885 5775; x_wconf 89' lang='lat' dir='ltr'>revera</span> <span class='ocrx_word' id='word_1_735' title='bbox 911 5735 1083 5775; x_wconf 87' lang='lat' dir='ltr'>omne</span> <span class='ocrx_word' id='word_1_736' title='bbox 1108 5718 1447 5775; x_wconf 89' lang='lat' dir='ltr'>Christianm</span> <span class='ocrx_word' id='word_1_737' title='bbox 1475 5718 1605 5774; x_wconf 85' lang='lat' dir='ltr'>fidei</span> <span class='ocrx_word' id='word_1_738' title='bbox 1633 5734 1822 5774; x_wconf 87' lang='lat' dir='ltr'>sacra-</span> 
     </span>
    </p>
   </div>
   <div class='ocr_carea' id='block_1_102' title="bbox 184 5812 1825 5885">
    <p class='ocr_par' dir='ltr' id='par_1_102' title="bbox 184 5812 1825 5885">
     <span class='ocr_line' id='line_1_104' title="bbox 184 5812 1825 5885; baseline -0.001 -17"><span class='ocrx_word' id='word_1_739' title='bbox 184 5817 438 5869; x_wconf 71' lang='lat' dir='ltr'>mentum</span> <span class='ocrx_word' id='word_1_740' title='bbox 482 5813 655 5885; x_wconf 89' lang='lat' dir='ltr'>(quod</span> <span class='ocrx_word' id='word_1_741' title='bbox 700 5813 867 5885; x_wconf 88' lang='lat' dir='ltr'>absit)</span> <span class='ocrx_word' id='word_1_742' title='bbox 916 5813 1325 5885; x_wconf 90' lang='lat' dir='ltr'>atemporibus</span> <span class='ocrx_word' id='word_1_743' title='bbox 1364 5817 1565 5869; x_wconf 87' lang='lat' dir='ltr'>vestrm</span> <span class='ocrx_word' id='word_1_744' title='bbox 1601 5812 1825 5883; x_wconf 88' lang='lat' dir='ltr'>pietatis</span> 
     </span>
    </p>
   </div>
   <div class='ocr_carea' id='block_1_103' title="bbox 189 5906 1822 5977">
    <p class='ocr_par' dir='ltr' id='par_1_103' title="bbox 189 5906 1822 5977">
     <span class='ocr_line' id='line_1_105' title="bbox 189 5906 1822 5977; baseline 0.001 -16"><span class='ocrx_word' id='word_1_745' title='bbox 189 5907 637 5975; x_wconf 88' lang='lat' dir='ltr'>excinditur,nisi</span> <span class='ocrx_word' id='word_1_746' title='bbox 664 5909 767 5964; x_wconf 89' lang='lat' dir='ltr'>hoc</span> <span class='ocrx_word' id='word_1_747' title='bbox 787 5907 1249 5965; x_wconf 85' lang='lat' dir='ltr'>scelestissimum</span> <span class='ocrx_word' id='word_1_748' title='bbox 1279 5907 1495 5963; x_wconf 85' lang='lat' dir='ltr'>facinus</span> <span class='ocrx_word' id='word_1_749' title='bbox 1517 5906 1671 5977; x_wconf 87' lang='lat' dir='ltr'>quod</span> <span class='ocrx_word' id='word_1_750' title='bbox 1691 5923 1822 5962; x_wconf 88' lang='lat' dir='ltr'>cuu-</span> 
     </span>
    </p>
   </div>
   <div class='ocr_carea' id='block_1_104' title="bbox 1926 4685 3569 4759">
    <p class='ocr_par' dir='ltr' id='par_1_104' title="bbox 1926 4685 3569 4759">
     <span class='ocr_line' id='line_1_106' title="bbox 1926 4685 3569 4759; baseline 0.003 -21"><span class='ocrx_word' id='word_1_751' title='bbox 1926 4702 1958 4738; x_wconf 85' lang='lat' dir='ltr'>a</span> <span class='ocrx_word' id='word_1_752' title='bbox 1990 4685 2163 4739; x_wconf 90' lang='lat' dir='ltr'>totius</span> <span class='ocrx_word' id='word_1_753' title='bbox 2184 4685 2385 4740; x_wconf 90' lang='lat' dir='ltr'>mundi</span> <span class='ocrx_word' id='word_1_754' title='bbox 2420 4688 2553 4740; x_wconf 89' lang='lat' dir='ltr'>sunt</span> <span class='ocrx_word' id='word_1_755' title='bbox 2578 4686 2964 4741; x_wconf 90' lang='lat' dir='ltr'>sacerdotibus</span> <span class='ocrx_word' id='word_1_756' title='bbox 2984 4686 3304 4753; x_wconf 88' lang='lat' dir='ltr'>constituta,</span> <span class='ocrx_word' id='word_1_757' title='bbox 3327 4704 3569 4759; x_wconf 87' lang='lat' dir='ltr'>qumque</span> 
     </span>
    </p>
   </div>
   <div class='ocr_carea' id='block_1_105' title="bbox 1928 4779 3567 4836">
    <p class='ocr_par' dir='ltr' id='par_1_105' title="bbox 1928 4779 3567 4836">
     <span class='ocr_line' id='line_1_107' title="bbox 1928 4779 3567 4836; baseline 0.003 -5"><span class='ocrx_word' id='word_1_758' title='bbox 1928 4779 2120 4835; x_wconf 85' lang='lat' dir='ltr'>subter</span> <span class='ocrx_word' id='word_1_759' title='bbox 2149 4779 2371 4834; x_wconf 87' lang='lat' dir='ltr'>adnexa</span> <span class='ocrx_word' id='word_1_760' title='bbox 2410 4784 2559 4834; x_wconf 90' lang='lat' dir='ltr'>sunt.</span> <span class='ocrx_word' id='word_1_761' title='bbox 2611 4780 2809 4835; x_wconf 88' lang='lat' dir='ltr'>Favete</span> <span class='ocrx_word' id='word_1_762' title='bbox 2854 4780 3147 4835; x_wconf 90' lang='lat' dir='ltr'>catholicis</span> <span class='ocrx_word' id='word_1_763' title='bbox 3191 4785 3374 4836; x_wconf 90' lang='lat' dir='ltr'>vestro</span> <span class='ocrx_word' id='word_1_764' title='bbox 3406 4798 3567 4836; x_wconf 87' lang='lat' dir='ltr'>more</span> 
     </span>
    </p>
   </div>
   <div class='ocr_carea' id='block_1_106' title="bbox 1929 4874 3567 4945">
    <p class='ocr_par' dir='ltr' id='par_1_106' title="bbox 1929 4874 3567 4945">
     <span class='ocr_line' id='line_1_108' title="bbox 1929 4874 3567 4945; baseline 0.001 -17"><span class='ocrx_word' id='word_1_765' title='bbox 1929 4877 2343 4945; x_wconf 89' lang='lat' dir='ltr'>parentumque</span> <span class='ocrx_word' id='word_1_766' title='bbox 2396 4878 2741 4943; x_wconf 88' lang='lat' dir='ltr'>vestrorum,</span> <span class='ocrx_word' id='word_1_767' title='bbox 2791 4874 2923 4929; x_wconf 90' lang='lat' dir='ltr'>date</span> <span class='ocrx_word' id='word_1_768' title='bbox 2996 4874 3369 4929; x_wconf 85' lang='lat' dir='ltr'>defendendm</span> <span class='ocrx_word' id='word_1_769' title='bbox 3437 4874 3567 4930; x_wconf 82' lang='lat' dir='ltr'>fidei</span> 
     </span>
    </p>
   </div>
   <div class='ocr_carea' id='block_1_107' title="bbox 1924 4967 3563 5039">
    <p class='ocr_par' dir='ltr' id='par_1_107' title="bbox 1924 4967 3563 5039">
     <span class='ocr_line' id='line_1_109' title="bbox 1924 4967 3563 5039; baseline 0.002 -18"><span class='ocrx_word' id='word_1_770' title='bbox 1924 4967 2260 5032; x_wconf 90' lang='lat' dir='ltr'>libertatem,</span> <span class='ocrx_word' id='word_1_771' title='bbox 2290 4984 2463 5039; x_wconf 90' lang='lat' dir='ltr'>quam</span> <span class='ocrx_word' id='word_1_772' title='bbox 2496 4968 2648 5022; x_wconf 90' lang='lat' dir='ltr'>salva</span> <span class='ocrx_word' id='word_1_773' title='bbox 2669 4968 2987 5023; x_wconf 90' lang='lat' dir='ltr'>clementim</span> <span class='ocrx_word' id='word_1_774' title='bbox 3004 4972 3204 5023; x_wconf 89' lang='lat' dir='ltr'>vestrm</span> <span class='ocrx_word' id='word_1_775' title='bbox 3230 4969 3563 5037; x_wconf 87' lang='lat' dir='ltr'>reverentia,</span> 
     </span>
    </p>
   </div>
   <div class='ocr_carea' id='block_1_108' title="bbox 1925 5061 3563 5134">
    <p class='ocr_par' dir='ltr' id='par_1_108' title="bbox 1925 5061 3563 5134">
     <span class='ocr_line' id='line_1_110' title="bbox 1925 5061 3563 5134; baseline 0.001 -18"><span class='ocrx_word' id='word_1_776' title='bbox 1925 5062 2082 5116; x_wconf 91' lang='lat' dir='ltr'>nulla</span> <span class='ocrx_word' id='word_1_777' title='bbox 2098 5061 2395 5131; x_wconf 90' lang='lat' dir='ltr'>vis,nullus</span> <span class='ocrx_word' id='word_1_778' title='bbox 2415 5062 2625 5134; x_wconf 83' lang='lat' dir='ltr'>poterit</span> <span class='ocrx_word' id='word_1_779' title='bbox 2637 5062 2963 5117; x_wconf 89' lang='lat' dir='ltr'>mundanus</span> <span class='ocrx_word' id='word_1_780' title='bbox 2980 5062 3155 5118; x_wconf 92' lang='lat' dir='ltr'>timor</span> <span class='ocrx_word' id='word_1_781' title='bbox 3169 5063 3563 5119; x_wconf 91' lang='lat' dir='ltr'>auferre.Cum</span> 
     </span>
    </p>
   </div>
   <div class='ocr_carea' id='block_1_109' title="bbox 1923 5156 3569 5229">
    <p class='ocr_par' dir='ltr' id='par_1_109' title="bbox 1923 5156 3569 5229">
     <span class='ocr_line' id='line_1_111' title="bbox 1923 5156 3569 5229; baseline 0.001 -18"><span class='ocrx_word' id='word_1_782' title='bbox 1923 5156 2080 5211; x_wconf 91' lang='lat' dir='ltr'>enim</span> <span class='ocrx_word' id='word_1_783' title='bbox 2110 5156 2369 5212; x_wconf 86' lang='lat' dir='ltr'>Ecclesim</span> <span class='ocrx_word' id='word_1_784' title='bbox 2400 5173 2569 5211; x_wconf 91' lang='lat' dir='ltr'>causa</span> <span class='ocrx_word' id='word_1_785' title='bbox 2594 5159 2806 5211; x_wconf 86' lang='lat' dir='ltr'>statum</span> <span class='ocrx_word' id='word_1_786' title='bbox 2844 5156 3008 5229; x_wconf 91' lang='lat' dir='ltr'>regni</span> <span class='ocrx_word' id='word_1_787' title='bbox 3047 5156 3215 5211; x_wconf 87' lang='lat' dir='ltr'>vestri</span> <span class='ocrx_word' id='word_1_788' title='bbox 3245 5174 3486 5229; x_wconf 90' lang='lat' dir='ltr'>agamus</span> <span class='ocrx_word' id='word_1_789' title='bbox 3513 5164 3569 5213; x_wconf 88' lang='lat' dir='ltr'>et</span> 
     </span>
    </p>
   </div>
   <div class='ocr_carea' id='block_1_110' title="bbox 1922 5249 3561 5325">
    <p class='ocr_par' dir='ltr' id='par_1_110' title="bbox 1922 5249 3561 5325">
     <span class='ocr_line' id='line_1_112' title="bbox 1922 5249 3561 5325; baseline 0.003 -21"><span class='ocrx_word' id='word_1_790' title='bbox 1922 5249 2205 5317; x_wconf 89' lang='lat' dir='ltr'>salutis,ut</span> <span class='ocrx_word' id='word_1_791' title='bbox 2233 5250 2655 5322; x_wconf 89' lang='lat' dir='ltr'>provinciarum</span> <span class='ocrx_word' id='word_1_792' title='bbox 2675 5255 2988 5305; x_wconf 88' lang='lat' dir='ltr'>vestrarum</span> <span class='ocrx_word' id='word_1_793' title='bbox 3012 5251 3205 5322; x_wconf 89' lang='lat' dir='ltr'>quieto</span> <span class='ocrx_word' id='word_1_794' title='bbox 3225 5250 3356 5323; x_wconf 90' lang='lat' dir='ltr'>jure</span> <span class='ocrx_word' id='word_1_795' title='bbox 3383 5253 3561 5325; x_wconf 88' lang='lat' dir='ltr'>potia-</span> 
     </span>
    </p>
   </div>
   <div class='ocr_carea' id='block_1_111' title="bbox 1922 5342 3564 5413">
    <p class='ocr_par' dir='ltr' id='par_1_111' title="bbox 1922 5342 3564 5413">
     <span class='ocr_line' id='line_1_113' title="bbox 1922 5342 3564 5413; baseline 0.004 -16"><span class='ocrx_word' id='word_1_796' title='bbox 1922 5342 2086 5413; x_wconf 88' lang='lat' dir='ltr'>mini,</span> <span class='ocrx_word' id='word_1_797' title='bbox 2111 5344 2398 5401; x_wconf 90' lang='lat' dir='ltr'>defendite</span> <span class='ocrx_word' id='word_1_798' title='bbox 2416 5350 2615 5401; x_wconf 89' lang='lat' dir='ltr'>contra</span> <span class='ocrx_word' id='word_1_799' title='bbox 2640 5344 2944 5400; x_wconf 88' lang='lat' dir='ltr'>hmreticos</span> <span class='ocrx_word' id='word_1_800' title='bbox 2965 5345 3364 5402; x_wconf 90' lang='lat' dir='ltr'>inconcussum</span> <span class='ocrx_word' id='word_1_801' title='bbox 3383 5349 3564 5403; x_wconf 84' lang='lat' dir='ltr'>Eccle-</span> 
     </span>
    </p>
   </div>
   <div class='ocr_carea' id='block_1_112' title="bbox 1923 5436 3565 5505">
    <p class='ocr_par' dir='ltr' id='par_1_112' title="bbox 1923 5436 3565 5505">
     <span class='ocr_line' id='line_1_114' title="bbox 1923 5436 3565 5505; baseline 0.003 -15"><span class='ocrx_word' id='word_1_802' title='bbox 1923 5436 2022 5490; x_wconf 89' lang='lat' dir='ltr'>sim</span> <span class='ocrx_word' id='word_1_803' title='bbox 2048 5440 2279 5505; x_wconf 89' lang='lat' dir='ltr'>statum,</span> <span class='ocrx_word' id='word_1_804' title='bbox 2304 5444 2365 5493; x_wconf 91' lang='lat' dir='ltr'>ut</span> <span class='ocrx_word' id='word_1_805' title='bbox 2391 5444 2449 5495; x_wconf 89' lang='lat' dir='ltr'>et</span> <span class='ocrx_word' id='word_1_806' title='bbox 2476 5442 2726 5495; x_wconf 88' lang='lat' dir='ltr'>vestrum</span> <span class='ocrx_word' id='word_1_807' title='bbox 2746 5438 2947 5495; x_wconf 89' lang='lat' dir='ltr'>Christi</span> <span class='ocrx_word' id='word_1_808' title='bbox 2971 5439 3201 5496; x_wconf 86' lang='lat' dir='ltr'>dextera</span> <span class='ocrx_word' id='word_1_809' title='bbox 3226 5440 3565 5496; x_wconf 88' lang='lat' dir='ltr'>defendatur</span> 
     </span>
    </p>
   </div>
   <div class='ocr_carea' id='block_1_113' title="bbox 1922 5528 3559 5602">
    <p class='ocr_par' dir='ltr' id='par_1_113' title="bbox 1922 5528 3559 5602">
     <span class='ocr_line' id='line_1_115' title="bbox 1922 5528 3559 5602; baseline 0.004 -19"><span class='ocrx_word' id='word_1_810' title='bbox 1922 5528 2251 5600; x_wconf 89' lang='lat' dir='ltr'>imperium.</span> <span class='ocrx_word' id='word_1_811' title='bbox 2295 5531 2434 5586; x_wconf 80' lang='lat' dir='ltr'>Data</span> <span class='ocrx_word' id='word_1_812' title='bbox 2466 5549 2527 5587; x_wconf 90' lang='grc' dir='ltr'>ιιι</span> <span class='ocrx_word' id='word_1_813' title='bbox 2551 5533 2679 5588; x_wconf 90' lang='lat' dir='ltr'>Idus</span> <span class='ocrx_word' id='word_1_814' title='bbox 2715 5532 2988 5602; x_wconf 89' lang='lat' dir='ltr'>Octobris,</span> <span class='ocrx_word' id='word_1_815' title='bbox 3019 5534 3237 5590; x_wconf 82' lang='lat' dir='ltr'>Asterio</span> <span class='ocrx_word' id='word_1_816' title='bbox 3284 5537 3340 5589; x_wconf 89' lang='lat' dir='ltr'>et</span> <span class='ocrx_word' id='word_1_817' title='bbox 3368 5535 3559 5589; x_wconf 88' lang='lat' dir='ltr'>Proto-</span> 
     </span>
    </p>
   </div>
   <div class='ocr_carea' id='block_1_114' title="bbox 1924 5623 3525 5761">
    <p class='ocr_par' dir='ltr' id='par_1_114' title="bbox 1924 5623 3525 5761">
     <span class='ocr_line' id='line_1_116' title="bbox 1924 5623 3525 5761; baseline 0.002 -84"><span class='ocrx_word' id='word_1_818' title='bbox 1924 5639 2068 5695; x_wconf 91' lang='lat' dir='ltr'>gene</span> <span class='ocrx_word' id='word_1_819' title='bbox 2096 5623 2227 5678; x_wconf 88' lang='lat' dir='ltr'>viris</span> <span class='ocrx_word' id='word_1_820' title='bbox 2258 5623 2582 5681; x_wconf 88' lang='lat' dir='ltr'>clarissimis</span> <span class='ocrx_word' id='word_1_821' title='bbox 2608 5627 2950 5695; x_wconf 90' lang='lat' dir='ltr'>consulibus,</span> <span class='ocrx_word' id='word_1_822' title='bbox 2985 5645 3099 5684; x_wconf 84' lang='lat' dir='ltr'>mra</span> <span class='ocrx_word' id='word_1_823' title='bbox 3128 5644 3239 5700; x_wconf 88' lang='lat' dir='ltr'>qua</span> <span class='ocrx_word' id='word_1_824' title='bbox 3266 5642 3525 5761; x_wconf 60' lang='lat' dir='ltr'>supra/</span> 
     </span>
     <span class='ocr_line' id='line_1_117' title="bbox 2200 5718 3261 5761; baseline 0 0"><span class='ocrx_word' id='word_1_825' title='bbox 2200 5718 2331 5761; x_wconf 59' lang='lat' dir='ltr'>XI&quot;-</span> <span class='ocrx_word' id='word_1_826' title='bbox 2370 5750 2437 5757; x_wconf 91' lang='lat'><strong>—</strong></span> <span class='ocrx_word' id='word_1_827' title='bbox 2476 5720 2557 5761; x_wconf 70' lang='lat' dir='ltr'>All</span> <span class='ocrx_word' id='word_1_828' title='bbox 2593 5721 2927 5761; x_wconf 60' lang='lat' dir='ltr'>Dubiam-«imm</span> <span class='ocrx_word' id='word_1_829' title='bbox 2972 5724 3261 5761; x_wconf 73' lang='lat' dir='ltr'>Aummtnm</span> 
     </span>
    </p>
   </div>
   <div class='ocr_carea' id='block_1_115' title="bbox 2198 5718 3282 5792">
    <p class='ocr_par' dir='ltr' id='par_1_115' title="bbox 2198 5718 3282 5792">
     <span class='ocr_line' id='line_1_118' title="bbox 2198 5718 3282 5792; baseline 0.002 -20"><span class='ocrx_word' id='word_1_830' title='bbox 2198 5718 2333 5772; x_wconf 85' lang='lat' dir='ltr'><strong>XIII.</strong></span> <span class='ocrx_word' id='word_1_831' title='bbox 2370 5750 2437 5757; x_wconf 96' lang='lat'><strong>—</strong></span> <span class='ocrx_word' id='word_1_832' title='bbox 2465 5720 2557 5776; x_wconf 83' lang='lat' dir='ltr'>Ad</span> <span class='ocrx_word' id='word_1_833' title='bbox 2586 5721 2930 5778; x_wconf 80' lang='lat' dir='ltr'>Pulcheriam</span> <span class='ocrx_word' id='word_1_834' title='bbox 2961 5724 3282 5792; x_wconf 81' lang='lat' dir='ltr'>Augustam.</span> 
     </span>
    </p>
   </div>
   <div class='ocr_carea' id='block_1_116' title="bbox 1994 5811 3555 5886">
    <p class='ocr_par' dir='ltr' id='par_1_116' title="bbox 1994 5811 3555 5886">
     <span class='ocr_line' id='line_1_119' title="bbox 1994 5811 3555 5886; baseline 0.004 -20"><span class='ocrx_word' id='word_1_835' title='bbox 1994 5811 2104 5867; x_wconf 77' lang='lat' dir='ltr'>Leo</span> <span class='ocrx_word' id='word_1_836' title='bbox 2151 5811 2449 5883; x_wconf 88' lang='lat' dir='ltr'>episcopus</span> <span class='ocrx_word' id='word_1_837' title='bbox 2496 5815 2553 5867; x_wconf 92' lang='lat' dir='ltr'>et</span> <span class='ocrx_word' id='word_1_838' title='bbox 2591 5818 2784 5870; x_wconf 90' lang='lat' dir='ltr'>sancta</span> <span class='ocrx_word' id='word_1_839' title='bbox 2836 5815 3081 5886; x_wconf 90' lang='lat' dir='ltr'>synodus</span> <span class='ocrx_word' id='word_1_840' title='bbox 3128 5829 3257 5886; x_wconf 84' lang='lat' dir='ltr'>quae</span> <span class='ocrx_word' id='word_1_841' title='bbox 3312 5814 3371 5869; x_wconf 93' lang='lat' dir='ltr'>in</span> <span class='ocrx_word' id='word_1_842' title='bbox 3419 5816 3555 5872; x_wconf 85' lang='lat' dir='ltr'>urbe</span> 
     </span>
    </p>
   </div>
   <div class='ocr_carea' id='block_1_117' title="bbox 1924 5905 3080 5979">
    <p class='ocr_par' dir='ltr' id='par_1_117' title="bbox 1924 5905 3080 5979">
     <span class='ocr_line' id='line_1_120' title="bbox 1924 5905 3080 5979; baseline 0.002 -20"><span class='ocrx_word' id='word_1_843' title='bbox 1924 5906 2102 5963; x_wconf 82' lang='lat' dir='ltr'>Roma</span> <span class='ocrx_word' id='word_1_844' title='bbox 2131 5905 2416 5973; x_wconf 87' lang='lat' dir='ltr'>convenit,</span> <span class='ocrx_word' id='word_1_845' title='bbox 2450 5907 2765 5963; x_wconf 60' lang='grc' dir='ltr'>Ρυιειιιιιιιδι</span> <span class='ocrx_word' id='word_1_846' title='bbox 2791 5910 3080 5979; x_wconf 78' lang='lat' dir='ltr'>Augustm.</span> 
     </span>
    </p>
   </div>
  </div>
