4034 6326
448 392 548 445 ’787

1339 393 1617 447 ΑΡΡΕΝΙ).
1659 393 1746 447 AD
1783 393 1942 446 SAQC.
1987 391 2072 445 ιχ.
2105 419 2173 429 --
2212 389 2460 444 lSlDORl
2500 389 2921 446 MERCATORIS

3710 390 3814 446 788

516 499 572 556 Si
601 500 851 572 epistolae
877 518 1003 573 qua:
1022 501 1081 555 in
1103 502 1232 556 ﬁdei
1263 517 1432 555 causa
1450 500 1522 554 ad
1534 499 1807 572 pietatem
1828 503 2073 555 vestram
2093 510 2154 585 Α
2173 502 2236 552 ut
2261 498 2590 570 priusquam
2620 497 2780 553 civile
2811 499 2921 554 hoc
2952 498 3181 554 exitiale
3210 499 3422 553 bellum
3448 498 3598 554 intra
3627 500 3813 554 Eccle~

447 593 676 649 directe
703 598 853 662 sunt,
886 611 988 666 per
1009 600 1234 650 nostros
1254 595 1484 650 clericos
1506 595 1917 668 pervenissent,
1949 612 2073 650 cer-

445 691 570 743 tum
599 693 684 744 est
713 690 1033 744 remedium
1066 707 1164 745 vos
1195 690 1282 744 his
1312 691 1485 747 rebus
1514 708 1643 764 quae
1672 695 1872 746 contra
1898 692 2071 747 ﬁdem

445 782 609 836 factm
656 785 808 850 sunt,
838 783 1121 855 aspirante
1152 783 1309 839 vobis
1351 785 1614 856 Domino,
1653 790 1926 858 praestare
1967 804 2072 858 po-

445 875 636 931 tuisse.
705 877 940 940 Quando
991 879 1396 948 sacerdotibus,
1458 881 1689 954 quando
1741 881 2075 938 Christianas

439 969 706 1041 religioni
736 973 835 1027 aut
854 972 986 1028 fidei
1013 973 1318 1030 defuistis?
1347 976 1451 1031 Sed
1485 993 1616 1030 cum
1649 976 1721 1032 ad
1751 983 2075 1033 mansuetu-

441 1063 634 1118 dinem
681 1071 926 1121 vestram
969 1067 1114 1122 adeo
1160 1085 1277 1123 non
1319 1071 1618 1141 potuerint
1647 1072 1940 1142 pervenire
1977 1073 2074 1144 qui

444 1159 601 1214 missi
650 1162 800 1226 sunt,
847 1165 910 1216 ut
957 1162 1028 1217 ad
1068 1163 1179 1217 nos
1227 1163 1314 1217 vix
1363 1181 1512 1218 unus
1567 1165 1793 1220 illorum
1834 1167 2074 1222 Hilarius

441 1253 716 1308 diaconus
739 1260 929 1310 noster
950 1257 1177 1328 fugiens
1197 1259 1268 1313 sit
1293 1274 1568 1322 reversus,
1591 1260 1846 1315 iteranda
1866 1261 2074 1332 scripta

440 1347 808 1418 credidimus,
858 1355 918 1404 ut
961 1352 1267 1406 validiores
1309 1369 1502 1424 preces
1545 1357 1754 1408 nostrae
1799 1371 1919 1409 esse
1950 1372 2069 1409 me-

438 1443 1063 1516 reantur,ipsorumque
1087 1446 1184 1517 qui
1209 1446 1279 1501 ad
1301 1447 1664 1517 clementiam
1693 1453 1936 1503 vestram
1957 1465 2070 1503 non

436 1543 823 1608 pervenerunt
849 1540 1108 1611 exempla
1129 1540 1472 1611 subjecimus
1497 1515 1534 1595 εΧ
1561 1541 1936 1612 amplioribus
1973 1560 2071 1598 vos

439 1632 910 1688 obtestationibus
949 1633 1337 1701 obsecrantes,
1405 1639 1466 1689 ut
1514 1639 1728 1707 quanto
1781 1638 2073 1692 acerbiora

436 1725 579 1780 facta
605 1730 757 1794 sunt,
792 1727 996 1798 quibus
1027 1745 1131 1799 pro
1157 1729 1290 1782 sede
1325 1729 1480 1801 regia
1514 1747 1613 1785 vos
1638 1731 1904 1786 convenit
1931 1748 2068 1787 con-

438 1820 686 1886 trahere,
727 1823 890 1875 tanto
931 1823 1150 1893 majore
1196 1822 1437 1895 gloriam
1487 1842 1682 1880 curam
1710 1825 1831 1896 ejus
1871 1826 1928 1880 in
1959 1843 2070 1898 qua

439 1913 704 1968 excellitis
775 1915 1068 1987 religionis
1120 1917 1390 1986 habeatis,
1464 1935 1535 1973 ne
1589 1921 1882 1975 catholicas
1934 1921 2069 1976 ﬁdei

438 2007 732 2078 integritas
783 2009 898 2063 ulla
941 2011 1325 2066 humanarum
1371 2014 1861 2068 concertationum
1910 2031 2068 2070 occa-

435 2102 597 2154 sione
626 2103 887 2158 violetur.
918 2105 1052 2169 Quae
1081 2106 1234 2160 enim
1263 2111 1616 2178 congregata
1653 2109 1803 2178 apud
1833 2109 2066 2180 Ephesi-

438 2212 566 2250 nam
597 2196 877 2265 synodum
923 2198 1195 2269 sopienda
1227 2202 1285 2252 et
1325 2200 1580 2255 sananda
1617 2201 1770 2272 pacis
1812 2203 2069 2258 remedia

437 2288 838 2358 credebantur,
885 2291 1007 2344 haec
1054 2309 1170 2346 non
1201 2292 1384 2346 solum
1429 2293 1485 2347 in
1522 2295 1738 2365 majora
1772 2296 1926 2367 pacis
1952 2297 2066 2351 dis-

435 2381 664 2451 pendia,
707 2383 804 2436 sed
845 2383 1020 2454 (quod
1064 2385 1234 2438 nimis
1277 2385 1586 2441 dolendum
1636 2391 1737 2454 est)
1789 2389 1962 2444 etiam
2009 2389 2066 2444 in

433 2474 611 2545 ipsius
646 2475 781 2531 fidei
825 2493 938 2548 qua
982 2477 1280 2532 Christiani
1325 2496 1543 2548 sumus,
1579 2482 1796 2537 excidia
1838 2500 2066 2554 proces-

435 2573 649 2624 serunt.
699 2570 766 2624 Et
803 2570 842 2624 ii
886 2571 1120 2641 quidem
1165 2572 1260 2643 qui
1306 2573 1463 2628 missi
1506 2580 1658 2640 sunt,
1708 2594 2067 2650 quorumque

435 2678 583 2716 unus
626 2663 742 2717 vim
791 2665 1157 2720 Alexandrini
1201 2665 1450 2740 episcopi
1501 2669 1605 2724 sibi
1650 2671 1841 2724 omnia
1879 2671 2065 2726 vindi-

434 2756 616 2810 cantis
663 2756 962 2830 effugiens,
1015 2775 1205 2814 rerum
1263 2766 1550 2831 gestarum
1603 2763 1767 2817 nobis
1811 2765 2066 2820 ordinem

434 2848 674 2903 ﬁdeliter
717 2852 1016 2923 nuntiavit,
1065 2855 1516 2911 reclamaverunt
1561 2855 1619 2911 in
1669 2857 1884 2928 synodo
1925 2859 2068 2913 sicut

434 2943 867 3013 oportuitunius
894 2945 1142 3002 hominis
1158 2965 1275 3002 non
1303 2952 1419 3003 tam
1430 2949 1649 3020 judicio
1676 2968 1843 3023 quam
1865 2952 2062 3021 furori,

431 3037 801 3104 protestantes
829 3055 893 3094 ea
924 3055 1052 3110 quae
1081 3057 1184 3112 per
1211 3042 1321 3096 vim
1367 3045 1699 3115 metumque
1733 3049 2065 3116 gererentur

430 3131 797 3187 sacramentis
840 3133 1095 3189 Ecclesiae
1138 3140 1195 3190 et
1239 3136 1346 3208 ipsi
1396 3137 1657 3208 symbolo
1687 3139 1756 3192 ab
1799 3139 2065 3210 apostolis

425 3222 685 3279 instituto
732 3227 1101 3298 prmjudicare
1149 3247 1264 3284 non
1299 3247 1484 3302 posse,
1517 3248 1624 3286 nec
1654 3248 1712 3286 se
1745 3233 1814 3286 ab
1859 3250 1926 3288 ea
1950 3234 2060 3288 ﬁde
2083 3259 2137 3333 C

429 3317 540 3371 ulla
568 3318 777 3389 injuria
801 3322 1148 3394 separandos
1190 3342 1361 3395 quam
1392 3325 1720 3396 plenissime
1750 3327 2062 3398 expositam

425 3414 593 3482 atque
612 3413 666 3467 di
675 3418 894 3484 gestam
914 3433 946 3469 a
963 3417 1098 3471 sede
1119 3417 1266 3472 beati
1282 3419 1521 3490 apostoli
1548 3419 1698 3475 Petri
1720 3421 1792 3475 ad
1810 3425 2060 3476 sanctam

425 3506 708 3575 synodum
761 3509 1115 3566 detulissent.
1167 3513 1339 3584 Cujus
1385 3513 1644 3569 recitatio
1699 3515 2062 3585 poscentibus

423 3599 700 3673 episcopis
726 3619 838 3658 non
871 3604 941 3660 sit
969 3605 1235 3673 admissa,
1263 3605 1343 3661 uti
1379 3607 1588 3664 scilicet
1619 3611 1838 3663 remota
1855 3625 1921 3664 ea
1947 3610 2059 3664 ﬁde

425 3707 551 3763 quae
577 3696 956 3767 patriarchas,
992 3700 1318 3771 prophetas,
1353 3701 1654 3772 apostolos,
1698 3706 1754 3756 et
1781 3705 2061 3774 martyres

423 3789 737 3859 coronavit,
797 3792 1089 3862 generatio
1143 3796 1272 3848 Jesu
1326 3795 1532 3849 Christi
1589 3795 1816 3850 Domini
1878 3797 2060 3852 nostri

420 3881 730 3936 secundum
760 3901 1013 3952 carnem,
1050 3889 1106 3940 et
1130 3903 1277 3941 verae
1308 3889 1509 3942 mortis
1538 3905 1602 3942 ac
1631 3890 2059 3944 resurrectionis

423 3973 544 4041 ejus
582 3975 858 4030 confessio
911 3977 1080 4048 (quod
1136 3979 1437 4034 horremus
1477 3981 1683 4052 dicere)
1724 3982 2055 4039 solveretur.

422 4065 757 4136 Scripsimus
779 4067 846 4123 de
874 4069 976 4124 hac
994 4088 1072 4140 re,
1094 4077 1156 4128 ut
1178 4073 1485 4144 potuimus,
1500 4075 1567 4128 ad
1591 4075 2054 4146 gloriosissimum

424 4157 760 4231 principem,
809 4166 883 4232 et,
935 4166 1088 4235 quod
1136 4171 1219 4221 est
1268 4167 1602 4236 maximum,
1648 4169 2050 4226 Christianum.

417 4253 588 4324 Cujus
605 4254 855 4325 epistolee
881 4259 1098 4328 pariter
1124 4261 1391 4332 exempla
1418 4262 1861 4334 subjecimus,ut
1883 4264 2053 4319 fidem

418 4364 530 4418 qua
569 4354 797 4404 renatus
827 4369 928 4422 per
959 4353 1054 4407 Dei
1087 4354 1326 4424 gratiam
1379 4362 1599 4427 regnat,
1644 4358 1802 4413 nulla
1839 4358 2056 4413 sineret

421 4441 665 4498 novitate
697 4446 1006 4517 corrumpi.
1040 4449 1318 4512 Quoniam
1354 4450 1648 4507 Flavianus
1675 4452 1968 4524 episcopus
1993 4454 2052 4507 in

419 4538 612 4591 nostra
661 4539 922 4594 omnium
962 4543 1368 4598 communione
1414 4545 1682 4616 persistit,
1733 4551 1906 4618 atque
1945 4548 2052 4601 hoc

2176 591 2321 646 siam
2348 592 2452 646 hoc
2479 592 2849 660 convalescat,
2867 592 3322 664 redintegrandte
3341 593 3569 648 unitatis
3584 593 3818 664 copiam

2176 686 2290 740 Deo
2317 685 2618 741 auxiliante
2658 682 2948 756 concedat,
2991 687 3171 741 sciens
3215 687 3444 758 imperii
3469 687 3557 741 sui
3600 687 3820 742 viribus

2175 779 2540 850 profuturum
2594 780 2872 852 quidquid
2923 780 3213 835 catholicae
3269 781 3516 836 libertati
3561 781 3821 852 benigna

2173 873 2349 944 ipsius
2376 873 2550 929 fuerit
2581 873 2630 948 1
2647 873 2772 948 94
2800 874 3162 946 dispositione
3182 875 3608 930 collatum.Data
3628 874 3818 946 pridie

2174 967 2302 1021 ldus
2327 967 2602 1038 Octobris,
2629 968 2846 1022 Asterie
2875 972 2933 1022 et
2968 971 3285 1040 Protogene
3310 969 3446 1024 viris
3483 967 3818 1024 clarissimis

2176 1060 2519 1129 consulibus,
2551 1078 2664 1116 aera
2695 1078 2808 1133 qua
2828 1078 3020 1133 supra.

2672 1185 2803 1239 XIV.
2832 1215 2898 1224 ——-
2929 1185 3019 1240 Ad
3055 1185 3313 1240 eamdem.

2245 1299 2355 1354 Ι,εο
2387 1299 2685 1370 episcOpus
2710 1302 3034 1356 PULCHERIB
3058 1304 3350 1373 Augustae,
3381 1307 3486 1356 etc.

2241 1392 2499 1447 Gaudere
2544 1409 2637 1448 me
2679 1394 2995 1465 plurimum
3042 1400 3098 1449 et
3137 1397 3424 1451 exsultare
3461 1397 3519 1450 in
3560 1396 3810 1450 Domino

2171 1485 2398 1557 pietatis
2440 1489 2553 1541 tua;
2581 1487 2790 1558 scripta
2834 1488 3035 1555 fecere,
3068 1489 3272 1560 quibus
3303 1490 3594 1545 evidenter
3625 1493 3816 1544 osten-

2173 1578 2326 1632 ditur
2363 1586 2645 1651 quantum
2697 1581 3033 1636 catholicam
3065 1582 3270 1654 diligas
3300 1583 3490 1653 ﬁdem,
3533 1587 3590 1638 et
3619 1600 3810 1655 quan-

2171 1675 2295 1726 tum
2325 1673 2658 1729 haereticum
2687 1675 2980 1730 detesteris
3010 1692 3287 1730 errorem.
3328 1677 3565 1732 Haeresis
3594 1678 3814 1749 quippe

2171 1772 2253 1822 est
2277 1767 2449 1823 nimis
2475 1769 2669 1839 impia,
2710 1775 2767 1824 et
2807 1769 3107 1840 Evangelio
3137 1770 3389 1825 veritatis
3415 1771 3648 1825 inimica
3677 1787 3813 1842 quae

2169 1877 2285 1915 non
2316 1862 2635 1934 portionem
2679 1863 2933 1934 aliquam
2958 1863 3186 1931 laedere,
3225 1864 3323 1918 sed
3352 1865 3478 1936 ipsa
3515 1865 3815 1936 religionis

2169 1955 2499 2012 Christianae
2543 1959 2779 2011 conatur
2810 1957 3185 2012 fundamenta
3214 1959 3549 2026 convellere,
3590 1976 3811 2030 negans

2170 2049 2505 2120 sempiterni
2517 2051 2697 2104 Patris
2712 2050 2914 2104 Filium
2927 2051 3341 2123 sempiternum
3358 2053 3427 2106 de
3446 2057 3602 2107 utero
3615 2053 3810 2108 beatae

2170 2142 2410 2214 Virginis
2439 2143 2634 2198 matris
2660 2160 2852 2197 veram
2880 2161 3109 2198 carnem
3136 2149 3341 2200 nostra:
3367 2147 3672 2217 sumpsisse
3701 2165 3805 2200 na-

2169 2241 2311 2291 tura:
2337 2254 2350 2303 ;
2385 2242 2441 2291 et
2470 2253 2563 2292 eos
2601 2237 2965 2292 damnatione
2996 2239 3310 2308 percellens
3333 2240 3430 2310 qui
3456 2241 3526 2294 ab
3556 2257 3804 2312 evange-

2169 2331 2274 2386 lica
2301 2334 2357 2385 et
2383 2332 2688 2402 apostolica
2704 2331 2814 2385 fide
2843 2331 2998 2385 nullo
3023 2331 3226 2387 deduci
3251 2350 3443 2388 errore
3471 2338 3806 2406 potuerunt,

2172 2425 2424 2496 illudque
2468 2426 2676 2480 frustra
2718 2428 3085 2497 praetendens
3115 2428 3270 2498 quod
3317 2429 3558 2482 Nicaeus:
3599 2429 3809 2500 synodi

2168 2518 2342 2573 ﬁdem
2385 2522 2592 2587 teneat,
2642 2520 2803 2590 cujus
2841 2538 2973 2576 eum
2998 2525 3217 2576 constat
3246 2538 3365 2576 esse
3406 2522 3650 2576 alienum
3687 2523 3810 2593 glo-

2168 2611 2478 2667 riosissima
2502 2614 2778 2684 Augusta.
2801 2615 2961 2670 Unde
2987 2616 3250 2687 quianon
3267 2615 3476 2670 deserit
3496 2616 3809 2671 Ecclesiam

2168 2723 2328 2760 suam
2350 2707 2540 2762 divina
2565 2710 2860 2779 protectio,
2895 2709 3122 2763 dicente
3151 2710 3391 2764 Domino
3417 2727 3430 2764 :
3470 2734 3494 2758 ‹‹
3524 2711 3662 2765 Ecce
3693 2727 3807 2782 ego

2167 2800 2454 2855 vobiscum
2475 2818 2602 2856 sum
2632 2803 2898 2857 omnibus
2929 2803 3130 2857 diebus
3157 2820 3333 2874 usque
3349 2805 3419 2858 ad
3446 2820 3809 2858 consumma-

2166 2894 2381 2949 tionem
2406 2896 2596 2949 saeculi
2622 2896 2840 2966 (Matth.
2870 2913 3060 2964 xxvin,
3088 2900 3197 2967 20),
3224 2920 3251 2947 υ
3283 2898 3592 2968 eodemque
3623 2915 3803 2968 opere

2167 2993 2224 3042 et
2247 2993 2506 3060 tempore
2532 2989 2764 3061 spiritus
2795 2990 2897 3044 Dei
2931 2995 2987 3046 et
3017 2991 3336 3045 clementia!
3362 2996 3563 3046 vestrae
3591 2991 3803 3046 sollici-

2164 3081 2424 3136 tudinem
2453 3087 2510 3138 et
2539 3101 2734 3138 curam
2768 3085 2948 3138 nostri
2979 3084 3166 3139 cordis
3200 3086 3475 3152 accendit,
3513 3089 3578 3139 ut
3607 3085 3677 3139 de
3705 3102 3799 3138 re~

2165 3175 2368 3230 mediis
2392 3177 2785 3247 procurandis,
2816 3177 3016 3232 eadem
3045 3178 3272 3249 utrique
3292 3195 3643 3250 caperemus,
3667 3196 3805 3250 quae

2164 3269 2319 3340 prius
2342 3271 2594 3342 poposci.
2623 3273 2781 3326 Nunc
2810 3287 3036 3343 quoque
3061 3272 3368 3328 instantius
3392 3275 3544 3345 peto,
3575 3273 3805 3344 majore

2164 3368 2329 3417 utens
2371 3364 2577 3419 ﬁducia
2633 3365 2998 3436 deprecandi,
3049 3370 3416 3438 posteaquam
3463 3365 3805 3438 praesidium

2163 3458 2499 3512 venerandae
2538 3458 2947 3513 exhortationis
2977 3458 3175 3530 accipi,
3213 3476 3448 3530 sperans
3487 3459 3801 3514 affuturam

2164 3550 2614 3607 misericordiam
2643 3553 2760 3621 Dei,
2790 3557 2851 3607 ut
2880 3557 3220 3623 cooperante
3251 3560 3438 3608 vestra
3467 3554 3800 3623 clementia,

2161 3644 2414 3716 pestiferi
2441 3647 2647 3701 erroris
2674 3646 2853 3718 possit
2879 3646 3111 3702 morbus
3138 3647 3382 3702 auferri:
3422 3651 3488 3702 ut
3515 3647 3799 3719 quidquid

2162 3741 2285 3810 ipso
2315 3740 2635 3811 inspirante
2680 3745 2851 3813 atque
2880 3741 3187 3795 auxiliante
3217 3741 3471 3812 potuerit
3498 3741 3804 3797 salubriter

2160 3834 2300 3904 ﬁeri,
2332 3851 2462 3888 cum
2493 3838 2694 3889 vestrm
2720 3834 2851 3888 ﬁdei
2876 3835 3042 3889 laude
3074 3835 3679 3907 peragatur,quoniam
3703 3852 3800 3890 res

2158 3929 2428 3983 humanas
2465 3929 2631 3983 aliter
2656 3931 2792 3982 tutas
2819 3945 2940 3983 esse
2977 3945 3094 3983 non
3135 3932 3389 4000 possunt,
3421 3929 3529 3983 nisi
3567 3946 3695 4001 quae
3722 3932 3798 3985 ad

2158 4023 2406 4077 divinam
2452 4022 2859 4077 confessionem
2891 4023 3199 4094 pertinent,
3233 4027 3290 4077 et
3325 4023 3484 4094 regia
3513 4028 3569 4078 et
3605 4039 3797 4078 sacer—

2158 4117 2360 4171 dotalis
2386 4116 2656 4171 defendat
2678 4118 3004 4172 auctoritas.
3028 4117 3167 4171 Data
3186 4116 3565 4172 decimosexto
3593 4117 3797 4172 Kalen~

2157 4211 2258 4265 das
2285 4210 2911 4283 Aprilis,Valentiniano
2934 4215 3187 4283 Augusto
3216 4211 3476 4283 septimo,
3496 4216 3552 4267 et
3574 4212 3798 4267 Aniene

2155 4305 2288 4360 viris
2309 4304 2632 4360 clarissimis
2659 4305 3006 4374 consulibus,
3039 4323 3151 4361 aera
3174 4322 3562 4362 ccccmrxxvm.

2251 4428 2355 4481 XV.
2385 4458 2454 4467 —
2481 4427 2571 4483 Ad
2597 4429 2934 4483 Martianum
2959 4431 3009 4482 et
3039 4429 3297 4484 Faustum
3325 4429 3686 4498 presbyteros.

2223 4541 2330 4594 Leo
2376 4541 2673 4611 episcopus
2714 4541 2998 4596 MARTIANO
3054 4541 3379 4612 Fwsroque
3426 4540 3791 4611 presbyteris.

415 4631 565 4699 quod
593 4631 802 4687 factum
831 4639 916 4688 est
940 4634 1060 4690 sine
1088 4637 1545 4693 consideratione
1568 4640 1810 4710 justitiae
1838 4645 1895 4694 et
1921 4658 2051 4695 cou-
2070 4633 2129 4704 D
2225 4635 2509 4688 Bonorum
2536 4651 2775 4706 operum
2795 4639 2850 4688 et
2867 4634 3252 4706 spiritualium
3269 4634 3586 4689 studiorum
3607 4636 3792 4690 Deum

416 4726 502 4777 tra
529 4726 788 4781 omnium
811 4745 1094 4784 canonum
1115 4730 1472 4802 disciplinam
1487 4738 1674 4788 ratum
1689 4734 1887 4788 haberi
1910 4735 2050 4788 ratio

414 4817 570 4873 nulla
598 4820 894 4890 permittit.
923 4824 990 4878 Et
1015 4824 1149 4895 quia
1177 4825 1540 4880 dissensionis
1575 4828 1905 4881 scandalum
1935 4845 2047 4881 non

411 4907 732 4969 abstulisset
756 4915 1039 4986 Ephesina
1065 4919 1334 4989 synodus,
1378 4921 1477 4973 sed
1502 4919 1766 4987 auxisset,
1800 4919 2050 4974 habendi

412 5004 562 5060 intra
587 5007 807 5063 Italiam
855 5011 1156 5066 concilium
1208 5017 1264 5067 et
1290 5014 1447 5068 locus
1491 5013 1948 5079 constitueretur,
1995 5019 2050 5068 et

413 5104 636 5170 tempus
657 5103 919 5157 omnibus
946 5106 1189 5175 querelis
1206 5109 1262 5160 et
1289 5106 1630 5177 praejudiciis
1646 5107 1825 5177 partis
1848 5107 2050 5160 utrius-

415 5209 526 5264 que
563 5195 867 5266 suspensis,
904 5214 1020 5268 quo
1049 5199 1377 5272 diligentius
1406 5201 1673 5254 universa
1708 5216 1836 5270 quas
1869 5201 2045 5255 offen-

411 5286 631 5340 sionem
671 5295 1099 5358 generaverant,
1140 5295 1539 5359 retractantur,
1591 5297 1646 5347 et
1674 5291 1885 5363 absque
1924 5295 2042 5348 vul-

416 5397 551 5434 nere
602 5380 755 5449 lidei,
807 5383 1020 5456 absque
1069 5386 1365 5456 religionis
1436 5385 1667 5456 injuria,
1728 5386 1786 5440 in
1845 5405 2043 5458 pacem

412 5473 619 5528 Christi
647 5475 901 5544 redeant,
934 5478 1047 5533 sint
1085 5479 1426 5548 sacerdotes,
1473 5482 1528 5533 et
1571 5479 1671 5534 soli
1717 5481 2046 5536 auferantur

409 5583 648 5622 errores.
685 5569 848 5632 Quod
875 5575 951 5624 aut
983 5570 1239 5625 obtinere
1270 5587 1591 5627 mereamur
1628 5573 2044 5644 probatissima:

411 5661 572 5716 nobis
603 5661 734 5716 fidei
760 5662 939 5733 pietas
965 5666 1081 5732 tua,
1117 5681 1245 5735 quae
1275 5665 1499 5720 labores
1529 5667 1792 5722 Ecclesia:
1819 5685 2047 5740 semper

408 5752 642 5822 adjuvit,
677 5754 1147 5825 supplicationem
1198 5764 1448 5814 nostram
1485 5762 1637 5832 apud
1676 5762 2041 5817 clementissi-

413 5856 572 5898 mum
605 5846 920 5916 principem
966 5849 1079 5905 sive
1115 5851 1432 5922 specialiter
1459 5872 1492 5908 a
1523 5854 1852 5910 beatissimo
1883 5857 2045 5909 Petro

410 5936 661 6009 apostolo
717 5938 1056 6007 legationem
1098 5945 1451 6004 commissam
1479 5948 1749 6018 dignetur
1776 5962 2041 6014 asserere,

2149 4733 2440 4784 auctorem
2469 4745 2591 4783 esse
2621 4745 2736 4782 non
2765 4727 3005 4783 dubium
3039 4731 3142 4798 est,
3176 4727 3275 4800 qui
3315 4745 3556 4800 quorum
3591 4729 3796 4785 incitat

2151 4825 2370 4877 mentes
2395 4821 2626 4894 adjuvat
2649 4822 2915 4878 actiones.
2947 4822 3103 4887 Quad
3132 4822 3295 4876 nobis
3323 4822 3592 4894 praesenti
3617 4838 3789 4894 expe-

2151 4916 2394 4971 rimento
2425 4915 2719 4972 evidenter
2740 4916 3024 4989 apparuit.
3057 4916 3113 4971 Si
3141 4915 3375 4988 quidem
3404 4917 3556 4970 inter
3581 4916 3791 4972 discre-

2148 5015 2337 5064 tarum
2367 5009 2546 5081 spatia
2569 5010 2885 5081 longinqua
2904 5009 3207 5082 regionum
3233 5027 3413 5064 unum
3439 5011 3792 5082 sumpserint

2149 5103 2316 5157 corda
2344 5107 2539 5158 nostra
2565 5103 2888 5174 consilium,
2919 5107 2981 5158 ut
3004 5104 3158 5176 quod
3179 5122 3212 5159 a
3239 5103 3403 5159 nobis
3433 5104 3792 5160 desideraba-

2151 5197 2239 5266 tis,
2268 5214 2334 5252 eo
2364 5197 2522 5252 vobis
2546 5202 2804 5270 tempore
2835 5215 2946 5270 quo
2975 5199 3223 5270 epistolae
3252 5203 3452 5254 vestrae
3488 5199 3793 5254 mitteban-

2149 5297 2260 5357 tur,
2305 5292 2628 5347 occurrerit.
2684 5293 2744 5348 Si
2797 5296 2993 5348 tamen
3044 5292 3328 5348 dilectioni
3379 5299 3579 5348 vestras
3635 5293 3788 5349 tradi

2149 5385 2356 5457 scripta
2400 5391 2595 5440 nostra
2624 5389 2877 5457 patuere,
2917 5403 3042 5457 quin
3088 5404 3201 5441 non
3241 5387 3422 5441 solum
3464 5387 3789 5458 apostolicae

2147 5479 2301 5535 Sedis
2349 5480 2699 5546 auctoritate,
2739 5479 2839 5533 sed
2866 5480 3037 5535 etiam
3074 5483 3280 5534 sanctas
3318 5481 3519 5552 synodi
3556 5497 3684 5552 quae
3711 5484 3787 5537 ad

2145 5590 2248 5628 nos
2278 5574 2548 5644 frequens
2579 5579 2939 5642 convenerat,
2975 5574 3354 5629 unanimitate
3387 5574 3603 5630 directa
3627 5580 3784 5644 sunt,

2145 5671 2209 5721 ut
2227 5667 2284 5721 in
2311 5666 2400 5721 his
2425 5669 2692 5737 quantam
2725 5683 2923 5721 curam
2953 5667 3126 5722 totius
3158 5667 3419 5722 Ecclesiae
3444 5667 3784 5737 habeamus,

2143 5764 2436 5832 appareat,
2460 5761 2736 5815 hortando
2763 5761 2977 5815 scilicet
2994 5760 3253 5815 omnium
3282 5761 3536 5815 ﬁdelium
3560 5765 3784 5816 mentes

2145 5857 2202 5907 et
2225 5854 2793 5910 clementissimorum
2826 5854 3150 5925 principum
3199 5855 3453 5925 praesidia
3483 5856 3553 5908 ad
3581 5855 3780 5908 defen-

2145 5946 2363 6001 sionem
2389 5947 2518 6002 lidei
2545 5947 2906 6023 postulando,
2937 5963 3182 6021 quorum
3231 5948 3351 6020 pios
3384 5951 3440 6003 et
3472 5948 3781 6004 catholicos
