4034 6292
185 389 283 439 789
1431 380 1905 437 DECRETALIUM
1943 382 2330 438 COLLECTIO.

3450 390 3552 443 ῖοο

180 496 402 550 animos
456 511 575 550 non
621 494 928 550 difﬁdimus
982 510 1152 566 opem
1207 496 1378 564 atauo
1419 491 1817 548 auctoritatem
1837 499 2040 574 Asan)
2065 491 2388 562 apostolicae
2413 490 2796 549 Sedis'scrinia
2823 500 3210 565 susceperant,
3232 495 3556 566 praeceden-

178 606 335 644 suam
380 588 558 660 justis
604 587 977 660 petitionibus
1024 587 1395 660 praestituros,
1462 602 1577 658 quo
1631 585 1816 656 citius,

178 683 499 738 auxiliante
549 683 813 752 Domino,
860 681 1180 754 perniciosa
1222 679 1454 736 haeresis
1500 683 1556 737 et
1603 680 1818 736 dudum

176 780 513 832 sanctorum
543 779 777 832 Patrum
807 775 1141 831 auctoritate
1169 775 1439 830 damnata
1466 791 1596 847 quas
1637 791 1822 846 nuper

175 871 381 943 Ephesi
403 871 556 926 male
577 871 773 942 adjuta
805 875 908 939 est,
951 869 1261 924 auferatur.
1291 867 1524 924 Interim
1553 885 1688 924 vero
1726 868 1821 924 det

176 982 411 1037 operam
451 967 739 1036 quantum
773 963 895 1019 ﬁeri
923 966 1108 1035 potest
1131 965 1313 1017 vestra
1344 961 1570 1018 dilectio
1595 966 1662 1017 ut
1690 978 1814 1018 om-

177 1059 345 1114 nibus
381 1059 650 1114 Ecclesiae
696 1057 826 1113 ﬁliis
867 1057 1196 1126 innotescat,
1238 1056 1390 1128 quod
1426 1055 1668 1128 impium
1697 1072 1821 1112 sen-

179 1170 302 1208 sum
337 1153 659 1208 secundum
686 1151 1005 1207 doctrinam
1043 1150 1430 1222 evangelicam
1459 1153 1518 1204 et
1545 1150 1816 1222 apostoli-

179 1263 296 1302 cam
323 1246 728 1318 praedicamus.
750 1244 890 1309 Quia
915 1245 1044 1300 licet
1071 1246 1241 1317 plene
1271 1259 1400 1316 quae
1427 1260 1655 1315 semper
1679 1244 1816 1298 fuis-

179 1345 276 1406 set,
311 1345 492 1412 atque
538 1344 690 1394 esset
735 1338 1144 1394 catholicorum
1196 1337 1483 1392 sententia
1522 1337 1814 1408 scripseri-

176 1451 318 1501 mus,
352 1438 558 1489 tamen
582 1450 735 1488 nunc
758 1449 985 1505 quoque
1011 1432 1084 1486 ad
1110 1431 1534 1487 conﬁrmandas
1555 1431 1817 1486 omnium

176 1533 396 1584 mentes
424 1545 548 1584 non
569 1543 776 1599 parum
802 1525 1204 1582 exhortationis
1231 1524 1574 1580 addidimus.
1602 1526 1819 1580 Memor

176 1623 330 1678 enim
358 1639 493 1677 sum
516 1638 611 1676 me
642 1621 746 1676 sub
787 1620 936 1675 illius
973 1620 1206 1676 nomine
1236 1618 1560 1692 praesidere,
1589 1619 1750 1690 cujus
1785 1636 1818 1673 a

177 1717 422 1772 Domino
473 1717 605 1771 Jesu
637 1714 861 1771 Christo
904 1719 987 1770 est
1036 1713 1345 1786 gloriﬁcata
1400 1713 1699 1780 confessio,
1759 1714 1818 1767 et

174 1811 333 1882 cujus
378 1809 528 1866 ﬁdes
579 1825 779 1865 omnes
824 1808 1056 1880 quidem
1099 1809 1348 1863 haereses
1394 1806 1666 1875 destruit,
1717 1806 1817 1862 sed

1915 592 2062 648 tium
2123 589 2313 643 sensui
2356 588 2711 661 perspexerit
2761 591 3196 655 consonantem,
3255 588 3556 660 Ephesium

1918 686 2092 742 etiam
2116 683 2317 757 synodi
2345 687 2566 756 gestare
2588 685 2842 750 censent,
2869 681 3076 753 quibus
3095 687 3294 737 contra
3311 682 3557 738 Nestorii

1917 776 2279 851 impietatem
2309 783 2366 833 et
2393 795 2428 832 a
2455 780 2662 832 sanctas
2690 775 2982 831 memorias
3007 775 3212 846 Cyrillo
3234 775 3469 843 inserta,
3497 779 3557 832 et

1917 874 2159 945 allegata
2198 876 2332 927 sunt
2370 871 2443 926 de
2468 870 2858 926 incarnatione
2893 869 3120 925 Domini
3143 868 3550 925 catholicorum

1917 965 2244 1022 mstimonia
2265 965 2647 1021 sacerdotum.
2669 967 2794 1021 Non
2813 968 3145 1036 aspernetur
3162 963 3338 1019 etiam
3356 979 3548 1018 meam

1918 1061 2218 1132 epistolam
2237 1075 2549 1127 recensere,
2574 1074 2746 1130 quam
2764 1057 2959 1130 pietati
2989 1059 3222 1114 Patrum
3239 1073 3342 1129 per
3359 1057 3551 1114 omnia

1917 1153 2263 1209 concordare
2291 1152 2558 1225 reperiet.
2592 1152 2850 1224 Cumque
2885 1168 2919 1206 a
2947 1167 3009 1206 se
3035 1151 3146 1206 hoc
3172 1150 3328 1222 quod
3365 1149 3551 1207 eidem

1915 1247 2280 1319 profuturum
2294 1247 2367 1301 sit
2385 1245 2575 1318 expeti
2595 1245 3027 1318 desiderarique
3062 1243 3414 1316 cognoverit,
3452 1260 3547 1300 ca-

1916 1340 2263 1395 tholicorum
2302 1339 2599 1395 sententiis
2638 1341 2754 1394 toto
2787 1339 2957 1394 corde
2995 1338 3327 1393 consentiat.
3365 1339 3448 1392 Ita
3486 1341 3553 1392 ut

1916 1433 2196 1489 sinceram
2239 1433 2666 1489 communionis
2706 1433 2839 1488 ﬁdei
2878 1431 3287 1506 professionem
3321 1431 3548 1487 absolu-

1915 1528 2134 1603 tissima
2163 1527 2578 1600 subscriptione
2615 1543 2805 1582 coram
2833 1526 2991 1582 omni
3023 1527 3175 1582 clero
3205 1531 3264 1581 et
3287 1525 3552 1582 universa

1914 1621 2081 1693 plebe
2110 1621 2377 1689 declaret,
2423 1621 2744 1692 apostolica;
2774 1620 2907 1676 Sedi
2939 1625 2994 1675 et
3021 1618 3297 1676 universis
3326 1618 3550 1674 Domini

1915 1713 2296 1770 sacerdotibus
2322 1719 2494 1786 atque
2521 1714 2771 1770 ecclesiis
2795 1713 3218 1786 publicandam,
3245 1717 3332 1783 ut,
3357 1712 3551 1784 paciﬁ-

1915 1812 2036 1862 cato
2057 1824 2160 1879 per
2187 1825 2360 1863 unam
2381 1807 2553 1863 ﬁdem
2572 1807 2814 1875 mundo,
2835 1807 3116 1879 possimus
3132 1822 3334 1862 omnes
3362 1805 3553 1861 dicere

177 1904 428 1960 maxime
458 1903 816 1975 impietatem
843 1901 1145 1974 praesentis
1173 1901 1381 1956 erroris
1409 1903 1727 1972 expugnat;
1760 1904 1818 1956 et
1835 1873 1892 1947 Β
1915 1901 2066 1974 quod
2092 1901 2284 1972 angeli
2313 1905 2452 1956 nato
2483 1902 2554 1956 de
2585 1901 2754 1956 Maria
2777 1901 3002 1972 virgine
3028 1901 3316 1956 Salvatore
3343 1899 3556 1954 cecine-

175 1995 440 2065 intelligo
476 1993 624 2048 mihi
669 1993 823 2048 aliud
861 2010 977 2049 non
1006 1992 1176 2047 licere
1203 2007 1377 2064 quam
1406 1995 1472 2046 ut
1499 2008 1701 2046 omnes
1730 2008 1818 2045 co-

172 2092 339 2143 natus
369 2105 537 2143 meos
567 2087 616 2142 ei
643 2104 826 2142 causa:
849 2088 910 2142 in
939 2103 1051 2159 qua
1079 2085 1411 2141 universalis
1438 2084 1699 2141 Ecclesiae
1726 2101 1812 2140 sa-

173 2185 255 2237 lus
276 2182 606 2248 infestatur,
637 2181 987 2253 impendam.
1006 2182 1085 2236 Ne
1107 2183 1302 2235 autem
1320 2179 1507 2251 aliqua
1524 2179 1815 2252 negligen-

175 2277 264 2331 liae
314 2275 622 2330 occasione
667 2275 877 2347 scripta
921 2277 1114 2330 nostra
1147 2273 1219 2328 ad
1257 2291 1358 2328 vos
1382 2290 1497 2328 non
1524 2273 1818 2345 potuerint

174 2370 500 2442 pervenire,
556 2370 907 2440 exemplaria
954 2369 1288 2425 eorumdem
1332 2385 1484 2423 nunc
1534 2367 1817 2422 mittenda

175 2464 553 2533 credidimus,
584 2469 650 2518 ut
674 2463 834 2518 nullo
861 2462 1034 2518 modo
1058 2462 1190 2518 ﬁdei
1221 2478 1394 2534 quam
1429 2460 1812 2528 defendimus,

174 2557 508 2630 praedicatio
535 2561 742 2612 nostras
766 2556 986 2612 notitiae
1007 2556 1390 2612 subtrahatur.
1423 2557 1564 2611 Data
1589 2555 1814 2610 decimo

176 2655 330 2707 sexto
364 2650 655 2706 Kalendas
682 2651 908 2722 Aprilis,
939 2650 1333 2706 Valentiniano
1363 2652 1616 2722 Augusto
1645 2651 1735 2705 VII
1761 2653 1816 2705 et

177 2748 394 2801 Ameno
421 2747 465 2797 V
493 2745 842 2802 consulibus.

453 2839 587 2894 XVI.
619 2869 688 2880 —-
717 2839 812 2894 Ad
842 2839 1192 2893 Theodosium
1217 2839 1537 2907 Augustum.

243 2935 355 2988 Lao
381 2933 689 3006 episcOpus
717 2933 1029 2987 Tneooosxo
1060 2935 1334 3004 Augusto,
1368 2936 1477 2987 etc.

242 3027 530 3084 Omnibus
551 3026 782 3098 quidem
807 3029 1008 3080 vestra:
1029 3025 1258 3098 pietatis
1276 3023 1531 3096 epistolis
1549 3025 1698 3080 inter
1718 3040 1814 3079 eas

179 3120 587 3176 sollicitudines
614 3137 756 3192 quas
783 3136 884 3192 pro
922 3119 1033 3174 ﬁde
1062 3119 1312 3191 patimur
1337 3135 1497 3191 spem
1534 3117 1697 3172 nobis
1725 3133 1810 3172 se-

178 3215 433 3270 curitatis
471 3213 784 3268 maximam
809 3212 1150 3284 praastitistis
1179 3212 1470 3267 Nicaenum
1513 3227 1807 3266 commen-

178 3308 366 3364 dando
416 3307 744 3375 concilium,
787 3306 928 3361 adeo
969 3309 1032 3360 ut
1066 3306 1136 3360 ab
1180 3306 1298 3374 illo,
1347 3305 1492 3360 sicut
1516 3321 1667 3376 saepe
1687 3305 1810 3376 jam

178 3402 442 3468 scribitis,
481 3417 601 3456 non
630 3399 925 3472 patiamini
968 3399 1286 3455 sacerdotes
1310 3398 1536 3454 Domini
1566 3397 1810 3454 deviare.

176 3497 282 3553 Sed
315 3513 392 3551 ne
419 3495 637 3567 aliquid
657 3495 716 3550 in
741 3494 1137 3566 praajudicium
1159 3494 1449 3548 catholica
1468 3491 1812 3548 defensionis

176 3590 406 3645 viderer
431 3588 616 3660 egisse
646 3587 717 3643 de
765 3587 1126 3643 ordinatione
1156 3589 1276 3658 ejus
1306 3587 1405 3660 qui
1429 3586 1813 3644 Constantino-

177 3685 447 3756 politanus
472 3681 706 3754 cceperit
730 3681 980 3737 ecclesias
1003 3681 1326 3753 praesidere,
1342 3681 1488 3736 nihil
1506 3679 1735 3736 interim
1751 3680 1810 3734 in

175 3779 512 3834 alterutram
559 3778 779 3848 partem
827 3781 1045 3830 temere
1097 3775 1528 3830 rescribendum
1580 3773 1809 3846 putavi,

175 3888 290 3926 non
321 3869 692 3925 dilectionem
713 3886 948 3942 negans,
972 3869 1069 3925 sed
1093 3868 1608 3924 manifestationem
1626 3867 1812 3922 catho-

179 3966 295 4020 licas
339 3963 599 4019 veritatis
635 3966 986 4034 exspectans.
1032 3963 1194 4028 Quod
1225 3962 1620 4034 aequanimiter
1645 3961 1809 4031 ferat,

178 4060 439 4128 obsecro,
466 4061 653 4113 vestra
682 4056 1008 4124 clementia,
1037 4061 1102 4112 ut
1130 4073 1260 4111 cum
1285 4057 1459 4111 talem
1495 4072 1552 4111 se
1593 4072 1729 4127 erga
1753 4055 1812 4109 ﬁ-

177 4154 303 4209 dem
332 4150 673 4208 catholicam
691 4151 919 4223 qualem
947 4149 1224 4222 cupimus,
1250 4149 1592 4221 approbarit,
1611 4149 1679 4204 de
1698 4148 1813 4202 sin-

177 4249 408 4302 ceritate
434 4245 613 4318 ipsius
638 4245 882 4317 c0piosis
929 4247 987 4299 et
1033 4243 1282 4300 securius
1320 4243 1687 4314 gaudeamus.
1736 4243 1814 4297 Ne

180 4357 308 4396 vero
334 4340 530 4412 aliqua
565 4338 728 4393 illum
767 4339 837 4393 de
865 4341 1059 4393 nostro
1085 4337 1275 4392 animo
1304 4336 1563 4392 mordeat
1587 4335 1814 4390 sinistra

181 4434 447 4507 suspicio,
476 4433 829 4488 occasionem
855 4432 1026 4488 totius
1045 4431 1394 4487 difﬁcultatis
1419 4447 1672 4498 amoveo,
1709 4445 1813 4484 nec

179 4529 397 4602 aliquid
423 4527 592 4598 exigo
613 4526 752 4599 quid
781 4531 878 4581 aut
897 4526 1140 4580 arduum
1165 4525 1422 4579 videatur
1437 4526 1535 4578 aut
1555 4523 1812 4590 dubium,

1915 1999 2050 2050 runt
2074 2012 2086 2050 :
2115 2015 2141 2046 «
2162 1995 2348 2050 Gloria
2365 1995 2425 2050 in
2443 1995 2678 2050 excelsis
2697 1996 2832 2065 Deo,
2855 1999 2912 2049 et
2931 1995 2990 2050 in
3011 1997 3167 2050 terra
3185 2011 3294 2065 pax
3309 1993 3556 2048 homini-

1915 2088 2020 2143 bus
2045 2088 2212 2144 bonas
2233 2088 2538 2144 voluntatis
2570 2088 2718 2160 (Luc.
2755 2105 2814 2158 ιι,
2843 2089 2950 2158 14).
2980 2109 3008 2138 ››
3041 2088 3181 2152 Quia
3204 2103 3339 2142 vero
3369 2093 3426 2142 et
3450 2103 3553 2142 nos

1917 2185 1975 2237 et
1998 2181 2150 2237 beati
2181 2183 2373 2237 Patres
2390 2181 2594 2250 nostri,
2623 2197 2871 2254 quorum
2890 2181 3211 2237 doctrinam
3240 2184 3299 2235 et
3320 2195 3555 2235 venera-

1915 2293 2048 2331 mur
2090 2279 2148 2331 et
2194 2276 2508 2349 sequimur,
2548 2275 2608 2331 in
2640 2275 2807 2330 unius
2833 2275 2964 2331 ﬁdei
3001 2273 3307 2330 concordia
3333 2289 3550 2340 sumus,

1915 2370 2060 2425 sicut
2088 2370 2507 2441 provinciarum
2540 2370 2801 2425 omnium
2836 2371 3226 2441 protestantur
3248 2367 3549 2434 antistites,

1914 2468 2048 2535 agat
2075 2463 2394 2518 clementia
2431 2467 2628 2518 vestra:
2669 2462 3027 2518 devotissima
3056 2460 3217 2527 ﬁdes,
3250 2465 3314 2515 ut
3341 2476 3548 2532 quam-

1913 2557 2170 2630 primum
2189 2557 2261 2611 ad
2291 2573 2395 2612 nos
2412 2555 3023 2628 Constantinopolitani
3057 2554 3330 2626 episcopi,
3360 2552 3550 2626 qualia

1913 2651 2116 2706 debeat
2145 2650 2365 2722 probati
2403 2653 2460 2705 et
2482 2649 2746 2705 catholici
2785 2649 3091 2704 sacerdotis
3120 2647 3324 2719 scripta
3355 2663 3551 2718 perve-

1914 2745 2092 2813 niant,
2141 2747 2337 2816 aperte
2380 2743 2612 2811 scilicet,
2656 2748 2826 2816 atque
2865 2742 3110 2798 dilucide
3153 2740 3578 2813 protestantia,1_

1911 2839 2064 2910 quod
2092 2838 2137 2892 si
2168 2837 2295 2910 quis
2325 2838 2396 2894 de
2419 2837 2806 2893 incarnatione
2833 2836 3002 2892 Verbi
3029 2835 3128 2891 Dei
3159 2834 3311 2891 aliud
3335 2833 3548 2905 aliquid

1913 2931 2110 2986 credat
2148 2936 2246 2986 aut
2286 2934 2500 2988 asserat
2540 2948 2712 3005 quam
2755 2930 3165 2986 catholicorum
3207 2928 3466 2984 omnium
3495 2931 3553 2982 et

1912 3041 2041 3080 mea
2066 3025 2340 3097 professio
2365 3028 2734 3098 protestatur,
2764 3025 2921 3080 hunc
2957 3040 2990 3080 a
3019 3041 3118 3079 sua
3147 3022 3549 3079 communione

1911 3123 2188 3187 secernat,
2217 3122 2282 3175 ut
2309 3119 2360 3175 ei
2394 3121 2705 3175 fraternam
2731 3119 2790 3174 in
2813 3118 3036 3175 Christo
3062 3117 3400 3173 charitatem
3429 3130 3547 3170 me-

1911 3213 2021 3268 rito
2041 3213 2324 3284 possimus
2354 3213 2709 3285 impendere.
2743 3214 2812 3269 Ut
2838 3217 3032 3268 autem
3054 3210 3373 3266 salubribus
3398 3207 3550 3264 curis

1909 3306 2153 3361 velocior
2197 3307 2548 3380 pleniorque,
2593 3306 2897 3362 auxiliante
2927 3305 3187 3372 Domino,
3218 3321 3322 3376 per
3347 3305 3549 3358 vestras

1910 3400 2228 3454 clementiae
2278 3401 2452 3455 ﬁdem
2506 3403 2810 3472 praestetur
2865 3399 3118 3466 affectus,
3171 3398 3241 3454 ad
3273 3397 3546 3468 pietatem

1908 3497 2155 3549 vestram
2182 3494 2383 3548 fratres
2413 3497 2470 3549 et
2494 3493 2850 3566 coepiscopos
2884 3497 3108 3548 nostros
3135 3489 3463 3545 Abundium
3492 3494 3549 3544 et

1909 3587 2211 3654 Asterium,
2234 3587 2330 3642 sed
2363 3590 2423 3642 et
2447 3586 2717 3642 Basilium
2741 3592 2798 3642 et
2817 3586 3144 3642 Senatorem
3159 3584 3544 3656 presbyteros,

1913 3697 2158 3753 quorum
2185 3680 2327 3735 mihi
2357 3680 2578 3736 devotio
2615 3685 2700 3737 est
2733 3680 2993 3752 probata,
3029 3678 3232 3747 direxi,
3269 3693 3373 3749 per
3405 3692 3549 3748 quos

1911 3791 2040 3847 quae
2068 3777 2280 3830 nostra;
2304 3775 2486 3830 forma
2510 3775 2580 3830 sit
2607 3773 2740 3830 ﬁdei
2759 3773 3136 3829 manifestatis
3153 3769 3544 3827 instructioni-
3581 3763 3594 3803 ’

1912 3868 2018 3922 bus
2037 3885 2179 3940 quas
2200 3867 2483 3936 misimus,
2505 3868 2730 3940 possitis
2751 3868 3056 3941 dignanter
3073 3880 3407 3938 agnoscere,
3420 3866 3484 3919 ut
3501 3863 3545 3918 si

1911 3961 2567 4034 Constantinopolitanus
2593 3962 2828 4018 antistes
2859 3962 2918 4018 in
2948 3961 3211 4017 eamdem
3246 3956 3544 4015 confessio-

1911 4071 2046 4110 nem
2061 4058 2195 4111 toto
2229 4056 2398 4112 corde
2431 4056 2735 4126 consentit,
2765 4057 2947 4112 securi
2979 4056 3060 4127 (ut
3077 4055 3319 4128 dignum
3339 4053 3442 4123 est)
3475 4052 3547 4109 de

1914 4149 2292 4204 ecclesiastica
2307 4166 2447 4222 pace
2481 4151 2761 4219 laetemur,
2785 4167 2972 4222 neque
3003 4150 3151 4205 aliud
3187 4148 3439 4204 residere
3462 4147 3546 4201 vi-

1914 4243 2116 4298 deatur
2130 4242 2485 4314 ambiguum,
2516 4245 2580 4296 ut
2605 4243 2674 4298 de
2702 4244 3004 4315 superﬂuis
3029 4243 3269 4298 forsitan
3288 4239 3550 4313 suspicio-

1913 4333 2083 4387 nibus
2107 4333 2453 4388 laboremus.
2478 4333 2577 4388 Sin
2602 4350 2737 4388 vero
2753 4334 2930 4405 aliqui
2945 4351 2977 4388 a
2996 4333 3243 4405 puritate
3261 4336 3470 4387 nostrae
3489 4333 3549 4386 ﬁ-

1915 4425 2006 4480 dei
2033 4430 2204 4497 atque
2226 4427 2462 4481 Patrum
2493 4427 2829 4482 auctoritate
2859 4426 3224 4492 dissentiunt,
3243 4424 3549 4480 concilium

1917 4519 2233 4574 universale
2263 4519 2412 4574 intra
2449 4519 2664 4574 Italiam
2694 4519 2838 4575 sicut
2861 4520 3108 4592 synodus
3132 4535 3262 4592 quae
3291 4519 3364 4574 ob
3399 4519 3549 4574 hanc

181 4623 272 4677 sed
307 4621 381 4677 ad
409 4621 469 4675 id
497 4619 651 4694 quod
683 4619 874 4674 nullus
912 4620 1318 4674 catholicorum
1365 4619 1576 4672 refutet
1611 4617 1810 4672 invito.
1833 4619 1892 4692 D
1915 4629 2140 4668 causam
2180 4614 2374 4668 Romae
2418 4617 2778 4681 convenerat,
2804 4629 3030 4668 mecum
3054 4613 3217 4685 petit,
3247 4613 3550 4668 clementia

181 4717 303 4771 Noti
332 4715 495 4770 enim
522 4718 658 4770 sunt
682 4730 786 4786 per
813 4714 1142 4768 universum
1173 4712 1456 4767 mundum
1493 4714 1663 4782 atque
1691 4727 1812 4766 ma-

179 4809 372 4865 nifesti
417 4807 517 4880 qui
553 4813 684 4863 ante
725 4825 846 4876 nos,
869 4807 986 4862 sive
1015 4807 1227 4872 Grmca,
1257 4804 1372 4860 sive
1400 4805 1596 4860 Latina
1620 4804 1815 4877 lingua

179 4904 234 4958 in
283 4901 580 4958 catholicas
633 4900 882 4956 veritatis
939 4898 1338 4972 prmdicatione
1389 4898 1694 4963 fulserunt,
1744 4897 1813 4953 ad

179 5014 425 5070 quorum
466 4995 764 5051 scientiam
808 4997 977 5067 atque
1015 4993 1331 5049 doctrinam
1376 4992 1612 5064 quidam
1645 4991 1814 5047 etiam

182 5097 394 5147 nostrae
438 5088 620 5145 aetatis
673 5087 904 5156 cedunt,
946 5089 1016 5144 de
1060 5103 1304 5160 quorum
1347 5085 1568 5157 scriptis
1617 5102 1720 5157 par
1758 5090 1816 5140 et

180 5185 482 5256 multiplex
523 5183 816 5256 profertur
846 5161 1332 5262 instructio/Quas
1367 5179 1514 5235 sicut
1542 5178 1815 5235 Nestoria-

180 5296 311 5334 nam
365 5277 635 5332 haeresim
686 5277 981 5344 destruxit,
1032 5277 1109 5331 ita
1148 5275 1318 5331 etiam
1359 5274 1512 5328 hunc
1539 5273 1634 5345 qui
1663 5289 1815 5327 nunc

178 5371 488 5444 repullulat
508 5369 745 5426 abscidit
777 5385 1048 5425 errorem.
1093 5370 1326 5440 Relegat
1357 5367 1551 5438 itaque
1584 5349 1815 5420 sollicite

180 5483 305 5536 quae
332 5483 368 5521 a
394 5464 602 5520 sanctis
627 5463 890 5519 Patribus
914 5462 1320 5519 incarnationis
1345 5459 1652 5516 Dominicze
1677 5459 1816 5515 ﬁdes

180 5560 347 5614 fuerit
389 5559 667 5614 custodita
707 5573 1047 5629 semperque
1082 5556 1345 5611 similiter
1381 5553 1712 5628 praedicata,
1759 5556 1816 5607 et

178 5657 384 5708 sanctae
405 5652 695 5707 memorias
720 5651 913 5723 Cyrilli
938 5649 1304 5708 Alexandrini
1331 5647 1582 5721 episcopi
1612 5647 1817 5719 episto-

181 5746 288 5802 lam
312 5764 421 5818 qua
444 5746 771 5801 Nestorium
790 5745 1077 5817 corrigere
1099 5747 1155 5798 et
1176 5759 1377 5798 sanare
1394 5742 1590 5809 voluit,
1612 5756 1817 5814 pravas

181 5840 606 5909 praedicationes
637 5839 814 5911 ipsius
838 5855 1084 5910 arguens
1111 5841 1170 5893 et
1190 5836 1508 5893 evidentius
1530 5835 1701 5891 fidem
1726 5833 1818 5889 Ni-

188 5949 356 5990 camas
386 5932 748 5990 difﬁnitionis
775 5949 1085 6005 exponens,
1117 5947 1447 6004 quanquam
1485 5929 1554 5983 ab
1583 5945 1647 5983 eo
1678 5927 1810 5984 mis-

1913 4711 2092 4762 vestra
2121 4707 2410 4776 concedat,
2435 4712 2497 4762 ut
2515 4707 2575 4762 in
2595 4723 2776 4763 unum
2797 4707 3262 4764 convenientibus
3282 4706 3549 4762 omnibus

1914 4800 2004 4855 his
2029 4801 2123 4872 qui
2146 4805 2245 4856 aut
2264 4801 2611 4873 ignorantia,
2642 4805 2743 4858 aut
2765 4801 2972 4857 timore
2997 4801 3252 4875 prolapsi
3271 4804 3403 4856 sunt
3429 4816 3548 4856 cor-

1913 4895 2181 4950 rectionis
2207 4894 2479 4950 remediis
2505 4897 2851 4965 consulatur,
2881 4913 2985 4952 nec
3010 4896 3276 4968 cuiquam
3303 4896 3453 4952 ultra
3478 4893 3552 4950 sit

1913 4990 2153 5045 liberam
2182 4989 2261 5044 ita
2305 4989 2550 5044 Nicaeum
2597 4990 2802 5061 synodi
2853 4991 3041 5046 facere
3078 4990 3454 5061 mentionem,
3489 4995 3552 5046 ut

1915 5083 2038 5153 ejus
2063 5083 2198 5138 ﬁdei
2223 5082 2541 5139 inveniatur
2581 5099 2703 5139 esse
2741 5085 3073 5140 contrarius.
3110 5085 3392 5150 Quoniam
3432 5084 3553 5141 uni-

1912 5193 2089 5232 versa:
2115 5181 2171 5232 et
2201 5177 2464 5232 Ecclesiae
2495 5183 2553 5232 et
2580 5182 2767 5233 vestro
2791 5177 2898 5232 hoc
2924 5178 3168 5250 imperio
3187 5180 3550 5252 profuturum

1916 5274 2020 5337 est,
2049 5270 2094 5324 si
2122 5287 2271 5324 unus
2299 5271 2465 5340 Deus,
2498 5274 2555 5325 et
2585 5287 2697 5326 una
2722 5271 2884 5342 ﬁdes,
2918 5288 3103 5327 unum
3129 5277 3550 5330 sacramentum

1913 5363 2108 5418 salutis
2138 5363 2430 5432 humanas,
2461 5363 2625 5418 unius
2655 5364 2829 5419 totius
2856 5366 3058 5422 mundi
3077 5369 3428 5424 confessione
3467 5373 3551 5423 te-

1914 5460 2138 5512 neatur.
2173 5457 2314 5512 Data
2341 5457 2562 5512 decimo
2603 5458 2848 5529 septimo
2877 5460 3261 5518 Kalendarum
3288 5462 3550 5533 Augusti.

2190 5550 2344 5604 XVII.
2374 5579 2442 5590 -—
2467 5551 2558 5606 Ad
2595 5553 2932 5610 Pulcheriam
2955 5557 3279 5626 Augustam.

1987 5645 2095 5698 ι,εο
2123 5643 2419 5714 episcopus
2448 5645 2772 5702 pULCHERUE
2798 5650 3084 5721 Augustae.

1984 5736 2211 5792 Gaudeo
2259 5735 2394 5792 ﬁdei
2437 5739 2758 5795 clementia:
2795 5748 2995 5798 vestrm
3021 5743 3173 5813 quod
3218 5741 3550 5813 religiosum

1915 5829 2170 5885 studium
2198 5829 2506 5901 dignanter
2551 5831 2898 5905 impenditis,
2933 5839 2996 5889 ut
3034 5851 3141 5904 pax
3179 5835 3551 5892 ecclesiastica

1916 5927 2236 5992 renovetur,
2277 5939 2403 5997 quas
2447 5926 2783 5984 eorumdem
2835 5927 3281 5985 dissensionibus
3331 5928 3552 5989 videtur
