4034 6318
476 395 568 446 791

1367 390 1646 444 ᾹΡΡΕΝΒ.
1689 389 1776 443 AD
1812 390 1972 443 SAiC.
2015 388 2103 441 1X.
2128 416 2194 424 ——
2233 386 2476 441 lSlDUltl
2517 383 2943 440 MERCATORIS

3749 380 3857 431 792

471 515 594 554 esse
627 498 871 552 turbata.
915 498 1157 552 Debetur
1207 496 1360 550 enim
1397 497 1502 550 hoc
1541 501 1741 551 vestras
1785 495 2103 566 specialiter
2124 493 2430 579 Ajustitiae
2451 495 2506 547 et
2524 490 2938 547 benevolentia
2957 503 3271 560 congruere
3291 486 3535 541 arbitror
3556 485 3857 540 conﬁden-

475 591 693 664 gloriae,
727 595 789 645 ut
813 591 1012 647 ablatis
1039 590 1303 645 omnibus
1330 590 1609 644 Scandalis
1639 605 1767 661 quae
1793 594 1992 644 contra
2023 605 2112 644 ea-

471 685 738 740 tholicam
769 684 939 738 ﬁdem
970 684 1231 738 inimicus
1258 683 1624 751 excitaverat,
1657 699 1768 737 una
1789 683 2111 754 eademque

471 779 547 834 sit
571 794 674 849 per
702 781 882 832 totum
904 777 1185 832 mundum
1211 777 1493 832 confessio
1521 776 1795 845 veritatis,
1826 793 1954 847 qua:
1982 777 2112 832 faci-

470 871 580 928 lius
633 870 956 941 certiusque
1008 870 1368 942 reparabitnr
1399 872 1446 925 si
1490 886 1798 942 pravorum
1837 887 2112 926 sensuum

472 960 630 1014 nulla
655 959 891 1028 semina,
932 959 1090 1013 nulla
1110 959 1345 1030 vestigia
1369 959 1788 1031 relinquantur.
1824 959 1989 1023 Quod
2021 965 2108 1014 ta-

469 1069 608 1107 men
640 1069 898 1108 mearum
927 1053 1177 1124 partium
1204 1056 1308 1120 est,
1349 1054 1644 1124 praeterire
1669 1069 1786 1107 non
1821 1053 2018 1120 debeo,
2050 1058 2112 1107 ut

472 1146 686 1201 scilicet
710 1147 847 1218 quid
875 1147 947 1200 de
973 1147 1370 1201 incarnatione
1392 1147 1513 1200 Filii
1540 1145 1634 1201 Dei
1661 1163 1695 1200 a
1721 1146 2112 1201 Constantino-

471 1239 728 1310 politano
773 1239 1037 1311 episcopo
1094 1245 1355 1295 teneatur
1405 1256 1750 1311 agnoscam,
1796 1242 2110 1310 praesertim

470 1348 603 1387 cum
639 1332 697 1386 in
727 1333 1087 1388 ordinatione
1118 1333 1294 1402 ipsius
1323 1333 1463 1388 dura
1493 1332 1908 1403 praecesserint,
1953 1334 2108 1387 talia-

470 1442 582 1497 que
626 1425 696 1480 ad
739 1443 842 1480 nos
885 1426 1148 1481 debuerit
1195 1425 1399 1497 scripta
1447 1427 1691 1497 dirigere
1731 1443 1860 1497 quas
1891 1426 2052 1480 illum
2081 1445 2110 1480 a

469 1518 809 1590 contagione
834 1520 1003 1590 hujus
1026 1519 1123 1591 qui
1151 1536 1334 1590 nuper
1361 1520 1598 1574 emersit
1623 1519 1834 1574 erroris
1860 1520 2112 1574 alienum

474 1611 770 1667 evidenter
806 1613 1192 1668 ostenderent.
1228 1614 1438 1683 Optans
1477 1612 1668 1684 itaque
1694 1629 1949 1668 securam
1981 1631 2110 1668 cum

472 1721 540 1760 eo
560 1705 768 1760 habere
783 1706 1169 1775 concordiam,
1188 1706 1550 1778 gratiamque
1561 1706 1640 1761 illi
1652 1707 1921 1762 fraterna}
1935 1707 2114 1762 chari-

475 1798 606 1852 tatis
648 1799 1002 1870 impendere,
1049 1799 1291 1854 scribere
1317 1799 1369 1854 ei
1397 1800 1626 1854 interim
1660 1799 1852 1854 distuli
1888 1818 2001 1855 non
2027 1801 2107 1855 di-

2208 590 2296 641 ter
2309 586 2618 654 insinuem,
2635 602 2748 657 qno
2765 584 3001 640 celerius
3019 599 3146 654 quae.
3159 581 3400 653 propitio
3419 579 3641 634 Christo
3664 579 3858 649 pieta-

2207 680 2279 734 tis
2306 683 2504 735 vestrae
2551 679 2738 733 studio
2771 675 3328 748 irreprehensibilem
3367 675 3640 728 hactenus
3686 677 3855 742 gesta

2210 777 2342 829 sunt
2388 773 2461 826 ad
2505 772 2906 843 gratulandum
2949 770 3334 841 perducantur
3365 768 3649 822 effectum.
3683 764 3857 829 Quod

2210 884 2346 939 ergo
2391 867 2672 938 synodum
2721 865 3242 920 Chalcedonensem
3298 860 3492 916 haberi
3547 858 3859 914 clementia

2209 965 2396 1015 vestra
2451 959 2721 1030 praecepit
2767 975 2896 1012 eum
2947 974 2980 1012 a
3025 973 3119 1011 me
3163 959 3225 1009 ut
3265 955 3322 1009 in
3359 954 3516 1010 Italia
3542 953 3858 1007 haberetur

2209 1053 2592 1108 mansuetudo
2637 1057 2820 1106 vestra
2852 1051 3098 1105 retineat
3141 1050 3516 1120 postulatum,
3557 1053 3616 1101 ut
3649 1063 3858 1100 omnes

2211 1152 2538 1202 nostrarum
2566 1145 2816 1217 partium
2848 1143 3136 1199 convocati
3163 1142 3466 1207 antistites,
3497 1141 3543 1194 si
3573 1140 3857 1194 securitas

2212 1241 2488 1312 temporis
2531 1242 2858 1310 suppeteret
2903 1237 3290 1303 convenirent,
3323 1235 3462 1290 adeo
3509 1238 3699 1288 tamen
3737 1250 3856 1288 non

2211 1339 2583 1404 aspernanter
2621 1332 2832 1402 accepi,
2867 1336 2930 1385 nt
2949 1331 3116 1385 binos
3145 1331 3214 1384 de
3241 1327 3596 1400 coepiscopis
3624 1328 3769 1382 meis
3796 1331 3857 1382 et

2211 1427 2685 1498 compresbyteris
2704 1425 3049 1491 ordinarcm,
3079 1423 3175 1495 qui
3201 1423 3379 1478 vicem
3405 1437 3591 1476 meam
3615 1421 3858 1492 implere

2213 1519 2554 1588 sufﬁcerent,
2577 1519 2724 1574 datis
2743 1519 2810 1573 ad
2834 1517 3213 1572 venerabilem
3235 1515 3517 1587 synodum
3533 1531 3857 1585 congruen-

2214 1614 2362 1668 tibus
2389 1613 2614 1684 scriptis
2643 1612 2851 1683 quibus
2883 1610 3211 1665 fraternitas
3240 1609 3512 1663 advoeata
3536 1624 3854 1679 cognosce-

2214 1711 2300 1762 ret
2335 1724 2509 1779 quam
2537 1707 2784 1761 formam
2811 1721 3036 1760 servare
3058 1705 3114 1758 in
3133 1705 3235 1757 hac
3257 1701 3663 1774 dijudicatione
3687 1701 3858 1756 debe-

2213 1805 2316 1870 ret,
2349 1818 2421 1854 ne
2449 1801 2564 1855 ulla
2589 1799 2881 1854 temeritas
2906 1804 3004 1853 aut
3021 1797 3155 1852 ﬁdei
3180 1796 3411 1867 regulis,
3443 1799 3542 1849 aut
3567 1811 3856 1850 canonum

471 1891 778 1947 lectionem
826 1909 1061 1962 negans,
1103 1893 1202 1946 sed
1254 1892 1771 1948 manifestationem
1818 1879 2456 1964 catholieazBstatutis,
2503 1896 2604 1947 aut
2651 1891 3019 1962 benignitatis
3063 1889 3332 1944 remediis
3372 1889 3646 1943 obviaret.
3696 1888 3857 1942 Sicut

470 1984 722 2040 veritatis
753 1990 1107 2056 exspectans.
1135 1986 1386 2057 Simplex
1412 1986 1563 2041 enim
1593 1990 1678 2042 est
1696 1990 1866 2058 atque
1884 1987 2106 2041 absolu-

469 2081 616 2147 tum,
667 2079 820 2150 quod
851 2096 1036 2151 posco,
1073 2084 1154 2149 ut,
1189 2083 1408 2136 remoto
1446 2082 1747 2152 longarum
1775 2081 2108 2152 disputatio-

466 2187 609 2227 num
649 2171 866 2242 labore,
913 2178 1122 2228 sanctae
1161 2173 1459 2229 memoriae
1502 2174 1694 2245 Cyrilli
1739 2174 2107 2230 Alexandrini

470 2265 720 2338 episcopi
760 2265 1013 2337 epistolis
1039 2283 1214 2338 quam
1251 2267 1369 2339 ipse
1409 2268 1480 2322 ad
1505 2267 1823 2323 Nestorium
1852 2268 2106 2335 miserat,

471 2357 809 2430 acquiescat,
830 2360 892 2414 in
913 2375 1029 2431 qua
1043 2365 1100 2415 et
1115 2377 1369 2415 errorem
1390 2361 1630 2416 Nestorii
1655 2361 1846 2432 arguit
1861 2365 1918 2416 et
1933 2362 2108 2416 ﬁdem

469 2451 712 2507 Nicaenaa
759 2451 1105 2508 definitionis
1135 2453 1414 2526 exposuit,
1448 2457 1504 2508 et
1533 2455 1787 2526 epistolae
1808 2471 1948 2510 mea:
1983 2473 2110 2528 qua:

469 2545 538 2600 ad
580 2550 786 2601 sanctae
827 2547 1233 2602 recordationis
1268 2548 1592 2602 Flavianum
1641 2547 1976 2620 episcopum
2025 2555 2109 2605 est

471 2637 709 2708 directa,
738 2640 1078 2696 consentiat.
1101 2641 1316 2706 Quibus
1335 2641 1642 2712 vigilanter
1661 2641 1945 2713 inspectis,
1971 2644 2111 2698 Con-

468 2732 1002 2805 stantinopolitanus
1053 2735 1285 2789 antistes
1347 2734 1766 2806 repudiandum
1807 2736 1912 2790 sibi
1955 2737 2108 2807 quod

468 2841 604 2880 ausa
633 2831 718 2880 est
741 2832 943 2881 contra
968 2844 1173 2898 puram
1204 2833 1260 2882 et
1285 2828 1634 2899 singularem
1656 2828 1826 2883 ﬁdem
1848 2829 2110 2900 imperita

464 2917 794 2990 insipientia
821 2919 1079 2990 deﬁnire,
1107 2921 1505 2976 incunctanter
1526 2925 1832 2993 agnoscat;
1877 2922 2012 2994 quia
2055 2929 2111 2978 et

466 3027 599 3066 mea
626 3013 682 3066 et
710 3017 1033 3068 sanctorum
1063 3015 1294 3068 Patrum
1341 3015 1411 3069 de
1451 3015 1838 3070 incarnatione
1887 3017 2110 3071 Domini

469 3120 706 3160 consors
735 3109 792 3161 et
817 3122 920 3177 per
948 3107 1139 3161 omnia
1175 3111 1234 3161 et
1255 3125 1368 3162 una
1395 3108 1671 3163 confessio
1705 3112 1810 3164 est.
1854 3109 2036 3174 Quam
2065 3111 2108 3164 si

469 3197 598 3270 quis
623 3199 992 3254 aestimaverit
1018 3217 1130 3256 non
1155 3201 1528 3272 sequendam,
1550 3202 1669 3274 ipse
1696 3219 1755 3256 se
1775 3221 1807 3256 a
1832 3220 2107 3274 compage

468 3291 764 3347 catholicae
813 3294 1062 3348 veritatis
1103 3295 1415 3364 abscindet,
1445 3313 1574 3350 eum
1605 3301 1795 3351 tamen
1824 3314 1928 3352 nos
1961 3301 2021 3351 ut
2047 3298 2104 3352 in

466 3384 759 3457 integrum
806 3387 998 3442 omnia
1038 3395 1372 3444 reVocentur
1413 3395 1694 3462 Optemus.
1727 3391 1810 3446 Ad
1841 3391 2105 3446 effectum

464 3495 599 3534 vero
625 3479 934 3536 salubrium
965 3482 1400 3554 dispositionum
1430 3484 1672 3538 velocius
1705 3484 2102 3552 obtinendum,

467 3573 671 3628 fratres
699 3579 757 3628 et
781 3575 1146 3647 coepiscopos
1176 3593 1335 3631 meos
1361 3577 1688 3632 Abundium
1720 3581 1777 3632 et
1801 3579 2101 3645 Asterium,

463 3665 564 3721 sed
590 3670 646 3722 et
672 3668 944 3724 Basilinm
965 3673 1024 3724 et
1042 3671 1372 3726 Senatorem
1401 3672 1759 3744 presbyteros
1785 3673 2104 3744 probatissi-

467 3775 591 3814 mos
614 3761 765 3816 viros
793 3763 946 3830 misi,
975 3764 1074 3834 qui
1103 3764 1423 3820 clementiae
1461 3770 1663 3820 vestra:
1691 3766 1940 3820 formam
1971 3767 2104 3821 ﬁdei

465 3854 783 3908 secundum
809 3855 1127 3910 doctrinam
1149 3858 1564 3912 venerabilium
1581 3860 1811 3913 Patrum
1839 3861 2104 3931 praedica-

466 3963 616 4016 mus,
643 3947 900 4017 otferent,
927 3953 982 4003 et
1002 3950 1232 4003 remotis
1252 3951 1864 4019 circumlocutionibus,
1896 3952 2103 4024 quibus

468 4039 755 4094 obscurari
781 4041 988 4096 veritas
1007 4041 1168 4109 solet,
1199 4043 1337 4114 quid
1359 4043 1428 4097 de
1449 4044 1839 4099 incarnatione
1863 4046 1985 4100 Filii
2005 4047 2102 4102 Dei

468 4150 502 4187 a
542 4132 712 4188 totius
753 4134 902 4188 orbis
941 4135 1192 4206 probatis
1222 4137 1609 4192 sacerdotibus
1634 4139 1928 4194 defensum
1959 4140 2098 4194 fuis-

465 4228 570 4294 set,
597 4227 977 4284 ostenderent.
1009 4231 1157 4294 Qnos
1186 4235 1316 4302 post
1340 4231 1590 4287 divinam
1621 4233 1862 4305 gratiam
1907 4238 2100 4289 sancto

464 4323 667 4375 vestrae
699 4321 926 4392 pietatis
961 4323 1174 4379 auxilio
1223 4325 1466 4396 dignum
1512 4331 1597 4382 est
1620 4327 1894 4398 adjuvari,
1940 4344 2011 4383 ne
2041 4329 2098 4382 in

465 4414 641 4470 totius
686 4415 950 4470 Ecclesiae
996 4418 1486 4488 perturbationem
1529 4421 1860 4492 imprudens
1890 4439 2098 4492 praece-

465 4508 560 4562 dat
585 4509 890 4576 contentio,
921 4527 1051 4564 cum
1071 4513 1419 4568 correctione
1440 4513 1690 4568 adhibita
1715 4532 1916 4569 omnes
1937 4532 2100 4586 opor-

459 4605 576 4656 teat
627 4602 686 4656 in
743 4605 909 4658 unius
949 4606 1313 4660 confessionis
1367 4607 1553 4662 redire
1605 4609 1966 4664 concordiam

459 4711 571 4766 qua
621 4695 668 4749 si
705 4697 939 4752 forsitan
995 4699 1066 4752 ab
1114 4699 1398 4771 aliquibus
1445 4701 1821 4773 diserepatur,
1869 4701 2094 4756 univer-

462 4789 572 4844 sale
626 4791 925 4846 concilium
992 4794 1351 4847 sacerdotum
1422 4795 1619 4848 haberi
1678 4795 1826 4849 intra
1885 4796 2095 4850 Italiam

462 4884 766 4938 clementia
809 4889 995 4939 vestra
1031 4893 1320 4940 annuente
1355 4887 1662 4956 jubeatur;
1719 4905 1830 4958 quo
1887 4894 2100 4943 remota

460 4979 581 5031 arte
625 4977 882 5045 fallendi,
943 4980 1172 5033 tandem
1219 4984 1405 5050 pateat
1441 4981 1578 5050 quid
1614 4980 1813 5036 altiore
1857 4985 2100 5036 tractatu

464 5074 562 5122 aut
592 5071 838 5125 coerceri
867 5071 1089 5138 debeat,
1134 5077 1231 5126 aut
1260 5073 1470 5126 sanari.
1519 5075 1653 5127 Data
1686 5075 1851 5129 tertio
1881 5075 2099 5129 decimo

464 5162 736 5216 Kalendas
791 5165 1062 5234 Augusti,
1137 5165 1530 5220 Valentiniano
1595 5169 1850 5238 Augusto
1906 5170 1995 5224 Vll
2046 5176 2100 5224 et

463 5259 678 5309 Ameno
726 5255 857 5309 viris
903 5257 1226 5313 clarissimis
1277 5259 1625 5328 consulibus,
1683 5278 1796 5316 aera
1838 5279 1952 5334 qua
2007 5281 2095 5318 su-

465 5365 586 5418 pra.

465 5462 654 5537 195
683 5465 860 5519 XVIII.
911 5497 976 5506 -—-
1015 5469 1308 5525 Pulcheriw
1336 5473 1598 5539 Augustae
1632 5489 1730 5542 per
1770 5475 2098 5528 Thcosticum

1063 5543 1497 5608 magistrianum.

537 5630 880 5702 Religiosam
899 5632 1218 5690 clementiae
1239 5640 1436 5691 vestrae
1453 5637 1908 5705 sollicitudinem,
1925 5657 2096 5710 quam

459 5725 754 5779 catholicae
799 5725 932 5780 ﬁdei
978 5727 1378 5802 indesinenter
1407 5731 1737 5802 impenditis
1779 5748 1881 5801 per
1909 5734 2101 5787 omnia

463 5834 834 5887 recognosco;
891 5824 948 5875 et
986 5823 1098 5877 Deo
1137 5823 1350 5894 gratias
1379 5841 1508 5895 ago,
1537 5825 1688 5895 quod
1724 5827 1940 5879 tantam
1970 5827 2096 5880 nni-

467 5910 692 5964 versalis
728 5913 986 5973 Ecclesia
1020 5933 1214 5972 curam
1254 5917 1466 5973 habere
1507 5933 1602 5972 vos
1642 5917 1828 5992 video,
1866 5920 2099 5990 utquod

2128 3248 2182 3322 C

2208 1989 2363 2043 enim
2390 2005 2423 2042 a
2449 1985 2729 2058 principio
2750 1985 2922 2056 hujus
2939 2000 3120 2038 causa:
3139 1982 3600 2054 frequentissime
3622 1981 3854 2052 scripsi,

2208 2081 2351 2136 hanc
2376 2081 2528 2135 inter
2559 2079 2849 2134 discordes
2882 2094 3076 2132 sensus
3102 2080 3158 2132 et
3179 2077 3430 2130 carnales
3463 2074 3857 2129 aemulationes

2210 2174 2661 2230 moderationem
2682 2172 2836 2227 volui
2863 2171 3152 2238 custodiri,
3179 2173 3240 2224 ut
3269 2168 3586 2240 integritati
3613 2168 3857 2240 quidem

2208 2269 2339 2323 ﬁdei
2367 2267 2511 2324 nihil
2543 2265 2727 2334 evelli,
2775 2265 2914 2320 nihil
2962 2266 3163 2319 liceret
3190 2262 3424 2335 apponi,
3457 2262 3526 2316 ad
3571 2261 3856 2317 unitatem

2209 2379 2342 2417 vero
2385 2377 2701 2433 pacemque
2743 2359 3113 2414 redeuntibus
3141 2357 3464 2412 remedium
3492 2356 3672 2410 veniae
3701 2372 3855 2426 prae-

2211 2459 2470 2511 staretur.
2522 2455 2663 2519 Quia
2713 2457 2849 2507 tunc
2901 2469 3142 2524 operum
3195 2451 3401 2505 diaboli
3441 2450 3709 2521 potentia:
3751 2450 3852 2504 de-

2209 2553 2524 2614 struuntur,
2565 2565 2696 2602 cum
2738 2547 2808 2602 ad
2851 2547 2949 2600 Dei
2990 2550 3046 2600 et
3071 2545 3316 2616 proximi
3344 2544 3710 2599 dilectionem
3743 2545 3848 2598 ho-

2209 2643 2431 2698 minum
2468 2642 2639 2696 corda
2667 2644 3026 2697 revocantur.
3067 2639 3175 2693 Sed
3200 2656 3372 2710 quam
3398 2637 3682 2693 contraria
3711 2641 3855 2692 tunc

2211 2736 2296 2790 his
2340 2736 2571 2790 monitis
2622 2741 2794 2805 atque
2844 2733 3336 2813 observationibus
3392 2732 3534 2786 meis
3581 2738 3704 2785 acta
3735 2732 3856 2786 sint

2209 2829 2457 2884 multum
2503 2832 2588 2882 est
2628 2828 2940 2900 explicare;
2977 2843 3081 2881 nec
3120 2843 3260 2898 opus
3301 2829 3385 2880 est
3421 2825 3709 2896 epistolari
3748 2841 3852 2896 pa-

2212 2924 2344 2995 gina
2369 2921 2797 2993 comprehendi,
2843 2921 2993 2992 qnod
3019 2921 3078 2974 in
3108 2921 3202 2974 illo
3231 2919 3514 2995 Ephesipo
3549 2935 3663 2974 non
3688 2919 3851 2989 judi-

2210 3017 2317 3085 cio,
2365 3015 2464 3070 sed
2508 3014 2804 3069 latrocinio
2855 3013 3038 3084 potuit
3080 3013 3546 3085 perpetrari.\lbi
3574 3013 3856 3083 primates

2211 3109 2414 3181 synodi
2453 3125 2556 3164 nec
2596 3108 2989 3164 resistentibus
3019 3107 3125 3161 sibi
3169 3107 3581 3160 fratribus‘nec
3609 3122 3851 3160 consen-

2209 3203 2479 3258 tientibus
2508 3205 2922 3274 praeceperunt,
2954 3217 3084 3255 eum
3105 3200 3176 3255 ad
3205 3200 3627 3271 infringendam
3649 3201 3854 3255 catho-

2207 3298 2377 3352 licam
2402 3297 2573 3352 ﬁdem
2635 3302 2692 3350 et
2729 3296 2798 3350 ad
2845 3294 3251 3350 exsecrabilem
3286 3294 3550 3348 hseresim
3577 3293 3858 3348 roboran-

2208 3392 2341 3446 dam
2379 3391 2518 3445 alios
2548 3390 2847 3463 privilegio
2879 3389 3110 3444 honoris
3139 3388 3422 3455 exuerint,
3451 3387 3586 3442 alios
3612 3403 3850 3442 consor-

2205 3486 2281 3540 tio
2326 3485 2632 3556 impietatis
2672 3485 2996 3549 infecerint,
3041 3481 3297 3536 saaviores
3328 3483 3580 3552 profecto
3610 3481 3668 3535 in
3721 3498 3846 3548 ees,

2205 3596 2345 3650 quos
2380 3577 2779 3650 persuadendo
2817 3577 2887 3631 ab
2927 3575 3251 3631 innocentia
3281 3575 3635 3646 separabant,
3666 3592 3850 3646 quam

2206 3673 2264 3726 in
2293 3673 2437 3740 illos,
2472 3689 2611 3744 quos
2639 3672 2838 3726 beatos
2871 3671 3224 3726 confessores
3250 3669 3641 3741 persequendo
3669 3670 3846 3723 facie-

2204 3767 2361 3820 bant.
2393 3768 2794 3820 Verumtamen
2822 3764 2958 3836 quia
2989 3765 3124 3818 tales
3161 3763 3267 3817 sibi
3309 3763 3558 3817 maxime
3587 3780 3690 3816 sua
3729 3763 3845 3818 ini-

2206 3860 2419 3929 quitate
2449 3861 2788 3926 nocuerunt,
2823 3861 2879 3912 et
2908 3857 3222 3929 majoribus
3249 3857 3578 3911 vulneribus
3604 3857 3850 3926 diligen-

2204 3953 2318 4006 tior
2345 3957 2430 4006 est
2458 3951 2781 4006 adhibenda
2807 3951 3110 4018 medicina,
3144 3951 3313 4005 nullis
3341 3967 3594 4022 unquam
3628 3951 3845 4021 episto~

2203 4046 2274 4099 lis
2301 4045 2533 4100 definivi
2562 4045 2739 4100 etiam
2771 4045 2976 4099 talibus
3002 4045 3046 4098 si
3073 4045 3466 4116 resipiscerent
3484 4045 3707 4099 veniam
3739 4046 3844 4100 de-

2202 4139 2547 4210 negandam.
2589 4140 2656 4193 Et
2696 4138 2950 4210 quamvis
2984 4138 3530 4194 incommutabiliter
3559 4138 3841 4193 inimicis-

2203 4234 2404 4288 simam
2430 4233 2759 4288 Christianae
2781 4233 3046 4304 religioni
3071 4233 3340 4287 haeresim
3361 4233 3734 4300 detestemur,
3759 4234 3847 4304 ip-

2202 4345 2293 4382 sos
2320 4333 2511 4381 tamen
2557 4326 2602 4380 si
2647 4325 3026 4397 corrigantur,
3084 4331 3141 4381 et
3169 4326 3344 4398 digna
3370 4343 3429 4380 se
3458 4327 3843 4382 satisfactione

2200 4421 2521 4493 puriﬁcent,
2552 4421 2622 4475 ab
2651 4421 2924 4475 ineffabili
2945 4420 3340 4476 misericordia
3367 4421 3466 4474 Dei
3487 4438 3603 4476 non
3623 4421 3847 4492 judica-

2201 4533 2328 4570 mus
2355 4515 2730 4594 alienos,'\sed
2758 4515 2948 4586 potius
2987 4531 3117 4568 cum
3145 4515 3504 4584 gementibus
3532 4515 3844 4585 gemimus,

2012 4627 2024 4662 :
2066 4627 2097 4661 a
2119 4621 2177 4693 D
2201 4625 2333 4663 cum
2364 4609 2635 4662 tlentibns‘
2667 4610 2888 4676 flemus,
2915 4612 2972 4662 et
2997 4608 3074 4662 sic
3104 4608 3555 4680 utimurjustitia
3580 4625 3842 4663 commo-

2201 4703 2386 4769 tionis,
2430 4706 2492 4756 ut
2536 4719 2648 4756 non
2681 4701 3009 4756 amittamus
3046 4703 3300 4756 remedia
3328 4703 3630 4756 charitatis.
3672 4703 3843 4766 Quod

2201 4796 2344 4852 sicut
2373 4797 2552 4868 pietas
2577 4801 2762 4850 vestra
2785 4795 3074 4866 cognoscit
3098 4813 3215 4851 non
3243 4796 3426 4851 verbis
3451 4796 3580 4850 solis
3606 4798 3844 4867 promit-

2202 4891 2359 4957 titur,
2378 4890 2481 4944 sed
2503 4889 2673 4944 etiam
2706 4891 2868 4944 factis
2894 4890 3143 4944 docetur.
3161 4891 3453 4962 Siquidem
3474 4906 3618 4962 pene
3637 4907 3843 4945 omnes

2200 4983 2296 5055 qui
2359 4983 2418 5038 in
2495 4999 2834 5037 consensum
2916 4984 3348 5054 praesidentium
3420 4989 3518 5038 aut
3595 4984 3842 5040 traducti

2200 5078 2445 5144 fuerant,
2487 5083 2584 5131 aut
2622 5078 2798 5131 coacti
2844 5077 3180 5145 resistendo,
3220 5078 3370 5149 quod
3409 5080 3680 5132 statutum
3714 5080 3839 5133 fue-

2200 5175 2290 5225 rat
2315 5171 2384 5224 ab
2415 5171 2547 5240 illis,
2581 5177 2636 5226 et
2665 5172 3100 5226 condemnando
3138 5173 3291 5243 quod
3322 5173 3670 5242 scripserant
3707 5190 3841 5242 per-

2201 5269 2432 5336 petuam
2471 5265 2654 5336 culpa}
2681 5265 3050 5320 abolitionem
3091 5270 3147 5320 et
3181 5266 3503 5336 apostolicze
3534 5267 3684 5336 pacis
3711 5283 3841 5337 gra-

2199 5359 2338 5412 tiam
2369 5361 2500 5414 sdnt
2537 5360 2746 5430 adepti.
2783 5360 2837 5414 Si
2863 5377 2997 5429 ergo
3036 5361 3335 5413 clementia
3381 5364 3562 5412 vestra
3587 5361 3844 5431 proposi-

2204 5457 2321 5506 tum
2352 5458 2610 5508 nostrum
2637 5453 3007 5508 considerare
3042 5454 3332 5524 dignetur,
3368 5453 3628 5523 probabit
3675 5453 3732 5507 in
3773 5472 3846 5508 eo

2201 5547 2437 5601 concilio
2481 5552 2683 5600 cuncta
2721 5547 2976 5616 gessisse,
3021 5553 3082 5602 ut
3117 5547 3238 5601 sine
3266 5547 3605 5617 cujusquam
3635 5548 3847 5602 anima)

2204 5640 2550 5694 detrimento
2627 5639 2922 5694 haeresaeos
3006 5645 3222 5694 tantum
3310 5641 3669 5695 obtineretur
3749 5657 3848 5695 ex-

2201 5733 2448 5799 stinctio,
2505 5736 2561 5786 et
2610 5733 2681 5786 ob
2737 5733 2844 5787 hoc
2898 5734 3045 5787 circa
3089 5739 3348 5788 auctores
3403 5734 3849 5788 saivissimorum

2199 5827 2498 5880 turbinum
2547 5826 2820 5896 quiddam
2865 5828 3288 5882 consuetudinis
3331 5827 3624 5893 minuisse,
3681 5831 3744 5881 ut
3775 5829 3849 5883 ad

2203 5919 2618 5990 indulgentiam
2694 5920 3094 5995 postulandam
3159 5921 3604 5996 compunclione
3659 5923 3850 5996 aliqua
