4034 6296
181 299 275 351 793

1419 287 1891 356 DECRETALlUM
1929 290 2319 355 COLLECTIO.

3452 301 3554 359 794

174 406 354 477 possit
380 422 586 460 eorum
621 404 856 461 tarditas
878 389 1130 461 excitari.
1155 405 1265 470 Qui
1292 406 1394 461 etsi
1421 411 1550 478 post
1570 406 1708 461 illud
1727 407 1815 477 ju-
1835 418 1894 491 Α
1915 406 2092 462 etiam
2119 408 2189 462 de
2217 406 2550 479 longinquis
2573 406 2880 478 provinciis
2907 409 3153 477 evocari,
3191 426 3327 466 mox
3354 414 3550 467 tamen

170 499 383 553 dicium
412 516 585 554 suum
616 505 731 554 tam
759 501 1001 572 impium
1028 517 1205 571 quam
1237 499 1511 570 injustum
1537 517 1654 554 non
1684 505 1817 554 sunt

168 594 476 648 catholica
496 594 842 649 fraternitati
863 594 942 649 ita
956 593 1318 648 honorabiles
1335 596 1396 647 ut
1411 594 1660 662 fuerunt,
1685 610 1814 649 suas

164 692 362 741 tamen
405 688 596 742 adhuc
631 688 888 742 obtinent
917 689 1102 756 sedes,
1133 694 1189 742 et
1213 687 1570 758 episcopatus
1595 688 1680 742 sui
1708 689 1812 742 ho-

165 798 304 836 nore
333 782 645 853 potiuntur
675 787 773 836 aut
800 799 906 853 per
931 799 1126 836 veram
1161 785 1218 836 et
1246 782 1622 836 necessariam
1651 783 1811 837 satis-

163 875 477 929 factionem
506 891 711 946 pacem
739 875 997 929 Ecclesiae
1023 876 1322 946 recepturi,
1354 880 1451 930 aut
1481 876 1524 929 si
1550 875 1811 930 haeresim

167 969 347 1040 (quod
375 969 546 1040 absit)
574 969 905 1035 tuebuntur,
925 969 1290 1040 professionis
1307 987 1419 1024 suae
1439 969 1643 1024 merito
1657 970 1809 1040 judi-

165 1061 352 1116 candi.
390 1063 533 1117 Data
557 1063 722 1117 tertio
753 1062 972 1118 decimo
994 1063 1276 1118 Kalendas
1291 1064 1535 1134 Augusti
1557 1063 1812 1134 Helpidio

168 1157 225 1210 V.
260 1157 320 1210 C.
356 1159 580 1211 consul.

425 1279 552 1334 XIX.
587 1311 656 1319 —
682 1279 774 1334 Ad
802 1282 1078 1342 Faustum,
1107 1280 1425 1348 Martinam,
1459 1284 1565 1335 etc.

236 1397 348 1450 Leo
373 1396 698 1467 episcopus,
738 1397 965 1463 FAUSTO,
997 1397 1264 1464 Manum,
1286 1399 1483 1464 Parao,
1503 1398 1808 1464 MANOHELI,

166 1491 281 1556 los,
314 1493 627 1557 Axnocao,
663 1494 982 1554 ABRAHAHO,
1017 1490 1329 1558 Tnaonoao,
1371 1492 1614 1558 PIENTIO,
1648 1493 1812 1547 Eusa-

171 1601 274 1652 BlO,
297 1585 603 1650 Hemsmo,
629 1586 831 1650 PAULO,
854 1586 1084 1639 Asrmuo
1105 1587 1162 1638 et
1180 1585 1451 1654 Cnsaaso,
1471 1585 1812 1656 presbyteris

173 1683 226 1731 et
255 1677 743 1743 archimandritis,
771 1682 834 1731 'et
872 1678 1070 1731 lanoso
1118 1677 1354 1731 diacono
1390 1683 1447 1732 et
1492 1678 1809 1732 archiman-

171 1771 353 1825 dritae.

237 1869 422 1921 Causa
449 1864 582 1918 fidei
606 1864 664 1918 in
694 1879 810 1935 qua
835 1865 980 1919 salus
1007 1864 1327 1920 Christiana
1353 1865 1609 1920 consistit
1630 1866 1810 1920 multa

171 1975 256 2013 me
318 1958 700 2013 sollicitudine
754 1959 1007 2013 laborare
1072 1960 1393 2030 compellit,
1457 1965 1808 2014 metuentem

171 2071 236 2106 ne
265 2053 514 2123 pravitas
544 2069 672 2123 quae
703 2052 760 2106 in
793 2053 904 2106 suis
933 2053 1120 2107 fuerat
1138 2054 1490 2124 amputanda
1515 2053 1808 2124 principiis

167 2164 436 2218 processu
464 2146 738 2217 temporis
765 2149 820 2200 et
851 2147 1190 2217 pertinacior
1219 2148 1318 2201 fiat
1344 2151 1400 2201 et
1421 2147 1604 2202 latior.
1638 2149 1804 2217 Nam,

168 2257 298 2294 cum
327 2239 810 2295 clementissimus
839 2240 1158 2311 imperator
1195 2241 1329 2295 talia
1368 2240 1440 2294 ad
1470 2258 1574 2296 nos
1599 2242 1808 2313 scripta

170 2335 400 2401 direxit,
432 2334 637 2405 quibus
681 2334 1124 2389 sollicitudinem
1164 2351 1324 2389 suam
1368 2353 1471 2406 pro
1500 2352 1634 2406 pace
1677 2337 1802 2391 uni-

171 2429 396 2483 versalis
428 2428 688 2484 Ecclesia:
717 2427 1152 2496 demonstraret,
1181 2432 1239 2482 et
1268 2429 1388 2500 ipse
1409 2429 1807 2485 Constantino-

168 2523 460 2594 politanus
487 2521 802 2593 episcopus,
834 2527 890 2576 et
915 2523 954 2576 ii
979 2522 1076 2594 qui
1091 2522 1361 2577 eumdem
1386 2527 1800 2591 consecrarant,

171 2622 378 2687 praeter
397 2617 452 2670 id
476 2617 630 2686 quod
650 2616 722 2670 ad
744 2616 1004 2670 ordinem
1030 2617 1156 2670 novi
1174 2617 1444 2671 antistitis
1460 2618 1801 2688 pertinebat,

171 2711 308 2764 nihil
367 2709 533 2763 nobis
581 2709 650 2763 de
682 2709 1021 2780 compressis
1070 2711 1156 2763 vel
1204 2709 1475 2764 abdicatis
1519 2711 1803 2766 erroribus

168 2803 514 2872 indicarunt,
566 2803 724 2874 quasi
769 2803 826 2856 in
870 2803 968 2857 illa
1020 2803 1252 2858 ecclesia
1296 2805 1518 2858 nullum
1573 2806 1803 2859 scanda-

168 2897 309 2965 lum,
343 2898 501 2950 nulla
547 2897 845 2951 exstitisset
887 2896 1156 2966 offensio;
1205 2901 1305 2951 aut
1352 2915 1466 2951 non
1516 2899 1802 2969 praecipue

167 2990 381 3045 fuerint
401 2989 647 3044 ordinati
668 2990 741 3043 ad
763 2990 1031 3044 meritum
1050 2991 1585 3058 demonstrandum,
1611 2991 1657 3045 si
1673 2991 1804 3046 alie-

171 3101 240 3139 na
262 3101 297 3138 a
316 3101 377 3137 se
407 3101 534 3154 quia
563 3083 966 3138 catholicorum
999 3084 1256 3138 sensibus
1275 3089 1409 3139 sunt
1437 3085 1671 3140 adversa
1697 3085 1798 3140 do-

168 3180 391 3233 cuisset.
421 3179 501 3232 Ne
530 3194 666 3248 ergo
691 3177 845 3248 quod
869 3177 1019 3232 inter
1044 3178 1389 3250 longinquas
1416 3179 1682 3250 regiones
1708 3197 1796 3234 ac-
1822 3163 1876 3237 Ο

167 3272 356 3326 cidere
378 3271 544 3338 solet,
579 3277 641 3326 ut
669 3272 872 3325 nimias
901 3272 1199 3327 dilationes
1223 3273 1523 3328 tenderent
1551 3273 1805 3328 veritatis

167 3366 458 3422 examina,
485 3365 687 3420 fratres
714 3369 771 3421 et
798 3365 1158 3438 coepiscopos
1197 3371 1418 3422 nostros
1444 3367 1802 3422 Habundium

168 3465 222 3514 et
249 3460 558 3529 Asterium,
587 3460 688 3514 sed
715 3465 771 3515 et
799 3460 1066 3514 Basilium
1098 3466 1154 3516 et
1179 3461 1533 3531 Senatorem,
1562 3462 1799 3533 presby-

168 3558 338 3623 teros,
371 3553 809 3625 probatissimos
836 3555 983 3609 viros
1019 3559 1075 3609 et
1106 3555 1567 3626 probatissimum
1596 3555 1802 3627 princi-

167 3665 296 3719 pem
340 3665 475 3702 cum
527 3648 827 3702 sufﬁcienti
868 3655 1238 3719 paternarum
1281 3648 1682 3704 auctoritatum
1709 3650 1798 3704 in-

167 3743 480 3796 structione
513 3741 841 3797 direximus.
867 3742 1021 3806 Quos
1048 3743 1105 3796 in
1127 3743 1411 3810 omnibus,
1440 3743 1645 3798 fratres
1665 3743 1800 3798 cha-

167 3837 396 3905 rissimi,
445 3836 737 3908 diligentia
787 3853 852 3891 ac
900 3837 1275 3892 sollicitudine
1319 3842 1504 3892 vestra
1541 3837 1803 3908 cupimus

166 3929 446 4002 adjuvari,
483 3934 548 3984 ut
588 3930 848 4002 impietas
879 3948 1007 4002 quae
1039 3932 1200 3986 caecis
1227 3931 1454 3986 ausibus
1473 3932 1532 3986 in
1554 3933 1802 3987 exitialia

168 4025 414 4096 abrupta
442 4025 734 4096 processit,
764 4025 1044 4096 simplices
1065 4042 1293 4097 quoque
1316 4026 1632 4097 decipiendi
1656 4027 1798 4081 ulte-

167 4119 278 4172 rius
310 4135 432 4173 non
466 4118 669 4174 habeat
702 4121 1061 4190 potestatem,
1107 4137 1236 4173 cum
1272 4120 1491 4190 aptiore
1518 4120 1802 4175 medicina

167 4214 338 4268 etiam
367 4213 480 4266 illis
504 4213 798 4284 cupiamus
824 4231 925 4284 per
955 4214 1319 4269 correctionis
1334 4214 1593 4268 remedia
1609 4215 1802 4269 subve-

165 4307 294 4374 niri,
324 4307 428 4377 qui
456 4310 556 4361 aut
576 4305 861 4377 imperitia
879 4311 1010 4362 sunt
1028 4308 1188 4378 lapsi,
1210 4314 1306 4363 aut
1326 4324 1516 4362 errore
1539 4307 1798 4362 traducti.

169 4401 229 4455 Et
258 4401 390 4456 ideo
418 4417 516 4455 vos
545 4401 642 4472 qui
666 4401 1060 4472 justificamini
1086 4418 1190 4474 per
1217 4402 1411 4470 ﬁdem,
1442 4401 1540 4473 qui
1566 4402 1798 4456 catholi-

168 4511 286 4549 cam
312 4493 551 4566 diligitis
591 4496 904 4564 veritatem,
946 4500 1004 4550 et
1033 4497 1102 4550 de
1131 4496 1409 4568 singulari
1443 4499 1800 4551 sacramento

167 4589 360 4643 salutis
390 4589 667 4644 humanae
692 4606 797 4661 per
828 4591 1102 4661 Spiritum
1133 4595 1392 4645 sanctum
1435 4590 1567 4645 estis
1597 4589 1798 4658 edocti,

168 4683 512 4737 collaborate
553 4683 870 4752 nobiscum,
905 4690 962 4738 et
995 4690 1209 4756 quanta
1239 4684 1471 4756 potestis
1502 4684 1802 4740 devotione

169 4775 220 4831 id
247 4778 426 4849 agite,
460 4782 521 4831 ut
548 4777 787 4833 falsitate
815 4778 1117 4847 destructa,
1149 4783 1205 4834 et
1229 4779 1364 4834 fidei
1392 4779 1672 4833 soliditate
1705 4779 1800 4833 de-

169 4871 348 4940 fensa,
383 4887 580 4926 secura
599 4888 702 4942 per
721 4876 900 4927 totum
927 4874 1209 4928 mundum
1225 4874 1323 4927 Dei
1345 4890 1479 4944 pace
1499 4874 1800 4944 potiamur.

169 4962 304 5015 Data
333 4961 563 5016 decimo
591 4966 751 5016 sexto
783 4963 1060 5017 Kalendas
1101 4963 1363 5034 Augusti,
1392 4962 1800 5033 Valentiniano,

171 5054 222 5104 et
239 5055 497 5122 Augusto
522 5053 607 5120 Vl,
639 5056 696 5106 et
719 5052 955 5122 Anieno,
981 5053 1112 5108 viris
1139 5052 1464 5108 clarissimis
1485 5053 1804 5109 consulibus

173 5160 279 5199 8P8
309 5163 424 5218 qua
445 5162 636 5217 supra.

562 5267 662 5320 XX.
694 5297 760 5309 -
790 5269 880 5323 Ad
908 5271 1246 5325 Martianum
1275 5273 1414 5338 Aug.

239 5378 350 5435 Leo
368 5379 654 5434 Mamurra
681 5381 951 5451 Augusto.

237 5473 514 5528 Sanctum
540 5473 860 5528 clementia:
886 5478 1087 5528 vestrae
1119 5475 1373 5529 studium
1404 5493 1516 5546 quo
1549 5475 1618 5528 ad
1649 5491 1804 5546 repa-

175 5567 454 5621 rationem
474 5567 628 5638 pacis
654 5567 1040 5623 ecclesiasticaz
1068 5569 1351 5640 synodum
1382 5569 1593 5623 habere
1624 5569 1802 5623 volui-

176 5661 269 5714 stis
307 5661 452 5716 adeo
490 5660 738 5715 libenter
767 5662 978 5733 accepi,
1014 5666 1076 5716 ut
1108 5663 1367 5734 quamvis
1399 5679 1523 5718 eam
1559 5663 1680 5718 ﬁeri
1716 5664 1802 5718 in-

177 5758 261 5810 tra
298 5755 524 5811 Italiam
566 5754 975 5828 poposcissem,
1025 5759 1081 5810 et
1105 5757 1292 5828 aptius
1318 5757 1630 5830 exspectari
1661 5761 1803 5813 tem-

177 5854 280 5918 pus
307 5846 617 5918 optassem,
648 5862 763 5918 quo
793 5847 1006 5901 scilicet
1033 5847 1268 5918 plurimi
1297 5853 1531 5920 possent
1559 5849 1807 5922 episcopi

1913 504 1979 556 ut
2006 501 2147 556 mihi
2169 501 2398 572 pietatis
2425 507 2623 557 vestras
2656 503 2865 574 scripta
2887 509 3018 559 sunt
3044 504 3249 559 tradita
3276 521 3290 559 :
3319 511 3376 560 et
3395 505 3555 560 Boni-

1912 594 2122 649 facium
2152 595 2221 649 de
2257 596 2734 667 compresbyteris
2765 596 2907 650 meis
2953 597 3024 651 ab
3055 597 3200 652 urbe
3227 597 3552 669 direxerim,

1915 693 1971 743 et
1991 689 2059 743 de
2087 689 2367 760 episcopis
2400 689 2632 745 fratrem
2663 707 2861 746 meum
2885 691 3245 745 Paschasium
3272 693 3341 747 de
3367 692 3556 748 Sicilia

1913 783 2147 836 fecerim
2182 783 2472 854 navigare,
2501 785 2598 854 qui
2625 784 2804 838 vicem
2839 801 3033 838 meam
3060 785 3406 841 sufficienter
3443 787 3548 841 im-

1913 875 2156 946 plerent,
2193 876 2334 931 datis
2359 893 2464 947 per
2511 877 2738 932 eosdem
2770 878 3020 948 epistolis
3048 879 3117 932 ad
3147 895 3242 933 eos
3267 880 3363 950 qui
3392 881 3548 951 lega-

1912 969 2126 1023 tionem
2178 975 2309 1023 ante
2339 975 2724 1042 susceperant,
2767 977 2832 1025 ut
2873 971 2978 1042 ipsi
3014 988 3239 1043 quoque
3269 973 3552 1044 praedictis

1911 1063 2304 1133 adimplendas
2317 1068 2503 1134 partes
2515 1081 2657 1120 mete
2670 1065 3008 1135 praesenlimj
3018 1069 3550 1137 ungerentur.Unde

1912 1156 2170 1227 quamvis
2197 1157 2367 1211 nimis
2394 1163 2580 1212 arctus
2606 1158 2724 1212 dies
2756 1158 2972 1228 synodo
2998 1158 3169 1214 fuerit
3189 1160 3548 1228 constitutus,

1912 1266 2080 1321 spero
2104 1255 2301 1305 tamen
2330 1251 2640 1305 affuturum
2667 1251 3084 1322 Omnipotentis
3110 1254 3402 1323 auxilium,
3436 1272 3550 1327 quo

1913 1361 2113 1398 omnes
2138 1345 2364 1399 valeant
2406 1344 2480 1398 ad
2519 1345 2864 1416 praeﬁnitum
2893 1349 3119 1418 tempus
3151 1363 3462 1418 occurrere,
3495 1353 3552 1403 et

1910 1437 2260 1492 unanimiter
2313 1453 2442 1492 cum
2489 1441 2698 1492 sanctae
2745 1438 3118 1494 fraternitatis
3165 1456 3392 1494 assensu
3418 1457 3547 1513 quas

1912 1533 2217 1588 universali
2244 1533 2505 1588 Ecclesiae
2537 1538 2872 1606 congruant,
2917 1535 3174 1590 deﬁnire.
3215 1539 3548 1607 Compressa

1913 1626 2067 1681 enim
2089 1628 2173 1680 vel
2197 1631 2418 1682 remota
2435 1626 2831 1699 inquietudine
2851 1644 2916 1682 ac
2932 1629 3210 1699 pravitate
3235 1646 3547 1701 paucorum

1910 1720 2073 1774 facile
2120 1721 2445 1775 ﬁrmabitur
2496 1721 2791 1791 probanda
2844 1722 3164 1788 concordia,
3193 1720 3268 1777 l'si
3309 1723 3368 1777 in
3419 1741 3548 1779 eam

1828 1788 1886 1860 B
1909 1814 2103 1883 fidem,
2133 1831 2304 1886 quam
2335 1788 2677 1886 evangelicis
2709 1819 2765 1870 et
2795 1815 3116 1887 apostolicis
3143 1817 3550 1887 praedicationi-

1907 1907 2011 1961 bus
2037 1907 2376 1962 declaratam
2404 1925 2510 1979 per
2533 1909 2797 1980 antiquos
2829 1911 3021 1964 Patres
3056 1913 3282 1965 nostros
3323 1912 3543 1983 accepi-

1908 2017 2036 2055 mus
2074 2005 2130 2055 et
2164 2007 2446 2069 tenemus,
2486 2002 2750 2056 omnium
2786 2002 2956 2056 corda
2997 2010 3357 2072 concurrant,
3391 2005 3554 2061 nulla

1907 2095 2130 2165 penitus
2151 2095 2530 2166 disputatione
2550 2095 2884 2166 cujusquam
2908 2097 3317 2152 retractationis
3337 2097 3546 2154 admis-

1908 2205 1987 2255 sa,
2020 2205 2091 2242 ne
2120 2205 2224 2259 per
2258 2205 2460 2243 vanam
2509 2189 2882 2261 fallacemque
2908 2190 3215 2245 versutiam
3257 2195 3358 2246 aut
3392 2192 3546 2248 inﬁr-

1907 2299 2000 2336 ma
2025 2282 2324 2337 videantur
2349 2285 2448 2337 aut
2475 2283 2648 2338 dubia
2669 2300 2796 2354 quae
2829 2282 2887 2338 in
2912 2284 3034 2355 ipso
3069 2283 3259 2356 lapide
3278 2286 3555 2358 angulari‘

1907 2375 2128 2431 Christo
2192 2376 2434 2430 fundata
2487 2381 2620 2431 sunt
2669 2380 2727 2430 et
2779 2377 2899 2432 sine
2945 2376 3059 2432 ﬁne
3097 2395 3386 2434 mansura.
3433 2381 3543 2435 Hoc

1906 2469 2071 2523 nobis
2106 2470 2494 2524 indesinenter
2521 2471 2840 2540 orantibus,
2887 2476 2951 2525 ut
2979 2487 3013 2524 a
3043 2476 3400 2528 sacramento
3423 2474 3538 2528 sin-

1907 2563 2114 2634 gularis
2144 2562 2278 2617 fidei
2305 2579 2472 2618 nemo
2499 2564 2825 2618 inveniatur
2851 2564 3092 2632 alienus,
3150 2566 3249 2620 sed
3273 2567 3544 2622 damnata

1904 2656 2194 2726 impietate
2251 2657 2528 2711 haereseos
2579 2657 2797 2711 nullum
2860 2657 2929 2712 de
2979 2657 3301 2729 perditione
3351 2661 3537 2732 cujus-

1903 2765 2072 2820 quam
2145 2750 2418 2805 catholica
2487 2750 2734 2804 Ecclesia
2817 2750 3027 2805 sentiat
3107 2751 3533 2808 detrimentum.

1901 2843 2062 2906 Quod
2086 2848 2274 2898 autem
2301 2845 2572 2915 pietatem
2600 2849 2846 2899 vestram
2878 2843 2948 2898 de
2977 2843 3065 2898 his
3085 2861 3190 2915 per
3215 2862 3359 2916 quos
3384 2863 3538 2902 meas

1902 2937 2031 2991 misi
2074 2937 2335 3008 epistolas
2379 2937 2686 3005 obsecravi,
2728 2955 2878 2992 nunc
2913 2955 3145 3011 quoque
3184 2939 3360 2994 simili
3387 2941 3534 2995 fidu-

1902 3030 1988 3085 cia
2039 3047 2278 3102 precor,
2347 3035 2409 3086 ut
2460 3032 2577 3086 vice
2637 3049 2766 3087 mea
2828 3036 3053 3088 acturos
3105 3035 3542 3090 commendatos

1903 3140 2004 3195 per
2027 3125 2221 3179 omnia
2242 3126 2452 3181 habere
2473 3126 2813 3196 dignemini,
2847 3143 2959 3198 quo
2986 3127 3207 3182 facilius
3229 3134 3286 3183 et
3299 3128 3543 3200 diligen-

1903 3217 2014 3272 tius
2064 3236 2192 3289 quae
2238 3219 2452 3290 optimo
2500 3218 2634 3274 ﬁdei
2681 3224 2882 3274 vestra:
2928 3221 3190 3276 ordinata
3237 3226 3371 3276 sunt
3418 3225 3533 3277 stu-

1903 3311 1996 3366 dio
2025 3313 2234 3367 salubri
2264 3312 2616 3382 impleantur
2647 3313 2877 3368 affectu.
2909 3314 3052 3368 Data
3081 3317 3288 3384 quarto
3315 3315 3540 3370 decimo

1904 3405 2184 3460 Kalendas
2234 3406 2494 3476 Augusti,
2544 3406 2819 3478 Adelphio
2876 3406 2994 3461 viro
3037 3407 3353 3463 clarissimo
3399 3425 3537 3464 con-

1904 3499 2046 3554 sule.

2403 3571 2529 3627 XX].
2565 3600 2632 3611 —
2652 3570 2747 3626 Ad
2771 3572 3029 3626 eumdem.

1973 3688 2083 3742 Leo
2106 3687 2399 3759 episcopus
2425 3687 2707 3743 MARTIANO
2735 3690 3007 3758 Augusto,
3039 3693 3146 3745 etc.

1971 3781 2235 3845 Quamvis
2254 3797 2358 3853 per
2377 3781 3036 3852 Constantinopolitanos
3062 3783 3290 3839 clericos
3315 3783 3385 3841 ad
3413 3785 3533 3857 pie-

1902 3879 2079 3931 tatem
2125 3879 2370 3930 vestram
2417 3879 2551 3930 ante
2596 3875 3002 3947 rescripserim,
3054 3879 3294 3950 sumptis
3338 3885 3534 3936 tamen

1903 3970 2223 4025 clementiae
2261 3973 2461 4025 vestrae
2501 3969 2702 4025 litteris
2731 3987 2836 4042 per
2866 3970 3051 4026 virum
3090 3972 3370 4028 illustrem
3399 3991 3538 4046 prte-

1901 4065 2114 4119 fectum
2140 4064 2318 4130 urbis,
2350 4065 2532 4118 filium
2565 4081 2758 4120 meum
2779 4065 3095 4136 Tatianum,
3117 4083 3392 4140 magnam
3421 4085 3539 4124 ma.
3605 4092 3615 4101 υ

1901 4159 2104 4213 teriam
2137 4159 2534 4229 gratulationis
2564 4159 2775 4230 accepi,
2805 4159 2937 4230 quia
2966 4160 3405 4217 studiosissimos
3440 4181 3538 4219 vos

1903 4252 2294 4306 ecclesiasticae
2324 4252 2475 4323 pacis
2505 4252 2732 4322 agnovi.
2763 4252 2863 4306 Cui
2901 4257 3096 4308 sancto
3139 4255 3416 4311 desiderio
3445 4257 3533 4311 di-

1904 4361 2014 4416 gne
2044 4345 2308 4415 aequitate
2337 4345 2648 4414 confertur,
2695 4348 2754 4399 ut
2779 4362 2948 4416 quem
2977 4350 3188 4402 statum
3218 4366 3342 4403 esse
3371 4351 3532 4422 cupio

1901 4439 1973 4494 tis
1991 4437 2305 4509 religionis,
2347 4438 2616 4492 eumdem
2647 4437 2900 4493 habeatis
2927 4444 2985 4494 et
3007 4441 3194 4512 regni.
3217 4442 3360 4497 Nam
3387 4442 3536 4500 inter

1821 4539 1880 4611 D
1904 4531 2188 4604 principes
2199 4532 2544 4588 Christianos
2569 4531 2772 4602 spiritu
2789 4532 2886 4586 Dei
2911 4534 3282 4591 conﬁrmante
3313 4552 3537 4592 concor-

1904 4627 2078 4694 diam,
2108 4625 2336 4697 gemina
2374 4642 2478 4696 per
2510 4628 2692 4680 totum
2735 4625 3022 4681 mundum
3050 4628 3256 4683 fiducia
3295 4630 3530 4686 robora-

1903 4725 2015 4789 tur,
2068 4720 2200 4790 quia
2242 4719 2529 4791 profectus
2577 4718 2867 4774 charitatis
2908 4724 2966 4774 et
2993 4721 3127 4775 fidei
3156 4728 3535 4797 utrorumque

1905 4829 2197 4868 armorum
2241 4812 2555 4884 potentiam
2601 4812 3038 4884 insuperabilem
3073 4814 3225 4884 facit,
3259 4821 3321 4870 ut
3348 4819 3536 4890 prOpio

1905 4908 2038 4963 tiato
2065 4924 2168 4978 per
2194 4923 2371 4962 unam
2407 4907 2815 4962 confessionem
2854 4907 2984 4974 Deo,
3020 4908 3188 4963 simul
3219 4914 3275 4965 et
3305 4911 3531 4968 haeretis

1904 5019 1970 5056 ca
1995 5002 2201 5056 falsitas
2227 5007 2284 5057 et
2308 5001 2552 5056 barbara
2573 5001 2902 5057 destruatur
2927 5003 3223 5074 hostilitas,
3247 5005 3530 5076 gloriosis—

1904 5095 2045 5151 sime
2074 5096 2406 5167 imperator.
2445 5097 2623 5149 Aucta
2652 5095 2829 5166 igitur
2858 5113 2962 5168 per
2999 5097 3356 5168 imperialem
3388 5102 3531 5160 ami-

1905 5189 2097 5245 citiam
2148 5207 2245 5261 spe
2295 5189 2534 5244 caelestis
2585 5188 2776 5244 auxilii
2829 5175 3213 5246 confidentius
3265 5194 3547 5265 pietatem

1903 5287 2155 5339 vestram
2199 5300 2304 5355 pro
2357 5287 2714 5338 sacramento
2757 5283 2950 5338 salutis
2995 5286 3260 5342 humanm
3303 5289 3536 5346 incitare

1905 5393 2216 5448 praesumo,
2241 5393 2312 5432 ne
2332 5379 2671 5448 cujusquam
2687 5377 2912 5448 procaci
2935 5379 3400 5454 impudentisque
3423 5401 3540 5439 ver-

1906 5470 2070 5540 3utia,
2104 5471 2264 5542 quasi
2305 5471 2374 5525 de
2421 5471 2638 5525 incerto
2683 5471 2818 5543 quid
2851 5474 3212 5544 sequendum
3245 5477 3318 5530 sit
3342 5478 3539 5532 sinatis

1905 5564 2135 5635 inquiri.
2158 5566 2225 5618 Et
2244 5580 2373 5619 cum
2396 5564 2467 5618 ab
2488 5564 2810 5636 evangelica
2827 5567 3241 5640 apostolimque
3260 5569 3535 5639 doctrina,

1905 5678 2010 5718 nec
2044 5679 2155 5717 uno
2179 5662 2408 5734 quidem
2439 5662 2608 5717 verbo
2635 5663 2802 5719 liceat
2825 5665 3120 5733 dissidere,
3145 5670 3243 5721 aut
3271 5666 3436 5721 aliter
3461 5669 3545 5723 de"

1907 5756 2212 5829 Scripturis
2241 5755 2445 5811 divinis
2472 5773 2672 5829 sapere
2701 5775 2874 5831 quam
2894 5759 3047 5814 beati
3074 5759 3329 5830 Apostoli
3354 5763 3412 5816 et
3433 5779 3534 5833 pa-

1905 5856 2023 5908 tres
2057 5851 2234 5907 nostri
2263 5850 2512 5908 didicere
2541 5857 2711 5924 atque
2729 5852 3080 5922 docuerunt,
3121 5869 3273 5909 nunc
3303 5853 3545 5917 demum
