4034 6336
461 316 563 370 ’795

1360 314 1641 371 APPEND.
1682 314 1770 368 AD
1806 306 1969 371 SEO.
2010 308 2098 369 IX.
2127 341 2194 351 —
2236 310 2477 368 ISIDORI
2512 309 2936 367 MERCATORIS

3726 308 3837 361 796

454 423 888 495 indisciplinata
920 423 1537 495 moveanturetimpia
1560 423 1925 496 quaestiones,
1944 439 2086 495 quas
2107 422 2292 508 Aluit
2329 424 2515 477 vestra
2551 420 2875 491 clementia,
2902 418 2973 474 ab
3002 417 3098 474 illo
3128 416 3372 474 credatis
3406 416 3597 472 abesse
3633 417 3835 472 conci-

456 516 594 571 olim
622 533 755 572 mox
784 522 848 572 ut
875 535 968 573 eas
990 534 1091 588 per
1111 524 1244 589 apta
1268 517 1374 572 sibi
1401 517 1573 572 corda
1599 516 1859 572 diabolus
1884 518 2090 573 excita-

456 610 553 677 vit,
576 626 679 681 per
698 611 997 682 discipulos
1016 611 1271 666 veritatis
1296 611 1539 683 Spiritus
1554 615 1776 665 sanctus
1797 611 2086 668 exstinxit.

456 703 631 758 Nimis
668 708 861 759 autem
904 705 1168 776 iniquum
1219 710 1324 773 est,
1378 708 1441 759 ut
1469 722 1575 777 per
1615 721 1924 777 paucorum
1952 706 2088 761 insi-

456 796 731 868 pientiam
758 797 830 852 ad
854 798 1206 869 conjecturas
1234 799 1575 870 opinionum
1606 804 1663 853 et
1686 799 1832 854 bella
1861 816 2085 856 revoce-

453 906 602 960 mur,
623 896 897 962 tanquam
914 895 1171 964 reparata
1186 892 1591 964 disceptatione
1612 892 1976 949 tractandum
1994 894 2085 965 sit,

454 987 651 1039 utrum
668 986 950 1056 Eutyches
978 985 1154 1058 impie
1176 987 1437 1057 senserit,
1466 991 1523 1042 et
1540 991 1733 1042 utrum
1752 986 1928 1059 impie
1952 987 2086 1043 Dio-

448 1093 644 1133 scarus
680 1078 971 1149 judicarit,
1011 1080 1109 1153 qui
1154 1080 1215 1136 in
1261 1083 1469 1136 sancta
1507 1080 1802 1136 memoria
1836 1081 2087 1136 Flaviani

453 1172 927 1228 condemnatione
953 1190 1012 1229 se
1037 1174 1296 1245 perculit,
1344 1179 1401 1229 et
1434 1174 1809 1246 simpliciores
1833 1191 2086 1247 quosque

451 1269 517 1320 ut
544 1266 603 1320 in
625 1267 887 1323 eamdem
914 1268 1143 1323 ruinam
1168 1270 1632 1339 provolverentur
1658 1268 1917 1340 impegit,
1949 1285 2087 1340 quo-

453 1374 583 1413 rum
613 1360 806 1415 multis
844 1361 987 1432 jam,
1034 1366 1098 1419 ut
1142 1362 1532 1435 cognovimus,
1571 1362 1641 1417 ad
1691 1362 2085 1417 satisfactionis

453 1453 717 1508 remedia
755 1455 1059 1525 conversis,
1090 1460 1147 1509 et
1184 1457 1411 1511 veniam
1439 1457 1508 1511 de
1533 1456 1878 1511 inconstanti
1907 1456 2084 1528 trepi-

453 1546 681 1602 datione
704 1548 1087 1619 poscentibus,
1114 1566 1230 1604 non
1254 1549 1573 1620 cujusmodi
1593 1548 1665 1604 sit
1682 1549 1825 1603 ﬁdes
1846 1553 2087 1605 tractano

454 1639 596 1694 dum
618 1644 725 1710 est,
766 1642 867 1696 sed
896 1658 1098 1697 eorum
1127 1643 1392 1715 precibus
1424 1642 1668 1715 qualiter
1692 1642 2083 1699 annuendum.

2187 515 2286 584 lio,
2318 532 2445 571 cum
2474 516 2533 570 in
2560 516 2647 569 his
2672 514 2945 570 fratribus
2971 529 3111 585 quos
3138 511 3346 579 direxi,
3375 510 3436 565 id
3464 516 3566 580 est,
3596 511 3838 566 Pascha-

2188 609 2349 665 siano
2392 615 2450 664 et
2502 609 2773 663 Lucentio
2824 606 3123 678 episcopis,
3174 603 3465 660 Bonifacio
3518 608 3578 659 et
3625 604 3837 659 Basilio

2187 702 2553 775 presbyteris,
2581 702 2679 757 sed
2716 704 2772 756 et
2788 701 2960 756 fratre
2986 716 3118 755 meo
3142 698 3389 765 Iuliano,
3423 713 3595 768 quem
3625 713 3833 752 eorum

2186 797 2338 852 volui
2357 813 2479 851 esse
2494 795 2851 868 participem,
2874 794 3046 850 etiam
3063 809 3189 848 mea
3202 792 3274 847 sit
3293 791 3633 847 astimanda
3652 792 3838 863 poeni-

2188 892 2385 946 tentia.
2410 890 2560 955 Quos
2581 889 2891 945 auxiliante
2917 888 3137 945 Christo
3166 887 3245 940 ita
3261 886 3515 957 jacturos
3551 901 3673 940 esse
3700 902 3835 940 con-

2187 985 2323 1053 lido,
2356 990 2418 1039 ut
2444 1001 2511 1039 ea
2538 1000 2668 1055 qua
2693 982 2939 1038 Domino
2969 986 3169 1038 nostro
3198 980 3479 1053 placeant,
3514 980 3834 1034 decernan-

2186 1084 2296 1145 tur,
2346 1078 2649 1133 accedente
2685 1077 2911 1148 pietatis
2936 1081 3138 1131 vestra
3170 1075 3380 1142 studio,
3410 1073 3559 1146 quod
3600 1079 3657 1128 et
3700 1074 3833 1145 paci

2186 1172 2362 1243 prosit
2389 1178 2444 1227 et
2474 1171 2735 1242 religioni
2765 1170 2836 1224 sit
2867 1170 3120 1224 custodia
3150 1168 3423 1223 veritatis.
3470 1169 3606 1223 Data
3637 1184 3687 1220 γι
3724 1167 3834 1220 Ka-

2186 1265 2385 1320 lendas
2410 1265 2584 1333 Junii,
2620 1264 2899 1335 Adelphio
2929 1263 3048 1317 viro
3087 1261 3395 1317 clarissimo
3431 1261 3684 1325 consule,
3714 1277 3833 1315 ara

2187 1376 2297 1430 qua
2328 1376 2452 1430 sup.

2661 1451 2837 1504 XXIII.
2868 1479 2936 1490 —
2966 1450 3055 1505 Ad
3086 1449 3348 1504 eumdem.

2256 1548 2366 1601 Leo
2394 1544 2690 1616 episcopus
2714 1545 2995 1599 MARTIANO
3022 1547 3297 1614 Augusto.

2254 1641 2481 1695 Multam
2504 1638 2645 1693 mihi
2671 1637 2937 1693 ﬁduciam
2964 1636 3245 1691 scribendi
3263 1635 3337 1689 ad
3356 1635 3718 1689 clementiam
3739 1652 3833 1688 ve-

453 1732 613 1787 Unde
630 1733 898 1805 piissimae
926 1736 1295 1791 sollicitudini
1309 1739 1692 1809 vestraquam
1707 1736 2086 1793 deindicenda
2185 1739 2359 1790 stram
2400 1736 2459 1787 et
2484 1731 2704 1787 “littera
2729 1735 2950 1798 vestra,
2979 1746 3125 1802 quas
3160 1732 3496 1784 veneranter
3524 1728 3739 1799 accepi,
3769 1734 3831 1783 et

453 1826 671 1898 synodo
722 1827 932 1884 habere
1003 1830 1327 1901 dignamini
1392 1847 1495 1902 per
1550 1830 1896 1902 legationem
1957 1811 2161 1902 quaB
2187 1826 2497 1898 coepiscopi
2525 1826 2637 1880 mei
2663 1829 3006 1880 revertentes
3034 1822 3524 1893 Constantinopoli
3555 1821 3826 1892 praebue-

451 1921 751 1976 confestim
782 1921 855 1976 ad
879 1922 1227 1978 dementiam
1246 1929 1489 1979 vestram
1510 1925 1627 1979 Deo
1652 1928 1945 1980 annuente
1965 1940 2090 1995 per-

450 2015 658 2084 veniet,
686 2015 960 2088 quidquid
996 2018 1067 2072 ad
1100 2034 1287 2073 causa
1312 2018 1619 2073 utilitatem
1667 2018 1918 2073 arbitror
1954 2035 2087 2090 per-

452 2108 649 2176 tinere,
676 2108 904 2181 plenius
932 2115 1104 2181 atque
1142 2111 1519 2183 opportunius
1555 2116 1921 2184 suggeretur.
1949 2113 2089 2167 Data

450 2218 607 2257 nouo
634 2204 915 2258 Kalendas
942 2204 1087 2274 Maii,
1118 2205 1579 2279 Adhelesio,viro
1607 2206 1919 2262 clarissimo
1944 2221 2085 2261 con-

448 2292 589 2360 sule,
622 2308 734 2347 ara
761 2308 874 2364 qua
914 2310 1107 2366 supra.

939 2388 1090 2442 XXII.
1124 2418 1193 2428 —-
1217 2389 1309 2445 Ad
1335 2389 1594 2445 eumdem.

522 2479 633 2534 Leo
667 2478 966 2551 episcopus
992 2481 1276 2538 MARTIANO
1305 2485 1584 2555 Augusto.

516 2574 886 2645 Poposceram
910 2574 1147 2646 quidem
1175 2593 1209 2630 a
1258 2577 1506 2647 gloriosa
1539 2576 1838 2634 clementia
1878 2581 2083 2647 vestra,

451 2672 512 2721 ut
542 2666 822 2738 synodum
848 2683 1019 2738 quam
1055 2670 1126 2723 ad
1168 2671 1548 2741 reparandam
1587 2671 1876 2726 orientalis
1902 2672 2085 2727 Eccle-

445 2760 544 2815 sia
575 2776 795 2831 pacem,
824 2778 857 2815 a
894 2762 1055 2817 nobis
1084 2763 1257 2818 etiam
1307 2765 1547 2835 petitam
1584 2766 1965 2821 necessariam
1994 2766 2084 2837 ju-

448 2854 675 2907 dicastis
700 2854 1108 2927 aliquantisper
1133 2856 1349 2912 differri
1377 2858 1447 2913 ad
1467 2862 1695 2930 tempus
1709 2858 2084 2931 opportunius

438 2946 739 3018 juberetis,
757 2951 821 3001 ut
844 2948 1208 3004 liberioribus
1239 2951 1309 3005 ab
1338 2952 1497 3006 omni
1516 2953 1945 3024 perturbatione
1965 2953 2084 3008 ani-

449 3039 578 3109 mis,
626 3040 711 3093 illi
760 3056 990 3112 quoque
1043 3043 1289 3114 episcopi
1339 3060 1482 3115 quos
1533 3046 1851 3101 hostilitatis
1895 3051 2081 3102 metus

2190 1924 2342 1988 runt,
2376 1936 2492 1974 non
2522 1920 2637 1973 sola
2671 1918 2980 1973 assertione
3008 1917 3330 1983 verborum,
3359 1915 3458 1970 sed
3498 1915 3635 1986 ipsis
3676 1931 3824 1987 ope-

2188 2032 2317 2071 rum
2339 2014 2625 2069 effectibus
2641 2013 3117 2081 demonstrantes,
3132 2010 3204 2065 ad
3218 2009 3613 2065 defensionem
3635 2010 3831 2063 catho-

2188 2110 2309 2164 lica
2331 2108 2465 2163 fidei
2499 2106 2757 2161 divinum
2795 2106 2856 2159 in
2884 2105 3035 2159 vobis
3080 2104 3274 2174 vigere
3314 2103 3659 2175 prasidium.
3696 2103 3827 2166 Quo

2191 2204 2384 2275 utique
2412 2219 2530 2257 non
2566 2201 2749 2256 solum
2795 2199 3053 2255 Ecclesia
3090 2204 3284 2267 status,
3316 2197 3415 2252 sed
3448 2198 3620 2252 etiam
3651 2197 3829 2251 vestri

2188 2297 2359 2352 robur
2384 2295 2643 2351 munitur
2671 2293 2918 2364 imperii,
2964 2296 3029 2346 ut
3070 2292 3276 2346 merito
3323 2290 3444 2361 ejus
3492 2290 3828 2361 exspectetis

2186 2390 2619 2463 protectionem,
2652 2389 2813 2460 cujus
2842 2386 3025 2441 colitis
3066 2384 3384 2451 veritatem,
3420 2382 3825 2455 gloriosissime

2186 2484 2510 2556 imperator.
2543 2484 2708 2551 Nam,
2757 2485 2820 2535 ut
2842 2480 3031 2534 fratris
3052 2478 3169 2533 mei
3195 2478 3482 2533 Anatholii
3512 2476 3674 2532 citius
3702 2493 3827 2531 ma-

2187 2578 2553 2632 nifestaretur
2579 2575 2897 2646 integritas,
2927 2578 2983 2628 et
3006 2572 3144 2627 olim
3169 2572 3424 2626 damnati
3442 2571 3648 2625 erroris
3663 2570 3821 2625 redi-

2185 2673 2339 2727 vivus
2364 2677 2609 2727 assertor
2638 2672 2828 2725 locum
2868 2670 2926 2722 in
2965 2667 3172 2723 Christi
3202 2666 3444 2721 Ecclesia
3487 2682 3603 2720 non
3636 2664 3819 2719 habe-

2182 2771 2287 2837 ret,
2321 2772 2382 2820 ut
2406 2764 2664 2820 catholici
2708 2762 2976 2835 episcopi,
3020 2778 3161 2832 quos
3193 2776 3380 2831 nuper
3416 2759 3821 2813 hareticorum

2183 2860 2494 2931 persecutio
2529 2859 2841 2929 degravare
2879 2872 2997 2910 non
3023 2855 3209 2927 potuit
3235 2855 3303 2908 ab
3334 2853 3559 2924 injustis
3589 2869 3820 2907 revoca-

2181 2956 2381 3008 rentur
2412 2952 2643 3020 exsiliis,
2676 2956 2849 3022 atque
2876 2948 3130 3020 reliquiis
3155 2948 3337 3003 beata
3369 2946 3662 3002 memoria
3692 2947 3817 3000 Fla-

2180 3046 2332 3102 viani
2360 3047 2536 3118 digno
2563 3047 2777 3100 honore
2808 3042 3100 3115 susceptis,
3123 3042 3480 3113 impietatem
3502 3056 3661 3095 suam
3686 3056 3821 3095 con-

445 3132 664 3188 detinet
710 3135 1095 3191 convenirent.
1134 3137 1245 3191 Sed
1290 3138 1424 3209 quia
1468 3138 1563 3210 pio
1602 3138 1788 3195 studio
1818 3140 2153 3211 humanisﬁ
2183 3142 2479 3196 demnator
2518 3140 2643 3211 ejus
2680 3142 3030 3211 agnosceret,
3072 3139 3271 3191 vestra
3325 3136 3544 3190 virtutis
3594 3133 3816 3202 titulus,

456 3186 464 3187 ί
494 3186 508 3188 ν
528 3186 600 3187 ίηί
618 3186 628 3187 ί
650 3186 659 3187 ί
721 3186 732 3188 -
754 3186 765 3188 ν
802 3186 815 3187 ί
833 3186 839 3188 ·
864 3186 969 3189 "“‘
988 3186 1095 3191 "—"
1134 3186 1164 3191 τ
1182 3186 1245 3191 "‘
1294 3186 1424 3209 1"“
1468 3186 1558 3210 τ’*
1602 3186 1785 3195 "“""'
1818 3186 2080 3195 “·“····“’“¹··”
2184 3186 2469 3196 “ν⁶⁸⁸⁵⁸“”“⁷⁵
2521 3186 2641 3211 νει-⁷
2680 3186 2945 3211 “”ῠ“””””“
2960 3186 3030 3205 ’⁷³
3086 3186 3092 3190 ”
3113 3186 3213 3191 ”⁷”
3228 3186 3268 3190 ““
3337 3186 3399 3189 ’“”
3416 3186 3538 3190 ’“’““
3602 3186 3765 3189 ἡὴῄ⁷ὴ
3782 3186 3787 3187 ⁷
3802 3186 3816 3202 ⁷

446 3227 691 3297 negotiis
721 3226 912 3282 divina
938 3229 1290 3301 praponitis,
1319 3234 1377 3285 et
1410 3232 1823 3288 rationabiliter
1859 3251 1923 3289 ac
1948 3234 2078 3290 reli-
2100 3186 2155 3260 Ο
2182 3242 2380 3290 vestra
2400 3235 2625 3307 pietatis
2640 3241 2724 3288 est
2743 3234 2990 3300 fructus;
3022 3231 3111 3285 cui
3128 3230 3353 3285 confido
3374 3230 3549 3284 etiam
3573 3228 3817 3283 aliarum

445 3318 605 3391 giose
645 3322 811 3393 regni
857 3323 1028 3378 vestri
1079 3324 1292 3379 viribus
1340 3326 1567 3381 creditis
1605 3328 1988 3399 profuturum,
2032 3329 2081 3384 si
2180 3327 2855 3402 insigniaaccumulanda
2872 3326 3213 3398 palmarum.
3245 3325 3315 3379 Ut
3338 3324 3480 3379 sicut
3497 3324 3814 3380 Constanti-

442 3415 598 3469 nulla
640 3415 712 3470 sit
746 3417 807 3471 in
839 3418 1199 3473 sacerdotum
1245 3420 1501 3474 sensibus
1524 3421 1891 3490 dissonantia,
1926 3422 2082 3477 nulla
2182 3425 2506 3497 nopolitana
2526 3422 2772 3477 Ecclesia
2799 3426 3024 3491 recepta
3052 3419 3374 3490 apostolica
3400 3418 3531 3473 fidei
3553 3417 3815 3472 libertate

440 3508 512 3563 sit
550 3508 609 3564 in
653 3511 940 3582 Evangelii
986 3513 1393 3583 pradicatione
1439 3514 1739 3586 discordia,
1771 3532 1878 3587 ego
1906 3516 2077 3572 etiam

439 3603 635 3658 vestris
674 3604 1136 3676 dispositionibus
1168 3624 1284 3662 non
1327 3609 1565 3678 renitor,
1599 3614 1802 3681 optans
1844 3613 1909 3665 ut
1950 3627 2073 3665 om-

438 3698 601 3753 nium
638 3698 900 3754 cordibus
939 3701 1219 3756 catholica
1248 3703 1409 3773 ﬁdes,
1446 3720 1574 3774 qua
1604 3720 1719 3758 non
1754 3708 1944 3775 potest
1967 3704 2075 3760 nisi

439 3807 554 3846 una
588 3809 728 3861 esse,
760 3793 1037 3848 ﬁrmetur.
1078 3799 1123 3849 A
1162 3796 1322 3865 cujus
1346 3797 1677 3869 integritate
1708 3801 1767 3851 et
1788 3798 2074 3853 Nestorius

436 3890 625 3953 antea,
664 3889 722 3939 et
754 3903 906 3940 nunc
942 3888 1221 3958 Eutyches
1265 3889 1499 3944 diversis
1537 3890 1769 3961 quidem
1814 3891 2099 3969 callibus,{

439 3979 541 4032 sed
568 3979 865 4050 impietate
893 3997 1010 4034 non
1050 3982 1303 4052 impares
1341 3982 1659 4053 deviarunt,
1705 3985 2074 4042 abominandi

438 4087 673 4142 prorsus
692 4073 1151 4143 persuasionibus
1170 4076 1285 4130 suis
1301 4092 1444 4147 quas
1464 4080 1665 4132 contra
1685 4078 1907 4147 sinceri,
1931 4080 2068 4148 veri,

436 4165 669 4221 luminis
698 4166 918 4222 fontem
955 4168 1025 4222 de
1052 4170 1296 4224 coenosis
1323 4170 1560 4225 lacubus
1588 4171 1884 4227 diabolica
1913 4174 2067 4230 falsi-

435 4260 568 4315 tatis
593 4261 926 4317 hauserunt.
968 4262 1127 4317 Prior
1169 4264 1362 4336 itaque
1392 4266 1638 4337 synodus
1657 4267 1942 4339 Ephesina
1959 4268 2066 4324 Ne-

436 4355 672 4411 storium
685 4372 814 4411 cum
827 4358 1094 4430 dogmate
1113 4357 1270 4431 su01
1287 4357 1627 4432 96merito
1634 4362 1902 4434 justeque
1916 4362 2069 4418 dam-

432 4450 608 4516 navit,
655 4453 714 4505 et
739 4452 996 4524 quisquis
1028 4452 1088 4508 in
1114 4452 1209 4508 illo
1237 4470 1433 4508 errore
1470 4455 1718 4526 perstitit
1756 4456 1827 4511 ad
1857 4457 2069 4512 nullius

2177 3519 2418 3588 laetatur,
2442 3518 2523 3572 ita
2547 3534 2747 3572 omnes
2775 3515 2938 3587 regni
2962 3514 3127 3569 vestri
3150 3512 3453 3585 provincia
3475 3511 3817 3566 emundatas

2178 3630 2235 3669 se
2256 3631 2289 3667 a
2306 3611 2567 3668 diabolici
2583 3610 2862 3681 dogmatis
2879 3608 3217 3679 contagione
3238 3606 3570 3678 glorientur.
3590 3606 3816 3676 Utergo

2176 3705 2626 3780 pracedentibus
2662 3702 2862 3759 litteris
2898 3702 3158 3769 indicavi,
3189 3702 3390 3755 fratres
3422 3716 3578 3755 meos
3602 3700 3816 3754 Lucen-

2175 3818 2297 3856 sem
2326 3800 2649 3872 episcOpum
2683 3804 2738 3853 et
2765 3798 3032 3851 Basilium
3060 3795 3451 3867 presbyterum
3483 3794 3581 3865 qui
3612 3794 3816 3848 sollici-

2176 3894 2391 3950 tudinis
2416 3910 2561 3949 mea
2578 3899 2765 3965 partes
2788 3890 3004 3964 possint
3022 3890 3262 3962 implere
3287 3889 3485 3957 direxi,
3515 3888 3696 3942 favori
3714 3904 3814 3942 eos

2174 3989 2400 4061 pietatis
2426 3992 2626 4042 vestra
2656 3988 2715 4040 in
2744 3986 3029 4052 omnibus,
3072 4000 3200 4055 qua
3236 3987 3368 4038 sunt
3406 3984 3623 4055 agenda
3650 3998 3811 4037 com-

2171 4080 2668 4138 mendans.tNam
2707 4096 2837 4134 cum
2887 4084 2945 4134 et
2978 4079 3170 4133 fratris
3226 4078 3339 4133 mei
3384 4076 3621 4132 Anatolii
3670 4077 3810 4130 scri-

2170 4178 2279 4250 ptis
2305 4182 2361 4231 et
2400 4171 2727 4230 nostrorum
2769 4190 3038 4229 sermone
3070 4172 3442 4245 cognoverim
3487 4171 3696 4226 multos
3738 4171 3809 4226 de

2168 4272 2256 4327 his
2283 4270 2381 4343 qui
2401 4270 2551 4342 apud
2570 4270 2857 4341 Ephesum
2879 4268 3122 4324 Dioscori
3146 4266 3392 4322 factione
3418 4265 3713 4337 compulsi,
3734 4265 3808 4319 de

2168 4365 2461 4420 stabilibus
2490 4364 2713 4419 statutis
2728 4363 3017 4435 poenitend
3027 4378 3122 4416 um
3157 4361 3451 4432 prabuere
3466 4376 3808 4415 consensum

2169 4460 2563 4516 inconstantia
2595 4475 2709 4512 sua
2746 4458 2971 4513 veniam
3012 4456 3322 4528 postulare,
3364 4460 3422 4509 et
3446 4454 3805 4509 communio-

432 4548 622 4615 potest
635 4561 795 4616 Spem
816 4546 1055 4601 remedii
1075 4548 1385 4617 pertinere.
1418 4549 1667 4621 Sequens
1696 4567 1828 4606 vero
1849 4551 1908 4605 in
1929 4568 2068 4623 pra-
2086 4564 2146 4637 D
2168 4573 2302 4613 nem
2331 4555 2668 4611 catholicam
2695 4571 2798 4627 per
2826 4553 3274 4609 satisfactionem
3313 4550 3674 4607 correctionis
3703 4567 3806 4605 ex-

431 4638 584 4693 dicta
630 4638 850 4695 civitate
882 4658 997 4696 non
1026 4657 1255 4713 possum
1301 4659 1499 4698 vocare
1548 4645 1869 4714 concilium,
1916 4646 2068 4717 quod

432 4732 490 4787 in
517 4732 877 4788 eversionem
917 4734 1050 4789 fidei
1084 4735 1257 4790 fuisse
1300 4742 1517 4793 constat
1558 4738 1863 4809 agitatum,
1892 4738 2069 4811 quod-

429 4843 541 4899 que
567 4829 750 4883 vestra
779 4829 1079 4883 clementia
1109 4846 1304 4885 amore
1330 4832 1585 4886 veritatis
1614 4833 1906 4886 catholicis
1931 4832 2069 4888 affu-

428 4925 556 4976 tura
580 4921 737 4976 aliud
762 4923 1062 4978 statuendo
1098 4925 1405 4995 quassavit,
1442 4925 1849 4995 gloriosissime
1879 4926 2064 4997 impe-

428 5019 606 5070 rator.
660 5016 817 5071 Unde
868 5031 973 5088 per
1016 5017 1202 5088 ipsum
1233 5018 1540 5073 Dominum
1577 5022 1841 5073 nostrum
1872 5021 2067 5076 Iesum

428 5107 737 5177 Christum,
788 5110 885 5183 qui
935 5111 1102 5182 regni
1145 5112 1312 5167 vestri
1366 5117 1452 5166 est
1506 5118 1705 5167 auctor
1753 5117 1812 5168 et
1853 5119 2063 5186 rector,

429 5201 685 5257 obtestor
702 5207 760 5259 et
785 5205 1021 5261 obsecro
1049 5206 1415 5261 clementiam
1439 5209 1709 5275 vestram,
1739 5210 1803 5261 ut
1830 5207 1890 5261 in
1915 5223 2062 5280 pra-

428 5296 575 5351 senti
616 5297 829 5368 synodo
876 5299 1053 5356 fidem
1099 5317 1276 5373 quam
1330 5296 1485 5354 beati
1536 5302 1731 5355 Patres
1769 5302 1950 5357 nostri
1993 5302 2064 5358 ab

428 5390 695 5462 apostolis
732 5392 838 5447 sibi
887 5395 1152 5450 traditam
1201 5394 1588 5466 praedicarunt
1624 5411 1742 5450 non
1766 5396 2064 5467 patiamini

424 5484 588 5557 quasi
618 5484 854 5541 dubiam
881 5489 1197 5557 retractari,
1230 5494 1286 5543 et
1309 5504 1435 5560 qua
1462 5489 1599 5544 olim
1626 5491 1912 5562 majorum
1930 5495 2064 5547 sunt

424 5579 758 5636 auctoritate
792 5581 1060 5635 damnata
1087 5581 1348 5637 redivivis
1371 5598 1487 5639 non
1523 5585 1863 5656 permittatis
1888 5602 2061 5642 cona-

424 5672 576 5727 tibus
616 5673 870 5728 excitari.
920 5673 1173 5746 Illudque
1220 5675 1409 5747 potius
1425 5677 1698 5748 jubeatis,
1736 5683 1803 5735 ut
1826 5681 2063 5753 antique

425 5764 666 5821 Nicana
704 5767 907 5838 synodi
932 5769 1256 5837 constituta,
1287 5778 1507 5827 remota
1535 5773 1941 5830 hareticorum
1970 5775 2057 5831 in-

427 5859 853 5929 terpretatione,
883 5864 1410 5932 permsneant.‘Nec
1435 5883 1528 5922 me
1553 5868 1836 5939 quodque,
1871 5875 1935 5925 ut
1967 5885 2062 5924 vo-

2167 4654 2361 4724 petere
2384 4668 2500 4705 non
2520 4650 2629 4705 fuit
2648 4649 2844 4704 talium
2866 4647 3213 4719 negligenda
3238 4646 3546 4713 conversio,
3570 4644 3667 4717 qui
3688 4661 3807 4700 non

2165 4746 2394 4818 proprio
2433 4761 2623 4812 sensu,
2661 4744 2757 4799 sed
2797 4742 2958 4813 impii
2996 4740 3425 4813 prasumptoris
3468 4740 3718 4811 impulsu
3744 4740 3806 4793 in

2165 4839 2288 4894 hac
2319 4838 2579 4894 incidisse
2612 4843 2942 4903 noscuntur,
2964 4836 3022 4890 in
3050 4836 3258 4907 quibus
3282 4835 3524 4890 liberum
3550 4850 3666 4887 non
3695 4833 3804 4888 ha-

2163 4932 2341 4987 buere
2368 4932 2672 5003 judicium.
2705 4933 2783 4986 Ne
2813 4930 3007 5002 itaque
3033 4927 3497 5001 resipiscentium
3526 4926 3808 4982 desideria

2164 5043 2327 5083 mora
2350 5026 2575 5097 longior
2601 5026 2890 5097 fatigaret,
2922 5026 3008 5079 vel
3027 5024 3308 5079 incuriosa
3325 5022 3562 5077 facilitas
3583 5026 3806 5076 temere

2166 5120 2387 5192 aliquos
2407 5124 2465 5175 et
2482 5120 2604 5175 sine
2634 5119 2978 5174 discretione
3005 5118 3334 5189 susciperet,
3364 5116 3687 5187 injunctum
3719 5118 3809 5169 est

2165 5213 2236 5269 ab
2263 5213 2575 5284 apostolica
2601 5213 2747 5268 Sede
2775 5212 3000 5267 directis
3025 5216 3090 5266 ut
3115 5211 3175 5265 in
3194 5209 3545 5265 consortium
3567 5224 3683 5262 sua
3711 5208 3809 5264 de-

2164 5306 2510 5362 liberationis
2527 5307 2706 5362 accito
2720 5305 3365 5377 Constantinopolitanae
3384 5303 3536 5357 urbis
3551 5301 3809 5357 antistite

2163 5401 2221 5452 et
2245 5396 2580 5468 pestilentia
2614 5396 2879 5468 contagia
2911 5412 3027 5468 non
3064 5394 3460 5461 admittantur,
3497 5398 3553 5448 et
3585 5392 3805 5446 sanita-

2162 5491 2234 5546 tis
2258 5491 2513 5547 remedia
2541 5507 2655 5545 non
2684 5494 2987 5561 negentur.
3006 5486 3166 5561 \Qua
3203 5488 3484 5543 industria
3510 5487 3569 5541 in
3606 5486 3805 5541 omni-

2160 5585 2269 5641 bus
2309 5602 2439 5657 qua
2474 5584 2741 5655 nequiter
2775 5590 2939 5655 gesta
2979 5581 3114 5639 sunt
3139 5581 3510 5638 emendandis
3534 5582 3804 5649 celerem,

2153 5680 2389 5752 juvante
2404 5678 2669 5748 Domino,
2688 5681 3067 5750 consequetur
3080 5676 3368 5745 effectum,
3390 5676 3437 5730 si
3451 5674 3810 5747 reparationi

2161 5774 2313 5848 pacis
2350 5772 2737 5830 ecclesiastica
2773 5789 2942 5845 opem
2974 5788 3136 5827 suam
3170 5777 3355 5828 vestra
3394 5771 3574 5843 pietas
3592 5768 3808 5840 digne-

2160 5874 2254 5924 tur
2278 5868 2590 5939 adiungere
2623 5884 2637 5923 :
2672 5872 2737 5922 ut
2769 5866 2928 5923 vobis
2952 5866 3013 5922 in
3033 5873 3181 5924 terra
3211 5865 3585 5938 regnantibus
3613 5866 3672 5919 et
3699 5863 3810 5921 Dei
