4034 6306
223 301 326 351 797

1443 288 1916 353 DECRETALIUM
1955 295 2350 354 COLLECTIO.

3494 306 3598 362 798

224 421 476 476 regnum
508 406 660 460 intra
700 422 799 462 vos
829 407 1048 463 honore
1074 405 1426 473 mereainini,
1450 411 1505 460 et
1532 405 1868 460 catholicam
1890 416 1947 489 Α
1968 405 2440 462 satisfactionibus
2460 406 2614 463 male
2642 410 2799 479 gesta
2827 408 3237 480 condemnant,
3255 414 3314 468 et
3335 428 3596 469 accusare

223 499 396 553 tidem
438 501 600 554 nulla
639 501 851 555 falsitas
889 502 1078 568 violet,
1111 502 1265 556 nulla
1291 500 1521 554 haeresis
1563 499 1863 570 inquietet,

221 609 327 645 nec
361 593 632 664 cuiquam
661 595 823 650 liceat
849 596 1164 650 doctrinam
1190 595 1575 665 evangelicam
1605 593 1866 648 deserere

220 691 276 740 et
304 688 646 742 sacerdotali
671 689 892 743 honore
924 689 1194 761 gaudere.
1235 687 1528 758 Synodum
1555 703 1686 741 vero
1717 685 1862 756 fieri,

217 786 281 834 ut
309 781 586 835 meminit
605 785 791 836 vestra
813 783 1114 838 clementia
1143 783 1316 837 etiam
1343 781 1449 852 ipsi
1481 781 1862 852 poposcimus,

217 875 546 928 sacerdotes
578 876 995 946 provinciarum
1041 876 1302 932 omnium
1335 875 1668 945 congregari
1715 891 1860 945 prae-

217 968 391 1022 sentis
424 969 704 1040 temporis
748 970 1054 1025 necessitas
1097 970 1257 1024 nulla
1295 969 1517 1023 ratione
1558 968 1860 1039 permittit,

220 1062 496 1132 quoniam
525 1064 634 1117 illm
659 1064 963 1134 provinciae
991 1065 1058 1119 de
1085 1064 1289 1136 quibus
1316 1063 1566 1117 maxime
1587 1067 1721 1117 sunt
1738 1079 1862 1117 evo-

218 1156 402 1224 candi,
433 1157 793 1228 inquietante
814 1158 982 1225 bello,
1004 1158 1074 1212 ab
1098 1158 1348 1212 ecclesiis
1369 1158 1484 1211 suis
1504 1173 1598 1211 eos
1619 1174 1732 1210 non
1756 1173 1858 1227 pa-

221 1249 445 1304 tiuntur
467 1251 792 1306 abscedere.
819 1252 974 1306 Unde
998 1252 1351 1323 oportuniori
1383 1255 1639 1322 tempore
1665 1250 1859 1321 propi-

221 1343 358 1398 tiato
375 1345 623 1400 Domino
637 1361 766 1400 cum
782 1346 1001 1401 firmior
1012 1346 1188 1400 fuerit
1201 1346 1460 1400 restituta
1471 1344 1762 1412 securitas,
1773 1343 1862 1414 ju-

217 1437 347 1491 beat
377 1441 566 1492 vestra
604 1439 913 1494 clementia
950 1439 1248 1495 reservari.
1289 1441 1362 1494 De
1398 1457 1513 1511 qua
1549 1456 1608 1494 re
1639 1435 1862 1510 plenius

218 1531 366 1585 inter
390 1537 602 1587 caetera
637 1533 789 1604 apud
827 1534 1099 1604 pietatem
1140 1537 1380 1588 vestram
1412 1537 1680 1604 poterunt
1719 1533 1858 1587 alle-

217 1640 354 1695 gare
401 1641 546 1696 quos
592 1625 738 1681 misi.
784 1627 919 1681 Data
959 1643 990 1679 v
1033 1627 1162 1681 ldus
1202 1627 1374 1696 Junii,
1416 1625 1698 1697 Adelphio
1743 1625 1860 1680 viro

215 1718 532 1772 clarissimo
558 1721 808 1788 consule,
842 1736 954 1773 tera
982 1736 1096 1790 qua
1123 1737 1311 1791 supra.

501 1813 668 1866 XXIV.
701 1842 770 1852 —
793 1813 885 1867 Ad
912 1815 1224 1868 Anatolium
1251 1816 1572 1884 episcopum.

296 1910 341 1959 l.
373 1908 450 1961 De
479 1906 592 1960 ﬁde
620 1907 740 1976 ejus
770 1907 992 1978 scriptis
1021 1907 1207 1961 missis
1233 1907 1488 1978 probata.

285 2003 341 2054 2.
375 2001 457 2054 De
486 1999 573 2054 his
608 2001 703 2070 qui
745 2005 903 2054 metu
943 2001 1001 2055 in
1043 2000 1299 2055 haeresim
1345 2001 1481 2071 lapsi
1529 2004 1677 2065 sunt,
1710 2004 1773 2055 ut
1811 2001 1855 2054 si

215 2093 473 2147 conversi
505 2093 722 2147 fuerint
748 2095 1120 2165 recipiantur.

287 2191 341 2242 3.
373 2188 452 2241 De
496 2187 825 2242 nominibus
854 2189 1254 2243 haereticorum
1294 2189 1364 2244 ad
1395 2188 1572 2244 altare
1614 2204 1727 2243 non
1767 2204 1852 2242 re-

217 2281 482 2336 citandis.

287 2377 341 2430 4.
371 2376 449 2430 De
478 2376 974 2431 commendatione
999 2377 1207 2432 Juliani
1235 2377 1506 2449 episcopi,
1534 2378 1620 2432 vel
1654 2393 1856 2432 eorum

217 2470 557 2524 clericorum
574 2470 670 2541 qui
690 2470 950 2524 Flaviano
973 2471 1235 2542 episcopo
1264 2471 1319 2524 in
1347 2472 1453 2526 ﬁde
1468 2453 1852 2526 adhaeserunt.

287 2565 419 2618 CAP.
452 2565 491 2618 l.
523 2564 632 2617 Lm
657 2563 953 2634 episcopus
979 2567 1254 2620 Aunouo
1281 2565 1565 2636 episcopo.

287 2657 614 2712 Gaudemus
662 2657 720 2711 in
763 2657 1003 2712 Domino
1045 2663 1101 2713 et
1137 2658 1195 2712 in
1233 2659 1381 2713 dono
1432 2658 1631 2729 gratias
1678 2658 1856 2730 ipsius

216 2752 554 2820 gloriamur,
595 2752 691 2822 qui
732 2751 876 2805 sicut
912 2751 1228 2806 dilectionis
1271 2757 1385 2807 tua:
1420 2751 1626 2807 litteris
1655 2756 1711 2806 et
1739 2753 1851 2808 fra-

217 2851 368 2900 trum
387 2849 737 2912 nostrorum,
756 2862 898 2917 quos
916 2847 1469 2918 Constantinopolim
1493 2848 1851 2917 miseramus,

217 2941 494 2994 relatione
539 2941 930 3011 cognovimus,
960 2957 1261 3012 sequacem
1296 2941 1636 3012 evangelicae
1664 2941 1852 2996 erudi-

215 3033 385 3088 tionis
414 3034 682 3100 ostendit,
714 3038 773 3088 ut
809 3051 910 3106 per
953 3035 1253 3089 sacerdotis
1283 3036 1638 3106 probabilem
1678 3036 1852 3090 fidem

217 3127 421 3182 merito
453 3143 886 3198 praesumamus,
927 3128 1082 3199 quod
1110 3131 1230 3183 tota
1257 3129 1498 3184 Ecclesia
1524 3129 1711 3184 eidem
1738 3145 1854 3184 cre-

216 3220 329 3275 dita
351 3224 439 3276 est
467 3238 541 3275 ne
570 3238 769 3291 rugam
797 3222 1131 3294 cujusquam
1152 3223 1220 3277 sit
1242 3223 1451 3278 erroris
1479 3223 1743 3278 habitura
1763 3225 1850 3278 vel

215 3316 520 3382 maculam,
542 3315 761 3370 dicente
781 3317 1044 3386 Apostolo
1069 3333 1081 3371 :
1104 3337 1128 3365 σ
1155 3318 1439 3388 Despondi
1461 3317 1614 3372 enim
1635 3335 1732 3372 vos
1751 3317 1848 3372 uni

212 3409 332 3464 viro
372 3409 655 3479 virginem
700 3413 910 3465 castam
957 3410 1228 3466 exhibere
1266 3411 1484 3467 Christo
1523 3411 1600 3482 (II
1621 3414 1739 3469 Cor.
1769 3429 1847 3480 xl,

218 3507 318 3571 12);
361 3525 390 3553 »
433 3503 528 3557 illa
572 3504 727 3558 enim
771 3503 930 3575 virgo
982 3505 1244 3574 Ecclesia,
1290 3523 1499 3576 sponsa
1540 3506 1708 3560 unius
1744 3506 1849 3560 viri

213 3597 443 3665 Christi,
479 3613 606 3667 quze
636 3598 792 3651 nullo
830 3615 889 3651 se
933 3598 1150 3674 patitur
1179 3615 1369 3654 errore
1409 3599 1617 3669 vitiari,
1646 3600 1705 3654 in
1736 3617 1849 3670 qua

213 3690 542 3745 societatem
559 3695 672 3745 tua:
690 3691 1003 3746 dilectionis
1021 3693 1440 3763 amplectimur,
1474 3696 1527 3747 et
1557 3698 1849 3764 gestorum

211 3801 336 3856 quae
383 3783 740 3856 sumpsimus
779 3786 986 3840 seriem
1029 3787 1360 3841 necessariis
1387 3787 1551 3857 (sicut
1577 3787 1848 3859 oportuit)

213 3880 495 3934 munitam
543 3879 1054 3952 subscriptionibus
1097 3881 1562 3952 approbavimus.
1608 3883 1678 3936 Ut
1713 3898 1849 3953 ergo

212 3972 456 4027 invicem
485 3972 808 4028 dilectionis
839 3977 951 4028 tuae
991 3973 1214 4028 animus
1253 3975 1457 4029 nostris
1483 3976 1846 4030 confirmare-

212 4073 302 4120 tur
329 4066 618 4138 alloquiis,
653 4067 800 4121 filios
827 4074 1049 4123 nostros
1074 4069 1390 4125 Casterium
1433 4069 1845 4141 presbyterum,

211 4160 519 4215 Patricium
545 4165 602 4215 et
628 4161 1015 4232 Asclepiadem
1042 4163 1336 4229 diaconos,
1369 4163 1468 4235 qui
1500 4165 1571 4218 ad
1609 4181 1712 4218 nos
1752 4169 1850 4218 tua

211 4255 417 4325 scripta
438 4255 694 4309 detulere
726 4272 853 4309 cum
876 4255 1124 4326 epistolis
1145 4257 1370 4324 nostris,
1394 4262 1520 4329 post
1547 4258 1846 4311 venerabi-

210 4349 323 4402 lem
346 4348 501 4404 diem
524 4349 648 4404 festi
670 4350 950 4421 paschalis
971 4351 1284 4418 emisimus,
1303 4352 1621 4405 indicantes
1641 4369 1764 4420 nos,
1790 4357 1850 4408 ut

210 4459 382 4514 supra
403 4442 671 4512 diximus,
691 4444 760 4498 de
781 4445 1420 4516 Constantinopolitanae
1438 4446 1686 4501 ecclesia:
1707 4463 1847 4518 pace

211 4537 486 4609 gaudere,
518 4537 611 4592 cui
646 4538 792 4592 hanc
827 4556 1021 4593 curam
1071 4556 1302 4611 semper
1350 4540 1757 4611 impendimus,
1788 4545 1926 4635 utD

209 4647 333 4686 eam
369 4631 530 4686 nulla
559 4632 798 4686 velimus
827 4633 1224 4688 hmreticorum
1258 4635 1456 4690 fraude
1488 4634 1700 4689 violari.

279 4728 343 4780 ll.
378 4727 454 4781 De
486 4725 753 4781 fratribus
784 4743 916 4781 vero
941 4744 1081 4798 quos
1108 4727 1165 4781 in
1197 4729 1446 4800 epistolis
1474 4728 1586 4784 tuis
1609 4734 1664 4784 et
1693 4729 1843 4800 lega-

205 4826 399 4876 torum
417 4823 739 4874 nostrorum
757 4821 1031 4876 relatione
1043 4822 1461 4877 communionis
1477 4827 1680 4878 nostrae
1696 4823 1850 4895 cupi-

208 4915 306 4969 dos
319 4931 444 4969 esse
460 4915 852 4985 cognovimus,
871 4932 938 4970 eo
959 4917 1111 4987 quod
1129 4917 1361 4971 doleant
1375 4933 1432 4971 se
1447 4922 1639 4971 contra
1650 4922 1848 4988 poten-

208 5009 366 5075 tiam,
396 5014 705 5080 contraque
750 5014 994 5063 terrores
1041 5027 1158 5064 non
1191 5011 1438 5066 tenuisse
1472 5012 1846 5066 constantiam

207 5103 264 5157 in
293 5103 487 5157 alieno
517 5103 724 5157 scelere
755 5103 1064 5174 przebuisse
1103 5121 1462 5172 consensum,
1485 5122 1612 5159 cum
1643 5106 1718 5160 ita
1750 5123 1848 5160 eos

208 5196 456 5251 formido
486 5195 785 5265 turbasset,
819 5203 880 5252 ut
919 5197 978 5252 in
1008 5197 1440 5253 damnationem
1473 5199 1731 5254 catholici
1761 5203 1844 5254 at-

210 5307 318 5362 que
348 5290 670 5345 innocentis
695 5290 983 5358 antistitis,
1017 5295 1073 5346 et
1102 5292 1160 5346 in
1189 5293 1574 5364 receptionem
1604 5293 1843 5347 detesta-

210 5385 336 5439 bilis
366 5382 662 5456 pravitatis
689 5385 910 5456 trepido
937 5386 1350 5441 famularentur
1379 5387 1669 5458 obsequio.
1705 5387 1847 5441 Illud

209 5480 446 5551 quidem
474 5479 627 5550 quod
659 5479 1036 5550 praesentibus
1063 5484 1120 5534 et
1147 5481 1446 5551 agentibus
1480 5480 1684 5534 nostris
1710 5497 1844 5535 con-

210 5573 472 5628 stitutum
503 5575 589 5627 est
609 5573 1012 5644 approbamus,
1047 5579 1109 5628 ut
1146 5591 1380 5629 suarum
1411 5575 1638 5630 interim
1669 5575 1842 5630 eccle-

211 5667 424 5722 siarum
465 5671 654 5723 essent
677 5668 1077 5723 communione
1108 5670 1378 5736 contenti,
1407 5670 1500 5724 sed
1527 5686 1659 5724 cum
1691 5670 1844 5740 lega-

212 5761 280 5816 tis
311 5761 544 5829 nostris,
572 5777 712 5834 quos
741 5762 1023 5833 misimus,
1057 5763 1394 5835 participata
1420 5767 1604 5819 tecum
1645 5763 1844 5818 sollici-

213 5855 413 5914 tudine
439 5855 720 5917 voluimus
745 5856 1097 5930 disponatur,
1125 5861 1408 5930 quatenus
1453 5858 1510 5914 hi
1539 5858 1636 5930 qui
1661 5857 1846 5930 plenis

1969 499 2154 570 magis
2183 517 2243 554 se
2273 501 2495 572 eligunt
2522 518 2698 572 quam
2729 502 2877 558 tueri
2904 504 3057 574 pacis
3095 509 3153 559 et
3180 506 3598 563 communionis

1967 600 2177 651 nostras
2215 598 2488 654 unitatem
2531 600 2818 654 laetantur.
2861 602 2941 655 Ita
2984 604 3048 655 ut
3076 601 3251 673 digno
3278 602 3435 674 prius
3462 621 3593 659 ana-

1965 691 2217 746 themate
2245 708 2374 762 quae
2399 699 2598 748 contra
2625 693 2800 748 fidem
2829 695 3165 750 catholicam
3196 700 3331 751 sunt
3372 703 3601 770 recepta

1965 784 2340 852 damnentur;
2372 787 2539 841 aliter
2565 787 2720 842 enim
2749 787 2809 842 in
2839 789 3082 843 Ecclesia
3104 788 3220 857 Dei,
3242 806 3369 861 qua
3391 808 3599 862 corpus

1965 883 2050 932 est
2078 878 2304 947 Christi,
2335 896 2437 934 nec
2467 885 2594 935 rata
2638 886 2771 936 sunt
2814 883 3154 951 sacerdotia,
3198 900 3302 940 nec
3344 901 3476 939 vera
3505 902 3594 940 sa-

1964 971 2194 1040 criﬁcia,
2227 973 2334 1027 nisi
2365 973 2424 1028 in
2444 977 2652 1029 nostras
2674 976 3028 1046 prOprietate
3056 979 3280 1031 natura:
3306 995 3471 1032 verus
3494 996 3596 1033 nos

1965 1067 2216 1138 pontifex
2255 1067 2601 1134 reconciliat,
2630 1085 2796 1122 verus
2822 1069 3173 1126 immaculati
3207 1072 3340 1143 agni
3365 1073 3597 1143 sanguis

1963 1162 2255 1231 emundat,
2285 1161 2420 1216 licet
2450 1161 2507 1216 in
2539 1162 2714 1217 Patris
2757 1163 2830 1217 sit
2873 1163 3101 1219 dextera
3141 1165 3502 1234 constitutus,
3538 1167 3596 1221 in
3633 1157 3640 1172 ³

1962 1256 2160 1311 eadem
2184 1261 2377 1310 tamen
2403 1272 2571 1310 carne
2600 1272 2773 1327 quam
2799 1257 3040 1329 sumpsit
3066 1275 3136 1313 ex
3165 1259 3396 1330 Virgine
3412 1276 3593 1315 sacra-

1964 1353 2220 1404 mentum
2243 1349 2662 1420 propitiationis
2677 1351 3025 1422 exsequitur,
3046 1352 3270 1408 dicente
3285 1355 3552 1424 Apostolo
3575 1371 3588 1409 :

1966 1465 1990 1490 ‹‹
2017 1443 2272 1497 Christus
2296 1444 2456 1498 Jesus
2485 1443 2581 1514 qui
2613 1447 2876 1498 mortuus
2906 1449 3008 1512 est,
3032 1445 3151 1501 imo
3182 1446 3279 1518 qui
3317 1452 3373 1502 et
3399 1463 3590 1502 resur-

1960 1535 2121 1604 rexit,
2151 1536 2247 1607 qui
2274 1540 2359 1591 est
2387 1537 2442 1590 in
2474 1537 2723 1604 dextera,
2752 1538 2848 1608 qui
2895 1539 3066 1593 etiam
3113 1539 3442 1610 interpellat
3486 1557 3590 1611 pro

1960 1629 2123 1683 nobis
2153 1629 2319 1697 (Rom.
2354 1646 2474 1698 vui,
2501 1632 2610 1698 34).
2640 1651 2668 1679 ››
2698 1632 2895 1702 Neque
2923 1632 3075 1686 enim
3104 1635 3293 1703 potest
3313 1633 3371 1686 in
3399 1633 3590 1705 aliquo

1959 1722 2286 1793 benignitas
2312 1729 2508 1778 nostra
2545 1724 2891 1794 reprehendi
2918 1741 3051 1780 eum
3078 1725 3482 1782 satisfacientes
3505 1744 3590 1781 re-

1875 1807 1932 1878 B
1955 1816 2211 1887 cepimus
2247 1833 2393 1888 quos
2429 1816 2720 1871 doluimus
2755 1835 2879 1872 esse
2924 1818 3216 1891 deceptos.
3256 1820 3368 1875 Nec
3394 1837 3594 1892 aspere

1958 1910 2133 1980 igitur
2170 1911 2594 1966 communionis
2631 1915 2842 1966 nostrae
2888 1913 3072 1982 gratia
3106 1913 3444 1984 deneganda
3489 1920 3592 1980 est,

1957 2020 2064 2058 nec
2087 2009 2304 2059 temere
2331 2004 2650 2074 largienda,
2676 2005 2813 2076 quia
2839 2005 2983 2060 sicut
3006 2007 3242 2076 plenum
3261 2007 3489 2078 pietatis
3509 2011 3596 2062 est

1957 2097 2240 2169 oppressis
2269 2098 2610 2152 charitatem
2656 2097 3014 2154 Dominicam
3054 2099 3362 2166 redhiberi,
3391 2101 3472 2156 ita
3490 2101 3590 2172 ju-

1956 2194 2110 2245 stum
2140 2195 2224 2245 est
2250 2191 2444 2245 omnia
2468 2191 2909 2261 perturbationis
2936 2193 3264 2247 auctoribus
3294 2193 3590 2265 imputari.

2031 2285 2116 2339 Ill.
2134 2285 2213 2338 De
2229 2283 2566 2339 nominibus
2587 2289 2780 2339 autem
2804 2284 3074 2352 Dioscori,
3093 2286 3397 2354 Iuvenalis,
3416 2291 3474 2342 et
3487 2288 3597 2342 Eu-

1955 2377 2105 2432 statii
2124 2378 2197 2432 ad
2231 2394 2454 2432 sacrum
2481 2379 2656 2433 altare
2685 2378 3014 2446 recitandis,
3043 2379 3402 2435 dilectionem
3435 2385 3594 2436 tuam

1957 2472 2066 2526 hoc
2088 2472 2249 2526 decet
2273 2471 2555 2526 custodire
2574 2472 2728 2543 quod
2752 2472 2932 2527 nostri
2956 2472 3172 2528 ibidem
3200 2474 3488 2530 constituti
3513 2475 3594 2530 fa-

1956 2565 2221 2619 ciendum
2250 2581 2369 2618 esse
2401 2564 2686 2631 dixerunt,
2716 2565 2984 2636 quodque
3020 2566 3368 2622 honorandae
3393 2571 3589 2623 sancto

1957 2658 2221 2712 Flaviano
2239 2657 2530 2712 memorias
2540 2674 2658 2713 non
2673 2661 2973 2730 repugnet,
2990 2663 3047 2714 et
3063 2675 3096 2713 a
3111 2659 3296 2730 gratia
3314 2663 3411 2714 tua
3430 2661 3590 2716 Chri-

1957 2752 2150 2808 stianae
2180 2752 2360 2823 plebis
2383 2753 2604 2807 animos
2626 2769 2745 2807 non
2767 2757 3002 2808 avertat.
3035 2754 3177 2808 Nam
3203 2753 3464 2825 iniquum
3494 2755 3584 2809 ni-

1955 2847 2064 2901 mis
2103 2852 2190 2901 est
2221 2851 2388 2918 atque
2434 2847 2817 2917 incongruum
2861 2863 2957 2901 eos
3001 2847 3100 2918 qui
3149 2846 3486 2902 innocentes
3533 2855 3590 2903 et

1955 2941 2258 2996 catholicos
2314 2959 2416 2996 sua
2463 2941 2858 3013 persecutione
2908 2947 3204 3010 vexarunt,
3259 2943 3588 2996 sanctorum

1955 3035 2280 3090 nominibus
2320 3035 2440 3091 sine
2470 3035 2813 3090 discretione
2858 3034 3102 3105 misceri,
3148 3035 3588 3090 condemnatam

1955 3128 2306 3198 impietatem
2351 3146 2470 3184 non
2521 3129 2844 3184 deserentes
2895 3128 3008 3200 ipsi
3042 3145 3100 3183 se
3153 3145 3255 3183 sua
3312 3128 3585 3200 pravitate

1951 3223 2339 3277 condemnant
2357 3240 2500 3294 quos
2519 3223 2786 3277 convenit
2810 3225 2909 3277 aut
2933 3222 3168 3294 percelli
3191 3239 3294 3293 pro
3323 3222 3585 3294 perfidia,

1949 3321 2048 3370 aut
2079 3317 2337 3371 laborare
2367 3333 2470 3387 pro
2498 3316 2684 3370 venia.

2021 3411 2102 3464 ιν.
2123 3411 2377 3464 Fratrem
2390 3426 2526 3464 vero
2539 3414 2595 3465 et
2607 3408 3004 3480 coepiscopum
3022 3414 3278 3464 nostrum
3297 3410 3584 3465 Julianum

1948 3504 2035 3558 vel
2073 3504 2304 3557 clericos
2337 3504 2437 3574 qui
2461 3508 2673 3558 sanctae
2698 3503 2992 3557 memoriae
3023 3503 3289 3558 Flaviano
3318 3503 3584 3558 fidelibus

1949 3597 2144 3652 ofﬁciis
2167 3597 2552 3665 adhaeserunt,
2580 3595 2871 3651 dilectioni
2901 3613 3128 3668 quoque
3166 3600 3279 3650 tum
3322 3597 3586 3651 volumus

1950 3693 2260 3758 adhau‘ere,
2285 3694 2349 3745 ut
2369 3707 2542 3762 quem
2569 3690 2702 3745 ﬁdei
2722 3707 2839 3745 suae
2867 3691 3085 3745 meritis
3105 3690 3292 3746 vivere
3314 3691 3464 3762 apud
3487 3693 3586 3746 Do-

1950 3787 2175 3840 minum
2192 3790 2451 3841 nostrum
2477 3785 2739 3840 novimus
2770 3784 2827 3839 in
2856 3789 2911 3840 te
2936 3783 3042 3839 sibi
3075 3801 3206 3840 eum
3235 3789 3581 3856 praesentem

1948 3883 2287 3952 agnoscant;
2308 3879 2562 3951 illudque
2581 3879 2949 3934 dilectionem
2967 3882 3122 3934 tuam
3139 3895 3305 3934 nosse
3325 3879 3584 3934 volumus

1949 3977 2182 4030 fratrem
2199 3979 2256 4030 et
2270 3975 2661 4046 coepiscopum
2680 3976 2937 4028 nostrum
2956 3974 3283 4041 Eusebium,
3297 3974 3392 4045 qui
3419 3989 3586 4030 causa

1949 4069 2023 4124 ﬁd
2031 4071 2081 4123 ei
2099 4069 2280 4124 multa
2296 4068 2625 4124 discrimina
2639 4068 2978 4139 laboresque
2994 4068 3276 4137 toleravit,
3291 4067 3586 4123 nobiscum

1949 4163 2178 4218 interim
2209 4163 2496 4218 demorari
2546 4165 2604 4216 et
2647 4163 2703 4217 in
2743 4165 2940 4217 nostra
2980 4178 3134 4216 nunc
3177 4163 3585 4218 communione

1950 4257 2272 4328 persistere,
2300 4257 2460 4328 cujus
2486 4256 2780 4310 ecclesiam
2804 4262 2901 4310 tua
2919 4255 3299 4310 sollicitudine
3327 4256 3585 4310 volumus

1948 4367 2069 4404 esse
2097 4351 2410 4419 defensam,
2448 4355 2508 4404 ut
2531 4349 2671 4403 nihil
2706 4349 2912 4403 eodem
2945 4349 3179 4403 absente
3205 4349 3497 4419 depereat,
3527 4352 3582 4405 et

1947 4444 2138 4499 nullus
2174 4445 2226 4498 ei
2267 4445 2328 4497 in
2372 4443 2562 4514 aliquo
2607 4442 2984 4513 prtejudicare
3027 4446 3356 4512 praesumat,
3401 4443 3582 4497 donec

1947 4555 2078 4593 cum
2109 4538 2428 4594 litterarum
2455 4539 2777 4590 nostrarum
2805 4536 2877 4590 ad
2910 4552 3006 4590 vos
3035 4535 3425 4606 prosecutione
3461 4552 3586 4606 per-

1947 4632 2158 4700 veniat,
2185 4635 2242 4686 et
2269 4636 2331 4686 ut
2357 4631 2541 4702 major
2557 4630 2707 4684 circa
2731 4635 2785 4685 te
2811 4630 2896 4684 vel
2920 4631 3115 4684 nostra
3129 4628 3219 4682 vel
3240 4628 3412 4684 totius
3427 4629 3584 4684 Chri~

1948 4727 2146 4781 stianaa
2180 4725 2362 4797 plebis
2391 4723 2614 4779 affectio
2644 4729 2982 4795 provocetur
3006 4724 3117 4778 hoc
3146 4722 3296 4794 quod
3327 4722 3402 4776 ad
3430 4721 3579 4778 dile-

1947 4821 2190 4876 ctionem
2245 4825 2404 4874 tuam
2460 4811 2788 4890 scripsimus
2817 4860 2832 4887 ,
2897 4817 2956 4873 in
3011 4817 3268 4872 omnium
3320 4817 3584 4872 volumus

1950 4915 2206 4971 notitiam
2239 4913 2550 4987 pervenire,
2600 4919 2663 4968 ut
2706 4913 2804 4984 qui
2848 4915 2960 4968 Deo
3001 4929 3118 4967 non
3152 4911 3480 4968 deserviunt
3507 4910 3579 4966 de

1949 5012 2284 5064 conﬁrmata
2311 5009 2463 5081 apud
2488 5013 2542 5062 te
2573 5023 2714 5079 pace
2744 5006 2898 5062 Sedis
2940 5006 3263 5077 apostolica:
3292 5007 3580 5078 gratulen-

1947 5110 2058 5160 tur.
2105 5107 2182 5159 De
2219 5104 2438 5158 cieteris
2467 5118 2598 5156 vero
2627 5101 2807 5156 causis
2845 5104 3016 5171 atque
3054 5100 3312 5171 personis
3357 5100 3584 5157 dilectio

1949 5205 2047 5254 tua
2090 5198 2292 5254 litteris
2334 5212 2474 5269 quas
2518 5213 2620 5268 per
2666 5197 2888 5251 nostras
2933 5193 3191 5266 accipiet,
3237 5193 3461 5266 plenius
3496 5195 3582 5251 in-

1949 5295 2216 5348 struetur.
2252 5293 2396 5346 Data
2425 5291 2558 5347 ldus
2585 5289 2813 5361 Aprilis,
2848 5305 2960 5344 aera
2987 5305 3105 5360 qua
3127 5305 3320 5360 supra.

1998 5411 2142 5463 xxv.
2172 5437 2239 5450 .-
2266 5407 2355 5464 Ad
2373 5408 2731 5532 Anatholippz
2756 5408 3060 5477 episcopum
3086 5390 3588 5536 Constantinopo-/

2659 5495 2680 5532 ι
2704 5494 2893 5533 anum.
3087 5519 3092 5524 η

2601 5486 2607 5491 ’
2638 5480 2893 5533 litanum.
3087 5519 3092 5524 .

2020 5577 2126 5630 Leo
2155 5574 2448 5646 episcopus
2473 5578 2784 5629 ANATBOLIO
2814 5572 3102 5644 episcopo.

2019 5669 2378 5741 Diligentiam
2406 5667 2735 5722 necessarias
2763 5665 3158 5722 sollicitudinis
3181 5679 3353 5736 quam
3384 5662 3586 5720 frater-

1946 5763 2092 5818 nitas
2137 5766 2236 5818 tua
2277 5762 2336 5816 in
2383 5760 2699 5834 dirigendis
2743 5759 2814 5815 ad
2855 5776 2960 5816 nos
2991 5757 3194 5814 litteris
3231 5757 3582 5830 exsequitur,

1949 5857 2351 5932 approbamus,
2391 5859 2448 5912 et
2485 5854 2733 5928 acceptis
2761 5870 2864 5926 per
2890 5852 3074 5908 ﬁlium
3111 5855 3373 5907 nostrum
3398 5851 3580 5910 Olim-
