4034 6308
443 286 544 342 799

1321 282 1602 343 APPEND.
1641 288 1730 343 AD
1765 285 1925 342 SEC.
1968 285 2054 340 lx.
2086 313 2157 326 —
2194 275 2446 340 lSlDORI
2484 276 2912 341 MERCATORIS

3701 293 3812 345 800

442 397 600 467 pium
633 394 874 467 paganis
906 393 1020 451 tuis
1051 393 1459 450 sacerdotalem
1481 395 1540 449 in
1565 399 1621 450 te
1652 411 1848 450 curam
1876 393 2070 467 vigere
2093 411 2144 484 Α
2170 371 2399 474 tur,\ne
2441 393 2500 449 in
2543 409 2745 449 eorum
2796 395 3080 466 potestate
3123 393 3238 448 sint
3277 394 3470 450 divina
3510 399 3809 468 mysteria,

441 489 740 556 sentimus,
787 489 878 544 cui
920 505 1026 544 nos
1067 504 1297 559 quoque
1341 493 1620 559 quantum
1661 489 1936 544 Dominus
1973 490 2071 544 dat
2172 487 2378 559 quibus
2407 487 2467 542 in
2498 488 2668 542 domo
2695 489 2797 543 Dei
2824 505 2927 560 pro
2949 487 3228 544 scelerum
3256 505 3492 544 suorum
3519 491 3814 562 magnitu-

441 599 607 654 posse
629 599 745 637 non
769 582 1059 649 desumus,
1079 585 1378 636 exorantes
1405 581 1769 638 dilectionem
1799 585 1979 653 tuam,
2007 590 2069 637 ut

441 676 576 748 quia
620 681 847 747 tempus
885 675 1100 730 laboris
1133 674 1436 730 indicimus
1463 676 1520 730 in
1551 679 1749 732 sancta
1774 676 2068 748 vigilantia

442 785 785 841 perseveres,
820 768 998 824 donec
1027 769 1259 824 dextera
1298 769 1524 824 Domini
1567 769 1735 825 faciat
1776 769 2066 838 virtutem,

441 867 500 917 et
527 863 630 918 sub
661 862 905 934 pedibus
932 861 1192 918 Ecclesia
1233 879 1348 917 sua
1394 865 1652 919 conterat
1697 867 2065 920 tentatorem.

438 957 774 1012 Consolatur
805 956 959 1011 enim
996 973 1099 1012 nos
1139 973 1246 1028 per
1282 957 1476 1012 omnia
1513 961 1832 1029 praparata
1860 956 2066 1014 divini-

435 1057 527 1105 tus
559 1049 986 1105 clementissimi
1017 1050 1293 1122 principis
1323 1051 1484 1120 fides,
1507 1067 1676 1123 quem
1700 1051 1763 1106 in
1783 1068 1848 1108 eo
1874 1047 2069 1108 rursus

436 1144 582 1199 sicut
611 1144 865 1216 oportuit
911 1161 1037 1199 sum
1079 1145 1410 1200 cohortatus
1449 1144 1721 1217 alloquio,
1754 1148 1818 1200 ut
1845 1145 2065 1218 impiis-

435 1238 714 1293 simorum
768 1239 1056 1293 latronum
1099 1237 1331 1292 ausibus
1369 1237 1714 1294 districtiore
1757 1240 2068 1295 constantia

439 1332 610 1386 faciat
648 1331 882 1398 obviari,
921 1348 1064 1404 quos
1092 1333 1254 1386 nefas
1287 1336 1371 1387 est
1406 1335 1632 1387 tantum
1659 1332 1730 1388 de
1750 1350 1852 1388 suo
1874 1333 2066 1389 favore

438 1441 785 1496 praesumere
801 1428 862 1480 ut
873 1425 1052 1481 etiam
1067 1425 1220 1498 apud
1243 1425 1800 1498 Constantinopolim
1820 1428 2068 1483 audeant

438 1519 705 1574 insanire.
751 1519 863 1574 Sed
907 1519 1014 1574 hoc
1063 1519 1144 1574 eis
1183 1518 1313 1574 ideo
1342 1519 1549 1574 divina
1574 1520 1945 1591 providentia
1971 1538 2061 1576 ra-

439 1614 595 1668 tione
635 1612 1010 1685 permittitur,
1037 1617 1104 1668 ut
1144 1614 1329 1684 magis
1372 1629 1435 1668 ac
1488 1614 1676 1686 magis
1719 1631 1834 1686 quo
1864 1615 2066 1686 spiritu

437 1706 727 1778 agitentur
751 1709 1047 1778 appareat,
1075 1723 1149 1762 ne
1188 1706 1432 1761 dubitari
1461 1707 1639 1779 possit
1684 1707 1745 1763 in
1793 1711 2064 1779 quantam

2171 580 2304 634 dine
2342 597 2446 635 nec
2480 581 2775 636 habitandi
2803 581 2899 651 jus
2931 581 3140 637 residet
3157 597 3263 637 nec
3288 583 3506 639 orandi.
3531 584 3671 638 Data
3697 585 3813 656 pri-

2169 673 2261 728 die
2310 673 2438 728 ldus
2480 674 2755 744 Octobris,
2787 675 3156 730 Constantino
3194 681 3250 731 et
3296 675 3481 746 Rufio,
3522 677 3655 732 viris
3699 678 3812 732 cla-

2170 766 2404 821 rissimis
2440 767 2781 822 consulibus.
2975 819 2992 836 ,

2637 862 2809 915 XXVI.
2843 891 2912 901 —
2936 861 3031 916 Ad
3069 863 3329 917 eumdem.

2239 953 2348 1008 Leo
2379 952 2674 1025 episcopus
2696 956 3017 1010 Ammone
3045 955 3332 1028 episcopo.

2239 1046 2391 1100 Licet
2420 1063 2648 1118 sperem
2681 1047 3041 1104 dilectionem
3064 1051 3227 1104 tuam
3251 1049 3321 1104 ad
3344 1066 3516 1106 omne
3538 1067 3680 1123 opus
3706 1051 3810 1107 b0-

2167 1156 2308 1194 num
2339 1156 2459 1194 esse
2497 1140 2781 1209 devotam,
2809 1144 2876 1196 ut
2894 1145 3086 1197 tamen
3109 1143 3391 1198 efficacior
3408 1149 3507 1200 tua
3525 1145 3648 1200 fieri
3675 1163 3809 1217 p0.“-

2167 1233 2238 1288 sit
2280 1233 2579 1301 industria,
2627 1240 2684 1289 et
2731 1235 2837 1289 hoc
2879 1251 3201 1307 congruum
3247 1237 3354 1293 fuit
3388 1238 3594 1294 fratres
3639 1255 3807 1294 meos

2170 1327 2510 1382 Lucensium
2540 1328 2870 1400 episcopum
2903 1333 2961 1382 et
2999 1329 3265 1385 Basilium
3291 1332 3710 1404 presbyterum,
3744 1341 3808 1388 ut
3920 1398 3922 1402 τ

2167 1419 2553 1492 promisimus,
2584 1421 2866 1478 destinare
2889 1422 3094 1493 quibus
3131 1429 3232 1479 tua
3274 1424 3501 1481 dilectio
3531 1428 3802 1495 societur,

2168 1518 2229 1568 ut
2265 1514 2409 1569 nihil
2450 1515 2509 1569 in
2547 1515 2636 1569 his
2675 1532 2804 1586 qua
2835 1516 2906 1571 ad
2943 1516 3274 1572 universalis
3299 1520 3561 1575 Ecclesia
3590 1525 3803 1576 statum

2165 1612 2262 1662 aut
2289 1608 2458 1663 dubie
2497 1609 2784 1679 pertinent
2821 1612 2920 1664 aut
2959 1611 3231 1681 segniter,
3260 1629 3388 1668 cum
3422 1614 3805 1669 residentibus

2165 1700 2324 1755 vobis
2351 1701 2555 1772 quibus
2582 1702 3003 1758 exsecutionem
3045 1709 3255 1760 nostra
3297 1705 3688 1778 dispositionis
3718 1710 3804 1762 iii-

437 1803 626 1855 essent
658 1800 954 1854 audaciam
990 1800 1339 1871 prorupturi,
1385 1801 1430 1854 si
1473 1804 1604 1872 post
1641 1801 2062 1858 damnationem

2156 1791 2458 1866 ﬁunximus
2489 1812 2559 1850 ea
2588 1796 2808 1866 possint
2827 1797 2922 1868 agi
2943 1803 3144 1853 cuncta
3163 1799 3574 1871 moderatione,
3606 1806 3667 1856 ut
3695 1820 3802 1856 nec

436 1893 791 1965 impiissima
811 1893 1046 1948 haresis
1065 1893 1412 1964 disceptandi
1435 1899 1634 1950 contra
1649 1894 1821 1950 fidem
1843 1895 2062 1967 accipe-

436 1992 564 2042 rent
591 1990 955 2058 potestatem,
979 1990 1042 2042 ut
1074 1992 1356 2059 quantum
1388 1988 1448 2042 in
1473 1987 1610 2059 ipsis
1639 1991 1742 2058 est,
1769 1989 1940 2044 latius
1959 1989 2064 2044 hoc

434 2081 628 2136 furore
667 2081 947 2151 savirent,
990 2097 1165 2152 quem
1209 2081 1414 2136 fratres
1451 2084 1509 2137 et
1537 2082 1856 2154 coepiscopi
1886 2085 2063 2139 nostri

435 2175 534 2245 qui
567 2174 641 2229 ad
681 2191 786 2230 nos
818 2190 1005 2246 nuper
1037 2191 1107 2230 ex
1132 2175 1360 2247 Egypti
1387 2175 1646 2246 partibus
1674 2177 1979 2248 confugere
2005 2194 2063 2232 se

430 2267 730 2338 pertulisse
768 2267 1042 2338 deplorat,
1070 2267 1277 2340 quibus
1308 2271 1366 2324 et
1393 2268 1876 2325 Christianissimo
1902 2270 2058 2342 prin-

433 2361 556 2432 cipe
583 2364 640 2416 et
665 2377 699 2416 a
729 2363 822 2415 tua
855 2361 1211 2416 fraternitate
1233 2362 1351 2417 Deo
1382 2362 1592 2434 placita
1615 2363 1885 2418 charitate
1914 2364 2060 2420 sola-

429 2455 510 2511 tia
538 2455 768 2526 pietatis
810 2454 1067 2526 impendi
1104 2473 1221 2511 non
1263 2455 1642 2528 ambigerem,
1672 2457 1843 2512 etiam
1867 2457 1914 2513 si
1939 2457 2060 2530 ipse

430 2563 547 2604 non
591 2533 1334 2621 scriberestpportunum
1375 2554 1570 2605 autem
1617 2549 1831 2606 credidi
1874 2554 1941 2606 ut
1987 2551 2060 2607 ad

427 2642 583 2714 ipsos
611 2658 841 2714 quoque
871 2641 1079 2714 scripta
1112 2641 1418 2714 dirigerem
1453 2659 1583 2715 qua
1609 2643 1732 2699 illos
1756 2645 1976 2716 possint
2000 2645 2058 2700 in

427 2736 756 2792 communis
784 2734 916 2790 fidei
947 2737 1233 2807 proposito
1253 2737 1525 2793 rohorare
1559 2743 1617 2793 et
1641 2739 1796 2810 quod
1826 2755 1931 2810 pro
1956 2755 2058 2810 pa-

431 2830 630 2884 tientia
655 2845 759 2904 sua
778 2845 1026 2900 superna
1046 2831 1501 2886 remuneratione
1522 2835 1870 2901 mereantur,
1885 2848 2060 2904 agno-

426 2899 855 3022 scerent.\Sicut
886 2923 1085 2979 beatus
1109 2924 1410 2995 Apostolus
1432 2924 1618 2992 docet,
1637 2924 1832 2980 dicens
1856 2899 1876 2981 ﬁ:
1909 2899 1950 2975 «ἶ
1961 2928 2059 2982 Ex-

427 3017 598 3089 cipite
626 3016 822 3089 itaque
864 3016 993 3072 illos
1031 3033 1164 3072 cum
1204 3017 1416 3088 gaudio
1442 3017 1502 3072 in
1533 3019 1795 3088 Domino,
1823 3023 1880 3076 et
1904 3020 2055 3091 ejus-

428 3109 587 3165 modi
624 3127 758 3165 cum
795 3110 1014 3164 honore
1051 3110 1277 3179 habete,
1307 3110 1577 3183 quoniam
1619 3116 1852 3184 propter
1884 3113 2056 3170 fidem

424 3203 632 3262 Christi
657 3220 836 3277 usque
857 3204 931 3258 ad
957 3209 1207 3260 mortem
1239 3210 1602 3261 accesserunt
1625 3206 1842 3278 (Philip.
1875 3222 1936 3278 n,
1963 3210 2052 3278 29,

425 3298 535 3371 30).
561 3320 590 3349 »
619 3285 763 3354 Illud
793 3313 924 3353 sane
943 3298 1258 3370 plurimum
1283 3299 1429 3354 mihi
1454 3298 1751 3371 displicere
1775 3300 2052 3373 signiﬁco,

425 3391 580 3465 quod
613 3391 765 3448 inter
792 3391 1113 3447 dilectionis
1149 3397 1263 3448 tua
1299 3391 1535 3448 clericos
1559 3393 1796 3466 quidam
1819 3411 1939 3452 esse
1965 3396 2052 3451 di-

423 3491 654 3554 cuntur,
690 3485 790 3558 qui
831 3485 1284 3542 adversariorum
1312 3486 1661 3542 conniveant
1687 3488 1968 3560 pravitati,
1999 3495 2056 3545 et

423 3595 556 3635 vasa
607 3579 708 3636 ira
758 3580 906 3635 vasis
953 3579 1362 3637 misericordia
1418 3581 1786 3638 misceantur.
1841 3583 2056 3649 Quibus

420 3673 828 3746 investigandis
866 3678 925 3730 et
964 3674 1261 3730 severitate
1305 3691 1557 3747 congrua
1597 3677 1926 3732 coercendis
1954 3677 2050 3734 de-

419 3767 516 3824 bet
543 3768 839 3840 diligentia
865 3766 1166 3840 vigilanter
1194 3767 1473 3824 insistere.
1512 3770 1594 3824 Ita
1629 3774 1694 3825 ut
1733 3768 1921 3843 197
1964 3771 2053 3827 his

420 3861 627 3934 quibus
655 3861 931 3933 prodesse
956 3877 1075 3916 non
1099 3861 1352 3932 potuerit
1376 3862 1674 3931 correctio,
1717 3880 1834 3919 non
1861 3870 2056 3936 parcat

421 3953 702 4009 abscissio.
750 3953 1016 4026 Oportuit
1059 3955 1271 4010 etenim
1324 3971 1431 4010 nos
1481 3956 1795 4027 evangelici
1846 3959 2049 4014 memi-

422 4049 571 4103 nisse
612 4046 892 4115 mandati,
920 4047 1073 4120 quod
1114 4047 1237 4119 ipsa
1273 4047 1522 4104 Veritate
1551 4050 1899 4122 pracipitur,
1933 4074 1962 4102 «
1988 4058 2054 4109 ut

421 4141 464 4196 si
491 4157 598 4196 nos
624 4141 837 4211 oculus,
865 4143 964 4195 aut
1004 4157 1128 4214 pes,
1169 4144 1270 4196 aut
1309 4141 1539 4198 dextera
1569 4143 2047 4218 scandalizaverit,

420 4251 626 4291 manus
652 4249 686 4290 a
710 4251 986 4308 compage
1027 4235 1281 4307 corporis
1318 4236 1612 4292 auferatur
1647 4239 1866 4310 (Matth.
1889 4256 2047 4310 xviii,

419 4331 493 4401 8),
540 4349 567 4382 »
608 4329 742 4401 quia
783 4329 988 4385 melius
1029 4329 1100 4384 sit
1140 4329 1229 4384 his
1267 4329 1326 4384 in
1367 4331 1614 4387 Ecclesia
1644 4348 1836 4389 carere
1861 4351 2045 4390 mem-

419 4425 556 4494 bris,
579 4440 755 4497 quam
795 4439 927 4480 cum
959 4423 1097 4495 ipsis
1134 4423 1194 4478 in
1229 4426 1446 4480 aterna
1470 4425 1554 4480 ire
1581 4427 1877 4499 supplicia.
1905 4430 2049 4485 Nam

2165 1889 2572 1944 benevolentia
2599 1894 2784 1961 partes
2812 1892 3134 1962 nejustitia
3155 1893 3542 1964 negligantur,
3559 1896 3655 1950 sed
3675 1898 3803 1950 abs-

2165 1997 2276 2054 que
2297 1999 2672 2054 personarum
2698 1984 3022 2056 acceptione
3048 1986 3305 2041 divinum
3333 1987 3392 2041 in
3425 1989 3688 2044 omnibus
3705 1991 3803 2061 ju-

2163 2075 2372 2130 dicium
2403 2077 2703 2148 cogitetur.
2737 2078 2901 2142 Quod
2944 2083 3004 2132 ut
3043 2085 3200 2135 recta
3237 2081 3592 2138 observantia
3617 2085 3804 2141 valeat

2163 2169 2436 2225 custodiri
2456 2171 2748 2226 catholica
2770 2172 3032 2243 primitus
3046 2173 3180 2229 fidei
3202 2181 3456 2231 servetur
3475 2177 3798 2249 integritas,

2164 2267 2227 2317 ut
2251 2264 2386 2335 quia
2402 2280 2504 2336 per
2529 2265 2718 2320 omnia
2738 2286 2766 2314 ‹‹
2786 2272 3028 2337 angusta
3048 2273 3104 2322 et
3120 2267 3301 2323 ardua
3320 2269 3410 2325 via
3435 2274 3521 2325 est
3544 2287 3670 2343 qua
3695 2272 3800 2326 du-

2161 2357 2237 2412 cit
2257 2357 2329 2412 ad
2357 2357 2528 2413 vitam
2568 2359 2782 2430 (Matth.
2812 2376 2908 2427 vn,
2959 2361 3062 2430 14),
3105 2383 3132 2410 ››
3177 2379 3364 2434 neque
3390 2363 3451 2418 in
3479 2364 3795 2438 sinistram,

2160 2466 2348 2522 neque
2397 2452 2469 2507 ad
2518 2453 2812 2507 dexteram
2857 2455 2927 2508 ab
2968 2455 3090 2526 ejus
3137 2457 3363 2512 tramite
3406 2458 3681 2515 devietur.
3726 2464 3801 2518 Et

2161 2546 2294 2616 quia
2323 2547 2649 2617 evangelica
2675 2551 2730 2600 et
2759 2548 3063 2618 apostolica
3099 2550 3236 2606 fides
3271 2567 3472 2607 omnes
3499 2562 3799 2626 expugnat

2162 2655 2408 2707 errores,
2434 2645 2491 2694 et
2529 2640 2601 2694 ab
2642 2658 2756 2696 uno
2795 2642 2968 2696 latere
2996 2644 3318 2716 Nestorium
3343 2645 3554 2716 dejicit,
3582 2648 3651 2701 ab
3681 2650 3798 2703 alio

2159 2705 2448 2804 Eutychen
2490 2737 2548 2787 et
2594 2734 2896 2805 participes
2945 2736 3067 2807 ejus
3111 2705 3490 2834 eliditlllahc
3530 2705 3794 2813 regulam

2161 2831 2510 2882 mementote
2541 2828 2894 2896 servandam,
2916 2832 2978 2883 ut
3003 2828 3348 2903 quicumque
3373 2833 3433 2888 in
3461 2833 3558 2889 illa
3575 2837 3794 2907 synodo

2160 2935 2288 2991 qua
2313 2936 2527 2975 nomen
2564 2921 2767 2992 synodi
2795 2939 2900 2978 nec
2930 2923 3143 2979 habere
3167 2926 3352 2996 potuit
3383 2943 3488 2982 nec
3516 2935 3792 2998 meretur,

2159 3017 2215 3068 et
2240 3014 2298 3068 in
2327 3030 2439 3086 qua
2449 3015 2910 3071 malevolentiam
2929 3033 3089 3072 suam
3102 3018 3420 3088 Dioscorus,
3443 3021 3793 3094 imperitiam

2157 3111 2351 3163 autem
2377 3109 2662 3164 Iuvenalis
2690 3110 2953 3179 ostendit,
2983 3111 3180 3168 dolent
3222 3117 3284 3168 ut
3330 3113 3647 3172 dilectionis
3673 3121 3792 3174 tua

2159 3201 2433 3257 relatione
2477 3204 2881 3275 comperimus,
2931 3221 2988 3259 se
3032 3210 3189 3261 metu
3239 3207 3410 3262 victos
3467 3215 3523 3265 et
3570 3215 3793 3268 terrore

2155 3302 2444 3367 superatos
2469 3297 2539 3352 ad
2561 3313 2900 3354 consensum
2921 3300 3300 3356 scelestissimi
3319 3302 3518 3373 judicii
3541 3306 3792 3376 potuisse

2156 3389 2443 3461 compelli,
2462 3395 2520 3446 et
2547 3393 3006 3467 communionem
3042 3395 3385 3451 catholicam
3413 3397 3668 3455 obtinere
3695 3401 3794 3456 de-

2155 3483 2404 3540 siderant
2423 3485 2797 3542 satisfactioni
2816 3503 3017 3542 eorum
3045 3505 3155 3560 pax
3181 3490 3433 3546 fraterna
3456 3497 3786 3566 prastetur,

2153 3577 2230 3633 ita
2267 3583 2332 3633 ut
2365 3594 2483 3634 non
2521 3579 2708 3636 dubiis
2735 3581 3180 3652 professionibus
3205 3585 3498 3656 Eutychen
3523 3604 3652 3644 cum
3679 3607 3788 3646 suo

2155 3671 2422 3743 dogmate
2461 3690 2707 3746 cumque
2745 3675 3100 3732 consortibus
3135 3677 3250 3732 suis
3279 3681 3662 3738 anathematis
3690 3700 3789 3740 ex—

2154 3767 2470 3822 secratione
2511 3767 2915 3825 condemnent.
2962 3771 3037 3826 De
3081 3772 3168 3826 his
3201 3775 3395 3828 autem
3435 3775 3535 3847 qui
3574 3775 3632 3831 in
3671 3777 3788 3835 hac

2153 3876 2321 3915 causa
2346 3861 2570 3932 gravius
2596 3878 2918 3933 peccavere,
2961 3868 3019 3918 et
3046 3864 3118 3920 ob
3149 3865 3254 3921 hoc
3287 3869 3637 3940 superiorem
3674 3872 3783 3927 sibi

2150 3953 2337 4008 locum
2365 3955 2422 4008 in
2454 3954 2653 4010 eadem
2682 3955 2890 4012 infelici
2925 3959 3142 4030 synodo
3176 3960 3554 4033 vindicarunt,
3585 3967 3650 4019 ut
3679 3965 3789 4021 hu-

2154 4047 2438 4102 miliorum
2493 4049 2738 4104 fratrum
2789 4051 3212 4124 simplicitatem
3265 4059 3609 4128 arrogantia
3661 4077 3784 4116 sua

2151 4141 2495 4213 prajudiciis
2545 4149 2946 4216 aggravarent,
2988 4147 3032 4201 si
3085 4148 3229 4204 forte
3274 4151 3612 4223 resipiscunt
3652 4158 3710 4208 et
3748 4173 3786 4210 a

2151 4236 2282 4291 facti
2327 4236 2415 4292 sui
2457 4237 2788 4295 defensione
2817 4245 3101 4296 cessantes
3139 4243 3199 4297 in
3239 4245 3780 4304 condemnationem

2150 4330 2364 4403 proprii
2386 4335 2794 4388 convertuntur
2804 4335 3033 4404 erroris,
3049 4336 3256 4392 horum
3271 4339 3316 4393 si
3331 4340 3636 4396 satisfactio
3654 4343 3784 4398 talis

2149 4425 2388 4494 accedit,
2412 4443 2542 4499 qua-
2581 4444 2694 4482 non
2739 4429 3036 4485 refutanda
3062 4430 3339 4502 videatur,
3366 4435 3784 4492 maturioribus

419 4518 700 4592 superﬂue
741 4524 901 4573 extra
950 4518 1256 4573 Ecclesiam
1294 4519 1491 4591 positis
1539 4521 1872 4590 resistimus,
1905 4522 1950 4578 si
1976 4524 2046 4579 ab
2066 4539 2124 4612 D
2147 4520 2469 4590 apostolica
2500 4521 2662 4576 Sedis
2689 4523 2937 4578 conciliis
2963 4530 3295 4598 reservetur,
3335 4533 3399 4582 ut
3436 4529 3783 4586 examinatis

417 4613 506 4668 his
534 4613 631 4685 qui
659 4613 728 4668 ab
760 4613 914 4668 intus
941 4615 1075 4667 sunt
1111 4612 1171 4666 in
1213 4612 1294 4667 eis
1334 4629 1476 4685 quos
1520 4613 1814 4688 decipiunt
1843 4617 2044 4673 vulne-

417 4723 630 4763 ramur.
653 4707 985 4778 Abjicienda
1011 4723 1240 4778 prorsus
1274 4708 1546 4779 pestifera
1571 4709 1693 4765 hac
1713 4711 2045 4767 sacerdotali

417 4802 611 4874 vigore
653 4801 929 4872 patientia
977 4804 1081 4871 est,
1113 4817 1241 4872 qua
1270 4801 1498 4858 sibimet
1524 4804 1769 4874 peccatis
1798 4805 2044 4860 aliorum

417 4895 700 4966 parcendo
728 4912 844 4950 non
874 4894 1071 4966 parcit.
1106 4894 1263 4950 Sicut
1292 4895 1414 4950 Heli
1449 4897 1740 4967 quondam
1785 4899 2046 4953 sacerdos

414 4989 663 5044 ﬁliorum
683 5005 918 5044 suorum
945 4988 1147 5043 delicta
1172 4989 1490 5061 tolerando,
1514 5006 1644 5045 cum
1673 4991 1808 5062 ipsis
1838 4991 2044 5047 divina

410 5081 646 5154 justitia
683 5083 1027 5138 sententiam
1064 5082 1276 5139 meruit
1301 5083 1570 5154 experiri,
1599 5084 1735 5155 quia
1763 5084 1926 5156 segni
1953 5085 2040 5139 in-

417 5175 708 5247 dulgentia
724 5175 1097 5230 dissimulavit
1115 5177 1362 5247 plectere
1386 5178 1726 5247 peccatores.
1751 5177 2040 5241 Quantum

412 5270 604 5341 itaque
651 5269 1045 5341 opportunitas
1088 5270 1293 5324 invitat
1332 5269 1499 5325 ofﬁcii
1547 5269 2039 5340 religiosissimum

411 5362 730 5436 principem
771 5362 996 5419 dilectio
1034 5368 1133 5419 tua
1169 5363 1394 5419 studeat
1428 5363 1812 5435 frequentare,
1845 5371 1901 5422 et
1927 5383 2041 5422 non

410 5459 595 5514 solum
627 5457 870 5530 regiam,
903 5457 1005 5512 sed
1039 5463 1095 5512 et
1134 5456 1541 5512 sacerdotalem
1570 5457 1746 5528 ipsius
1784 5466 2047 5522 mentem,

410 5553 672 5624 precibus
698 5552 842 5608 meis
866 5551 1164 5606 obsecrare
1186 5549 1442 5623 persiste,
1460 5555 1525 5606 ut
1547 5567 1768 5608 memor
1785 5570 2042 5611 commu-

409 5646 497 5700 nis
534 5647 667 5701 fidei
711 5662 885 5718 quam
924 5643 1134 5715 Spiritu
1170 5646 1366 5699 sancto
1400 5644 1637 5702 docente
1663 5649 2035 5721 suscepimus,

408 5739 666 5793 omnium
727 5737 1134 5793 hareticorum
1183 5738 1645 5796 machinamenta
1690 5743 2034 5815 confringet,

410 5845 593 5902 neque
614 5831 924 5904 quidquam
947 5830 1056 5886 illis
1077 5831 1135 5885 in
1163 5831 1408 5888 ecclesiis
1430 5834 1636 5890 Christi
1665 5835 1831 5892 licere
1853 5837 2033 5908 patia-

2148 4614 2412 4670 omnibus
2423 4619 2594 4687 atque
2616 4618 2908 4689 perpensis
2925 4618 2993 4674 de
3014 4618 3148 4691 ipsis
3172 4637 3371 4676 eorum
3386 4623 3783 4694 agnitionibus

2145 4707 2281 4778 quid
2325 4709 2590 4765 constitui
2633 4710 2833 4766 debeat
2889 4712 3219 4769 astimetur.
3276 4717 3466 4788 Neque
3515 4718 3670 4790 prius
3714 4719 3780 4776 in

2146 4802 2408 4873 Ecclesia,
2427 4804 2516 4858 cui
2537 4807 2588 4858 te
2609 4805 2885 4860 Dominus
2911 4806 3085 4862 voluit
3102 4810 3409 4880 prasidere
3435 4812 3777 4885 cujusquam

2145 4895 2362 4965 talium,
2409 4901 2468 4951 ut
2511 4901 2645 4953 ante
2683 4899 2808 4970 jam
2856 4900 3204 4974 scripsimus,
3232 4920 3442 4960 nomen
3480 4905 3551 4960 ad
3595 4907 3776 4964 altare

2144 4989 2428 5060 recitetur,
2458 5007 2630 5063 quam
2655 4993 2792 5070 quid
2818 4993 2890 5048 de
2921 4995 3002 5049 eis
3031 4997 3294 5052 constitui
3327 4998 3544 5070 debeat,
3573 5017 3774 5058 rerum

2145 5099 2438 5154 processus
2459 5055 2751 5154 ostendat};
2771 5089 2846 5142 De
2874 5091 3309 5148 commonitorio
3339 5109 3470 5149 vero
3497 5110 3529 5148 a
3555 5095 3776 5151 clericis

2143 5177 2460 5234 dilectionis
2515 5185 2625 5236 tua
2667 5141 2832 5237 nobis
2876 5183 3062 5240 oblato
3103 5187 3489 5243 necessarium
3518 5205 3636 5244 non
3664 5190 3778 5246 fuit

2143 5271 2392 5343 epistolis
2431 5275 2567 5346 quid
2599 5275 2888 5333 videretur
2911 5279 3187 5349 inserere,
3219 5297 3350 5336 cum
3377 5283 3666 5339 sufficeret
3698 5285 3779 5340 le-

2143 5366 2290 5437 gatis
2316 5372 2517 5423 cuncta
2539 5371 2838 5439 committi,
2861 5389 3107 5444 quorum
3127 5391 3395 5431 sermone
3417 5393 3487 5432 ex
3506 5378 3780 5434 omnibus

2140 5460 2466 5532 diligentius
2535 5463 2919 5523 instruereris.
2995 5469 3265 5525 Annitere
3343 5470 3534 5542 igitur,
3597 5473 3780 5530 frater

2139 5555 2486 5627 charissime,
2509 5562 2573 5613 ut
2604 5576 2732 5632 qua
2764 5561 3030 5617 Ecclesia
3060 5562 3157 5618 Dei
3180 5570 3502 5636 congruunt
3528 5566 3782 5625 fideliter

2138 5655 2196 5706 et
2218 5649 2519 5707 efﬁcaciter
2547 5670 2678 5709 cum
2711 5653 2796 5710 his
2823 5655 3108 5724 fratribus,
3146 5674 3289 5729 quos
3321 5661 3497 5716 tanta
3528 5662 3614 5716 rei
3640 5662 3775 5720 ido-

2138 5759 2278 5799 neos
2301 5747 2558 5802 auctores
2582 5747 2882 5820 elegimus,
2906 5751 3252 5822 exsequaris,
3286 5754 3603 5826 prasertim
3636 5772 3778 5816 cum

2134 5837 2254 5910 ipsa
2295 5855 2388 5893 vos
2431 5855 2610 5896 causa
2643 5841 2808 5909 ratio,
2836 5858 3079 5914 spesque
3114 5845 3292 5902 divini
3337 5847 3528 5906 auxilii
3558 5850 3771 5910 cohor-
