4034 6366
176 390 270 445 801
1416 388 1829 451 DECRETALII

1933 394 2320 452 COLLECTIO.
3452 400 3553 451 802

180 503 395 570 tentur,
427 503 489 555 et
515 498 1085 556 clementissimorum
1112 501 1462 574 principum,
1486 506 1599 557 tum
1630 508 1820 559 sancta
1844 523 1901 595 Α
1921 504 2214 576 privilegio
2247 508 2505 571 oporteat
2533 504 2631 576 jus
2658 502 2956 575 proprium
2986 502 3320 558 reformari.
3349 503 3557 557 Prioris

177 593 249 648 sit
274 593 446 663 fides,
479 597 599 649 tam
636 593 900 665 religiosa
925 595 1170 663 devotio,
1203 598 1267 650 ut
1298 595 1356 650 in
1386 595 1466 651 eis
1488 613 1605 651 non
1635 598 1820 653 solum
1846 593 1899 595 ﬁ
1922 603 2118 653 autem
2139 598 2437 668 Ephesinae
2454 597 2653 670 synodi
2671 598 2764 651 cui
2780 600 2985 652 sanctas
3004 597 3300 652 memoriae
3318 596 3557 669 Cyrillus

176 686 591 756 Christianum,
633 688 731 743 sed
779 688 952 743 etiam
998 689 1411 745 sacerdotalem
1461 691 1824 762 experiamur

178 780 481 837 affectum.
520 781 631 845 Qui
671 780 867 853 utique
905 799 1009 854 pro
1049 782 1258 853 pietate
1286 799 1401 855 qua
1428 800 1486 839 se
1512 784 1609 839 Dei
1631 785 1820 840 famu-

178 877 259 929 los
284 892 412 930 esse
456 874 781 946 gloriantur
810 892 1013 931 omnes
1034 876 1431 949 'suggestiones
1453 883 1664 933 vestras
1691 880 1821 935 ﬁdei

179 969 482 1024 catholicas
499 970 825 1041 profuturas
846 969 1153 1041 dignanter
1173 972 1470 1043 accipiant,
1484 977 1550 1028 ut
1566 973 1822 1045 ipsorum

181 1079 415 1135 quoque
466 1080 575 1135 ope
623 1067 681 1118 et
726 1081 837 1135 pax
885 1064 1210 1121 Christiana
1257 1067 1531 1137 reparari,
1562 1073 1618 1121 et
1661 1083 1823 1122 error

182 1157 392 1228 impius
436 1157 616 1228 possit
659 1157 896 1213 aboleri.
943 1160 1021 1212 Ac
1065 1158 1112 1212 si
1153 1158 1224 1214 de
1266 1159 1551 1231 aliquibus
1578 1161 1823 1232 amplius

181 1251 355 1306 fuerit
380 1251 843 1319 deliberandum,
865 1252 1132 1307 celeriter
1157 1253 1229 1308 ad
1254 1270 1362 1308 nos
1393 1254 1590 1309 relatio
1619 1255 1823 1326 diriga-

185 1348 294 1412 tur,
332 1349 399 1399 ut
437 1349 790 1416 pertractata
817 1346 1090 1417 qualitate
1121 1363 1424 1402 causarum
1464 1354 1657 1403 nostra
1685 1349 1821 1420 quid

186 1438 475 1494 observari
496 1438 709 1494 debeat
730 1439 1049 1496 sollicitudo
1086 1442 1409 1497 constituat.
1438 1443 1583 1497 Data
1622 1443 1821 1514 quinto

182 1532 311 1587 ldus
358 1532 535 1601 Junii,
578 1532 859 1604 Adelphio
907 1533 1028 1588 viro
1073 1536 1386 1590 clarissimo
1425 1536 1677 1603 consule,
1708 1526 1821 1591 aera

185 1643 296 1699 qua
320 1643 518 1699 supra.

381 1721 583 1776 XXVII.
609 1751 679 1762 —
708 1722 800 1776 Ad
833 1722 1099 1791 synodum
1129 1723 1624 1779 Chalcedonensem.

254 1816 367 1870 Leo
413 1818 625 1869 sanctae
674 1815 896 1885 synodo
946 1817 1099 1888 apud
1145 1817 1562 1873 Chalcedonam
1606 1820 1819 1873 consti-

182 1913 345 1964 tutae.

254 2004 604 2074 Optaveram
633 2002 889 2075 quidem,
920 2004 1258 2075 charissimi,
1289 2022 1392 2077 pro
1426 2007 1603 2061 nostri
1636 2007 1817 2062 chari-

187 2100 300 2151 tate
323 2096 552 2167 collegii
580 2113 780 2151 omnes
799 2098 1025 2152 Domini
1055 2099 1377 2154 sacerdotes
1398 2100 1456 2153 in
1476 2117 1597 2155 una
1626 2101 1816 2157 catho-

182 2191 306 2245 licae
329 2190 465 2245 fidei
482 2190 786 2245 devotione
806 2191 1130 2262 persistere,
1153 2209 1257 2247 nec
1277 2209 1622 2265 quemquam
1644 2195 1821 2265 gratia

185 2288 286 2338 aut
304 2283 623 2338 formidine
647 2287 999 2356 potestatum
1026 2287 1389 2342 saecularium
1416 2287 1732 2358 depravari,
1763 2294 1823 2343 ut

187 2394 221 2432 a
243 2378 336 2431 via
365 2377 623 2432 veritatis
651 2377 996 2433 abscederet.
1020 2379 1129 2434 Sed
1156 2380 1293 2450 quia
1319 2382 1498 2435 multa
1522 2398 1672 2453 saepe
1694 2399 1821 2452 quae

187 2471 608 2542 plenitudinem
639 2472 856 2543 possint
883 2488 1157 2543 generare
1183 2474 1548 2545 proveniunt,
1581 2479 1640 2530 et
1663 2492 1824 2546 supe-

188 2572 275 2621 rat
322 2567 519 2637 culpas
558 2565 1016 2637 delinquentium
1066 2567 1456 2645 misericordia
1500 2570 1617 2637 Dei,
1651 2574 1822 2642 atque

191 2660 320 2715 ideo
355 2659 727 2731 suspenditur
757 2660 914 2729 ultio,
942 2664 1008 2714 ut
1032 2661 1210 2732 possit
1237 2662 1426 2716 locum
1450 2662 1665 2717 habere
1697 2680 1818 2718 cor-

189 2753 402 2821 rectio,
447 2753 915 2824 amplectendum
963 2758 1047 2809 est
1089 2756 1515 2810 clementissimi
1556 2757 1827 2828 principis

189 2848 427 2919 plenum
462 2846 746 2917 religione
779 2848 1102 2917 consilium,
1132 2866 1245 2920 quo
1281 2853 1531 2905 sanctam
1560 2851 1821 2905 fraterni-

192 2946 371 2996 tatem
395 2944 642 2995 vestram
673 2941 744 2995 ad
771 2941 1146 2996 destruendas
1168 2943 1400 2997 insidias
1429 2944 1637 2999 diaboli
1670 2950 1727 2999 et
1753 2946 1826 2999 ad

194 3034 625 3088 reformandam
637 3026 1070 3089 ecclesiasticam
1089 3052 1289 3107 pacem
1304 3038 1480 3091 voluit
1499 3038 1822 3103 convenire,

194 3128 511 3183 beatissimi
538 3128 687 3183 Petri
710 3129 841 3200 jure
868 3134 1039 3201 atque
1071 3130 1291 3185 honore
1320 3136 1559 3200 servato,
1598 3133 1740 3187 adeo
1765 3139 1829 3187 ut

196 3240 300 3277 nos
330 3238 560 3293 quoque
579 3222 694 3277 suis
722 3223 793 3277 ad
831 3223 939 3277 hoc
978 3224 1177 3278 litteris
1210 3225 1494 3293 invitaret,
1513 3230 1579 3280 ut
1596 3243 1829 3281 venera-

191 3316 289 3370 bili
318 3316 537 3387 synodo
564 3322 816 3371 nostram
843 3319 1201 3387 praesentiam
1244 3321 1648 3390 praeberemus,
1677 3322 1827 3392 quod

193 3410 429 3482 quidem
457 3427 564 3465 nec
584 3410 887 3465 necessitas
904 3412 1197 3483 temporis,
1218 3430 1323 3467 nec
1344 3414 1460 3469 ulla
1475 3415 1827 3469 consuetudo

194 3509 422 3576 poterat
446 3504 802 3576 permittere.
834 3506 1047 3560 Tamen
1074 3506 1132 3561 in
1169 3507 1256 3561 his
1292 3508 1560 3562 fratribus
1587 3509 1827 3562 Pascha-

192 3599 361 3652 siano
415 3603 472 3653 et
525 3598 792 3653 Lucentio
837 3599 1135 3671 episcopis,
1187 3601 1475 3656 Bonifacio
1524 3607 1579 3657 et
1628 3601 1828 3657 Basilio

192 3691 568 3765 presbyteris,
598 3692 698 3763 qui
724 3692 794 3747 ab
821 3694 1129 3764 apostolica
1159 3695 1301 3749 Sede
1335 3696 1531 3750 directi
1557 3701 1708 3764 sunt,
1735 3714 1829 3750 me

193 3786 415 3857 synodo
458 3788 646 3840 vestra
691 3787 1013 3841 fraternitas
1058 3789 1303 3844 aestimet
1346 3790 1672 3860 praesidere,
1716 3808 1829 3846 non

196 3881 268 3935 ab
292 3880 555 3950 injuncta
573 3897 605 3934 a
628 3881 790 3935 vobis
817 3883 1121 3952 prmsentia
1140 3900 1269 3938 mea
1288 3885 1384 3956 qui
1404 3901 1553 3938 nunc
1591 3885 1651 3939 in
1683 3885 1828 3940 vica-

195 3975 296 4029 riis
316 3974 463 4028 meis
480 3975 681 4029 adsum
698 3979 757 4029 et
768 3975 1116 4046 jamdudum
1145 3977 1276 4032 fidei
1301 3979 1599 4033 catholicae
1630 3980 1834 4050 praedi-

191 4068 422 4123 catione
466 4084 584 4123 non
629 4068 850 4136 desum,
894 4074 962 4124 ut
1006 4071 1105 4141 qui
1146 4088 1263 4126 non
1302 4073 1535 4143 potestis
1564 4073 1831 4144 ignorare

189 4161 341 4235 quid
390 4177 455 4217 ex
499 4162 737 4234 antiqua
766 4163 1074 4219 traditione
1105 4166 1426 4234 credamus,
1458 4183 1574 4221 non
1604 4167 1834 4238 possitis

191 4254 469 4311 dubitare
517 4256 655 4327 quid
709 4257 953 4328 cupiam.
1010 4259 1184 4326 Unde,
1235 4259 1440 4314 fratres
1496 4261 1830 4331 charissimi,

191 4351 423 4421 rejecta
442 4349 670 4421 penitus
690 4351 926 4406 audacia
944 4353 1266 4424 disputandi
1291 4360 1489 4409 contra
1504 4356 1677 4410 fidem
1700 4356 1834 4409 divi-

192 4445 362 4500 nitus
377 4444 735 4516 inspiratam,
751 4462 893 4500 vana
915 4448 1230 4502 errantium
1251 4448 1552 4505 inﬁdelitas
1568 4450 1835 4521 conquie-

191 4544 325 4593 scat
362 4554 466 4593 nec
500 4539 664 4594 liceat
700 4540 925 4596 defendi
952 4543 1107 4613 quod
1142 4559 1259 4597 non
1302 4543 1468 4598 liceat
1499 4544 1671 4611 credi,
1703 4560 1834 4599 cum

1922 690 2218 762 episcopus
2260 694 2397 745 tunc
2442 691 2711 762 praesedit
2762 690 2821 744 in
2868 690 3190 745 Nestorium
3237 689 3558 761 specialiter

1923 787 2132 839 statuta
2157 790 2547 854 permaneant,
2566 801 2639 838 ne
2668 789 2802 839 tunc
2822 784 3096 839 damnata
3113 784 3397 855 impietas,
3427 783 3556 838 ideo

1924 878 2027 931 sibi
2057 879 2116 932 in
2144 878 2333 948 aliquo
2362 878 2709 945 blandiatur,
2732 877 2864 949 quia
2890 878 3167 949 Eutyclies
3201 878 3358 948 justa
3398 893 3552 931 exse-

1922 971 2173 1025 cratione
2200 972 2547 1042 percellitur.
2596 971 2815 1026 Puritas
2861 971 3017 1025 enim
3058 970 3189 1025 fidei
3234 975 3403 1041 atque
3450 970 3552 1025 do-

1922 1064 2142 1133 ctrinae,
2180 1081 2355 1136 quam
2394 1066 2592 1120 eodem
2635 1082 2748 1136 quo
2789 1064 2969 1119 sancti
3008 1066 3204 1119 Patres
3230 1064 3415 1118 nostri
3440 1064 3553 1135 spi-

1923 1159 2036 1213 ritu
2081 1159 2477 1230 praedicamus,
2509 1165 2564 1213 et
2609 1159 2999 1213 Nestorianam
3043 1164 3101 1213 et
3144 1158 3552 1230 Eutychianam

1922 1269 2052 1307 cum
2101 1252 2215 1307 suis
2253 1252 2579 1307 auctoribus
2620 1254 2966 1307 condemnat
3013 1253 3228 1324 pariter
3261 1256 3317 1307 et
3362 1268 3551 1323 perse-

1920 1346 2116 1417 quitur
2166 1346 2522 1417 pravitatem.
2591 1346 2734 1399 Data
2796 1345 2996 1416 quinto
3066 1346 3342 1401 Kalendas
3403 1344 3551 1409 Julii,

1920 1439 2196 1510 Adelphio
2224 1439 2344 1494 viro
2375 1439 2689 1493 clarissimo
2715 1439 2966 1494 consule.

2332 1534 2552 1589 XXVIII.
2584 1564 2653 1574 —
2683 1534 2773 1589 Ad
2810 1534 3148 1588 Anatolium.

1994 1629 2102 1681 Lso
2126 1627 2423 1698 episcopus
2444 1632 2723 1682 ANATOLIO
2750 1626 3032 1699 episcopo.

1990 1720 2361 1791 Manifestato,
2398 1721 2541 1775 sicut
2573 1720 2916 1793 optavimus,
2947 1737 3048 1792 per
3070 1720 3316 1791 gratiam
3343 1721 3438 1775 Dei
3468 1722 3551 1775 lu-

1920 1816 2076 1871 mine
2116 1815 2456 1886 evangelicaa
2495 1815 2763 1883 veritatis,
2794 1820 2852 1869 et
2876 1814 2946 1869 ab
2977 1814 3283 1869 universali
3314 1815 3557 1869 Ecclesia

1844 1901 1900 1973 B
1926 1909 2386 1980 perniciosissimi
2428 1910 2635 1963 erroris
2679 1913 2842 1963 nocte
2890 1909 3144 1979 depulsa,
3192 1908 3559 1963 ineifabiliter

1923 2005 2238 2073 gaudemus
2255 2003 2314 2057 in
2333 2003 2577 2058 Domino
2593 2004 2742 2074 quod
2761 2002 2993 2057 creditae
3007 2002 3167 2056 nobis
3184 2003 3555 2074 dispensatio-

1925 2098 2010 2152 nis
2056 2098 2221 2152 labor
2268 2098 2338 2152 ad
2383 2096 2770 2151 desideratum
2799 2096 3063 2168 pervenit
3099 2096 3385 2164 effectum,
3413 2097 3558 2151 sicut

1922 2192 2092 2247 etiam
2120 2191 2376 2262 epistolae
2421 2195 2535 2245 tuae
2587 2194 2771 2245 textus
2811 2190 3114 2261 eloquitur,
3148 2195 3213 2245 ut
3244 2190 3553 2245 secundum

1924 2285 2289 2357 apostolicam
2340 2284 2665 2340 doctrinam
2705 2283 2953 2356 idipsum
2984 2284 3239 2338 dicamus
3276 2300 3476 2339 omnes
3501 2291 3557 2339 et

1924 2396 2041 2434 non
2058 2379 2170 2433 sint
2196 2379 2254 2432 in
2270 2378 2435 2432 nobis
2457 2378 2781 2433 schismata.
2800 2377 3205 2453 Simusautem
3231 2377 3471 2449 perfecti
3495 2378 3555 2431 in

1904 2521 1909 2530 ,
1925 2473 2127 2527 eodem
2146 2489 2318 2526 sensu
2336 2472 2463 2526 etin
2475 2472 2677 2526 eadem
2693 2468 3070 2573 sententia‘ln
3084 2472 3245 2541 cujus
3260 2471 3448 2542 operis
3467 2472 3555 2525 de-

1922 2567 2147 2622 votione
2161 2567 2514 2637 gratulamur
2525 2566 2888 2620 dilectionem
2900 2566 3061 2619 tuam
3073 2581 3195 2618 esse
3209 2571 3531 2620 consortem
3542 2608 3555 2633 ,

1925 2665 1987 2715 ut
2002 2667 2056 2716 et
2077 2660 2428 2731 corrigendis
2457 2665 2557 2715 tua
2580 2659 2880 2731 prodesset
2903 2659 3199 2730 industria,
3217 2665 3272 2713 et
3300 2659 3370 2713 ab
3399 2660 3556 2714 omni

1925 2763 1980 2810 te
2019 2755 2373 2810 deviantium
2414 2754 2849 2825 participatione
2880 2758 2938 2808 et
2978 2754 3222 2808 factione
3255 2770 3555 2825 purgares,

1925 2850 2219 2904 decessore
2266 2849 2421 2902 enim
2462 2852 2563 2902 tuo
2601 2848 2782 2903 beatae
2809 2849 3104 2902 memorias
3131 2848 3392 2902 Flaviano
3424 2863 3556 2919 pro-

1927 2948 2054 3013 pter
2078 2942 2475 2997 defensionem
2501 2941 2789 2996 catholicaa
2814 2941 3068 2996 veritatis
3095 2942 3295 3012 ejecto,
3312 2958 3427 2996 non
3448 2942 3558 2996 im-

1927 3037 2131 3091 merito
2158 3036 2511 3103 credebatur,
2541 3052 2655 3107 quo
2695 3035 3048 3091 ordinatores
3084 3035 3164 3090 tui
3201 3038 3399 3091 eontra
3427 3051 3559 3089 san-

1927 3136 2150 3186 ctorum
2176 3146 2461 3185 canonum
2494 3130 2799 3185 constituta
2840 3130 3172 3184 viderentur
3201 3130 3286 3184 sui
3314 3129 3560 3184 similem

1927 3241 2303 3279 consecrasse.
2337 3223 2446 3278 Sed
2477 3223 2659 3277 adfuit
2685 3223 3076 3278 misericordia
3113 3224 3208 3278 Dei
3258 3224 3319 3278 in
3362 3224 3467 3278 hoc
3507 3229 3562 3278 te

1930 3318 2197 3389 redigens
2222 3322 2391 3389 atque
2422 3318 2786 3384 confirmans,
2816 3321 2878 3370 ut
2904 3317 3072 3371 malis
3100 3317 3392 3388 principiis
3417 3317 3563 3372 bene

1928 3412 2193 3479 utereris,
2227 3418 2283 3465 et
2320 3428 2435 3466 non
2486 3414 2540 3466 te
2578 3410 2792 3483 judicio
2821 3410 3144 3479 hominum,
3175 3409 3273 3464 sed
3303 3411 3399 3464 Dei
3425 3427 3559 3482 pro-

1930 3511 2153 3560 vectum
2197 3505 2549 3575 benignitate
2596 3509 2931 3559 monstrare.
2973 3503 3131 3568 Quod
3163 3504 3242 3558 ita
3278 3503 3559 3575 accipien-

1932 3600 2068 3654 dum
2098 3604 2201 3667 est,
2232 3600 2280 3653 si
2310 3599 2458 3653 hanc
2495 3598 2670 3653 divini
2697 3598 2950 3653 muneris
2976 3597 3217 3669 gratiam
3244 3598 3354 3652 alia
3378 3596 3558 3651 offen-

1932 3694 2089 3748 sione
2112 3710 2226 3747 non
2247 3692 2469 3764 perdas.
2487 3692 2682 3747 Virum
2705 3691 2875 3746 etiam
2898 3691 3242 3746 catholicum
3273 3697 3329 3746 et
3356 3692 3559 3762 praeci-

1930 3805 2043 3860 pue
2063 3787 2284 3843 Domini
2304 3786 2656 3841 sacerdotem
2686 3785 2831 3840 sicut
2855 3786 3016 3841 nullo
3037 3801 3229 3840 errore
3260 3784 3560 3857 implicari,

1934 3882 2013 3937 ita
2048 3883 2204 3937 nulla
2230 3884 2458 3953 oportet
2485 3880 2797 3952 cupiditate
2832 3879 3052 3935 violari.
3091 3880 3325 3936 Dicente
3351 3881 3564 3953 quippe

1933 3976 2227 4048 Scriptura
2257 3979 2452 4031 sancta
2484 3993 2497 4031 :
2536 3995 2564 4028 (ι
2594 3977 2729 4030 Post
2771 3974 3251 4047 concupiscentias
3276 3981 3405 4031 tuas
3448 3991 3566 4031 non

1934 4088 2049 4141 eas,
2089 4077 2146 4126 et
2190 4088 2223 4125 a
2264 4071 2555 4126 voluntate
2601 4073 2698 4124 tua
2741 4073 2928 4124 vetare
2977 4070 3160 4141 (Eccli.
3206 4086 3359 4140 xvnl,
3396 4071 3505 4142 30),
3537 4093 3565 4120 ››

1934 4166 2135 4221 multis
2155 4165 2362 4220 mundi
2384 4164 2556 4236 hujus
2574 4164 2878 4231 illecebris,
2896 4163 3086 4218 multis
3114 4164 3455 4219 vanitatibus
3484 4182 3571 4219 re-

1936 4260 2252 4315 sistendum
2266 4265 2368 4329 est,
2384 4265 2446 4313 ut
2461 4275 2589 4312 vere
2604 4258 2975 4312 continentiae
2996 4257 3319 4312 obtineatur
3337 4257 3570 4329 integri-

1935 4360 2041 4423 tas,
2067 4354 2225 4424 cujus
2268 4353 2451 4424 prima
2495 4358 2580 4406 est
2621 4351 2776 4405 labes
2824 4350 3091 4421 superbia
3124 4349 3355 4404 initium
3384 4354 3564 4405 trans-

1937 4446 2261 4520 gressionis,
2286 4449 2343 4499 et
2373 4445 2534 4515 origo
2553 4444 2788 4516 peccati.
2816 4444 3093 4508 Quoniam
3116 4459 3277 4498 mens
3295 4443 3565 4514 potentiae

1937 4542 2122 4609 avida,
2148 4558 2250 4595 nec
2273 4540 2557 4594 abstinere
2577 4538 2737 4593 novit
2756 4555 2789 4592 a
2809 4537 3014 4606 vetitis,
3039 4553 3143 4592 nec
3164 4537 3413 4608 gaudere
3436 4553 3569 4592 con-

190 4632 522 4688 secundum
550 4635 905 4704 evangelicas
934 4636 1322 4705 auctoritates,
1357 4638 1669 4693 secundum
1704 4656 1832 4710 pro-
1856 4662 1916 4734 D
1939 4636 2123 4703 cessis,
2148 4636 2285 4690 dum
2313 4633 2635 4688 inordinate
2652 4647 2944 4704 pravoque
2970 4647 3234 4702 processu
3264 4631 3570 4703 impunita-

190 4725 468 4800 phetieas
482 4743 642 4782 voces
660 4729 1143 4802 apostolicamque
1163 4731 1478 4786 doctrinam
1504 4732 1835 4803 plenissime
1856 4707 1914 4734 ν
1941 4748 2070 4786 rum
2101 4728 2616 4800 transgressionum
2642 4731 2927 4798 augentur
2960 4741 3237 4793 excessus,
3262 4731 3318 4780 et
3353 4725 3571 4782 crebre-
3598 4707 3613 4794 δ

194 4827 257 4877 et
281 4820 636 4876 lucidissime
662 4838 768 4894 per
790 4824 1025 4893 litteras,
1058 4842 1197 4897 quas
1231 4826 1304 4880 ad
1331 4826 1511 4882 beatae
1538 4829 1836 4883 memoriae

194 4913 541 4970 Flavianum
584 4916 912 4989 episcopum
956 4918 1236 4990 misimus,
1282 4920 1454 4975 fuerit
1493 4921 1838 4977 declaratum

195 5025 340 5082 quas
373 5007 448 5064 sit
480 5010 549 5064 de
575 5015 934 5066 sacramento
964 5013 1373 5068 incarnationis
1404 5015 1632 5091 Domini
1665 5016 1838 5072 nostri

190 5108 342 5161 Jesu
378 5102 583 5158 Christi
617 5103 713 5177 pia
736 5110 793 5161 et
816 5106 1038 5161 sincera
1068 5108 1370 5163 confessio.
1398 5109 1539 5173 Quia
1562 5127 1696 5165 vero
1728 5128 1841 5166 non

192 5200 543 5272 ignoramus
558 5215 664 5271 per
688 5216 890 5271 pravas
912 5202 1306 5258 aamulationes
1326 5203 1639 5259 multarum
1662 5206 1839 5260 eccle-

194 5293 428 5349 siarum
445 5294 654 5348 statum
672 5293 846 5349 fuisse
875 5295 1189 5365 turbatum,
1210 5298 1601 5371 plurimosque
1622 5299 1840 5371 episco-

195 5404 309 5461 pos
351 5386 450 5457 qui
484 5386 750 5443 haeresim
781 5405 900 5444 non
919 5389 1488 5463 reciperentsedibus
1508 5392 1623 5447 suis
1654 5393 1844 5464 pulsos

195 5487 261 5538 et
291 5481 360 5535 in
388 5481 585 5536 exsilia
614 5482 956 5554 deportatos,
980 5488 1149 5556 atque
1171 5485 1233 5539 in
1256 5485 1448 5541 locum
1476 5486 1845 5557 superstitum

194 5577 357 5633 alios
385 5575 737 5647 substitutos,
758 5578 1090 5634 vulneribus
1110 5579 1200 5633 his
1219 5579 1485 5651 primitus
1505 5580 1848 5636 adhibeatur

196 5669 499 5728 medicina
529 5671 791 5743 justitim,
819 5689 925 5728 nec
951 5673 1255 5745 quisquam
1281 5674 1359 5728 ita
1385 5680 1578 5731 careat
1602 5675 1848 5747 propriis

198 5770 272 5822 ut
300 5763 450 5821 alter
476 5770 678 5822 utatur
707 5766 925 5837 alienis,
959 5784 1091 5823 cum
1120 5768 1185 5837 si,
1209 5771 1273 5822 ut
1297 5769 1576 5841 cupimus,
1596 5786 1847 5825 errorem

199 5874 413 5916 omnes
430 5860 786 5933 relinquunt,
810 5861 1030 5916 nemini
1060 5860 1294 5935 quidem
1318 5863 1505 5935 perire
1535 5864 1722 5919 honor
1746 5863 1849 5918 de-

200 5957 365 6024 beat,
396 5954 495 6011 sed
531 5954 644 6010 illis
680 5954 779 6027 qui
821 5972 927 6027 pro
958 5955 1073 6010 fide
1103 5957 1500 6014 laboraverunt
1531 5975 1661 6013 cum
1692 5958 1853 6013 omni

624 6052 897 6119 PATROL.
946 6050 1172 6122 CXXX.

1942 4828 2106 4881 scunt
2117 4825 2319 4896 culpae,
2333 4839 2461 4894 quae
2473 4823 2725 4877 toleratze
2743 4823 2875 4875 sunt
2889 4819 3074 4874 studio
3088 4818 3218 4874 fidei
3236 4819 3570 4891 reparandae

1941 4925 1999 4976 et
2017 4935 2218 4974 amore
2238 4916 2576 4973 concordiae.
2597 4917 2728 4971 Post
2744 4915 2839 4970 illa
2853 4915 3046 4985 itaque
3065 4913 3438 4969 ordinationis
3457 4918 3568 4971 tua:

1941 5031 2055 5070 non
2101 5014 2331 5084 culpata
2374 5010 2658 5083 principia
2700 5012 2830 5081 post
2868 5008 3348 5063 consecrationem
3372 5009 3568 5065 Antio-

1942 5108 2125 5163 chseni
2156 5106 2407 5179 episcopi
2432 5121 2605 5177 quam
2637 5103 2859 5158 tibimet
2886 5106 3084 5157 contra
3109 5103 3449 5158 canonicam
3479 5120 3569 5159 re-

1943 5204 2135 5274 gulam
2179 5199 2500 5267 vindicasti,
2546 5198 2710 5253 doleo
2758 5196 2928 5251 etiam
2973 5196 3033 5251 in
3067 5196 3173 5250 hoc
3209 5196 3575 5254 dilectionem
3665 5194 3669 5198 ’

1943 5302 2103 5352 tuam
2132 5284 2255 5351 ess‘é
2286 5295 2640 5366 prolapsam,
2671 5294 2734 5346 ut
2775 5290 3176 5346 sacratissimas
3216 5291 3575 5348 Nicmnorum

1945 5406 2230 5446 canonum
2271 5386 2709 5443 constitutiones
2751 5384 3035 5439 conareris
3076 5384 3413 5458 infringere,
3453 5392 3577 5441 tan-

1945 5501 2119 5558 quam
2161 5488 2480 5555 opportune
2517 5497 2576 5535 se
2608 5479 2708 5534 tibi
2741 5480 2851 5534 hoc
2882 5482 3109 5550 tempus
3147 5480 3432 5549 obtulerit,
3463 5496 3576 5551 quo

1947 5578 2179 5635 secundi
2202 5577 2436 5632 honoris
2470 5574 2837 5648 privilegium
2868 5573 3030 5629 sedes
3052 5573 3434 5629 Alexandrina
3459 5589 3582 5643 per-

1950 5673 2160 5729 diderit
2185 5675 2243 5726 et
2267 5670 2644 5726 Antiochtena
2671 5668 2914 5726 Ecclesia
2952 5667 3355 5739 proprietatem
3396 5666 3577 5720 tertiac

1950 5766 2241 5841 dignitatis
2270 5764 2543 5833 amiserit,
2574 5766 2640 5819 ut
2662 5763 2752 5818 bis
2783 5762 2919 5817 locis
2947 5762 3063 5833 juri
3083 5767 3181 5816 tuo
3201 5759 3438 5814 subditis
3460 5775 3582 5815 om-

1952 5879 2052 5918 nes
2075 5859 2499 5933 metropolitani
2513 5857 2767 5930 episcopi
2786 5855 3016 5928 proprio
3029 5854 3247 5907 honore
3266 5853 3580 5924 priventur.

1953 5957 2165 6023 Quibus
2186 5953 2458 6010 inauditis
2479 5957 2536 6007 et
2553 5967 2852 6024 nunquam
2883 5955 3015 6003 ante
3046 5946 3278 6003 tentatis
3296 5945 3376 6002 ita
3397 5947 3582 6019 prive-

3146 6049 3226 6108 96
