4034 6328
522 371 626 424 803

1413 363 1696 419 APPEND.
1734 362 1822 418 AD
1859 362 2019 419 S/EC.
2062 362 2246 417 IX.'-'-
2283 359 2530 419 lSlDORI
2568 360 2994 419 MERCATORIS

3779 363 3879 419 804

522 478 600 531 ris
626 474 961 544 excessibus,
984 477 1050 529 ut
1082 474 1340 527 sanctam
1370 471 1655 543 synodum
1686 472 1758 526 ad
1787 471 2152 543 exstinguen-
2170 484 2231 558 Α
2251 487 2427 543 quam
2463 488 2498 527 a
2539 472 3050 545 pradecessoribus
3097 470 3211 526 tuis
3260 469 3332 525 ad
3381 469 3703 542 apostolica
3727 473 3881 526 Sedis

526 571 659 625 dam
685 570 861 625 solam
893 568 1158 622 haresim
1193 571 1250 621 et
1275 564 1766 620 conﬁrmationem
1793 565 1924 620 ﬁdei
1955 566 2145 620 catho-

522 665 648 719 lica.
675 662 860 718 studio
881 659 1345 717 Christianissimi
1370 659 1642 731 principis
1657 664 2064 731 congregatam
2093 659 2152 713 in

523 757 875 812 occasionem
893 754 1141 809 ambitus
1155 754 1370 823 trahas,
1387 757 1443 808 et
1466 756 1530 808 ut
1553 753 1973 808 conniventiam
1992 769 2153 807 suam

523 851 625 905 tibi
640 850 737 904 det
752 849 1032 920 impellas,
1050 852 1327 919 tanquam
1342 846 1579 901 refutari
1594 852 1857 918 nequeat,
1876 846 2029 917 quod
2052 846 2156 900 illi-

521 944 628 999 cite
658 943 900 998 voluerit
930 941 1259 1009 multitudo,
1282 947 1339 996 et
1365 941 1460 995 illa
1486 941 1839 995 Nicanorum
1869 956 2153 995 canonum

520 1055 627 1111 per
654 1042 914 1092 sanctum
938 1052 1070 1091 vere
1095 1035 1374 1111 Spiritum
1401 1035 1663 1089 ordinata
1688 1034 1938 1089 conditio
1968 1034 2155 1106 aliqua

522 1100 787 1203 cuiquam
806 1130 878 1184 sit
897 1133 1057 1201 parte
1072 1100 1416 1235 solubilis\N
1422 1129 1535 1183 ulla
1548 1127 1779 1183 sibimet
1795 1128 1865 1182 de
1886 1100 2155 1199 multipli-

522 1226 743 1282 catione
773 1223 1240 1297 congregationis
1276 1221 1564 1295 synodalia
1590 1221 1831 1277 concilia
1858 1221 2156 1276 blandian-

521 1324 633 1389 tur,
660 1335 848 1391 neque
870 1317 1134 1373 trecentis
1157 1316 1268 1371 illis
1291 1317 1491 1371 decem
1522 1318 1694 1386 atque
1727 1317 1852 1369 octo
1872 1314 2155 1387 cepiosior

520 1430 795 1469 numerus
837 1411 1215 1478 sacerdotum,
1252 1425 1577 1481 comparare
1609 1426 1668 1463 se
1696 1408 1906 1464 audeat
1930 1413 1987 1463 et
2014 1424 2156 1480 pra-

520 1509 690 1576 ferre,
708 1523 837 1561 cum
856 1509 1020 1561 tanto
1042 1503 1313 1559 divinitus
1328 1502 1629 1575 privilegio
1652 1502 1880 1557 Nicana
1900 1501 1974 1556 sit
1993 1519 2154 1573 syno-

2253 565 2583 621 transmissa
2611 566 2879 621 notitiam
2895 565 2985 620 cui
3002 564 3074 619 ab
3097 563 3260 619 initio
3284 563 3373 619 sui
3393 564 3617 620 caduca
3638 564 3879 619 dudum-

2253 674 2363 732 que
2379 660 2662 730 collapsa,
2688 675 2814 714 sera
2834 676 2986 714 nunc
3007 662 3065 712 et
3083 658 3309 713 inutilia
3328 658 3606 729 subjicere
3626 658 3883 713 fomenta

2252 753 2498 821 voluisti,
2528 753 2804 808 eliciendo
2830 770 2864 807 a
2892 752 3165 807 fratribus
3207 752 3457 823 speciem
3498 752 3881 807 consensionis

2253 863 2427 920 quam
2467 847 2571 902 tibi
2610 846 2668 901 in
2712 863 2875 901 suam
2923 846 3197 917 injuriam
3250 846 3591 901 verecundia
3648 846 3882 917 fatigata

2252 942 2559 1013 praberet.
2600 941 2876 996 Memento
2920 939 3059 1012 quid
3104 940 3372 994 Dominus
3397 939 3447 994 ei
3477 940 3575 1011 qui
3602 956 3782 994 unum
3810 940 3880 995 de

2252 1035 2470 1106 pusillis
2508 1033 2968 1090 scandalizaverit
3016 1033 3354 1103 cominatur,
3384 1039 3440 1089 et
3483 1034 3769 1105 sapienter
3793 1034 3879 1087 in-

2251 1130 2448 1201 tellige
2476 1128 2639 1201 quale
2680 1128 2752 1184 sit
2776 1127 3057 1198 judicium
3086 1128 3184 1183 Dei
3211 1128 3519 1194 subiturus,
3553 1128 3649 1199 qui
3681 1131 3765 1183 tot
3789 1144 3879 1182 ec-

2254 1224 2455 1293 clesiis,
2478 1227 2564 1278 tot
2590 1222 2978 1277 sacerdotibus
3009 1221 3338 1276 scandalum
3364 1222 3572 1276 inferre
3612 1238 3726 1275 non
3771 1239 3885 1276 me-

2253 1318 2381 1385 tuit,
2409 1318 2591 1372 fateor
2615 1316 2770 1373 enim
2803 1316 2887 1371 ita
2925 1332 3019 1370 me
3051 1316 3357 1371 dilectione
3377 1316 3655 1370 universa
3686 1316 3883 1370 frater-

2255 1412 2449 1467 nitatis
2476 1410 2776 1482 obstringi,
2790 1415 2856 1466 ut
2870 1411 3093 1466 nemini
3113 1427 3345 1482 prorsus
3362 1409 3421 1464 in
3440 1410 3527 1464 his
3543 1426 3672 1482 qua
3691 1415 3883 1464 contra

2253 1524 2312 1562 se
2354 1506 2537 1578 poscit
2571 1505 2857 1571 assentiat,
2900 1505 3198 1577 possisque
3243 1504 3534 1581 evidenter
3572 1520 3879 1574 agnoscere

524 1602 630 1656 dus
660 1602 1005 1669 consecrata,
1027 1602 1089 1652 ut
1115 1598 1227 1653 sive
1254 1614 1356 1669 per
1374 1596 1684 1668 pauciores,
1705 1595 1819 1650 sive
1840 1612 1944 1667 per
1963 1597 2155 1667 plures
2224 1594 2346 1685 {me
2374 1599 2665 1655 dilectioni
2706 1602 2819 1653 tua
2860 1599 3136 1655 benevolo
3160 1598 3353 1653 animo
3381 1598 3683 1664 contraire,
3713 1603 3775 1652 ut
3804 1615 3885 1651 sa~

523 1693 898 1750 ecclesiastica
901 1693 922 1763 j
930 1691 1115 1747 udicia
1129 1689 1667 1756 celebrentur,omni
1680 1689 1907 1762 penitus
1917 1689 2155 1745 auctori-

522 1793 638 1843 tate
665 1788 739 1841 sit
762 1802 1005 1841 vacuum
1032 1784 1309 1857 quidquid
1339 1784 1408 1839 ab
1434 1783 1665 1839 illorum
1684 1782 1857 1838 fuerit
1886 1783 2155 1838 constitu-

2255 1694 2414 1750 niore
2459 1693 2691 1749 consilio
2737 1692 2808 1748 ab
2851 1693 3176 1749 universalis
3216 1696 3271 1747 te
3301 1691 3556 1747 Ecclesia
3585 1692 3881 1763 perturba-

2253 1788 2409 1843 tione
2459 1789 2774 1842 contineas.
2832 1787 2956 1842 Non
3009 1787 3403 1842 convellantur
3453 1784 3887 1857 provincialium

522 1882 677 1937 tione
698 1881 1006 1936 diversum.
1025 1878 1201 1934 Nimis
1219 1894 1356 1950 ergo
1381 1878 1502 1933 hac
1522 1877 1804 1949 improba,
1828 1876 1998 1931 nimis
2023 1879 2156 1931 sunt
2174 1866 2230 1940 Β
2246 1882 2379 1955 jura
2403 1882 2742 1955 primatum,
2773 1898 2878 1936 nec
2918 1881 3229 1952 privilegiis
3271 1878 3585 1951 antiquitus
3611 1878 3889 1933 institutis

521 1992 698 2048 prava
716 1991 847 2048 qua
871 1972 1263 2029 sacratissimis
1288 1972 1604 2027 canonibus
1630 1971 1999 2027 inveniuntur
2027 1986 2153 2027 esse

521 2068 826 2137 contraria,
850 2068 909 2123 in
930 2056 1105 2123 totius
1125 2066 1379 2121 Ecclesia
1397 2066 1886 2138 perturbationem
1907 2063 2153 2136 superba

521 2164 644 2219 hac
664 2162 853 2218 tendit
871 2162 1064 2231 elatio,
1092 2177 1221 2233 qua
1243 2160 1322 2215 ita
1340 2160 1498 2215 abuti
1521 2160 1701 2215 voluit
1719 2158 1958 2215 concilio
1989 2175 2153 2231 syno-

520 2255 1009 2325 dali,utfratresin
1020 2254 1562 2310 ﬁdeitantummodo
1573 2254 1875 2325 negotium
1888 2268 2153 2308 convoca-

519 2356 609 2407 tos
638 2350 714 2405 ad
753 2349 1225 2406 consentiendum
1248 2347 1352 2402 sibi
1371 2348 1736 2419 depravando
1761 2348 2147 2420 compelleret.

520 2446 653 2501 Inde
668 2445 824 2500 enim
840 2445 1042 2500 fratres
1056 2443 1256 2511 nostri,
1271 2442 1343 2497 ab
1354 2441 1660 2513 apostolica
1673 2442 1814 2497 Sede
1828 2440 2151 2513 directi,qui

517 2542 636 2596 vice
651 2556 781 2595 mea
796 2538 1014 2611 synodo
1034 2536 1425 2610 prasidebant
1442 2535 1819 2608 probabiliter
1831 2540 1999 2607 atque
2020 2550 2151 2590 con-

518 2639 738 2691 stanter
759 2633 964 2688 illicitis
983 2632 1215 2687 ausibus
1237 2630 1593 2697 obstiterunt,
1615 2624 1808 2701 aperte
1839 2629 2150 2684 clamantes

519 2747 590 2786 ne
600 2732 798 2785 contra
810 2727 1070 2782 instituta
1087 2726 1328 2780 Nicana
1345 2740 1593 2795 prasum
1600 2724 1716 2796 ptio
1728 2723 1985 2794 reproba
1996 2723 2152 2777 novi-

519 2823 651 2878 tatis
678 2821 727 2893 1
744 2819 870 2894 98
900 2824 1241 2891 assurgeret,
1271 2834 1378 2873 nec
1406 2820 1595 2890 potest
1615 2817 1685 2872 de
1705 2833 1907 2873 eorum
1930 2820 2151 2872 contra-

519 2915 767 2971 dictione
800 2913 1070 2981 dubitari,
1110 2913 1180 2967 de
1217 2912 1422 2983 quibus
1461 2911 1521 2965 in
1569 2911 1807 2982 epistola
1842 2914 1940 2966 tua
1971 2910 2148 2965 etiam

520 3012 641 3082 ipse
673 3006 1063 3080 conqueraris,
1092 3005 1246 3078 quod
1275 3004 1567 3060 conatibus
1591 3004 1704 3059 tuis
1732 3004 2018 3065 voluerint
2047 3004 2145 3059 ob-

519 3105 693 3159 viare.
735 3104 797 3157 In
837 3118 949 3173 quo
991 3116 1085 3156 eos
1130 3099 1364 3171 quidem
1403 3099 1649 3153 multum
1687 3098 1829 3153 mihi
1865 3099 1984 3153 hac
2021 3098 2151 3152 scri-

519 3198 710 3253 bendo
741 3193 1125 3265 commendas,
1146 3193 1245 3248 sed
1266 3195 1630 3264 temetipsum
1663 3192 1819 3264 quod
1846 3193 1927 3247 eis
1951 3208 2148 3263 parere

519 3291 790 3359 nolueris,
814 3290 953 3345 dum
979 3288 1179 3344 illicita
1211 3287 1426 3342 moliris
1456 3303 1686 3342 accusas
1715 3287 2003 3358 superﬂue
2030 3303 2147 3341 non

519 3385 889 3443 concedenda
915 3388 1192 3457 appetens
1221 3387 1279 3437 et
1303 3381 1606 3437 salubriter
1631 3380 1911 3437 contraria
1939 3396 2144 3435 concu-

516 3481 758 3554 piscens,
803 3495 928 3551 qua
980 3478 1201 3532 nullum
1247 3491 1502 3548 unquam
1535 3479 1848 3547 potuerunt
1891 3478 2145 3530 nostrum

516 3576 772 3631 obtinere
803 3588 1165 3628 consensum.
1205 3570 1365 3625 Absit
1409 3569 1564 3625 enim
1589 3586 1622 3624 a
1647 3568 1991 3625 conscientia
2019 3584 2148 3623 mea

514 3675 580 3726 ut
626 3673 743 3724 tam
783 3684 957 3740 prava
998 3664 1281 3737 cupiditas
1315 3664 1457 3719 meis
1499 3663 1698 3718 studiis
1740 3663 2043 3734 adjuvetur
2083 3677 2147 3717 ac

518 3780 635 3819 non
664 3762 852 3835 potius
891 3764 949 3816 et
984 3776 1111 3815 meo
1149 3765 1206 3814 et
1234 3758 1493 3813 omnium
1516 3756 1615 3829 qui
1633 3773 1748 3812 non
1767 3757 1881 3811 alta
1897 3755 2145 3827 sapiunt,

519 3857 615 3914 sed
655 3855 969 3912 humilibus
999 3853 1365 3908 consentiunt
1393 3867 1564 3923 opere
1595 3851 1919 3905 subruatur.
1960 3848 2147 3906 Sancti

517 3951 598 4005 illi
630 3955 687 4004 et
710 3947 1065 4003 venerabiles
1091 3948 1283 4000 Patres
1317 3944 1413 4017 qui
1455 3944 1514 3998 in
1561 3943 1701 3999 urbe
1728 3944 1952 3999 Nicana
1975 3943 2146 3998 sacri-

519 4045 648 4115 lego
695 4042 827 4096 Ario
870 4057 1001 4095 cum
1050 4057 1153 4094 sua
1199 4034 1493 4110 impietate
1539 4037 1812 4093 damnato
1854 4054 2148 4093 mansuras

518 4153 699 4209 usque
733 4136 793 4190 in
821 4135 999 4190 finem
1030 4132 1234 4188 mundi
1263 4133 1423 4203 leges
1450 4130 1953 4187 ecclesiasticarum
1980 4149 2145 4187 cano-

518 4247 658 4287 num
687 4229 1087 4295 condiderunt,
1112 4230 1170 4282 et
1185 4226 1337 4298 apud
1354 4242 1459 4280 nos
1481 4225 1538 4280 in
1561 4229 1681 4281 toto
1703 4225 1841 4281 orbe
1861 4230 2149 4282 terrarum

517 4328 577 4383 in
597 4324 713 4380 suis
732 4321 1230 4379 constitutionibus
1251 4320 1602 4391 munierunt,
1621 4320 1725 4375 etsi
1748 4320 1887 4393 quid
1906 4337 2149 4393 usquam

519 4422 683 4477 aliter
698 4436 870 4491 quam
885 4417 963 4471 illi
977 4419 1229 4471 statuere
1251 4414 1638 4487 prasumitur,
1654 4415 1775 4471 sine
1787 4415 2149 4471 cunctatione

519 4519 787 4583 cessatur,
812 4518 875 4567 ut
894 4526 1020 4582 qua
1037 4509 1109 4565 ad
1130 4514 1463 4581 perpetuam
1482 4509 1781 4565 utilitatem
1806 4509 2149 4581 generaliter

2169 3240 2223 3315 C

2252 1975 2683 2047 metropolitani
2728 1975 3005 2030 antistites
3054 1974 3411 2030 fraudentur.
3450 1973 3598 2028 Nihil
3639 1973 3885 2028 Alexan-

2251 2071 2432 2128 drina
2476 2069 2599 2124 sedi
2646 2069 2770 2139 ejus
2816 2085 2989 2142 quam
3021 2085 3127 2140 per
3151 2073 3411 2123 sanctum
3438 2067 3683 2122 Marcum
3711 2083 3885 2121 evan-

2254 2165 2511 2238 gelistam
2540 2163 2695 2218 beati
2715 2163 2865 2218 Petri
2888 2162 3227 2234 discipulum
3252 2160 3461 2216 meruit
3478 2164 3677 2232 pereat
3696 2161 3884 2231 digni-

2253 2259 2399 2315 tatis.
2446 2259 2557 2313 Nec
2595 2258 2860 2313 Dioscoro
2905 2255 3213 2327 impietatis
3260 2272 3377 2310 sua
3419 2254 3733 2326 pertinacia
3769 2270 3892 2308 cor-

2252 2357 2455 2409 ruente
2485 2351 2757 2423 splendor
2790 2354 2959 2406 tanta
2994 2350 3253 2404 Ecclesia
3276 2349 3523 2403 tenebris
3553 2348 3891 2403 obscuretur

2251 2446 2473 2514 alienis,
2495 2446 2863 2500 Antiochana
2888 2460 3115 2516 quoque
3136 2443 3401 2511 Ecclesia,
3417 2443 3477 2497 in
3501 2459 3612 2514 qua
3631 2441 3891 2513 primum

2248 2541 2591 2613 praedicante
2613 2538 2870 2611 apostolo
2892 2541 3056 2594 Petro
3078 2537 3465 2594 Christianum
3491 2552 3705 2591 nomen
3727 2552 3892 2591 exor-

2249 2639 2373 2690 tum
2400 2637 2485 2689 est
2509 2634 2567 2688 in
2594 2639 2847 2705 paterna
2869 2631 3287 2688 constitutionis
3307 2630 3507 2685 ordine
3530 2635 3891 2702 perseveret,

2250 2734 2307 2784 et
2333 2729 2393 2783 in
2427 2728 2609 2800 gradu
2628 2727 2799 2783 tertio
2821 2727 3094 2781 collocata
3119 2741 3409 2797 nunquam
3432 2741 3490 2779 se
3512 2725 3609 2779 fiat
3624 2724 3886 2778 inferior.

2249 2822 2413 2877 Aliud
2444 2822 2599 2876 enim
2622 2826 2757 2876 sunt
2776 2820 2938 2876 sedes
2961 2819 3118 2875 aliud
3142 2818 3536 2890 prasidentes,
3566 2821 3622 2873 et
3641 2834 3891 2889 magnus

2251 2915 2553 2986 unicuique
2597 2915 2780 2970 honor
2825 2918 2912 2969 est
2954 2914 3255 2984 integritas
3297 2929 3418 2982 sua,
3469 2928 3597 2984 qua
3645 2928 3779 2966 cum
3830 2912 3889 2965 in

2248 3008 2596 3082 quibuslibet
2638 3008 2777 3063 locis
2821 3008 3053 3080 propria
3104 3009 3445 3061 ornamenta
3496 3022 3613 3059 non
3659 3005 3888 3076 perdat,

2248 3108 2462 3175 quanto
2492 3103 2678 3174 magis
2715 3102 2773 3157 in
2807 3100 3454 3172 Constantinopolitana
3478 3098 3638 3154 urbis
3664 3099 3894 3169 magni-

2249 3200 2393 3252 ﬁcen
2402 3198 2479 3252 tia
2489 3199 2677 3268 potest
2686 3212 2807 3252 esse
2820 3196 3084 3267 gloriosa,
3111 3195 3157 3249 si
3175 3211 3277 3266 per
3288 3194 3560 3249 observan
3567 3192 3709 3247 tiam"
3722 3198 3783 3247 tu
3792 3210 3891 3246 am

2249 3298 2307 3348 et
2336 3291 2735 3347 defensionem
2773 3290 2996 3362 paterni
3034 3305 3279 3344 canones
3308 3293 3364 3343 et
3394 3288 3720 3359 exemplum
3747 3304 3888 3358 pro-

2249 3386 2439 3442 bitatis
2457 3384 2623 3441 multi
2656 3385 2907 3440 habeant
2932 3384 3287 3439 sacerdotes?
3318 3384 3447 3437 Haec
3474 3381 3574 3436 tibi
3609 3380 3893 3449 scribens,

2246 3482 2440 3549 frater,
2460 3479 2518 3534 in
2556 3480 2797 3535 Domino
2831 3479 3035 3534 hortor
3062 3495 3127 3533 ac
3160 3493 3386 3546 moneo,
3406 3481 3469 3530 ut
3487 3475 3746 3547 deposito
3771 3492 3899 3530 am-

2247 3574 2480 3631 bitionis
2510 3573 2794 3628 desiderio
2834 3572 3035 3644 spiritu
3084 3572 3271 3644 potius
3322 3571 3545 3626 ferveas
3593 3569 3896 3624 charitatis

2248 3669 2369 3741 ejus
2400 3683 2629 3740 quoque
2656 3667 2961 3722 virtutibus
2983 3666 3295 3721 secundum
3317 3664 3632 3720 doctrinam
3660 3668 3895 3734 aposto-

2247 3763 2417 3817 licam
2461 3761 2824 3833 proficienter
2866 3761 3109 3815 orneris.
3145 3782 3172 3809 ‹‹
3214 3760 3310 3814 Est
3346 3758 3499 3814 enim
3546 3756 3797 3829 patiens,
3833 3763 3897 3813 et

2247 3856 2501 3928 benigna
2529 3859 2587 3910 et
2609 3871 2722 3910 non
2754 3856 3079 3923 amulatur,
3107 3870 3223 3909 non
3251 3854 3373 3925 agit
3412 3867 3732 3925 perperam,
3767 3868 3893 3905 non

2249 3952 2499 4018 intlatur,
2514 3966 2632 4005 non
2654 3954 2738 4004 est
2761 3949 3081 4015 ambitiosa,
3110 3964 3227 4003 non
3252 3946 3458 4019 quarit
3477 3963 3603 4019 qua
3629 3961 3729 4001 sua
3748 3951 3897 4000 sunt

2251 4047 2293 4115 (ι
2330 4044 2449 4101 Cor.
2489 4060 2605 4111 xui,
2636 4045 2688 4111 4,
2723 4044 2796 4115 5).
2825 4042 2986 4099 Unde
3012 4043 3058 4097 si
3089 4042 3333 4097 charitas
3376 4058 3491 4097 non
3521 4039 3724 4112 quarit
3754 4055 3897 4112 pro-

2248 4138 2392 4212 pria,
2446 4141 2723 4210 quantum
2782 4142 2979 4210 peccat
3030 4137 3131 4209 qui
3176 4134 3539 4209 concupiscit
3575 4133 3811 4189 aliena?
3845 4138 3895 4188 Α

2251 4233 2456 4306 quibus
2481 4233 2611 4288 volo
2639 4235 2705 4288 ut
2727 4236 2783 4288 te
2811 4248 3047 4304 prorsus
3072 4231 3375 4300 abstineas,
3406 4244 3630 4285 memor
3658 4227 3732 4282 sis
3760 4244 3900 4282 sen-

2249 4326 2441 4384 tentia
2470 4343 2597 4398 qua
2626 4326 2763 4381 dicit
2804 4343 2817 4380 :
2850 4326 2998 4381 Tene
3040 4324 3193 4397 quod
3235 4330 3412 4393 tenes,
3447 4340 3521 4379 ne
3560 4321 3704 4377 alius
3748 4323 3902 4377 acci-

2246 4423 2371 4495 piat
2399 4438 2668 4478 coronam
2695 4426 2873 4476 tuam.
2927 4420 3068 4475 Nam
3112 4420 3158 4474 si
3204 4420 3528 4474 inconcessa
3570 4415 3899 4489 quaesieris,

2248 4518 2367 4589 ipse
2412 4520 2510 4572 tuo
2553 4532 2722 4588 opere
2775 4520 2943 4587 atque
2986 4514 3203 4585 judicio
3244 4511 3582 4569 universalis
3619 4510 3902 4565 Ecclesiae

520 4608 773 4665 instituta
791 4609 942 4675 sunt,
967 4605 1126 4659 nulla
1149 4603 1600 4659 commutatione
1624 4604 1931 4671 varientur,
1956 4620 2062 4658 nec
2079 4603 2148 4657 ad
2167 4621 2227 4693 D
2249 4628 2390 4684 pace
2409 4610 2743 4683 privaheris.
2764 4610 2959 4664 Frater
2986 4612 3176 4664 autem
3209 4613 3266 4663 et
3289 4607 3659 4679 coepiscopus
3689 4609 3907 4660 noster

521 4703 805 4776 privatum
828 4699 1127 4755 trahantur
1151 4697 1538 4766 commodum,
1558 4714 1684 4770 qua
1703 4697 1772 4752 ad
1785 4696 2000 4753 bonum
2016 4700 2151 4752 sunt

519 4812 826 4853 commune
868 4792 1118 4866 praeﬁxa.
1167 4794 1234 4847 Et
1289 4792 1654 4847 manentibus
1698 4791 1961 4847 terminis
2009 4807 2150 4862 quos

520 4891 943 4947 constituerunt
962 4889 1152 4942 Patres
1167 4903 1282 4941 non
1298 4885 1530 4941 invadat
1554 4885 1829 4940 alienum.
1861 4884 1972 4940 Sed
2001 4884 2153 4940 intra

521 4986 662 5041 ﬁnes
688 4982 948 5056 proprios
980 4987 1153 5053 atque
1182 4980 1467 5052 legitimos
1492 4982 1662 5051 prout
1679 4979 1808 5050 quis
1828 4979 2068 5034 valuerit
2090 4980 2151 5036 in

520 5077 816 5133 latitudine
856 5093 916 5131 se
953 5074 1242 5131 charitatis
1287 5076 1563 5142 exerceat,
1587 5074 1748 5143 cujus
1787 5072 1921 5127 satis
1950 5073 2151 5129 uberes

519 5172 739 5228 fructus
763 5168 1428 5241 Constantinopolitanus
1470 5170 1656 5238 potest
1693 5166 1927 5222 antistes
1953 5169 2146 5239 acqui-

521 5280 667 5333 rere,
700 5263 744 5318 si
791 5263 974 5336 magis
1014 5261 1348 5317 humilitatis
1386 5260 1593 5315 virtute
1635 5259 1871 5327 nitatur,
1901 5277 2075 5332 quam
2105 5262 2150 5317 si

521 5358 752 5432 spiritus
763 5356 1091 5413 ambitionis
1105 5356 1356 5411 inﬂetur.
1372 5353 1517 5417 Noli,
1532 5352 1723 5421 frater,
1737 5354 1915 5409 altum
1931 5371 2147 5426 sapere,

522 5454 617 5509 sed
657 5453 814 5521 time,
850 5454 908 5506 et
954 5448 1566 5507 Christianissimorum
1605 5447 1927 5520 principum
1960 5451 2146 5522 piissi-

522 5565 641 5603 mas
672 5563 838 5602 aures
876 5543 1148 5616 improbis
1182 5541 1548 5614 petitionibus
1575 5541 1890 5614 inquietare
1917 5544 2144 5613 desiste,

520 5642 726 5713 quibus
761 5644 981 5695 certum
1013 5638 1196 5692 habeo
1222 5635 1490 5691 modestia
1536 5641 1591 5690 te
1626 5639 1808 5710 magis
1836 5657 2005 5711 quam
2033 5641 2145 5695 ela-

524 5736 678 5790 tione
725 5727 1493 5837 placiturum.\Persuasioni
1536 5732 1691 5787 enim
1729 5740 1842 5789 tua
1889 5736 1945 5789 in
1993 5737 2148 5791 nullo

523 5825 746 5895 penitus
774 5824 1139 5895 suffragatur'
1159 5824 1547 5895 quorumdam
1585 5826 1980 5899 episcoporum
2017 5834 2149 5886 ante

522 5917 839 5989 sexaginta,
873 5923 933 5970 ut
967 5918 1174 5988 jactas,
1202 5934 1382 5973 annos
1426 5919 1570 5973 facta
1610 5920 1966 5990 subscriptio,
1998 5938 2144 5977 nun-

2251 4705 2529 4761 Lucianus
2557 4710 2612 4760 et
2638 4704 2787 4759 ﬁlius
2821 4706 3019 4758 noster
3048 4702 3279 4757 Basilius
3305 4701 3576 4757 diaconus
3605 4704 3899 4771 quantum

2251 4801 2309 4855 in
2341 4800 2475 4872 ipsis
2504 4799 2613 4854 fuit
2638 4798 2885 4853 studiose
2909 4797 3019 4864 his,
3041 4814 3169 4869 qua
3192 4796 3273 4852 eis
3292 4795 3627 4867 injunxeras
3643 4792 3899 4851 affuere.

2251 4895 2359 4950 Sed
2403 4892 2616 4948 actioni
2658 4909 2858 4948 eorum
2898 4890 3122 4962 justitia
3168 4890 3395 4963 negavit
3432 4888 3717 4944 effectum.
3749 4888 3903 4943 Data

2249 5006 2304 5044 χι
2333 4988 2566 5043 Kalend.
2596 4987 2747 5053 Julii,
2774 4986 3107 5041 Herculiano
3134 4986 3255 5040 viro
3288 4983 3600 5040 clarissimo
3629 4984 3900 5047 consule,

2252 5100 2366 5139 ara
2397 5100 2510 5153 qua
2537 5098 2728 5153 supra.

2604 5176 2779 5232 XXIX.
2810 5204 2879 5217 -—
2908 5176 2998 5232 Ad
3020 5176 3359 5231 Mai-uanum
3387 5174 3531 5244 Aug.

2323 5272 2430 5327 Leo
2459 5272 2740 5327 MARTIANO
2769 5272 3027 5342 Augusto
3063 5285 3168 5341 per
3208 5269 3518 5324 Lucianum
3556 5266 3905 5339 episcopum

2249 5370 2306 5420 et
2331 5365 2599 5421 Basilium
2628 5365 2930 5421 diaconum
2960 5364 3031 5418 de
3064 5362 3284 5418 ambitu
3310 5360 3577 5417 Anatolii.

2320 5462 2518 5531 Magno
2545 5476 2788 5514 munere
2818 5457 3230 5514 misericordia
3275 5457 3375 5510 Dei
3418 5455 3594 5510 totius
3623 5456 3912 5510 Ecclesia»

2249 5554 2538 5609 catholica.
2581 5553 2952 5626 multiplicata
2992 5557 3124 5607 sunt
3168 5550 3396 5624 gaudia,
3429 5566 3560 5604 cum
3598 5556 3800 5605 sancto
3839 5558 3921 5606 et

2252 5649 2496 5719 glorioso
2529 5647 2848 5703 clementia
2890 5651 3095 5702 vestra
3136 5645 3322 5700 studio
3364 5643 3917 5716 perniciosissimus

2249 5758 2410 5796 error
2446 5742 2752 5797 exstinctus
2784 5746 2890 5810 est,
2924 5745 2991 5796 ut
3018 5740 3180 5796 labor
3218 5744 3411 5795 noster
3441 5737 3606 5793 citius
3630 5737 3703 5792 ad
3732 5738 3913 5793 desi-

2248 5836 2507 5890 deratum
2557 5836 2879 5907 perveniret
2933 5834 3219 5903 effectum,
3264 5847 3439 5906 quem
3483 5833 3601 5887 Deo
3630 5832 3922 5888 serviens

2250 5928 2630 5999 principatum
2675 5933 2732 5983 et
2770 5928 2942 5984 ﬁdem
2976 5933 3033 5984 et
3058 5932 3403 6003 potestatem
3440 5926 3701 6003 juvisset.
3735 5925 3921 5991 Quia.
