4034 6312
200 360 311 414 805

1360 415 1367 422 .
1438 360 1914 418 DECRETALIUM
1952 362 2338 419 COLLECTIO.

3486 366 3587 416 806

202 450 395 520 etsiin
426 464 634 521 virtute
658 466 898 538 Spiritus
947 466 1127 522 sancti
1150 467 1301 522 inter
1329 469 1611 540 quaslibet
1636 469 1846 525 dissen-
1868 484 1925 555 Α
1945 471 2097 526 voris
2137 486 2367 525 assensu
2432 468 2821 540 episcopatum
2874 469 3050 522 tantae
3120 466 3279 522 urbis
3320 466 3580 523 obtinuit.
3590 470 3620 545 /

200 558 396 615 siones
454 576 560 631 per
605 559 769 615 Sedis
807 561 1131 633 apostolicae
1177 561 1518 616 famulatum
1559 563 1847 635 Evangelii

200 656 329 708 erat
348 653 717 709 defendenda
733 654 983 723 libertas,
1001 655 1357 709 manifestior
1370 659 1563 710 tamen
1585 657 1849 727 apparuit

199 746 397 818 gratia
426 747 528 802 Dei
555 764 684 819 quae
725 748 992 820 praestitit
1029 750 1267 818 mundo,
1304 756 1372 805 ut
1397 749 1458 805 in
1485 750 1717 805 victoria
1752 767 1844 805 ve-

200 841 394 895 ritatis
427 845 690 896 auctores
731 845 955 897 tantum
990 842 1209 898 violatae
1238 844 1372 898 ﬁdei
1408 843 1760 916 deperirent,
1792 848 1849 898 et

201 950 310 989 sua
352 934 654 1006 integritas
703 935 958 991 Ecclesiae
999 935 1355 993 redderetur.
1412 938 1627 992 Bellum
1671 938 1850 1009 igitur

201 1028 368 1100 quod
414 1033 610 1083 noster
652 1028 916 1084 inimicus
958 1030 1297 1085 excitaverat
1342 1048 1376 1085 a
1419 1032 1534 1085 Deo
1585 1031 1844 1100 feliciter,

202 1122 442 1177 dextera
481 1122 708 1177 Domini
739 1126 1055 1195 pugnante,
1103 1125 1422 1179 confectum
1448 1130 1532 1180 est
1555 1129 1620 1179 ut
1644 1124 1842 1179 trium-

202 1216 425 1287 phante
453 1216 674 1272 Christo
696 1217 953 1272 omnium
979 1220 1333 1273 sacerdotum
1359 1224 1507 1273 esset
1534 1235 1644 1273 una
1670 1219 1844 1273 victo-

203 1309 312 1375 ria,
361 1315 419 1364 et
449 1315 778 1365 coruscante
807 1311 1026 1367 lumine
1055 1311 1322 1379 veritatis,
1361 1312 1569 1367 erroris
1593 1312 1846 1366 tenebrae

203 1418 339 1457 cum
366 1404 486 1459 suis
510 1404 887 1459 assertoribus
919 1406 1287 1477 pellerentur.
1317 1407 1458 1461 Nam
1477 1407 1621 1460 sicut
1645 1406 1705 1460 in
1728 1406 1847 1477 ipsa

202 1497 435 1553 Domini
474 1499 887 1554 resurrectione
948 1500 1232 1555 credenda
1294 1500 1367 1554 ad
1429 1500 1846 1555 corroboranda

202 1591 374 1647 initia
403 1591 540 1647 ﬁdei
568 1593 817 1647 multum
835 1594 1149 1649 securitatis
1176 1594 1409 1649 accessit
1435 1594 1585 1665 quod
1610 1594 1843 1665 quidam

202 1685 451 1756 apostoli
478 1686 547 1741 de
575 1702 853 1758 corporea
894 1688 1117 1743 Domini
1153 1688 1331 1743 nostri
1359 1689 1488 1743 Jesu
1519 1688 1723 1743 Christi
1749 1704 1841 1741 ve-

202 1780 375 1835 ritate
425 1779 779 1849 dubitavere,
822 1785 879 1836 et
927 1781 1050 1836 visu
1098 1786 1268 1853 atque
1322 1785 1583 1837 contactu
1634 1783 1846 1836 fixuras

1949 566 2069 619 Non
2100 564 2442 634 dedignetur
2458 562 2674 632 regiam
2697 560 3002 629 civitatem,
3019 577 3196 631 quam
3215 561 3583 633 apostolicam

1946 675 2059 713 non
2084 664 2268 729 potest
2282 658 2463 712 facere
2483 657 2705 711 Sedem.
2727 657 2836 710 Nec
2857 655 2971 709 ιιΠο
3000 661 3189 725 speret
3214 656 3402 723 modo,
3436 656 3586 727 quod

1949 769 2053 822 per
2106 750 2351 805 aliorum
2400 750 2578 821 possit
2622 749 2969 804 offensiones
3014 749 3235 819 augeri.
3284 749 3585 821 Privilegia

1951 846 2099 901 enim
2131 844 2506 899 Ecclesiarum
2540 850 2867 898 sanctorum
2895 845 3129 897 Patrum
3162 843 3473 897 canonibus
3500 843 3586 897 in-

1948 940 2159 1009 stituta,
2190 944 2246 993 et
2282 938 2621 992 venerabilis
2661 937 2898 992 Nicaanae
2928 936 3128 1007 synodi
3169 936 3277 991 fixa
3316 936 3581 1004 decretis,

1948 1034 2103 1088 nulla
2145 1035 2384 1104 possunt
2420 1031 2785 1102 improbitate
2828 1030 3088 1097 convelli,
3127 1030 3287 1084 nulla
3330 1030 3583 1085 novitate

1947 1127 2174 1181 mutari.
2219 1128 2278 1180 In
2328 1143 2440 1197 quo
2498 1140 2671 1196 opere
2722 1124 3025 1179 auxiliante
3078 1123 3299 1178 Christo
3344 1123 3586 1178 ﬁdeliter

1949 1220 2332 1292 exsequendo,
2362 1235 2588 1274 necesse
2615 1223 2699 1273 est
2728 1235 2820 1273 mc
2849 1224 3279 1289 perseveranter
3313 1217 3583 1271 exhibere

1948 1314 2307 1383 famulatum,
2343 1314 2617 1384 quoniam
2657 1311 3006 1383 dispensatio
3042 1311 3185 1365 mihi
3230 1311 3441 1366 credita
3479 1314 3584 1378 est,

1947 1411 2005 1462 et
2035 1409 2105 1463 ad
2148 1423 2343 1462 meum
2370 1406 2551 1461 tendit
2589 1410 2832 1472 reatum,
2883 1405 2924 1458 si
2954 1410 3321 1476 paternarum
3370 1405 3585 1475 regulm

1946 1502 2300 1557 sanctionum
2319 1505 2447 1572 quae
2463 1501 2518 1554 in
2550 1500 2765 1571 synodo
2794 1499 3023 1553 Nicaana
3038 1499 3106 1553 ad
3131 1498 3307 1553 totius
3328 1498 3585 1553 Ecclesiae

1946 1596 2209 1668 regimen
2252 1595 2464 1666 Spiritu
2506 1593 2603 1649 Dei
2650 1593 2967 1648 instruente
3009 1598 3141 1648 sunt
3184 1592 3450 1660 conditae,
3470 1608 3584 1663 me,

1948 1690 2104 1762 quod
2128 1689 2294 1757 absit,
2326 1689 2668 1744 connivente
2707 1688 3011 1754 violentur,
3044 1691 3101 1741 et
3122 1688 3311 1757 major
3339 1687 3410 1741 sit
3436 1686 3588 1759 apud

1946 1801 2039 1840 me
2076 1784 2248 1839 unius
2275 1782 2469 1838 fratris
2514 1783 2797 1851 voluntas,
2842 1797 3018 1852 quam
3069 1781 3348 1835 universae
3386 1781 3592 1835 domus

202 1873 526 1943 clavorum,
554 1877 632 1944 et,
660 1876 867 1929 vulnus
894 1876 1110 1930 lancem
1129 1876 1848 1947 perscrutando,ambigui—
1866 1864 1924 1936 Β
1947 1878 2176 1933 Domini
2202 1876 2526 1933 communis
2552 1876 2788 1931 utilitas.
2821 1876 2891 1931 Et
2915 1875 3046 1929 ideo
3075 1875 3258 1929 sciens
3282 1875 3591 1946 gloriosam

204 1971 385 2023 tatem
430 1924 648 2022 cunctis
675 1968 814 2023 dum
858 1924 1164 2041 ambiguni
1183 1924 1665 2117 abstulerunt.\lta
1694 1924 1844 2024 nime

204 2076 439 2117 unaque
469 2077 600 2115 cum
643 2062 968 2117 aliauorum
1009 2063 1304 2117 inﬁdelitas
1335 2064 1561 2117 confuta
1588 2080 1677 2117 ur.
1719 2080 1842 2117 om-

202 2076 439 2133 quoque
469 2077 600 2115 cum
643 2062 968 2133 aliquorum
1009 2063 1304 2118 inﬁdelitas
1335 2062 1677 2133 confutatur,
1719 2080 1842 2118 om-

204 2154 370 2209 nium
408 2154 801 2210 haesitantium
850 2157 1017 2212 corda
1067 2157 1299 2212 firmata
1344 2160 1497 2225 sunt,
1527 2160 1582 2212 et
1606 2157 1846 2228 profecit

206 2248 487 2306 universis
503 2249 579 2304 ad
601 2250 1083 2305 illuminationem
1111 2252 1262 2323 quod
1290 2251 1632 2322 quibusdam
1652 2251 1847 2306 intulit

204 2342 547 2398 caecitatem.
578 2345 639 2399 ln
666 2359 781 2415 quo
809 2360 980 2415 opere
1007 2344 1181 2416 digne
1220 2346 1447 2416 etjuste
1477 2346 1721 2400 exsultat
1752 2362 1841 2400 ve-

205 2440 323 2491 stra
348 2438 673 2505 clementia,
713 2453 840 2509 quas
867 2439 1113 2494 fideliter
1141 2439 1489 2511 proprieque
1531 2439 1841 2511 prospexit,

207 2536 269 2585 ut
294 2531 665 2587 orientalibus
692 2533 950 2588 Ecclesiis
968 2533 1260 2587 diabolicae
1285 2533 1505 2588 insidia:
1532 2550 1647 2588 non
1672 2550 1843 2588 noce-

206 2631 356 2693 rent,
379 2626 478 2681 sed
507 2626 579 2681 ad
610 2626 1045 2698 pr0pitiandum
1075 2628 1252 2682 Deum
1296 2628 1609 2682 efﬁcaciora
1638 2628 1842 2699 ubique

204 2719 557 2775 offerrentur
573 2721 923 2790 holocausta,
953 2722 1182 2793 quando
1208 2739 1312 2793 per
1340 2723 1715 2777 mediatorem
1747 2722 1843 2776 Dei

203 2819 259 2868 et
284 2813 593 2869 hominum
622 2815 918 2870 hominem
947 2816 1238 2870 Christum
1263 2818 1457 2871 Jesum
1484 2816 1680 2871 eadem
1709 2833 1839 2871 con-

203 2908 371 2963 fessio
400 2908 675 2980 plebium,
711 2910 913 2964 eadem
958 2911 1332 2979 sacerdotum,
1374 2911 1579 2965 eadem
1618 2914 1765 2966 esset
1790 2914 1845 2965 et

203 3018 430 3074 regum.
481 3003 574 3057 His
602 3009 794 3058 autem
816 3008 1056 3076 propter
1096 3022 1223 3076 quae
1252 3008 1411 3059 tanta
1430 3005 1577 3059 facta
1603 3010 1686 3059 est
1714 3022 1845 3059 con-

206 3097 468 3167 gregatio
481 3098 858 3166 sacerdotum,
878 3098 1025 3153 bene
1055 3102 1112 3153 et
1135 3099 1365 3170 optabili
1394 3099 1505 3153 fine
1522 3101 1844 3170 compositis

205 3189 388 3244 miror
417 3193 475 3245 et
492 3190 675 3260 doleo,
704 3192 860 3263 quod
887 3208 1088 3262 pacem
1118 3193 1452 3247 universalis
1480 3194 1739 3248 Ecclesia:
1766 3192 1846 3247 di-

204 3284 416 3339 vinitus
465 3286 860 3356 reformatam,
893 3287 1218 3341 ambitionis
1260 3304 1456 3341 rursus
1495 3288 1723 3359 spiritus
1752 3288 1840 3341 in-

205 3379 445 3451 quietat.
493 3380 757 3448 Quamvis
783 3380 938 3435 enim
982 3381 1299 3437 necessarie
1331 3381 1438 3435 sibi
1479 3382 1657 3436 frater
1681 3398 1844 3436 meus

202 3473 502 3529 Anatolius
567 3475 919 3530 consuluisse
980 3475 1245 3531 videatur
1307 3482 1369 3531 ut
1443 3476 1841 3531 ordinatorum

203 3584 442 3622 suorum
467 3583 723 3624 errorem
755 3569 1019 3625 deserens
1048 3570 1109 3624 in
1139 3586 1433 3626 assensum
1459 3570 1752 3625 catholicae
1773 3571 1841 3623 ti-

204 3662 300 3743 dei
344 3662 553 3717 salubri
595 3665 945 3719 correctione
996 3665 1279 3733 transiret,
1327 3665 1607 3720 custodire
1652 3670 1840 3720 tamen

203 3756 424 3824 debuit,
450 3762 517 3812 ut
544 3758 693 3829 quod
718 3764 905 3813 vestro
934 3758 1213 3815 beneficio
1231 3760 1488 3814 noscitur
1515 3762 1843 3815 consecutus

206 3850 422 3906 nullius
461 3852 751 3923 pravitatis
775 3852 1086 3924 cupiditate
1132 3855 1404 3909 turbaret.
1433 3855 1541 3907 Nos
1576 3854 1728 3909 enim
1752 3871 1843 3908 ve-

205 3949 336 4000 strae
366 3944 505 4000 fidei
530 3952 586 4002 et
608 3946 1041 4003 interventionis
1076 3949 1675 4017 habentesintuitum,
1708 3965 1840 4004 cum

205 4041 525 4095 secundum
563 4057 682 4096 sua:
722 4043 1156 4098 consectationis
1198 4048 1459 4098 auctores
1506 4044 1630 4115 ejus
1681 4044 1841 4097 initia

206 4134 529 4205 turbarent,
562 4135 927 4208 benigniores
956 4137 1104 4191 circa
1138 4138 1329 4210 ipsum
1362 4154 1537 4210 quam
1575 4138 1843 4209 justiores
1872 4202 1881 4213 .

204 4244 330 4285 esse
347 4229 651 4301 voluimus,
682 4247 795 4302 quo
825 4232 1282 4302 perturbationes
1310 4249 1512 4287 omnes
1551 4250 1678 4304 quae
1705 4250 1838 4304 ope-

204 4328 370 4379 rente
412 4323 638 4379 diabolo
680 4324 910 4381 fuerant
952 4327 1230 4395 excitatae,
1272 4327 1543 4381 adhibitis
1575 4328 1841 4382 remediis

203 4418 536 4488 leniremus,
586 4420 908 4491 quasillum
951 4422 1274 4476 modestum
1314 4423 1495 4493 magis
1531 4439 1702 4493 quam
1728 4424 1837 4477 im-

203 4513 564 4569 moderatum
592 4514 781 4570 facere
812 4515 1078 4571 debuere.
1119 4515 1229 4580 Qui
1260 4517 1431 4570 etiam
1457 4518 1503 4571 si
1538 4518 1842 4589 praecipuis

1946 1972 2307 2027 clementiam
2344 1976 2591 2025 vestram
2636 1968 3024 2024 ecclesiasticae
3076 1968 3308 2023 studere
3358 1983 3590 2022 concor-

1946 2067 2075 2136 diae,
2119 2072 2177 2121 et
2206 2065 2291 2120 his
2342 2082 2470 2137 quae
2500 2063 2731 2136 paciﬁce
2777 2066 3104 2132 congruunt
3147 2062 3370 2129 unitati,
3412 2061 3594 2133 piissi-

1946 2176 2105 2215 mum
2132 2162 2404 2231 praestare
2432 2173 2795 2225 consensum,
2836 2172 3037 2228 precor
3066 2160 3122 2209 et
3159 2156 3355 2211 sedula
3381 2171 3589 2227 sugge-

1945 2255 2124 2309 stione
2147 2270 2244 2308 vos
2275 2253 2533 2321 obsecro,
2562 2256 2629 2307 ut
2660 2267 2830 2306 ausus
2864 2250 3155 2321 improbos
3189 2248 3394 2303 unitati
3425 2250 3591 2304 Chri-

1946 2348 2145 2404 stianae
2176 2347 2413 2419 pacique
2458 2345 2792 2412 contrarios,
2820 2345 2890 2399 ab
2928 2343 3087 2398 omni
3136 2344 3363 2415 pietatis
3388 2347 3594 2397 vestra:

1943 2446 2213 2502 abdicetis
2240 2462 2489 2511 assensu,
2532 2450 2589 2499 et
2618 2442 2811 2498 fratris
2841 2442 2956 2497 mei
2987 2443 3238 2497 Anatolii
3276 2442 3590 2496 nocituram

1944 2541 2072 2612 ipsi,
2120 2541 2165 2595 si
2194 2538 2529 2611 perstiterit,
2578 2536 2949 2608 cupiditatem
3005 2535 3310 2589 salubriter
3346 2534 3589 2607 compri-

1944 2635 2133 2703 matis,
2165 2650 2238 2689 ne
2270 2650 2336 2687 ea
2373 2649 2499 2704 quae
2532 2636 2733 2685 vestra:
2781 2630 2980 2701 glorias
3027 2634 3201 2701 atque
3242 2629 3592 2700 temporibus

1945 2728 2177 2783 inimica
2220 2732 2353 2782 sunt
2387 2726 2643 2797 cupiens,
2674 2724 2860 2795 major
2905 2722 3019 2777 suis
3044 2722 3180 2777 velit
3226 2740 3348 2776 esse
3385 2722 3590 2794 priori-

1943 2822 2068 2891 bus,
2117 2821 2476 2891 liberumque
2519 2819 2600 2873 illi
2628 2817 2700 2872 sit
2741 2817 2968 2889 quantis
3010 2816 3261 2887 potuerit
3298 2814 3595 2887 splendere

1945 2916 2265 2985 virtutibus,
2313 2930 2560 2986 quarum
2608 2928 2727 2967 non
2773 2912 2934 2966 aliter
2979 2910 3274 2983 particeps
3322 2909 3447 2978 erit,
3489 2909 3596 2963 nisi

1944 3010 2217 3065 charitate
2266 3009 2451 3078 magis
2494 3007 2738 3062 voluerit
2779 3005 2990 3075 ornari,
3059 3020 3234 3076 quam
3282 3003 3594 3059 ambitione

1944 3104 2409 3163 distendi.tHanc
2439 3106 2633 3156 autem
2678 3099 2930 3173 improbi
2973 3098 3240 3154 desiderii
3268 3097 3591 3170 conceptio-

1947 3215 2099 3267 nem,
2140 3214 2439 3270 nunquam
2481 3196 2678 3250 debuit
2704 3196 2852 3249 intra
2882 3193 3063 3247 cordis
3093 3194 3179 3248 sui
3209 3193 3468 3264 recipere
3500 3208 3586 3248 se-

1945 3296 2184 3361 cretum,
2211 3293 2306 3346 sed
2339 3308 2470 3345 cum
2511 3289 2589 3344 illi
2614 3290 2839 3357 fratres,
2889 3293 2946 3341 et
2973 3287 3288 3358 coepiscopi
3318 3287 3455 3357 mei,
3487 3288 3581 3359 qui

1947 3388 2064 3442 vice
2104 3402 2233 3440 mea
2272 3385 2530 3452 aderant,
2583 3381 2899 3449 obviarent,
2958 3380 3027 3434 ab
3080 3380 3275 3435 illicito
3331 3379 3592 3452 appetitu

1944 3497 2143 3536 eorum
2172 3480 2372 3533 saltem
2402 3477 2611 3531 salubri
2640 3474 3089 3530 contradictione
3118 3479 3408 3528 cessasset.
3440 3474 3579 3528 Nam

1946 3582 2002 3630 et
2030 3579 2228 3629 vestra!
2268 3572 2496 3643 pietatis
2520 3571 2729 3643 apices,
2772 3574 2828 3623 et
2856 3567 3034 3639 ipsius
3061 3567 3266 3638 scripta
3296 3567 3583 3621 declarant

1943 3670 2159 3740 legatos
2201 3667 2356 3723 Sedis
2403 3664 2747 3736 apostolicae,
2799 3662 2946 3717 sicut
2985 3661 3259 3732 oportuit,
3307 3661 3589 3715 contradi-

1944 3764 2130 3819 ctione
2167 3760 2479 3833 justissima
2519 3757 2806 3824 restitisse,
2852 3760 2915 3810 ut
2963 3754 3402 3810 inexcusabilior
3436 3758 3579 3809 esset

1942 3856 2333 3930 praesumptio,
2366 3870 2495 3927 quas
2526 3870 2583 3908 se
2618 3868 2722 3907 nec
2755 3851 3052 3922 increpata
3087 3848 3398 3904 cohiberet.
3427 3847 3587 3904 Unde

1944 3954 2080 4025 quia
2106 3951 2375 4008 convenit
2414 3948 2550 4003 fidei
2576 3952 2779 4002 vestrae
2818 3945 2904 4000 vel
2931 3943 3151 4017 glorias,
3200 3949 3263 3999 ut
3294 3943 3441 3998 sicut
3464 3943 3583 3998 hae-

1944 4047 2102 4115 resis,
2150 4049 2260 4102 Deo
2297 4062 2403 4117 per
2432 4061 2532 4099 vos
2572 4047 2798 4115 agente,
2832 4040 3118 4095 destructa
3154 4042 3258 4109 est,
3300 4038 3379 4093 ita
3411 4037 3587 4093 etiam

1943 4142 2130 4197 omnis
2160 4141 2405 4196 ambitus
2432 4139 2787 4204 retundatur,
2809 4134 2961 4206 agite
2995 4133 3145 4205 quod
3175 4138 3230 4188 et
3255 4132 3585 4188 Christianas

1945 4240 2029 4290 est
2059 4234 2360 4307 probitatis
2399 4236 2456 4287 et
2489 4232 2682 4302 regiae,
2714 4234 2776 4283 ut
2808 4228 3111 4299 prmdictus
3159 4226 3456 4297 episcopus
3482 4243 3583 4297 pa-

1942 4336 2061 4385 reat
2088 4329 2357 4393 Patribus,
2401 4325 2657 4379 consulat
2686 4321 2830 4393 paci,
2877 4337 3063 4391 neque
3104 4319 3210 4373 sibi
3240 4320 3485 4373 aestimet
3512 4319 3579 4372 1i-

1942 4413 2142 4490 cuis'se,
2169 4421 2318 4494 quod
2339 4418 2776 4475 Antiochzenum
2802 4416 2921 4469 sine
2952 4415 3065 4468 ullo
3091 4413 3354 4484 exemplo
3380 4418 3580 4468 contra

1942 4523 2152 4573 statuta
2194 4530 2477 4569 canonum
2523 4512 2850 4583 episcopum
2889 4508 3156 4563 ordinare
3199 4506 3577 4578 praesumpsit,

204 4607 446 4678 meritis,
484 4609 813 4681 optimoque
823 4610 1039 4680 judicio
1062 4610 1315 4681 legitime
1341 4612 1538 4666 fuisset
1564 4630 1627 4666 ac
1644 4614 1844 4667 solem-
1862 4627 1921 4699 D
1943 4613 2094 4687 quod
2121 4627 2317 4666 amore
2348 4606 2675 4679 reparandae
2719 4603 2875 4673 fidei,
2911 4608 2965 4657 et
2990 4601 3144 4699 pacis
3172 4601 3373 4699 studio
3397 4604 3577 4699 retra-

204 4702 355 4757 niter
382 4702 697 4771 ordinatus,
723 4711 917 4759 contra
930 4706 1309 4759 reverentiam
1332 4712 1526 4761 tamen
1552 4724 1837 4761 canonum

205 4802 594 4868 paternorum,
624 4802 820 4853 contra
852 4800 1028 4855 sancti
1067 4800 1310 4871 Spiritus
1340 4800 1613 4869 instituta,
1643 4808 1838 4857 contra

203 4891 555 4963 antiquitatis
596 4882 882 4964 eiempla,
920 4894 1092 4949 nullis
1128 4900 1318 4965 posset
1356 4895 1638 4967 suffragiis
1671 4896 1834 4967 adju-

203 4985 341 5040 vari.
372 4986 542 5057 Apud
564 4987 947 5043 Christianum
973 4995 1030 5044 et
1059 5006 1191 5044 vere
1218 4990 1566 5061 religiosum,
1598 5007 1835 5063 vereque

204 5080 585 5135 orthodoxam
631 5081 953 5155 principem
1000 5084 1222 5156 loquor.
1269 5086 1504 5139 Multum
1550 5086 1837 5139 Anatolius

204 5174 500 5247 episcopus
524 5175 758 5249 proprio
782 5176 1030 5233 detrahit
1055 5180 1278 5248 merito,
1303 5180 1345 5234 si
1363 5180 1556 5234 illicito
1586 5196 1837 5234 crescere

204 5272 361 5340 optat
384 5277 713 5341 augmento.
754 5272 989 5345 Habeat,
1019 5273 1164 5329 sicut
1200 5280 1482 5347 optamus,
1519 5275 1835 5331 Constanti-

205 5363 534 5435 nopolitana
578 5371 848 5423 cunctam
893 5368 1136 5441 gloriam
1176 5387 1356 5438 suam,
1400 5386 1463 5423 ac
1500 5373 1837 5440 protegente

204 5458 433 5514 dextera
458 5459 554 5514 Dei
578 5459 849 5517 diuturno
886 5463 1203 5518 clementiae
1234 5468 1433 5519 vestrae
1463 5464 1688 5517 fruatur
1728 5463 1836 5516 im-

204 5553 381 5623 perio.
411 5552 536 5608 Alia
564 5559 759 5610 tamen
799 5556 943 5611 ratio
974 5564 1059 5612 est
1088 5574 1281 5613 rerum
1314 5557 1695 5624 saecularium,
1734 5556 1841 5612 alia

206 5646 545 5719 divinarum,
592 5665 700 5705 nec
722 5656 932 5722 praeter
973 5651 1134 5706 illam
1163 5658 1406 5723 petram,
1440 5668 1614 5725 quam
1651 5652 1839 5706 Domi-

205 5755 310 5795 nus
335 5740 396 5796 in
421 5741 804 5799 fundamento
841 5745 1049 5817 posuit,
1079 5745 1295 5800 stabilis
1319 5745 1429 5802 erit
1459 5747 1571 5801 ulla
1590 5749 1843 5801 constru-

204 5834 334 5890 ctio.
365 5836 601 5909 Propria
640 5838 830 5910 perdit
873 5840 973 5912 qui
1003 5839 1261 5897 indebita
1305 5841 1671 5913 concupiscit.
1699 5841 1841 5897 Satis

205 5929 277 5985 sit
309 5931 460 6003 quod
491 5932 763 6004 prmdicto
786 5939 985 5990 vestrae
1014 5935 1239 6006 pietatis
1275 5936 1504 6006 auxilio,
1538 5940 1595 5989 et
1621 5935 1731 5991 mei
1757 5936 1842 5989 fa-

1938 4716 2089 4766 ctare
2132 4703 2489 4761 cessavimus.
2539 4698 2834 4755 Abstineat
2871 4713 3006 4768 ergo
3055 4696 3124 4749 ab
3180 4694 3578 4750 ecclesiastica-

1941 4820 2067 4860 rum
2095 4801 2301 4872 injuria
2328 4796 2677 4868 regularum,
2702 4796 2760 4847 et
2784 4792 3011 4847 illicitos
3030 4790 3274 4844 declinet
3296 4804 3573 4856 excessus,

1940 4915 2011 4954 ne
2034 4915 2092 4952 se
2125 4896 2196 4950 ab
2238 4891 2545 4949 universali
2574 4887 2834 4956 Ecclesia,
2876 4886 3012 4941 dum
3039 4883 3265 4939 inimica
3296 4883 3418 4955 paci
3448 4886 3573 4938 ten-

1941 4997 2038 5060 tat,
2071 4990 2383 5046 abscindat.
2415 4987 2598 5051 Quem
2631 4988 2762 5054 Opto
2796 4980 2975 5052 magis
2998 4977 3579 5050 irreprehensibiliter

1938 5090 2205 5158 agentem
2235 5082 2488 5155 diligere,
2521 5094 2689 5150 quam
2720 5076 2780 5129 in
2822 5076 2925 5129 hac
2968 5072 3413 5145 prtesumptione
3449 5089 3578 5145 quae

1938 5182 2101 5236 illum
2119 5181 2189 5234 ab
2218 5177 2480 5233 omnibus
2505 5171 2713 5245 poterit
2740 5184 3003 5241 separare
3023 5167 3358 5239 perdurare.
3387 5166 3582 5223 Frater

1938 5279 2132 5331 autem
2162 5278 2217 5328 et
2254 5269 2615 5342 coepisc0pus
2646 5281 2809 5319 meus
2847 5262 3144 5329 Lucianus,
3178 5261 3277 5333 qui
3303 5278 3434 5316 cum
3463 5262 3578 5316 ﬁlio

1938 5344 2066 5425 meo
2095 5368 2296 5422 Basilio
2328 5364 2565 5419 diacono
2596 5358 2910 5415 clementia:
2938 5362 3136 5411 vestrae
3158 5357 3227 5412 ad
3250 5372 3341 5412 me
3368 5356 3579 5427 scripta

1940 5462 2199 5535 portavit,
2224 5458 2381 5515 omni
2402 5455 2701 5511 devotione
2727 5456 2951 5525 partem
2975 5457 3251 5523 susceptae
3280 5449 3579 5522 legationis

1940 5557 2215 5629 implevit,
2247 5553 2382 5626 quia
2408 5568 2523 5606 non
2550 5553 2636 5605 est
2666 5547 3032 5604 aestimandus
3062 5547 3293 5618 negotio
3330 5542 3576 5598 defuisse

1941 5668 2114 5726 quem
2140 5649 2331 5722 potius
2359 5662 2527 5702 causa
2553 5643 2825 5700 deseruit.
2855 5644 2989 5697 Data
3008 5658 3061 5696 χι
3097 5638 3375 5695 Kalendas
3403 5636 3575 5701 Junii,

1943 5745 2254 5802 Herculano
2286 5743 2403 5797 viro
2432 5739 2745 5796 clarissimo
2771 5737 3020 5792 consule.

2299 5837 2444 5892 XXX.
2488 5865 2553 5874 -ο
2583 5833 2677 5889 Ad
2713 5833 3045 5889 Pulcheriam
3073 5831 3218 5898 Aug.

2016 5938 2123 5991 LEo
2148 5936 2462 5989 PULCHERIE
2490 5932 2776 6000 AllgllSiIP,
2811 5926 2881 5980 de
2908 5921 3120 5980 ambitu
3154 5922 3412 5978 Anatolii.
