4034 6308
446 324 545 378 807

1325 317 1608 376 ΑΡΡΕΝΙ).
1650 321 1737 375 ΑΙ)
1773 320 1935 374 S/EG.
1983 319 2064 373 IX.
2098 346 2169 359 ——-
2208 318 2454 375 lSlDORl
2492 308 2921 373 MERCATORIS

3717 317 3830 371 808

516 430 733 486 Sanctis
779 435 835 485 et
877 432 991 485 Deo
1041 428 1260 501 placitis
1302 429 1621 483 clementim
1662 431 1864 483 vestrm
1892 427 2091 483 studiis
2110 440 2170 514 Α
2192 430 2310 483 tate
2353 428 2563 482 calcata
2597 425 2855 481 alienum
2874 426 2973 496 jus
3020 424 3157 480 velle
3184 423 3515 495 prmripere,
3555 424 3727 493 atque
3765 427 3840 484 ut

448 524 741 579 defensam
763 527 961 578 contra
979 523 1272 578 haereticos
1304 522 1649 577 catholicam
1675 522 1869 592 ﬁdem,
1891 527 1945 577 et
1971 521 2090 575 uni-

447 635 621 672 versm
667 617 930 671 Ecclesim
971 616 1248 671 redditam
1302 633 1502 687 pacem
1542 615 1909 671 ineﬁ'abiliter
1960 632 2091 669 cum

446 715 635 765 vestra
658 710 868 782 pietate
894 709 1232 781 gaudemus,
1271 710 1484 781 gratias
1514 715 1751 780 agentes
1776 709 2090 763 misericor-

447 805 553 860 dim
584 803 992 875 omnipotentis
1036 804 1152 871 Dei,
1192 805 1362 875 quod,
1394 803 1638 875 exceptis
1669 803 1757 857 his
1782 803 1880 875 qui
1909 803 2092 873 magis

447 898 766 953 dilexerunt
810 897 1081 952 tenebras
1106 914 1283 969 quam
1322 898 1527 965 lucem,
1566 898 1861 952 neminem
1893 913 2092 968 passus

446 996 531 1046 est
559 992 883 1061 evangelica
905 990 1141 1046 veritate
1174 991 1450 1059 fraudari,
1487 994 1568 1061 ut,
1604 991 1860 1045 abstersa
1884 989 2091 1044 erroris

448 1085 708 1157 caligine,
749 1086 808 1141 in
856 1085 1120 1140 omnium
1166 1085 1431 1140 cordibus
1479 1084 1850 1156 purissimum
1895 1086 2089 1138 lumen

448 1180 715 1249 oriretur,
755 1196 861 1234 nec
891 1181 959 1235 de
986 1179 1232 1234 inﬁrmis
1271 1179 1659 1250 quorumdam
1700 1179 1906 1233 animis
1937 1184 2086 1234 tene-

444 1274 645 1327 brosus
690 1273 785 1327 ille
832 1274 1144 1328 exsultaret
1184 1272 1468 1343 inimicus,
1515 1289 1689 1344 quem
1744 1289 1862 1327 non
1907 1273 2089 1327 solum

402 1369 415 1473 Jl
447 1368 504 1421 hi
531 1367 629 1439 qui
670 1366 833 1421 illmsi
871 1370 1165 1433 steterant,
1198 1366 1298 1421 sed
1336 1367 1512 1421 etiam
1540 1382 1686 1437 quos
1727 1367 1942 1421 fecerat
1980 1383 2085 1419 nu-

446 1464 588 1531 tare,
636 1464 1068 1532 superaverunt,
1116 1463 1201 1528 ut,
1237 1477 1431 1515 errore
1479 1460 1708 1531 abolito,
1759 1477 1861 1531 per
1903 1465 2088 1515 totum

450 1555 731 1610 mundum
776 1555 914 1611 ﬁdes
955 1572 1086 1609 vera
1126 1560 1419 1625 regnaret,
1479 1577 1506 1603 «
1552 1558 1611 1608 et
1662 1554 1850 1608 omnis
1894 1553 2090 1625 lingua

449 1650 808 1715 conﬁteatur,
855 1648 1129 1719 quoniam
1180 1649 1459 1703 Dominus
1508 1651 1667 1704 Jesus
1722 1647 1976 1702 Christus
2028 1648 2087 1701 in

450 1743 634 1814 gloria
676 1748 762 1798 est
801 1743 899 1797 Dei
946 1742 1124 1797 Patris
1161 1743 1379 1814 (Philip.
1424 1759 1484 1811 ιι,
1518 1744 1622 1814 ll).
1670 1766 1697 1791 »
1742 1742 2087 1797 Conﬁrmata

2194 522 2360 576 unius
2399 526 2615 576 crescat
2655 519 2906 591 dignitas
2959 522 3044 574 tot
3094 518 3667 588 metropolitanorum
3714 515 3832 569 im-

2191 631 2449 687 pugnare
2496 614 2799 686 primatus,
2845 612 3166 685 quietisque
3210 610 3532 683 provinciis,
3583 615 3642 664 et
3691 610 3838 663 olim

2192 712 2403 763 sanctae
2417 708 2618 781 synodi
2633 708 2878 761 Nicmnm
2902 706 3290 761 moderatione
3308 703 3591 776 dispositis
3608 702 3835 758 bellum

2191 819 2352 857 novae
2385 800 2827 874 perturbationis
2856 800 3091 870 inferre,
3127 805 3298 869 atque
3329 801 3391 852 ut
3417 796 3837 852 venerabilium

2190 898 2424 950 Patrum
2451 896 2681 951 decreta
2706 895 2994 949 solvantur
3019 893 3399 966 quorumdam
3427 891 3835 963 episcoporum

2191 991 2444 1061 proferre
2474 1005 2832 1056 consensum,
2860 989 2953 1043 cui
2979 994 3061 1043 tot
3086 1003 3371 1042 annorum
3396 986 3570 1039 series
3598 984 3837 1055 negavit

2191 1083 2475 1139 effectum.
2525 1084 2669 1137 Nam
2712 1082 3094 1153 sexagesimus
3140 1082 3259 1136 fere
3304 1096 3490 1134 annus
3536 1079 3709 1150 hujus
3739 1078 3830 1148 ja-

2191 1179 2419 1237 ctantiae
2463 1194 2584 1233 esse
2621 1178 2887 1248 jactatur,
2921 1192 3033 1247 qua
3077 1193 3135 1230 se
3183 1174 3490 1247 praedictus
3532 1173 3835 1244 episcopus

2192 1273 2433 1328 mstimat
2469 1272 2747 1343 adjuvari,
2786 1271 2995 1326 frustra
3021 1270 3255 1341 cupiens
3299 1269 3358 1323 id
3393 1268 3501 1322 sibi
3538 1267 3831 1339 prodesse,

2191 1368 2347 1438 quod
2374 1367 2549 1421 etiam
2593 1367 2640 1420 si
2665 1366 2969 1438 quisquam
3010 1381 3181 1419 ausus
3208 1368 3293 1418 est
3320 1362 3479 1430 velle,
3520 1362 3709 1415 nullus
3744 1364 3833 1414 ta-

2191 1477 2325 1516 men
2350 1460 2536 1532 potuit
2559 1460 2842 1514 obtinere.
2872 1461 3163 1531 Agnoscat
3195 1457 3287 1512 cui
3310 1456 3576 1511 successit
3604 1454 3746 1525 viro,
3776 1458 3835 1507 et

2189 1556 2418 1625 repulso
2448 1554 2605 1608 omni
2639 1554 2841 1625 spiritu
2880 1552 3161 1620 elationis,
3198 1550 3447 1605 Flaviani
3472 1548 3833 1614 modestiam,

2190 1648 2442 1704 Flaviani
2471 1647 2875 1718 humilitatem,
2921 1663 3050 1718 qum
3080 1647 3242 1700 illum
3281 1660 3458 1716 usque
3500 1643 3569 1697 ad
3603 1642 3832 1697 confes-

2190 1742 2327 1796 soris
2391 1743 2636 1813 gloriam
2684 1741 2961 1812 provexit,
3036 1740 3319 1795 imitetur.
3368 1737 3540 1809 Cujus
3588 1737 3635 1791 si
3696 1736 3834 1790 velit

450 1844 641 1892 autem
679 1837 739 1891 in
770 1837 986 1892 unitate
1029 1836 1323 1907 Evangelii
1350 1837 1615 1892 universo
1657 1837 1896 1904 mundo,
1940 1842 1996 1891 et
2028 1837 2086 1890 in
2108 1843 2164 1914 B
2188 1836 2483 1908 splendere
2513 1836 2837 1903 virtutibus,
2867 1835 3168 1890 laudabilis
3186 1833 3313 1901 erit,
3346 1836 3403 1888 et
3434 1834 3491 1886 in
3516 1831 3673 1885 omni
3698 1831 3830 1884 loco

451 1931 660 1986 eodem
705 1931 915 2002 Spiritu
975 1947 1167 1985 sensus
1240 1931 1469 1985 directis
1511 1931 1771 1985 cordibus
1825 1931 2085 1985 omnium

451 2025 501 2098 1
517 2024 643 2098 99
670 2026 1025 2080 sacerdotum
1043 2025 1292 2096 Optimus
1317 2025 1507 2079 fuerat
1532 2041 1705 2097 supra
1731 2025 1826 2079 illa
1854 2031 2087 2096 propter

447 2136 577 2191 qum
603 2125 791 2174 sancta
832 2124 916 2174 est
949 2119 1198 2190 synodus
1238 2119 1618 2191 congregata;
1647 2123 1704 2172 et
1730 2135 1859 2191 qum
1885 2135 2080 2173 secun-

449 2214 588 2269 dum
610 2213 831 2284 pietatis
850 2216 1052 2267 vestrm
1082 2213 1334 2268 studium
1361 2212 1643 2284 probabili
1659 2217 1792 2267 sunt
1814 2213 1927 2268 ﬁne
1947 2229 2081 2268 con-

449 2308 622 2375 clusa,
663 2307 805 2361 nihil
835 2306 988 2378 quod
1029 2310 1188 2361 tanto
1228 2306 1381 2360 bono
1419 2306 1768 2361 contrarium
1807 2309 1956 2361 esset
1993 2306 2081 2361 in-

448 2401 605 2469 ferri,
641 2418 743 2455 nec
768 2418 873 2472 per
907 2400 1262 2455 occasionem
1300 2400 1628 2472 episcopalis
1674 2400 1903 2456 concilii
1942 2401 2000 2456 id
2026 2401 2085 2454 in

448 2511 755 2550 commune
786 2496 998 2567 appeti,
1027 2495 1180 2566 quod
1205 2512 1321 2549 non
1350 2495 1509 2550 licuit
1542 2495 1885 2566 concupisci,
1911 2495 2086 2549 frater

448 2591 602 2645 enim
645 2593 705 2643 et
727 2590 1095 2661 coepiscopus
1138 2605 1303 2644 meus
1328 2590 1622 2645 Anatolius
1665 2606 1872 2661 parum
1896 2589 2083 2644 consi-

447 2684 667 2741 deravit
690 2690 905 2756 quanto
951 2684 1180 2755 pietatis
1215 2690 1412 2738 vestrm
1445 2684 1746 2748 beneﬁcio,
1779 2688 1837 2738 et
1864 2684 1978 2738 mei
2006 2684 2087 2737 fa-

445 2779 591 2833 voris
623 2795 852 2833 assensu
881 2778 1521 2849 Constantinopolitanae
1546 2778 1805 2833 Ecclesim
1835 2778 2087 2832 sacerdo-

446 2873 592 2927 tium
621 2872 796 2926 fuerit
830 2875 1182 2939 consecutus,
1211 2888 1327 2926 non
1360 2876 1475 2926 tam
1514 2872 1583 2926 de
1611 2872 1834 2944 adeptis
1864 2872 2087 2943 gavisus

449 2982 622 3038 quam
667 2966 737 3020 de
784 2965 1103 3021 immodicis
1149 2966 1485 3037 appetendis
1529 2983 1703 3037 supra
1754 2983 2086 3021 mensuram

448 3061 537 3117 sui
581 3059 818 3115 honoris
848 3055 1135 3114 abscessus
1184 3064 1287 3129 est,
1317 3061 1554 3115 credens
1590 3060 1724 3115 huic
1763 3067 1881 3116 tam
1911 3061 2087 3132 impe-

447 3154 597 3212 ranti
622 3154 915 3227 cupiditati
955 3171 1120 3225 posse
1155 3155 1423 3226 prodesse
1471 3155 1569 3226 qui
1607 3156 1659 3210 ei
1708 3156 2086 3226 quorumdam

2184 1930 2499 2002 plurimum
2529 1929 2847 1985 dilectionis
2892 1930 3170 2000 acquiret,
3221 1944 3335 1982 non
3368 1924 3676 1981 ambiendo
3717 1925 3829 1978 hu-

2184 2041 2376 2094 mana,
2408 2025 2507 2078 sed
2550 2024 2937 2095 promerendo
2967 2023 3178 2077 divina.
3230 2023 3384 2075 Hanc
3413 2022 3604 2075 autem
3631 2018 3830 2073 obser-

2186 2119 2441 2174 vantiam
2466 2134 2601 2173 cum
2629 2134 2871 2190 quaeque
2892 2117 2973 2171 illi
3005 2117 3263 2171 animum
3294 2115 3535 2186 spondet
3563 2113 3837 2184 capulan-

2186 2213 2344 2281 dum,
2378 2217 2436 2266 et
2483 2213 2806 2284 apostolicae
2838 2212 3004 2267 Sedis
3046 2210 3431 2275 dilectionem,
3472 2224 3649 2279 quam
3679 2209 3834 2263 Con-

2187 2307 2710 2378 stantinopolitanm
2739 2306 2999 2362 Ecclesiae
3015 2321 3244 2376 semper
3256 2303 3663 2375 impendimus,
3674 2302 3839 2355 nulla

2186 2401 2501 2456 mobilitate
2533 2401 2819 2455 violanda.
2868 2400 3009 2464 Quia
3044 2399 3091 2453 si
3132 2398 3424 2453 interdum
3466 2396 3838 2451 immoderati

2186 2497 2458 2567 prmsules
2477 2494 2699 2566 aliquas
2716 2494 2978 2549 incidunt
2996 2494 3208 2564 culpas,
3240 2491 3616 2547 Ecclesiarum
3635 2493 3837 2543 tamen

2186 2589 2391 2645 Christi
2418 2590 2643 2660 integra
2668 2588 2854 2660 gratia
2886 2592 3233 2659 perseverat.
3266 2585 3671 2641 Consensiones
3695 2599 3834 2637 vero

2187 2683 2589 2755 episcoporum
2637 2687 2964 2737 sanctorum
3012 2698 3300 2736 canonum
3347 2679 3500 2752 apud
3538 2678 3834 2733 Nicmnam

2188 2778 2553 2832 conditorum
2594 2778 2808 2849 regulis
2847 2782 3255 2848 repugnantes,
3319 2775 3479 2829 unita
3532 2772 3834 2827 nobiscum

2188 2878 2387 2926 vestrm
2434 2871 2567 2926 ﬁdei
2603 2872 2817 2943 pietate
2862 2871 2921 2924 in
2975 2871 3204 2925 irritum
3253 2869 3555 2938 mittimus,
3617 2872 3675 2921 et
3723 2883 3836 2937 per

2188 2966 2591 3020 auctoritatem
2632 2966 2785 3021 beati
2825 2966 2978 3019 Petri
3012 2964 3274 3036 apostoli,
3311 2961 3565 3034 generali
3593 2976 3837 3032 prorsus

2188 3060 2515 3115 deﬁnitione
2557 3076 2861 3114 cassamus.
2906 3061 2969 3115 ln
3012 3057 3277 3113 omnibus
3308 3054 3696 3111 ecclesiasticis
3743 3053 3837 3108 his

2186 3154 2411 3225 legibus
2434 3155 2975 3226 obsequentes,un
2996 3153 3071 3207 ad
3096 3152 3550 3224 paciﬁcationem
3571 3148 3835 3204 omnium

448 3265 792 3304 consensum
836 3249 1148 3320 prmbuisse
1205 3248 1412 3303 dicitur
1450 3252 1671 3303 extorta
1727 3249 2084 3320 subscriptio,
2109 3220 2165 3295 Ο
2194 3250 2572 3316 sacerdotum,
2619 3265 2722 3320 per
2744 3250 3031 3303 trecentos
3077 3248 3275 3302 decem
3305 3252 3362 3301 et
3388 3249 3511 3299 octo
3551 3243 3836 3298 antistites

448 3360 579 3400 cum
623 3348 742 3398 tam
791 3342 1150 3397 destruendis
1193 3360 1327 3397 mox
1371 3343 1671 3398 conatibus
1719 3344 2094 3400 contradictio

445 3439 711 3506 fratrum,
766 3441 823 3492 et
859 3437 1330 3508 coepiscoporum
1380 3454 1643 3493 meorum
1684 3438 1867 3493 vicem
1904 3455 2093 3493 meam

446 3534 760 3606 agentium,
793 3531 1040 3586 ﬁdeliter
1068 3534 1125 3586 et
1149 3531 1511 3587 laudabiliter
1538 3532 1806 3588 obviaret.

521 3627 799 3691 Quoniam
813 3628 1013 3681 contra
1032 3629 1241 3683 statuta
1263 3631 1635 3697 paternorum
1652 3643 1942 3682 canonum
1965 3644 2093 3699 qum

449 3725 582 3777 ante
628 3720 956 3793 longissime
983 3720 1164 3775 mtatis
1187 3736 1363 3774 annos
1397 3722 1459 3775 in
1486 3721 1629 3776 urbe
1675 3722 1902 3776 Nicmna
1936 3722 2096 3792 spiri-

452 3815 699 3871 tualibus
724 3818 859 3869 sunt
888 3814 1149 3869 fraudata
1187 3815 1448 3883 decretis,
1479 3815 1621 3869 nihil
1648 3816 1855 3886 cuique
1884 3816 2094 3870 addere

451 3908 798 3965 conceditur.
830 3910 913 3962 Ita
933 3910 996 3960 ut
1023 3907 1209 3978 siquis
1235 3907 1523 3963 diversum
1549 3909 1768 3979 aliquid
1794 3910 2098 3964 decernere

452 4003 587 4058 velit
610 4018 669 4055 se
700 4001 890 4072 potius
918 4001 1139 4055 minuat
1161 4018 1337 4073 quam
1368 4002 1460 4055 illa
1488 4006 1839 4074 corrumpat,
1871 4020 2001 4075 qum
2026 4004 2094 4068 si,

458 4100 519 4151 ut
567 4100 816 4167 oportet,
857 4112 893 4149 a
933 4095 1150 4150 cunctis
1200 4096 1560 4167 pontiﬁcibus
1597 4095 1936 4152 intemerata
1988 4115 2098 4152 ser-

455 4195 676 4258 ventur,
716 4206 818 4261 per
859 4189 1149 4245 universas
1175 4190 1438 4245 ecclesias
1481 4191 1793 4263 tranquilla
1820 4192 1929 4247 erit
1966 4209 2093 4264 pax,

455 4290 512 4341 et
540 4284 710 4340 ﬁrma
750 4284 1073 4353 concordia,
1106 4285 1279 4340 nullm
1310 4286 1381 4340 de
1417 4287 1701 4341 mensuris
1741 4286 1947 4341 harum
1983 4287 2094 4343 dis-

455 4380 764 4450 sensiones,
817 4380 987 4434 nullm
1024 4379 1095 4435 de
1137 4380 1591 4435 ordinationibus
1636 4381 1778 4451 lites,
1818 4382 1990 4437 nullm
2026 4383 2097 4437 de

452 4475 765 4549 privilegiis
788 4474 1208 4545 ambiguitates,
1241 4475 1393 4530 nulla
1423 4479 1594 4530 erunt
1629 4476 1699 4531 de
1737 4477 1910 4532 alieni
1941 4494 2099 4532 usur-

2194 3343 2434 3415 Spiritus
2472 3349 2700 3398 sanctus
2746 3342 3013 3410 instituit,
3060 3343 3142 3397 ita
3194 3345 3258 3395 ut
3307 3341 3481 3395 etiam
3542 3339 3589 3392 si
3641 3338 3834 3392 multo

2196 3438 2387 3507 plures
2431 3438 2526 3492 alii
2569 3454 2746 3509 quam
2786 3437 2871 3491 illi
2914 3440 3162 3491 statuere
3205 3436 3531 3503 decernere,
3579 3432 3638 3486 in
3671 3432 3835 3486 nulla

2195 3531 2513 3588 reverentia
2553 3532 2624 3585 sit
2657 3532 3005 3599 habendum,
3053 3528 3332 3601 quidquid
3389 3528 3562 3583 fuerit
3601 3544 3634 3581 a
3678 3543 3833 3598 prm-

2195 3626 2472 3681 dictorum
2514 3626 2913 3681 constitutione
2956 3626 3264 3681 diversum.
3303 3623 3685 3678 Prolixitatem
3723 3620 3831 3676 ita-

2197 3737 2309 3792 que
2357 3721 2613 3792 epistolae
2674 3737 2819 3775 mem
2884 3737 2995 3792 qua
3057 3735 3282 3775 necesse
3346 3717 3517 3772 habui
3549 3716 3835 3788 explicare

2196 3815 2336 3886 quid
2365 3815 2631 3883 sentiam,
2660 3832 2799 3886 rogo
2832 3819 2893 3869 ut
2932 3831 3038 3886 per
3060 3814 3317 3886 fratrem
3344 3815 3402 3866 et
3428 3811 3835 3882 coepiscopum

2197 3925 2396 3963 meum
2421 3909 2752 3977 Lucianum,
2784 3908 2903 3981 qui,
2933 3912 3214 3980 quantum
3241 3908 3300 3962 in
3324 3908 3446 3978 ipso
3473 3912 3577 3972 est,
3614 3904 3832 3958 sollici-

2197 4002 2460 4058 tudinem
2500 4008 2774 4075 susceptm
2826 4003 3128 4074 legationis
3176 4006 3262 4057 est
3312 4001 3554 4056 ﬁdeliter
3602 4014 3832 4054 exsecu-

2198 4100 2307 4165 tus,
2352 4101 2409 4152 et
2434 4114 2538 4169 per
2565 4097 2750 4153 ﬁlium
2793 4114 2989 4152 meum
3029 4096 3299 4152 Basilium
3327 4095 3625 4150 diaconem
3648 4092 3837 4165 pietas

2197 4197 2387 4250 vestra
2431 4196 2736 4266 dignanter
2763 4194 3020 4266 accipiat.
3071 4196 3139 4249 Et
3164 4193 3297 4265 quia
3332 4191 3510 4246 moris
3546 4189 3720 4244 vestri
3748 4195 3839 4244 est

2197 4306 2304 4361 pro
2319 4306 2456 4362 pace
2472 4293 2530 4345 et
2548 4290 2769 4345 unitate
2790 4289 3053 4344 Ecclesim
3077 4289 3359 4358 laborare,
3372 4289 3611 4341 fratrem
3635 4300 3835 4339 meum

2197 4386 2524 4440 Anatolium
2566 4385 2896 4456 episcopum
2946 4400 3015 4439 ex
3062 4389 3251 4438 vestra.
3300 4381 3683 4437 insinuatione
3742 4378 3835 4433 di-

2196 4480 2430 4549 lectum,
2477 4479 2778 4534 salubriter
2814 4480 2874 4533 in
2909 4479 2998 4533 his
3043 4495 3171 4550 qum
3215 4477 3323 4549 ipsi
3375 4477 3678 4549 profutura
3720 4474 3839 4528 sint

454 4571 680 4643 patione
711 4569 1048 4639 certamina,
1079 4569 1179 4624 sed
1204 4586 1269 4624 ea
1301 4586 1431 4641 qum
1453 4570 1585 4640 jure
1613 4571 1905 4626 charitatis
1930 4572 2100 4626 ratio-
2116 4608 2176 4680 D
2199 4574 2502 4641 continete,
2530 4579 2597 4629 ut
2623 4574 2804 4645 gloria
2823 4573 3145 4629 clementiae
3174 4577 3393 4642 vestrm,
3425 4571 3569 4626 sicut
3598 4570 3837 4641 magni-

458 4664 662 4720 nabilis
683 4669 786 4734 est,
821 4670 877 4719 et
904 4680 1150 4732 morum,
1182 4667 1238 4718 et
1265 4664 1583 4719 ofﬁciorum
1613 4666 1932 4721 servabitur
1962 4683 2099 4721 una-

458 4737 731 4815 nimitas.l
750 4759 819 4812 Et
861 4758 954 4812 ille
1002 4775 1132 4813 vere
1170 4758 1278 4813 erit
1307 4775 1549 4829 magnus
1589 4758 1687 4831 qui
1722 4760 1897 4815 fuerit
1925 4761 2099 4814 totius

457 4853 780 4910 ambitionis
821 4851 1061 4919 alienus,
1098 4851 1321 4907 dicente
1358 4853 1638 4929 Domino:
1691 4874 1718 4903 ‹‹
1748 4854 2099 4925 Quicumque

460 4947 705 5003 voluerit
751 4947 901 5000 inter
940 4962 1037 5000 vos
1062 4946 1244 5018 major
1280 4947 1403 5002 ﬁeri
1442 4949 1514 5002 sit
1539 4953 1721 5003 vester
1745 4948 2023 5003 minister.
2069 4970 2096 4996 ››

461 5043 530 5097 Et
564 5063 591 5092 ‹‹
621 5040 948 5113 quicunque
983 5040 1226 5095 voluerit
1250 5040 1400 5096 inter
1430 5059 1530 5098 vos
1568 5041 1788 5113 primus
1815 5058 1957 5109 esse,
1993 5042 2101 5097 erit

462 5140 648 5192 vester
689 5150 898 5193 servus.
946 5134 1102 5191 Sicut
1148 5136 1297 5190 ﬁlius
1340 5136 1591 5190 hominis
1633 5152 1747 5190 non
1798 5135 1953 5190 venit
1998 5136 2099 5190 mi-

464 5228 715 5297 nistrari,
760 5229 857 5285 sed
906 5229 1228 5285 ministrare
1287 5231 1500 5301 (Matth.
1552 5245 1638 5295 xx,
1694 5229 1897 5301 26-28).
1945 5251 1972 5280 »
2033 5232 2101 5286 Et

464 5333 656 5382 tamen
690 5324 815 5395 hmc
859 5323 967 5379 illis
1004 5328 1141 5379 tunc
1170 5324 1634 5390 insinuabantur,
1662 5323 1760 5395 qui
1794 5304 1883 5378 de.
1895 5325 2099 5396 pusillo

462 5420 725 5477 volebant
760 5435 1029 5487 crescere,
1063 5420 1215 5475 etde
1241 5417 1451 5473 inﬁmis
1478 5417 1552 5472 ad
1582 5434 1806 5473 summa
1841 5420 2096 5475 transire.

461 5514 1105 5586 Constantinopolitanae
1158 5528 1290 5567 vero
1354 5512 1560 5583 praesul
1623 5513 1901 5584 Ecclesim,
1969 5515 2101 5587 quia

465 5611 712 5683 amplius
750 5626 922 5682 quam
967 5610 1257 5662 assecutus
1295 5611 1381 5661 est
1419 5608 1782 5680 concupiscit,
1834 5615 1933 5665 aut
1964 5610 2099 5682 quid

463 5706 548 5760 illi
570 5703 891 5773 satisfaciet,
932 5702 979 5756 si
1024 5704 1197 5755 tantm
1245 5701 1399 5757 urbis
1439 5702 1861 5775 magniﬁcentia
1904 5711 1960 5761 et
1997 5707 2103 5761 cla-

467 5798 653 5851 ritudo
697 5813 812 5851 non
841 5795 1068 5851 sufﬁcit.
1115 5794 1441 5866 Superbum
1470 5796 1641 5853 nimis
1686 5804 1769 5854 est
1803 5803 1860 5854 et
1898 5798 2102 5855 immo-

468 5891 728 5944 deratum
769 5890 918 5949 ultra
965 5890 1107 5943 ﬁnes
1164 5890 1420 5962 proprios
1476 5891 1709 5947 tendere
1763 5898 1821 5946 et
1861 5894 2103 5966 antiqui-

2201 4668 2403 4723 ﬁcatur
2445 4668 2514 4723 de
2557 4669 2669 4722 ﬁde
2710 4672 2990 4740 reparata,
3035 4667 3112 4723 ita
3158 4667 3502 4739 praedicetur
3542 4664 3613 4719 de
3646 4664 3838 4718 ambi-

2200 4763 2355 4818 tione
2380 4779 2721 4835 compressa.
2754 4764 2897 4818 Data
2921 4779 2979 4818 xr
3015 4762 3288 4818 Kalendas
3314 4760 3485 4828 Junii,
3518 4758 3839 4814 Herculano

2199 4856 2318 4910 viro
2342 4857 2654 4913 clarissimo
2684 4858 2930 4913 consule.

2544 4953 2716 5007 XXXI.
2746 4983 2813 4991 -—
2845 4952 2939 5007 Ad
2964 4954 3299 5007 Martianum
3333 4953 3480 5021 Aug.

2271 5046 2381 5101 LEO
2411 5047 2709 5118 episcopus
2733 5048 3015 5103 MARTIANO
3051 5049 3328 5119 Augusto.

2270 5141 2439 5196 Multa
2480 5141 2622 5196 mihi
2649 5142 2709 5196 in
2753 5142 3019 5197 omnibus
3068 5141 3389 5197 clementim
3433 5146 3631 5197 vestrm
3678 5141 3839 5196 litte-

2200 5237 2277 5290 ris
2319 5252 2491 5291 causa
2538 5236 2734 5307 gaudii
2777 5241 2882 5305 est,
2931 5236 3071 5291 dum
3115 5254 3184 5292 ex
3212 5253 3419 5308 magna
3462 5235 3841 5307 providentiae

2200 5331 2404 5387 divinae
2448 5331 2841 5387 misericordia
2882 5333 3200 5404 praestitum
3238 5330 3500 5386 humanis
3537 5330 3707 5385 rebus
3742 5347 3840 5385 ex-

2199 5426 2406 5496 perior,
2457 5427 2613 5498 quod
2658 5427 3093 5482 ecclesiasticam
3138 5442 3344 5498 pacem
3376 5426 3521 5497 (qum
3563 5440 3685 5479 non
3731 5425 3846 5479 nisi

2198 5520 2422 5575 unitate
2463 5520 2885 5591 prmdicationis
2930 5520 3269 5591 evangelicae
3315 5519 3648 5589 custoditur)
3696 5518 3843 5591 piis-

2202 5614 2346 5669 simo
2371 5615 2560 5669 studio
2578 5616 2783 5687 juvare
2815 5614 3134 5688 dignamini
3191 5618 3252 5669 ut
3268 5614 3401 5670 ﬁdei
3427 5618 3628 5669 vestrm
3657 5613 3847 5684 gloria

2202 5726 2316 5764 non
2341 5710 2526 5764 solum
2548 5709 2793 5766 utilitate
2822 5711 3171 5782 reipublicm,
3203 5710 3303 5766 sed
3331 5710 3501 5765 etiam
3544 5708 3847 5779 religionis

2199 5804 2548 5876 profectibus
2567 5811 2866 5877 augeatur,
2897 5805 3301 5877 gloriosissime
3326 5804 3659 5878 imperator,
3682 5803 3850 5859 unde

2201 5899 2565 5955 inelfabiliter
2589 5904 2705 5957 Deo
2727 5902 2940 5973 gratias
2965 5918 3094 5975 ago,
3118 5903 3218 5974 qui
3244 5903 3596 5975 temporibus
3627 5900 3852 5972 quibus
