4034 6294
222 332 334 400 eos

225 544 376 616 perii
404 545 640 617 fastigio
671 545 979 600 collocavit.
1026 548 1083 599 ln
1115 546 1320 617 quibus
1347 546 1423 601 ad
1448 546 1621 601 totius
1658 545 1862 601 mundi

221 640 500 707 salutem,
547 643 605 694 et
628 639 788 711 regia
815 639 1093 710 potentia,
1140 644 1198 695 et
1244 640 1610 695 sacerdotalis
1648 640 1863 710 vigeret

222 733 531 790 industria.
564 734 706 788 Nam
736 736 924 788 vestro
952 734 1237 805 praecipue
1263 750 1434 805 opere
1464 734 1536 788 sit
1573 734 1859 797 effectum.

221 834 290 883 ut
312 844 422 899 per
452 828 724 899 synodale
755 827 1054 882 concilium
1087 827 1372 882 damnatis
1395 827 1555 899 impii
1584 828 1864 898 dogmatis

223 921 650 987 defensoribus,
691 938 890 976 omnes
928 921 1075 975 vires
1110 920 1417 993 sacrilegus
1456 938 1617 976 error
1641 921 1863 976 amitte-

226 1022 339 1083 ret,
370 1015 445 1070 ad
473 1016 730 1085 ejusdem
752 1015 1062 1070 devotionis
1094 1016 1340 1087 pertinet
1366 1017 1640 1086 palmam,
1670 1016 1713 1070 si
1740 1032 1861 1070 ma-

222 1111 352 1164 lum
390 1109 547 1181 quod
574 1110 636 1163 in
664 1109 780 1164 suis
806 1110 1043 1164 ducibus
1088 1112 1173 1164 est
1192 1126 1554 1181 oppressum,
1586 1109 1756 1164 etiam
1805 1109 1863 1164 in

226 1127 352 1164 lum
390 1127 547 1181 quoa
574 1127 636 1163 1n
664 1127 780 1164 31118
806 1127 1043 1164 ducibus
1088 1127 1173 1164 esr
1192 1127 1264 1181 op
1310 1127 1554 1176 ressum,
1586 1127 1756 1164 etiam
1805 1127 1860 1164 1n

226 1204 670 1275 quibuscunque
702 1203 955 1275 reliquiis
980 1127 1451 1351 delwtueruod
1496 1204 1713 1259 facilius
1750 1204 1860 1258 cle-

226 1297 448 1351 mentia
470 1302 657 1351 vestra
684 1295 993 1351 arbitretur
1018 1296 1236 1351 imnlen
1284 1314 1400 1351 um.
1434 1298 1478 1351 si
1516 1314 1622 1351 ner
1646 1297 1860 1351 univer-

224 1297 448 1352 mentia
470 1302 657 1352 vestra
684 1295 993 1351 arbitretur
1018 1295 1400 1367 implendum,
1434 1298 1478 1351 si
1516 1314 1622 1368 per
1646 1297 1866 1352 univer-

227 1409 321 1445 sas
349 1390 624 1445 Ecclesias
665 1390 1026 1445 deﬁnitiones
1072 1394 1281 1445 sanctas
1324 1390 1525 1462 synodi
1567 1391 1866 1445 Chalcedo-

1469 342 1941 401 DECRETALIUM
1980 342 2365 400 COLLECTIO.

222 453 506 507 obortura
528 453 924 506 haereticorum
948 452 1217 507 scandala
1248 453 1598 523 praesciebat,
1632 469 1731 507 vos
1755 451 1861 505 im-
1885 460 1943 534 Α

3495 346 3599 402 810

2424 451 2619 507 XXXII.
2653 483 2721 493 —
2750 453 2843 507 Ad
2871 452 3132 509 eumdem.

2035 545 2145 600 Leo
2168 545 2464 617 episcopus
2493 547 2777 601 Μητωο
2804 550 3079 619 Augusto.

2031 638 2344 694 Puritatem
2371 639 2505 694 ﬁdei
2536 640 2896 709 Christianas,
2931 658 3047 713 qua
3077 642 3384 698 clementia
3415 647 3601 700 vestra

1961 731 2282 803 praefulget,
2338 733 2512 788 etiam
2564 734 2653 789 his
2706 734 2928 805 litteris,
2986 752 3128 807 quas
3165 737 3344 791 frater
3395 744 3454 794 et
3505 756 3597 794 co-

1964 825 2260 897 episcopus
2306 843 2469 882 meus
2503 828 2867 884 Nestorianus
2914 829 3115 885 detulit
3166 830 3596 902 demonstratis,

1956 919 2336 989 justissimum
2367 921 2530 975 fratri
2562 938 2692 977 meo
2729 923 2985 977 Proterio
3019 924 3404 980 Alexandrinae
3444 926 3600 982 urbis

1964 1013 2206 1067 antistiti
2230 1014 2630 1085 impendentes
2651 1017 2929 1085 favorem,
2961 1034 3074 1089 quo
3104 1018 3248 1073 mihi
3276 1035 3379 1091 per
3401 1021 3599 1076 omnia

1965 1110 2112 1160 esset
2168 1109 2475 1179 acceptior.
2536 1110 2675 1164 Nam
2724 1110 2812 1165 cui
2865 1115 3052 1166 vestra
3104 1112 3284 1184 pietas
3336 1112 3595 1170 testimo-

1964 1200 2124 1255 nium
2165 1202 2472 1272 perhibere
2516 1203 2802 1274 dignatur,
2843 1205 3236 1261 indubitanter
3270 1212 3417 1263 esset
3459 1225 3594 1280 pro-

1963 1294 2203 1364 bandus,
2237 1296 2410 1350 etiam
2455 1296 2501 1350 si
2543 1301 2781 1353 taceret.
2826 1299 2933 1354 Sed
2976 1299 3191 1355 accedit
3234 1301 3307 1355 ad
3352 1302 3596 1371 gratiam

1965 1388 2117 1458 quod
2139 1390 2371 1460 proprio
2399 1407 2631 1461 quoque
2660 1407 2921 1447 sermone
2935 1393 3318 1465 cognoscitur,
3348 1400 3405 1450 et
3423 1412 3594 1466 quam

222 1485 430 1540 nensis
454 1483 776 1557 apostolicae
805 1484 930 1539 Sedi
966 1485 1247 1555 placuisse
1277 1485 1603 1553 doceantur,
1640 1484 1709 1538 de
1753 1501 1865 1556 quo
1906 1487 1920 1558 δ
1966 1483 2217 1537 sincerus
2260 1483 2332 1538 sit
2374 1484 2641 1539 catholici
2697 1485 2983 1556 dogmatis
3040 1488 3380 1558 praedicator
3421 1488 3597 1560 ipsius

225 1579 464 1651 quidem
500 1579 645 1633 ratio
694 1594 814 1633 non
848 1577 955 1632 fuit
984 1578 1315 1649 ambigendi
1345 1595 1478 1632 cum
1506 1580 1557 1633 ei
1582 1578 1717 1633 ﬁdei
1748 1595 1866 1633 om-

224 1674 392 1728 nium
446 1672 833 1727 subscribendi
886 1689 1192 1728 consensus
1246 1673 1562 1739 accesserit,
1612 1690 1738 1744 quae
1791 1672 1861 1727 ad

222 1784 322 1821 me
375 1766 693 1821 secundum
746 1765 1072 1836 apostolicae
1126 1765 1420 1833 doctrinae,
1482 1783 1545 1819 ac
1607 1770 1863 1837 pateram

227 1860 558 1915 traditionis
595 1860 804 1914 emissa
850 1867 952 1929 est,
1004 1864 1060 1913 et
1105 1876 1206 1930 per
1247 1860 1486 1915 fratrem
1532 1876 1722 1915 meum
1753 1833 1940 1914 Lu-B

226 1957 461 2009 cianum
525 1953 851 2025 episcopum
896 1953 1035 2008 talia
1076 1954 1145 2007 ad
1193 1953 1433 2024 gloriam
1487 1958 1756 2020 vestram,
1808 1958 1864 2009 et

226 2049 300 2103 ad
332 2047 1028 2118 Constantinopolitanum
1054 2047 1367 2102 antistitem
1403 2047 1610 2118 scripta
1638 2047 1860 2103 direxe-

228 2144 362 2208 rim,
420 2158 549 2213 quae
600 2140 895 2197 evidenter
947 2140 1319 2196 ostenderent
1363 2158 1456 2196 me
1496 2158 1563 2196 ea
1614 2158 1740 2212 qum
1794 2142 1863 2196 de

226 2237 341 2292 ﬁde
394 2235 673 2291 catholica
727 2235 786 2288 in
845 2235 1113 2305 praedicta
1165 2234 1386 2305 synodo
1443 2234 1675 2290 deﬁnita
1738 2235 1860 2289 fue-

226 2336 381 2395 rant,
441 2329 785 2401 approbare.
839 2328 948 2383 Sed
1000 2328 1135 2400 quia
1185 2329 1244 2382 in
1298 2328 1512 2383 eisdem
1560 2329 1762 2383 litteris
1795 2345 1863 2383 ea

225 2440 359 2496 qua:
412 2439 520 2495 per
569 2421 920 2477 occasionem
958 2421 1160 2493 synodi
1212 2422 1358 2475 male
1410 2424 1541 2475 sunt
1591 2424 1864 2476 attentata

224 2516 743 2589 reprehenderam,
788 2515 987 2569 maluit
1040 2515 1345 2586 praedictus
1391 2515 1623 2570 antistes
1670 2531 1861 2569 meam

227 2610 681 2683 gratulationem
722 2612 933 2675 tacere,
980 2625 1152 2680 quam
1183 2625 1351 2663 suum
1375 2609 1655 2663 ambitum
1682 2608 1865 2680 publi-

226 2723 381 2761 care.
415 2704 551 2759 Mihi
579 2708 771 2759 autem
799 2703 1045 2758 multum
1071 2703 1294 2757 ﬁducita
1322 2704 1432 2757 Deo
1462 2720 1565 2774 per
1594 2719 1693 2757 vos
1721 2720 1860 2775 ope-

228 2804 391 2854 rante
408 2798 679 2853 collatum
702 2800 806 2866 est,
827 2797 976 2869 quod
989 2797 1315 2869 probassem
1330 2814 1429 2851 vos
1444 2797 1862 2852 observantiam

226 2893 298 2948 de
328 2892 583 2947 custodia
635 2907 923 2946 canonum
966 2897 1341 2962 paternorum
1391 2891 1622 2961 pietatis
1666 2895 1862 2945 vestrm

228 2986 495 3042 affatibus
532 2985 841 3055 indicastis,
869 2984 949 3057 tet
991 2986 1197 3039 merito
1226 2985 1551 3055 geminatur
1590 2985 1861 3056 gaudium

230 3097 455 3148 meum,
493 3096 625 3134 cum
654 3079 813 3133 vobis
848 3060 1270 3150 religiosissime
1295 3079 1515 3150 placere
1559 3096 1859 3151 cognosco,

229 3180 293 3229 ut
319 3175 463 3230 ﬁdes
494 3174 721 3227 Nicazna
746 3189 906 3226 suam
937 3176 1125 3227 teneat
1159 3172 1514 3238 ﬁrmitatem,
1549 3178 1606 3228 et
1630 3173 1858 3245 privile-
1883 3204 1937 3279 Ο

231 3270 329 3341 gia
365 3267 743 3323 Ecclesiarum
785 3266 999 3321 illibata
1032 3270 1425 3337 permaneant.
1461 3267 1726 3331 Quamvis
1760 3284 1860 3321 au-

226 3369 347 3418 tem
401 3362 472 3417 de
522 3361 797 3433 praeclaro
844 3360 977 3416 ﬁdei
1033 3370 1231 3416 vestrae
1272 3378 1466 3432 opere,
1510 3360 1652 3415 nihil
1679 3365 1863 3416 vestra

224 3457 410 3529 pietas
439 3454 705 3510 indicarit
728 3454 893 3521 mihi,
932 3460 1125 3510 tamen
1172 3472 1276 3526 per
1310 3460 1708 3510 veneratorem
1745 3472 1864 3509 una

226 3567 463 3606 mecum
533 3548 909 3620 spiritualiter
961 3553 1204 3603 vestram
1259 3549 1525 3619 pietatem
1587 3565 1689 3619 per
1745 3549 1860 3603 fra-

228 3652 381 3700 trem
412 3659 610 3698 meum
640 3642 931 3697 lulianum
971 3643 1304 3714 episcopum
1338 3642 1652 3698 innotuisse
1682 3641 1859 3713 signi-

231 3740 362 3806 ﬁco,
402 3753 576 3809 quam
622 3736 718 3807 pio
742 3736 960 3807 dignati
998 3737 1217 3791 fueritis
1255 3753 1529 3808 responso
1570 3736 1863 3808 imperito-

228 3850 359 3888 rum
379 3817 795 3887 monachorum
813 3830 1037 3885 animos
1057 3830 1321 3885 cohibere
1338 3831 1551 3902 pariter
1568 3836 1623 3885 et
1639 3832 1859 3896 docere,

232 3932 295 3983 ut
327 3926 373 3981 si
404 3926 533 3980 illos
559 3941 677 3980 non
709 3924 935 3996 penitus
963 3925 1277 3980 deseruerit
1318 3925 1507 3979 divina
1545 3925 1859 3994 miseratio,

230 4020 484 4075 sentiant
512 4036 568 4074 se
603 4024 659 4074 et
696 4019 957 4073 didicisse
996 4019 1154 4091 quod
1193 4019 1450 4086 credant,
1483 4023 1540 4074 et
1565 4020 1861 4091 agnovisse

230 4114 389 4188 quod
418 4114 681 4168 timeant.
729 4112 872 4177 Quia
909 4129 1042 4166 vero
1088 4112 1353 4166 omnibus
1381 4112 1566 4167 modis
1597 4113 1863 4168 obedien-

231 4209 368 4263 dum
398 4211 485 4262 est
518 4206 716 4279 pietati
737 4211 957 4275 vestrae,
981 4206 1529 4278 religiosissimaeque
1562 4208 1859 4274 voluntati,

229 4301 725 4357 constitutionibus
752 4300 1112 4372 synodalibus
1139 4317 1265 4372 quze
1296 4301 1439 4354 mihi
1470 4301 1538 4355 de
1560 4302 1859 4355 conﬁrma-

230 4397 388 4451 tione
424 4394 555 4450 ﬁdei
594 4394 905 4461 catholicze,
954 4399 1011 4450 et
1049 4391 1450 4449 haereticorum
1494 4394 1863 4449 damnatione

229 4493 584 4563 placuerunt,
615 4488 797 4543 libens
827 4488 1009 4558 adjeci
1039 4488 1383 4542 sententiam
1412 4505 1621 4543 meam.
1649 4489 1785 4552 Quae
1817 4489 1861 4542 si

1964 1576 2314 1647 professione
2348 1577 2625 1633 clarescit.
2652 1578 2811 1633 Unde
2850 1579 3179 1651 plenissimo
3220 1582 3427 1637 affectu
3456 1583 3594 1639 dile-

1964 1668 2213 1725 ctionem
2240 1672 2545 1726 orthodoxi
2573 1672 2769 1727 fratris
2802 1675 3136 1744 amplector,
3165 1680 3222 1730 et
3247 1677 3361 1731 Deo
3389 1678 3598 1749 gratias

1965 1779 2096 1835 ago,
2145 1765 2298 1835 quod
2343 1769 2539 1820 amoto
2589 1783 2657 1821 eo
2702 1766 2799 1837 qui
2841 1768 3148 1839 Evangelio
3186 1769 3395 1825 Christi
3420 1770 3595 1826 voluit

1963 1858 2278 1925 contraire,
2339 1863 2395 1913 et
2457 1877 2491 1913 a
2551 1864 2877 1916 sanctorum
2942 1864 3172 1920 Patrum
3226 1863 3597 1936 intelligentia

1963 1950 2278 2021 dissentire,
2332 1953 2507 2008 talem
2550 1954 2836 2025 prospexit
2891 1955 3285 2011 Alexandrina!
3337 1959 3594 2013 Ecclesiae

1964 2046 2313 2100 sacerdotem
2361 2047 2461 2118 qui
2511 2047 2963 2117 praecedentibus
3015 2050 3328 2104 rectoribus
3380 2055 3437 2105 et
3486 2052 3596 2107 ﬁde

1963 2139 2329 2194 concordaret
2355 2142 2412 2193 et
2437 2140 2571 2194 vita.
2604 2141 2744 2195 Nam
2766 2158 2896 2196 cum
2922 2144 3190 2215 amplecti
3213 2160 3272 2198 se
3301 2144 3595 2215 epistolam

1965 2248 2148 2286 meam
2180 2249 2354 2303 quam
2385 2233 2456 2288 ad
2492 2234 2674 2288 beatas
2706 2235 3003 2291 memoriae
3034 2238 3366 2293 Flavianum
3393 2245 3595 2294 contra

1964 2326 2239 2381 Eutichen
2290 2327 2534 2399 impium
2576 2328 2707 2383 misi
2745 2333 2867 2385 toto
2898 2331 3069 2386 corde
3095 2331 3414 2402 proﬁtetur,
3459 2334 3596 2406 quid

1965 2419 2116 2474 aliud
2158 2437 2328 2491 quam
2371 2423 2760 2492 apostolorum
2816 2440 2874 2477 se
2932 2424 3274 2495 discipulum
3326 2428 3594 2495 ostendit,

1963 2512 2231 2583 quoniam
2263 2514 2517 2569 doctrina
2539 2515 2790 2571 veritatis
2816 2517 2875 2571 in
2902 2518 3120 2572 lumine
3150 2535 3249 2573 suo
3276 2524 3592 2590 permanet,

1964 2610 2021 2660 et
2044 2624 2157 2661 non
2184 2610 2368 2678 potest
2388 2624 2509 2663 esse
2536 2608 2822 2664 diversum
2842 2610 2996 2682 quod
3015 2627 3196 2666 unum
3217 2615 3301 2667 est
3322 2616 3493 2685 atque
3516 2615 3597 2668 di-

1962 2701 2178 2755 vinum.
2210 2701 2486 2773 Rescripsi
2510 2702 2704 2775 itaque
2731 2703 3003 2775 praedicto
3032 2704 3197 2760 fratri
3222 2707 3374 2777 quod
3400 2707 3592 2775 debui,

1963 2797 2132 2865 atque
2162 2794 2222 2849 in
2248 2800 2442 2850 sancto
2466 2796 2652 2851 studio
2681 2799 2746 2851 ut
2764 2803 3149 2869 perseveraret
3177 2799 3470 2855 admonui.
3490 2801 3597 2866 Qui

1964 2888 2084 2942 sine
2147 2888 2319 2943 dubio
2365 2890 2713 2946 constantior
2760 2891 2898 2959 erit,
2952 2892 2999 2946 si
3053 2892 3226 2948 etiam
3274 2894 3595 2950 clementiae

1964 2986 2163 3037 vestrm
2221 2984 2709 3039 cohortationibus
2766 2986 3085 3057 adjuvetur,
3138 3003 3244 3042 nec
3293 2987 3353 3041 in
3407 2989 3597 3061 aliquo

1965 3093 2098 3131 eum
2146 3081 2358 3132 terreat
2405 3079 2787 3151 quorumdam
2835 3080 3101 3151 imperita
3149 3081 3421 3138 dissensio
3456 3101 3596 3156 quos

1963 3188 2280 3243 paucorum
2329 3172 2731 3227 haereticorum
2775 3173 3239 3245 instigationibus
3273 3177 3597 3249 ignorantia

1963 3266 2097 3319 facit
2144 3265 2436 3320 obnoxios.
2482 3266 2641 3330 Quod
2694 3284 2793 3321 sua
2846 3284 2983 3338 ergo
3029 3268 3327 3339 diligentia
3375 3271 3597 3343 assequi

1964 3365 2259 3430 nequeunt
2299 3364 2619 3431 opportune
2660 3377 2854 3415 eorum
2900 3361 3219 3417 insinuetur
3262 3364 3497 3432 auditui,
3542 3369 3597 3419 et

1964 3470 2035 3506 ne
2090 3458 2441 3507 memoratus
2486 3470 2633 3507 nova
2685 3453 2918 3519 inferre,
2972 3458 3028 3508 et
3072 3455 3300 3526 propria
3333 3456 3597 3512 videatur

1963 3550 2239 3613 astruere,
2267 3546 2681 3600 venerabilium
2716 3548 2950 3601 Patrum
2983 3548 3079 3619 qui
3111 3548 3294 3603 eidem
3332 3550 3592 3604 Ecclesiae

1966 3641 2337 3710 pret‘ucrunt,
2363 3639 2569 3711 scripta
2588 3640 2939 3712 relegantur,
2960 3646 3016 3696 et
3039 3640 3174 3713 quid
3202 3641 3401 3697 beatus
3426 3644 3593 3697 Atha-

1967 3735 2179 3798 nasius,
2212 3732 2347 3804 quid
2373 3733 2754 3805 Theophylus,
2796 3734 2931 3805 quid
2963 3735 3225 3807 Cyrillus,
3255 3735 3392 3807 quid
3421 3737 3592 3791 etiam

1964 3831 2264 3886 orientales
2316 3828 2571 3901 magistri
2624 3829 2694 3883 de
2750 3829 3139 3885 incarnatione
3194 3829 3420 3884 Domini
3473 3848 3596 3886 sen—

1962 3928 2122 3997 tiant,
2154 3927 2579 3997 recognoscant.
2608 3924 2720 3977 Nec
2745 3923 3221 3995 repullulantibus
3246 3924 3598 3996 decipiantur

1966 4022 2273 4089 erroribus,
2303 4020 2400 4092 qui
2428 4019 2565 4074 olim
2588 4017 2892 4089 evangelici
2926 4017 3207 4073 sermonis
3233 4022 3365 4073 sunt
3390 4019 3595 4075 virtute

1964 4115 2253 4188 prostrati.
2283 4113 2565 4179 Quoniam
2582 4129 2780 4167 omnes
2799 4112 2917 4166 fere
2943 4112 3190 4167 haereses
3218 4129 3344 4185 qua).
3364 4114 3594 4169 diversis

1966 4209 2322 4281 temporibus
2336 4207 2690 4270 exstiterunt,
2709 4205 2846 4259 dum
2866 4209 3286 4260 sacramentum
3308 4224 3594 4278 corporea:

1963 4301 2273 4357 nativitatis
2320 4304 2377 4354 et
2442 4298 2719 4370 passionis
2767 4314 2831 4351 ac
2883 4299 3308 4353 resurrectionis
3365 4300 3591 4367 Christi,

1963 4413 2077 4449 non
2106 4393 2434 4464 intelligunt
2474 4392 2545 4446 ab
2576 4390 2882 4460 Evangelia
2915 4390 3162 4444 deviare.
3205 4392 3271 4446 Et
3296 4407 3596 4461 possumus

1965 4490 2155 4543 minus
2199 4488 2456 4541 laborare
2496 4486 2555 4539 in
2595 4484 2877 4539 haereticis
2919 4484 3284 4555 repellendis,
3333 4484 3376 4538 si
3424 4486 3596 4540 rudes

227 4588 292 4639 ut
320 4585 375 4638 in
404 4582 672 4638 notitiam
703 4582 962 4636 omnium
994 4582 1348 4636 sacerdotum
1380 4582 1860 4653 ecclesiarumque
1881 4577 1941 4648 D
1964 4584 2183 4638 animos
2226 4582 2346 4652 ipsa
2400 4596 2516 4634 non
2564 4578 2865 4633 turbarent
2923 4577 3242 4645 mendacia,
3301 4594 3430 4650 quae
3474 4596 3598 4650 per-

230 4676 550 4749 perveniat,
608 4678 807 4729 vestrae
859 4676 1179 4730 clementiae
1232 4676 1539 4747 praeceptio
1599 4675 1862 4730 ordinare

227 4771 579 4843 dignabitur,
625 4769 932 4824 affuturam
975 4770 1141 4825 credo
1174 4774 1230 4823 et
1267 4787 1433 4841 spero
1469 4769 1715 4840 gratiam
1747 4769 1861 4835 Dei,

228 4883 356 4938 quae
385 4869 507 4920 tam
534 4866 786 4918 sanctam
827 4864 968 4919 tanti
1008 4863 1281 4934 principis
1310 4880 1503 4918 curam
1551 4862 1867 4934 plenissimi

231 4957 504 5014 desiderii
544 4957 632 5012 sui
676 4956 926 5011 fructum
973 4958 1141 5013 faciat
1183 4957 1462 5024 obtinere,
1516 4961 1578 5012 ut
1606 4958 1867 5012 omnibus

232 5051 602 5108 dissentiendi
668 5051 1055 5106 occasionibus
1126 5051 1432 5122 amputatis
1456 5091 1471 5117 ,
1547 5051 1869 5124 apostolicae

234 5147 445 5218 ubique
491 5145 768 5200 doctrinm
817 5148 873 5199 et
920 5162 1032 5217 pax
1086 5150 1309 5218 regnet,
1342 5151 1397 5200 et
1429 5145 1654 5200 veritas.
1689 5146 1867 5200 Fratri

232 5246 422 5296 autem
450 5256 584 5294 meo
611 5239 835 5294 Iuliano
862 5239 1124 5311 episcopo
1153 5239 1375 5294 noverit
1400 5243 1588 5294 vestra
1621 5240 1866 5295 clemen-

232 5335 305 5389 tia
349 5335 462 5389 hoc
510 5350 604 5389 me
649 5334 878 5406 proprie
906 5334 1220 5405 delegasse,
1249 5338 1313 5389 ut
1340 5333 1618 5405 quidquid
1654 5333 1768 5388 illic
1800 5333 1871 5389 ad

231 5427 549 5483 custodiam
594 5427 731 5483 ﬁdei
772 5428 1059 5499 pertinere
1094 5428 1432 5499 probaverit,
1472 5443 1600 5481 meo
1641 5427 1871 5481 nomine

234 5527 434 5578 vestrae
470 5521 808 5577 ﬁducialiter
831 5524 1104 5593 suggerat
1132 5522 1348 5593 pietati,
1382 5521 1657 5593 quoniam
1687 5524 1872 5576 certus

234 5632 360 5670 sum
385 5632 488 5670 vos
511 5614 582 5670 ad
624 5615 745 5670 haec
774 5615 969 5670 omnia
999 5615 1362 5670 emendanda
1392 5615 1480 5669 vel
1513 5614 1875 5671 defendenda

237 5711 351 5764 Deo
375 5708 709 5778 auxiliante,
741 5710 1024 5765 sufﬁcere.
1055 5710 1192 5764 Data
1232 5708 1568 5764 duodecimo
1599 5710 1875 5765 Kalendas

237 5803 465 5872 Aprilis,
539 5802 803 5875 Opilione
866 5803 987 5858 viro
1059 5802 1371 5858 clarissimo
1430 5804 1696 5865 consule.
1765 5819 1875 5857 trra

240 5912 477 5951 d‘tZCCXVl.

1964 4677 2103 4731 emit
2147 4674 2471 4746 antiquitas.
2536 4673 2646 4727 Sed
2691 4688 2862 4739 nunc,
2924 4675 2985 4725 ut
3037 4671 3173 4739 dixi,
3219 4670 3308 4726 hic
3353 4672 3596 4727 docendi

1966 4772 2211 4842 optimus
2252 4768 2457 4824 modus
2484 4772 2586 4832 est,
2631 4772 2693 4821 ut
2729 4770 3099 4837 paternorum
3144 4781 3414 4820 sensuum
3448 4766 3599 4821 linea

1966 4862 2361 4920 Alexandrinae
2390 4860 2570 4934 plebis
2599 4864 2657 4914 et
2682 4859 2814 4914 cleri
2843 4859 3075 4913 auribus
3100 4858 3436 4927 innotescat,
3467 4876 3531 4915 ac
3554 4860 3599 4914 si

1968 4958 2065 5029 qui
2105 4959 2236 5011 sunt
2278 4956 2376 5028 qui
2410 4960 2603 5009 nostra
2642 4953 2849 5023 scripta
2887 4951 3217 5023 despiciant,
3259 4952 3369 5006 illis
3399 4954 3599 5009 saltem
3644 4946 3649 4955 ’

1970 5052 2065 5123 qui
2110 5050 2403 5105 nobiscum
2449 5046 2768 5119 apostolicis
2812 5045 3070 5100 sensibus
3112 5050 3458 5117 congruunt,
3514 5066 3603 5103 ac-

1970 5145 2283 5217 quiescant.
2324 5146 2383 5197 ln
2414 5159 2527 5215 quo
2556 5157 2727 5213 opere
2757 5141 3001 5194 multum
3036 5140 3458 5197 consacerdotis
3488 5143 3599 5197 mei

1972 5238 2271 5294 devotione
2322 5236 2604 5308 gaudebo,
2653 5237 2709 5289 et
2753 5250 2978 5305 semper
3021 5234 3200 5306 ipsius
3230 5235 3603 5291 unanimitate

1969 5333 2224 5400 laetabor,
2258 5330 2392 5402 quia
2418 5330 2671 5384 fraterna
2700 5345 2807 5400 pax
2843 5327 3069 5383 nonnisi
3093 5345 3211 5384 una
3234 5329 3369 5385 ﬁdei
3394 5331 3606 5385 confes-

1969 5427 2125 5481 sione
2174 5427 2446 5480 servatur.
2512 5422 2652 5488 Quia
2693 5439 2825 5478 vero
2865 5423 3246 5493 quorumdam
3299 5424 3599 5479 haeretico-

1970 5536 2099 5573 rum
2146 5522 2370 5573 versuta
2418 5517 2671 5589 nequitia
2725 5516 2795 5571 ad
2855 5516 3311 5572 conturbandam
3365 5516 3604 5570 aliorum

1972 5612 2393 5686 simplicitatem
2422 5611 2718 5682 epistolam
2745 5627 2932 5667 meam
2960 5627 3136 5683 quam
3163 5610 3233 5664 ad
3265 5609 3449 5664 beatas
3479 5625 3601 5663 me-

1974 5707 2171 5762 moriae
2200 5704 2522 5760 Flavianum
2555 5704 2687 5760 dedi
2712 5704 2939 5759 falsasse
2973 5703 3325 5776 perhibetur,
3355 5704 3419 5755 ut
3443 5718 3603 5758 com-

1976 5799 2208 5856 mutatis
2224 5798 2464 5871 quibusd
2473 5814 2566 5853 am
2584 5797 2762 5853 verbis
2779 5798 2865 5851 vel
2878 5795 3125 5869 syllabis,
3140 5797 3496 5865 receptorem
3511 5812 3605 5851 me

1979 5893 2293 5951 Nestoriani
2330 5892 2538 5949 erroris
2585 5908 2918 5959 assererem,
2952 5888 3189 5944 obsecro
3220 5890 3607 5945 venerabilem
