4034 6304
450 319 544 374 811

1353 311 1635 367 ᾹΡΡΕΝΙ).
1677 309 1763 363 AD
1800 308 1961 362 SIEC.
1996 306 2083 360 IX.
2117 333 2186 345 --
2222 305 2461 361 ISIDORI
2494 262 2919 361 MERCitTORlS

3712 307 3821 361 842

449 421 817 481 clementiam
847 426 1113 488 vestram,
1143 423 1204 474 ut
1240 418 1508 473 eamdem
1537 416 1833 489 epistolam
1855 431 1957 486 per
1976 414 2084 468 fra-
2105 412 2289 500 Abus
2334 412 2731 468 Alexandriam
2771 411 3062 467 mitteritis
3104 413 3172 467 de
3215 428 3407 467 errore
3443 413 3819 480 removendo,

451 527 599 575 trem
626 536 818 574 meum
843 517 1131 572 lulianum
1161 513 1508 585 episc0pum,
1541 511 1631 565 vel
1663 527 1761 565 eos
1785 526 1927 581 quos
1952 508 2078 563 ido-

452 631 591 670 neos
614 614 685 667 ad
703 629 846 684 Opus
873 610 1052 682 pietas
1076 611 1265 662 vestra
1287 606 1582 677 delegerit,
1610 606 1669 659 in
1690 605 1949 659 Graecum
1972 619 2084 657 ser-

456 723 687 762 monem
718 703 968 777 jubeatis
1021 704 1244 772 integre
1284 700 1704 771 diligenterque
1750 698 2082 753 translatam

452 818 555 873 per
586 800 853 854 idoneum
879 798 1119 851 latorem
1150 795 1253 849 sub
1275 794 1445 849 vestri
1467 792 1741 864 signaculi
1764 791 2085 864 impressio-

457 913 527 950 ne
566 892 791 960 deferri,
841 890 1181 946 tradendam
1221 887 1511 959 jndicibus
1552 885 1956 941 Alexandrinis
1986 884 2083 957 qui

451 1004 581 1044 eam
607 987 773 1053 clero,
802 990 859 1040 et
878 983 1029 1055 plebi
1049 983 1229 1055 ipsius
1250 981 1507 1049 civitatis,
1530 996 1662 1036 cum
1681 979 2083 1051 praedictorum

454 1082 849 1154 episcoporum
892 1076 1415 1149 przedicationibus,
1457 1075 1554 1146 qui
1598 1080 1654 1130 et
1705 1091 1836 1128 meo
1877 1072 2085 1144 scripto

455 1175 816 1230 consentiunt
870 1173 1042 1228 faciat
1091 1169 1334 1238 recitari,
1390 1174 1455 1223 ut
1499 1173 1809 1239 agnoscant
1840 1184 1898 1221 se
1930 1167 2087 1221 falla-

454 1272 604 1324 cium
645 1267 950 1324 hominum
974 1265 1172 1321 fraude
1202 1263 1440 1318 ulterius
1466 1279 1584 1317 non
1623 1261 1839 1329 deberi,
1868 1266 1926 1315 et
1950 1276 2082 1332 pro-

454 1365 662 1418 bentur
690 1360 1013 1433 apostolicae
1040 1359 1196 1414 Sedis
1222 1357 1428 1412 sinceri
1468 1373 1589 1411 esse
1617 1354 1895 1426 discipuli,
1934 1354 2085 1425 apud

454 1474 628 1530 quam
684 1472 787 1511 nec
843 1454 1126 1522 Eutiches,
1176 1468 1281 1507 nec
1331 1450 1621 1506 Nestorius
1676 1449 1773 1503 ulli
1826 1448 2087 1503 obtinent

457 1554 663 1619 locum,
691 1549 826 1620 quia
852 1548 996 1603 sicut
1020 1546 1158 1602 alios
1179 1545 1473 1600 hazreticos
1500 1544 1579 1598 ita
1604 1547 1661 1598 et
1688 1542 1822 1597 istos
1845 1542 2087 1599 Ecclesia

456 1643 793 1700 universalis
835 1640 1143 1696 damnavit.
1181 1641 1321 1694 Data
1366 1655 1419 1692 vi
1469 1638 1600 1694 ldus
1640 1637 1839 1703 Martii,
1880 1636 2002 1691 Etio
2032 1642 2089 1690 et

455 1737 652 1792 Sludio
687 1736 819 1790 viris
858 1732 1185 1789 clarissimis
1227 1749 1379 1787 cons.
1413 1748 1526 1787 aera
1567 1747 1688 1787 cccc
1715 1729 2088 1802 nonagesima

456 1830 724 1886 secunda.

1033 1911 1245 1964 XXXIII.
1269 1941 1337 1950 —
1368 1909 1461 1964 Ad
1480 1909 1738 1964 eumdem.

532 2021 639 2072 Leo
663 2016 956 2088 episcopus
979 2014 1261 2070 MARTIANO
1283 2015 1560 2084 Augusto.

531 2111 695 2176 Quod
722 2109 1028 2182 saepissime
1060 2124 1164 2180 per
1188 2106 1368 2162 multa
1386 2106 1506 2177 jam
1536 2104 1927 2176 experimenta
1965 2120 2090 2158 san-

457 2212 611 2260 ctum
642 2203 866 2276 pietatis
895 2206 1099 2257 vestrae
1118 2201 1372 2256 studium
1401 2200 1545 2255 circa
1576 2199 1916 2270 religionem
1935 2196 2089 2252 Chri-

389 2366 398 2375 .
458 2300 700 2353 stianam
730 2295 987 2370 gloriosis
1014 2298 1340 2366 perseverat
1360 2297 1418 2348 et
1447 2292 1647 2347 crescit
1673 2290 2013 2363 augmentis,
2033 2294 2091 2344 et

458 2393 582 2446 lucc
626 2391 767 2446 tides
812 2394 1012 2444 vestra:
1040 2388 1360 2443 clementiae
1402 2403 1517 2442 non
1545 2387 1727 2441 solum
1758 2402 1871 2454 me,
1904 2384 2003 2438 sed
2032 2387 2090 2438 et

458 2503 658 2541 omnes
683 2484 908 2539 Domini
928 2483 1244 2538 sacerdotes
1265 2481 1585 2537 consolatur
1601 2483 1658 2534 et
1679 2479 1928 2547 roborat,
1952 2479 2089 2533 dum

460 2580 519 2634 in
545 2577 1029 2636 Christianissimo
1055 2575 1311 2649 principe
1337 2574 1746 2629 sacerdotalem
1768 2572 2093 2644 experimur

456 2674 742 2729 affectum.
780 2673 957 2736 Quem
988 2671 1034 2724 si
1081 2670 1444 2725 orientalium
1476 2668 1730 2741 partium
1770 2667 2091 2721 sacerdotes

454 2766 724 2823 studeant
774 2764 1000 2832 imitari,
1056 2763 1200 2819 nihil
1255 2763 1679 2829 scandalorum,
1727 2777 1914 2832 neque
1957 2776 2087 2831 pax,

456 2876 645 2932 neque
670 2859 813 2913 ﬁdes
839 2857 1159 2914 Christiana
1190 2857 1458 2928 patietur.
1488 2856 1649 2910 Unde
1676 2871 1807 2909 cum
1827 2855 2093 2910 Constan—

455 2952 869 3023 tinopolitanus
884 2951 1182 3021 episcopus
1195 2951 1264 3004 ad
1283 2966 1517 3004 omnem
1534 2949 1757 3020 pietatis
1772 2948 2092 3019 profectum

454 3044 728 3118 praesenti
745 3043 1062 3099 clementia:
1082 3046 1283 3097 vestrae
1301 3043 1569 3097 doceatur
1588 3043 1872 3113 exemplo,
1896 3042 1942 3095 si
1961 3041 2093 3096 ﬁde-

2183 523 2353 578 quem
2384 511 2591 562 sanctae
2616 506 2908 561 memoriae
2928 506 3228 578 Theophili
3250 506 3575 562 constitutio
3592 506 3826 562 videtur

2182 600 2411 667 inferre,
2441 601 2509 654 de
2539 617 2651 672 qua
2671 617 2733 654 re
2761 601 2905 655 sicut
2926 600 3172 656 scribere
3196 600 3515 672 dignamini
3542 600 3822 673 quidquid

2183 694 2256 749 ad
2286 694 2514 766 pietatis
2542 697 2740 749 vestras
2772 694 3035 749 notitiam
3067 694 3353 766 perlatum
3384 693 3579 759 fuerit,
3613 693 3824 765 jubere

2184 804 2279 842 me
2305 804 2493 857 nosse,
2524 793 2585 843 ut
2606 789 2676 843 de
2702 787 3063 843 observantia
3089 804 3261 859 quam
3285 804 3401 842 non
3428 787 3557 843 licet
3579 804 3701 843 esse
3729 787 3821 843 di-

2183 898 2426 950 versam,
2459 881 2597 953 quid
2624 882 2984 953 potissimum
3008 882 3078 936 sit
3096 882 3407 937 tenendum
3430 882 3675 937 Ecclesia
3693 882 3827 936 uni-

2182 974 2414 1030 versalis
2428 979 2718 1046 agnoscat.
2734 977 2938 1030 Precor
2954 978 3150 1030 autem
3174 975 3331 1046 quod
3350 980 3547 1031 vestrae
3559 975 3691 1030 novi
3710 976 3827 1029 cle-

2184 1069 2417 1124 mentize
2452 1069 2781 1137 convenire,
2811 1073 2875 1123 ut
2910 1086 3005 1124 eos
3040 1068 3292 1124 maxime
3314 1070 3593 1124 tueamini
3622 1073 3823 1126 contra

2185 1179 2382 1217 omnes
2413 1162 2648 1219 insidias
2690 1180 2830 1235 quos
2872 1163 3012 1218 mihi
3067 1166 3125 1218 et
3161 1169 3362 1218 vestra:
3394 1162 3824 1218 mansuetudini

2186 1261 2420 1327 propter
2448 1274 2709 1311 amorem
2730 1257 2824 1311 Dei
2855 1257 3077 1328 placere
3099 1256 3458 1328 cognoscitis,
3482 1262 3545 1311 ut
3559 1274 3653 1311 eos
3675 1258 3826 1312 Con.-

2186 1350 2728 1422 stantinopolitanus
2754 1350 3050 1423 episcopus
3076 1350 3319 1406 laedendi
3360 1367 3473 1406 non
3510 1350 3719 1405 habeat
3744 1350 3827 1405 fa-

2187 1445 2480 1500 cultatem.
2511 1447 2647 1499 Data
2666 1462 2775 1501 xvn
2793 1446 3028 1501 Kalend.
3048 1444 3193 1514 Maii,
3221 1444 3345 1500 Etio
3366 1447 3423 1498 et
3444 1444 3666 1512 Studio,
3685 1444 3824 1499 viris

2186 1538 2543 1593 clarisssimis
2571 1539 2918 1606 consulibus,
2948 1555 3065 1593 aera
3092 1555 3207 1610 qua
3233 1555 3424 1609 supra.

2331 1634 2542 1687 XXXIV.
2568 1664 2633 1673 —-
2650 1634 2743 1689 Ad
2768 1634 3051 1689 Iulianum
3077 1635 3392 1704 episcopum»
3410 1635 3674 1691 Coensem.

2260 1728 2366 1781 Leo
2392 1726 2618 1781 .IULIANO
2650 1725 2917 1797 episcopo
2942 1725 3140 1781 Coensi
3169 1725 3239 1781 de
3260 1725 3386 1780 Etio
3415 1729 3472 1780 et
3500 1726 3747 1781 Andrea.

2107 1807 2165 1879 B
2261 1818 2480 1891 Agnovi
2515 1819 2575 1874 in
2617 1819 2935 1875 dilectionis
2972 1822 3085 1874 tuas
3114 1819 3315 1875 litteris
3339 1819 3608 1874 fraterna:
3633 1819 3824 1874 chari-

2186 1913 2320 1968 tatis
2363 1913 2626 1969 affectum
2672 1913 2826 1986 quod
2874 1914 2943 1968 de
2986 1913 3179 1968 multis
3214 1912 3382 1968 malis
3409 1929 3539 1984 qua:
3566 1914 3746 1968 multa
3768 1917 3827 1969 et

2188 2024 2337 2062 saeva
2374 2008 2731 2079 pertulimus,
2760 2007 2853 2079 pio
2879 2007 3176 2062 nobiscum
3202 2007 3397 2063 dolore
3437 2008 3823 2078 compatieris.

2188 2101 2299 2157 Sed
2320 2101 2441 2156 hmc
2468 2118 2595 2173 quia
2623 2101 2850 2173 perpeti
2880 2118 2979 2155 nos
3011 2100 3281 2156 Dominus
3305 2104 3403 2155 aut
3421 2101 3698 2171 permisit,
3726 2105 3832 2156 aut

2189 2195 2368 2249 voluit
2408 2196 2479 2250 ad
2519 2196 2931 2251 correctionem
2975 2194 3277 2266 proﬁciant
3306 2195 3640 2263 multorum,
3678 2198 3738 2249 et
3762 2199 3832 2249 ut

2191 2292 2453 2349 desinant
2527 2288 2923 2356 adversitates,
3000 2288 3271 2343 ﬁniantur
3330 2288 3582 2343 oifensae.
3662 2288 3831 2353 Quod

2188 2392 2498 2456 utrumque
2514 2384 2586 2437 de
2608 2400 2818 2454 magna
2837 2383 2945 2437 erit
2958 2382 3349 2437 misericordia
3363 2383 3480 2450 Dei,
3501 2383 3546 2437 si
3560 2386 3618 2437 et
3632 2382 3832 2455 ﬂagel-

2191 2482 2245 2534 la
2270 2481 2581 2543 removeat,
2616 2480 2672 2531 et
2700 2477 2772 2530 ad
2794 2492 2851 2530 se
2879 2493 3111 2531 suorum
3138 2475 3311 2530 corda
3338 2479 3643 2531 convertat.
3671 2477 3833 2533 Sicut

2192 2578 2383 2628 autem
2404 2570 2821 2626 fraternitatem
2841 2587 2905 2625 ea
2919 2587 3045 2642 quae
3068 2570 3220 2641 apud
3238 2587 3342 2625 nos
3360 2569 3487 2639 fuit,
3511 2571 3834 2627 constrista—

2191 2667 2270 2722 vit
2294 2666 2597 2732 hostilitas,
2629 2664 2707 2718 ita
2734 2681 2827 2719 me
2859 2664 3093 2718 anxium
3123 2664 3257 2719 facit
3285 2664 3439 2735 quod
3462 2664 3521 2718 in
3546 2666 3829 2721 Constan-

2193 2759 2569 2831 tinopolitana
2596 2757 2855 2823 Ecclesia,
2887 2762 3171 2829 quantum
3199 2762 3314 2812 tuae
3333 2757 3587 2813 indicant
3602 2758 3830 2828 litteras,

2192 2854 2594 2910 haereticorum
2608 2851 2829 2906 insidiae
2855 2868 2973 2906 non
2991 2851 3305 2922 quiescunt,
3329 2856 3387 2906 et
3408 2852 3661 2923 quaesitis
3676 2868 3836 2908 occa-

2194 2948 2447 3003 sionibus
2496 2945 2555 2999 hi
2598 2945 2696 3017 qui
2752 2945 3048 3000 catholicae
3102 2945 3237 3000 ﬁdei
3287 2944 3616 3001 defensores
3666 2947 3835 3003 fuere

2192 3046 2491 3096 vexantur.
2521 3040 2659 3094 Nam
2685 3039 2821 3093 dum
2853 3038 3009 3093 Etius
3041 3038 3113 3093 ab
3144 3038 3328 3093 officio
3347 3039 3835 3096 archidiaconatus

458 3141 589 3195 liter
618 3138 816 3193 vestris
842 3137 1164 3209 acquiescat
1193 3136 1532 3204 hortatibus,
1563 3136 1731 3191 habet
1754 3136 1815 3190 in
1849 3152 1942 3189 me
1973 3136 2087 3189 sin-
2112 3180 2167 3252 Ο
2193 3153 2294 3208 per
2315 3133 2561 3206 speciem
2586 3132 2961 3204 provectionis
2987 3134 3301 3202 amovetur,
3331 3135 3389 3188 et
3412 3132 3685 3189 in'locum
3706 3134 3837 3206 ejus

503 3250 595 3252 ,ἀμ
642 3232 821 3252 _,-_1:-
859 3231 1106 3252 -__1.--_-._-
1165 3235 1350 3252 .l-_---_-
1382 3235 1445 3252 --ι
1475 3230 1617 3252 __--.'I
1650 3230 1832 3252 _--_.‘L:-
1856 3229 2091 3252 -_-.-.I..L
2206 3230 2439 3252 A_-J..-..-
2483 3226 2574 3252 ρ...εέ
2625 3227 2690 3252 ,ιιι
2725 3226 3120 3252 ιωκηιε-........υι
3149 3226 3481 3252 ’-ΑηζΑιΑιΑ-ν.
3511 3227 3694 3252 ἓ.-Α....Ι.
3727 3228 3795 3252 ,1.

458 3250 605 3289 certe
632 3232 827 3304 gratia:
854 3231 1133 3300 animum,
1165 3235 1357 3285 tamen
1382 3235 1447 3285 ut
1469 3230 1622 3302 quod
1650 3230 1835 3284 verbis
1855 3229 2094 3301 spondet

458 3327 632 3382 corde
678 3325 952 3397 perﬁciat.
999 3324 1053 3381 Si
1096 3341 1231 3380 vero
1259 3341 1388 3396 quae
1433 3326 1545 3379 Deo
1572 3329 1630 3380 et
1672 3323 1867 3396 pietati
1896 3328 2094 3379 vestrae

457 3421 757 3492 displicent
783 3419 1062 3491 pertinaci
1090 3419 1405 3474 intentione
1432 3418 1712 3490 delegerit
1737 3419 1888 3473 salva
1926 3435 2092 3473 man-

460 3513 774 3570 suetudinis
789 3516 989 3568 vestrae
1009 3512 1327 3568 reverentia
1341 3516 1470 3567 utar
1482 3530 1612 3568 cum
1627 3513 1906 3581 omnibus,
1922 3516 1979 3566 et
1989 3529 2093 3583 pro

458 3609 724 3663 omnibus
750 3608 906 3663 vobis
925 3624 1153 3679 quoque
1174 3606 1564 3662 adnitentibus
1586 3606 1884 3662 adversum
1904 3622 2097 3677 super-

456 3702 710 3758 bientem
755 3701 1023 3756 liberiore
1068 3701 1381 3756 constantia
1422 3716 1615 3772 quem,
1648 3701 1800 3772 quod
1831 3716 1981 3771 saepe
2007 3700 2093 3754 di-

459 3796 708 3852 cendum
752 3799 855 3863 est,
910 3795 1136 3849 mallem
1187 3810 1293 3865 pro
1334 3794 1541 3848 sanctis
1579 3793 1794 3848 actibus
1841 3795 2096 3848 fraterna

460 3889 741 3944 charitate
769 3888 1086 3959 complecti,
1123 3887 1532 3959 gloriosissime
1574 3889 1901 3958 imperator.
1956 3887 2097 3951 Quia

462 3998 598 4036 vero
630 3979 1030 4052 suggestiones
1061 3996 1214 4035 meas
1234 3998 1338 4052 pro
1366 3980 1775 4051 tranquillitate
1803 3980 2095 4035 catholicae

462 4074 594 4129 ﬁdei
623 4074 869 4129 libenter
895 4074 1208 4145 accepistis,
1238 4075 1621 4146 significatum
1654 4073 1795 4127 mihi
1829 4074 2015 4128 fratris
2041 4079 2098 4129 et

463 4168 780 4241 coepiscopi
810 4168 926 4223 mei
951 4167 1150 4223 Juliani
1179 4184 1505 4223 sermonem
1546 4168 1888 4239 cognoscite,
1937 4168 2093 4223 Euti-

462 4264 605 4318 chen
635 4262 879 4335 impium
905 4279 1010 4334 pro
1038 4262 1153 4317 suis
1179 4263 1413 4335 quidem
1445 4262 1665 4317 meritis
1692 4263 1964 4329 exsulare,
1997 4262 2097 4317 sed

464 4360 523 4414 in
550 4359 672 4431 ipso
698 4374 813 4412 suae
848 4358 1233 4429 damnationis
1265 4358 1392 4412 loco
1436 4358 1617 4411 multa
1657 4357 1920 4412 adversus
1946 4355 2094 4410 inte-

469 4453 736 4525 gritatem
762 4452 1096 4507 catholicam
1118 4450 1600 4523 blasphemiarum
1633 4450 1987 4523 desperatius
2007 4467 2098 4505 ve-

2194 3230 2442 3286 Andreas
2479 3226 2579 3299 qui
2621 3227 2693 3282 ob
2724 3226 3125 3282 haereticorum
3148 3226 3486 3297 :societatem
3509 3227 3697 3283 fuerat
3724 3228 3830 3282 ab-

2187 3324 2374 3396 jectus
2399 3320 2724 3387 assumitur,
2755 3321 2893 3376 dum
2919 3320 3102 3376 beataa
3128 3320 3427 3376 memorim
3453 3321 3704 3376 Flaviani
3730 3339 3832 3377 ac-

2195 3416 2546 3473 cusatoribus
2568 3415 2757 3471 honor
2786 3414 3063 3483 redditur,
3106 3418 3165 3468 et
3204 3413 3446 3486 piissimi
3487 3416 3837 3472 confessoris

2195 3511 2513 3584 participes,
2544 3512 2644 3564 aut
2679 3508 2943 3581 discipuli
2981 3511 3376 3577 conteruntur,
3421 3508 3589 3565 nimis
3631 3515 3837 3581 aperte

2196 3605 2526 3678 quiChristo
2548 3603 2811 3659 Ecclesia
2831 3602 3006 3673 ipsius
3026 3602 3270 3674 placeat,
3300 3602 3740 3659 demonstratur.
3770 3606 3833 3660 In

2198 3715 2369 3772 quem
2394 3715 2497 3770 pro
2520 3714 2701 3753 causa:
2727 3696 2934 3752 merito
2965 3696 3166 3751 differo
3196 3696 3561 3753 commoveri.
3593 3698 3664 3752 Et
3687 3698 3837 3771 quid

2197 3793 2317 3865 ipse
2346 3808 2574 3848 mecum
2601 3790 2987 3862 suisZepistolis
3009 3793 3164 3862 agat,
3192 3807 3333 3862 quas
3360 3790 3669 3846 missurum
3694 3807 3835 3848 eum

2196 3887 2343 3941 filius
2383 3888 2578 3940 noster
2618 3884 2772 3941 Etius
2809 3884 3098 3954 indicavit,
3143 3890 3426 3956 exspecto,
3471 3885 3612 3941 dans
3638 3886 3838 3943 locum

2195 3979 2527 4035 voluntaria:
2560 3978 2969 4047 emendationi,
3016 3995 3132 4050 qua
3157 3978 3409 4035 dolorem
3438 3996 3632 4035 meum
3660 3981 3837 4052 cupio

2197 4072 2468 4144 mitigari.
2498 4071 2948 4127 Clementissimo
2978 4075 3172 4128 tamen
3200 4071 3444 4144 principi
3476 4076 3535 4129 et
3562 4074 3836 4145 piissimae

2196 4170 2467 4240 Augustae
2497 4166 2565 4221 de
2592 4166 2680 4221 his
2709 4183 2838 4239 quae
2867 4166 2939 4221 ad
2969 4165 3283 4222 custodiam
3307 4166 3461 4237 pacis
3491 4167 3837 4225 ecclesiasti-

2197 4279 2275 4316 cae
2300 4261 2606 4332 pertinent,
2634 4260 2849 4332 scripsi,
2883 4277 3029 4331 quos
3060 4260 3359 4316 devotione
3388 4278 3504 4315 suae
3543 4261 3677 4317 ﬁdei
3703 4280 3841 4334 pro-

2197 4355 2415 4411 visuros
2452 4371 2571 4411 esse
2615 4371 2731 4409 non
2766 4354 2987 4424 dubito,
3036 4371 3108 4409 ne
3147 4357 3345 4410 contra
3377 4355 3621 4426 gloriam
3644 4358 3841 4427 operis

2198 4451 2453 4521 ipsorum
2495 4449 2765 4504 damnata
2801 4448 3032 4503 haeresis
3071 4452 3243 4519 queat
3269 4450 3566 4520 pullulare.
3600 4450 3843 4505 Studeat

466 4564 614 4602 nena
638 4546 1001 4618 profundere,
1031 4549 1088 4601 et
1116 4531 1268 4618 quod
1295 4545 1353 4600 in
1384 4545 1482 4600 illo
1503 4549 1656 4601 totus
1688 4545 1935 4599 mundus
1963 4546 2095 4599 hor-
2118 4554 2176 4627 D
2202 4561 2338 4615 ergo
2375 4542 2595 4599 dilectio
2631 4548 2750 4611 tua,
2783 4542 2960 4597 frater
2986 4543 3336 4610 charissima,
3369 4543 3519 4614 piam
3551 4548 3607 4598 et
3632 4560 3839 4598 neces-

461 4642 594 4709 ruit,
618 4645 787 4713 atque
811 4639 1101 4695 damnavit
1117 4639 1475 4711 impudentia
1488 4640 1729 4711 majore,
1754 4639 2101 4694 utinnocen-

463 4740 546 4789 tes
578 4734 837 4805 decipere
870 4734 1064 4805 possit,
1092 4750 1375 4788 evomere.
1402 4733 1632 4788 Plenum
1657 4734 1843 4804 itaque
1865 4732 2099 4787 rationis

464 4828 707 4894 zestimo,
748 4834 814 4882 ut
856 4832 1043 4881 vestra
1082 4827 1387 4881 clementia
1429 4827 1499 4881 ad
1529 4826 1934 4899 longinquiora
1965 4843 2097 4881 eum

454 4922 673 4989 jubeat,
701 4925 757 4974 et
783 4920 1090 4975 secretiora
1111 4920 1431 4975 transferri.
1459 4920 1793 4976 Monasterio
1821 4936 1953 4973 vero
1981 4919 2100 4989 ejus

461 5013 959 5085 Constantinopoli
987 5013 1291 5069 constituto
1321 5015 1382 5069 in
1408 5031 1522 5086 quo
1551 5014 1899 5068 habitatores
1926 5012 2101 5081 ipsius

462 5107 733 5162 monachi
764 5108 1090 5179 evangelica
1118 5108 1541 5180 apostolicaque
1568 5106 1819 5162 doctrina
1848 5105 2099 5160 crebrius

462 5206 615 5268 sunt,
659 5206 716 5255 et
760 5202 982 5272 plenius
1034 5203 1357 5269 roborandi,
1388 5201 1711 5268 salubriter,
1738 5205 1805 5255 ut
1831 5199 2095 5271 arbitror,

466 5297 580 5365 liet,
626 5295 673 5349 si
710 5294 756 5349 is
796 5297 893 5367 qui
930 5297 1039 5369 ipsi
1069 5296 1415 5351 monasterio
1442 5294 1781 5366 praepositus
1812 5310 1932 5348 esse
1958 5294 2095 5348 dici-

462 5394 575 5456 tur,
621 5406 653 5443 a
692 5389 956 5446 societate
996 5390 1348 5446 veneratoris
1391 5388 1559 5443 vestri
1596 5388 1797 5442 Juliani
1850 5387 2099 5459 episcopi

463 5500 637 5555 quem
662 5484 722 5538 in
756 5485 1000 5556 speculis
1030 5489 1265 5555 propter
1292 5482 1463 5537 ﬁdem
1500 5482 1614 5536 illic
1651 5499 1770 5537 esse
1807 5482 2095 5550 constitui,

465 5595 580 5633 non
608 5578 853 5645 recedat,
878 5579 1039 5649 cujus
1068 5578 1287 5632 assidua
1320 5575 1638 5632 visitatione
1671 5577 1960 5649 profectus
1986 5594 2099 5631 ser-

460 5688 661 5726 vorum
691 5671 793 5727 Dei
823 5671 935 5726 illic
978 5670 1365 5726 habitantium
1392 5672 1567 5743 possit
1602 5672 1820 5745 augeri.
1874 5670 2101 5727 Petitio-

460 5780 595 5818 nem
625 5769 816 5819 autem
845 5764 914 5820 de
952 5763 1253 5820 festivitate
1293 5766 1543 5820 Paschali
1572 5767 1811 5837 gaudeo,
1842 5764 1918 5821 ita
1940 5782 1973 5819 a
2000 5782 2094 5819 ve-

461 5861 571 5907 stra
591 5855 797 5924 pietate
820 5860 1162 5929 susceptam,
1195 5862 1255 5913 ut
1277 5859 1574 5914 confestim
1597 5864 1893 5931 argentem
1924 5858 1982 5912 in
2007 5875 2094 5913 re-

2200 4638 2410 4692 sariam
2442 4653 2638 4691 curam
2677 4636 3040 4691 sollicitudini
3068 4637 3387 4707 apostolicae
3420 4637 3581 4693 Sedis
3604 4636 3838 4710 impen-

2201 4732 2354 4799 dere,
2395 4748 2524 4803 quaa
2568 4729 2672 4785 tibi
2722 4729 2877 4801 apud
2923 4746 2981 4783 se
3022 4730 3238 4785 nutrito
3269 4730 3602 4785 catholicam
3633 4736 3843 4787 contra

2201 4823 2564 4879 Nestorianos
2591 4825 2650 4877 et
2673 4821 3039 4877 Eutichianos
3076 4822 3374 4879 haereticos
3394 4822 3673 4879 actionem
3707 4841 3838 4880 ma~

2204 4921 2363 4972 terno
2380 4918 2511 4989 jure
2543 4917 2927 4983 commendat,
2959 4920 3021 4971 ut
3041 4916 3233 4972 divino
3254 4917 3429 4972 fultus
3453 4917 3683 4984 auxilio,
3715 4935 3845 4990 spe-

2201 5011 2379 5066 culari
2398 5011 2468 5066 de
2491 5010 3140 5082 Constantinopolitanae
3156 5011 3313 5066 urbis
3334 5012 3761 5083 opportunitate
3779 5020 3847 5069 ut

2199 5123 2315 5159 non
2347 5105 2592 5174 desinas,
2632 5104 3043 5175 praedictorum
3077 5105 3418 5176 dogmatum
3448 5105 3664 5177 impius
3684 5124 3841 5162 nun-

2200 5216 2369 5271 quam
2397 5199 2567 5253 turbo
2593 5201 2915 5270 consurgat.
2936 5200 3005 5253 Et
3024 5200 3160 5270 quia
3179 5202 3338 5254 tanta
3356 5203 3441 5253 est
3458 5199 3844 5271 gloriosorum

2200 5292 2524 5364 principum
2562 5292 2883 5361 clementia,
2915 5296 2978 5347 ut
3003 5293 3356 5349 conﬁdenter
3386 5293 3466 5348 eis
3494 5294 3673 5365 possis
3708 5312 3844 5366 qua:

2200 5392 2329 5441 sunt
2356 5386 2703 5441 insinuanda
2730 5402 3057 5458 suggerere,
3081 5387 3295 5458 pietate
3312 5386 3570 5458 ipsorum
3595 5387 3671 5443 ad
3693 5389 3846 5444 utili-

2198 5484 2375 5535 tatem
2400 5480 2663 5535 Ecclesiae
2692 5480 3026 5535 universalis
3052 5481 3253 5536 utaris.
3281 5481 3618 5537 Consulente
3641 5488 3843 5539 autem

2199 5577 2495 5632 dilectione
2520 5582 2617 5631 tua
2659 5577 2729 5632 de
2776 5576 2862 5630 his
2900 5576 2959 5631 in
2988 5574 3195 5648 quibus
3227 5577 3512 5649 putaveris
3537 5578 3839 5650 ambigen-

2198 5670 2355 5739 dum,
2386 5687 2504 5726 non
2533 5670 2717 5726 deerit
2738 5670 3109 5726 relationibus
3138 5670 3250 5725 tuis
3280 5687 3428 5726 mea:
3452 5672 3844 5743 responsionis

2199 5764 2510 5832 instructio,
2539 5767 2985 5835 utsequestrata
3017 5781 3213 5820 earum
3234 5765 3476 5833 actione,
3507 5781 3689 5821 causa
3705 5782 3839 5838 qua:

2200 5857 2255 5910 in
2285 5857 2715 5930 quibuscunque
2742 5857 2990 5912 ecclesiis
3010 5859 3320 5929 praesulnm
3355 5875 3590 5914 suorum
3623 5860 3841 5917 debent
