4034 6346
215 311 325 364 813

1480 311 1953 371 DECRETALIUM
1991 316 2380 375 COLLECTIO.

3495 320 3598 374 814

217 417 566 489 cognitione
591 417 828 485 ﬁrmari,
852 419 958 473 hac
991 419 1220 490 speciali
1250 436 1385 474 cura
1409 420 1530 477 vice
1553 438 1680 477 mea
1702 423 1864 478 func~
1887 434 1946 509 Α
1967 425 2216 480 codicem
2242 425 2507 481 universa
2532 425 2704 481 facias
2728 427 3072 498 congregari
3097 427 3156 484 in
3185 425 3447 482 Latinum
3476 443 3595 482 ser-

218 517 312 568 tus
345 514 552 580 utaris,
583 529 655 568 ne
699 513 930 568 hmresis
967 513 1303 569 Nestoriana
1330 515 1416 570 vel
1448 516 1774 572 Euticbiana
1807 518 1867 572 in

217 607 423 679 aliqua
450 611 615 679 parte
645 608 964 676 revirescat,
990 608 1126 679 quia
1155 609 1214 663 in
1247 609 1513 681 episcopo
1549 611 1866 666 Constanti-

219 701 566 772 nopolitano
584 702 893 757 catholicus
912 703 1077 773 vigor
1101 719 1214 756 non
1237 706 1339 769 est,
1366 720 1468 757 nec
1497 705 1742 759 multum
1769 709 1867 760 aut

217 813 327 866 pro
353 801 716 851 sacramento
737 797 936 852 salutis
957 798 1246 865 humanm,
1269 803 1366 852 aut
1382 814 1484 869 pro
1505 815 1603 852 sua
1619 804 1703 854 est
1723 799 1866 853 msti-

219 891 488 944 matione
513 891 801 946 sollicitus.
832 893 972 946 Cum
1002 891 1046 944 si
1088 891 1226 962 quid
1251 891 1334 946 illi
1367 892 1576 947 inesset
1607 893 1865 964 spiritua-

222 986 291 1040 lis
322 985 651 1055 industrim,
695 986 775 1040 ita
815 991 870 1040 et
910 1004 942 1039 a
989 985 1195 1057 quibus
1235 985 1534 1040 ordinatus
1561 987 1650 1054 sit,
1685 991 1740 1041 et
1773 989 1864 1042 cui

222 1081 346 1135 viro
381 1080 735 1148 successerit,
768 1080 1012 1150 cogitare
1043 1079 1296 1147 deberet,
1328 1085 1389 1135 ut
1426 1080 1604 1152 magis
1634 1081 1864 1136 beatum

222 1176 566 1229 Flavianum
607 1191 780 1246 quam
821 1174 909 1229 sui
946 1173 1178 1228 honoris
1216 1180 1554 1246 sequeretur
1579 1179 1860 1230 auctores.

221 1272 290 1324 Et
343 1269 476 1324 ideo
521 1286 654 1324 cum
693 1267 930 1341 piissimi
957 1268 1242 1340 principes
1268 1269 1583 1324 secundum
1611 1269 1864 1323 obsecra-

221 1365 410 1419 tiones
443 1381 606 1418 meas
643 1363 860 1435 dignati
889 1363 1120 1418 fuerunt
1157 1363 1391 1418 fratrem
1439 1363 1768 1418 Anatolium
1795 1363 1863 1418 de

219 1459 310 1514 his
343 1475 476 1530 qum
508 1457 717 1512 merito
748 1458 806 1512 in
833 1457 1125 1528 querelam
1174 1456 1410 1511 veniunt
1445 1457 1756 1529 increpare,
1789 1457 1864 1512 vi.

224 1559 357 1624 geat
381 1552 629 1608 Charitas
659 1556 757 1607 tua
773 1551 1064 1623 diligentia
1084 1568 1204 1618 sua,
1227 1555 1292 1605 ut
1309 1551 1576 1606 universa
1601 1551 1864 1606 scandala

220 1647 489 1702 adhibita
512 1646 843 1717 plenissima
880 1645 1234 1701 correctione
1272 1650 1658 1713 recensentur,
1678 1650 1733 1700 et
1750 1663 1783 1700 a
1804 1646 1863 1700 ﬁ-

223 1740 490 1810 liifnostri
521 1757 587 1795 ac
611 1743 711 1794 tua
738 1744 918 1794 cesset
948 1739 1177 1810 injuria.
1206 1740 1343 1793 Nam
1362 1740 1512 1810 apud
1526 1739 1863 1795 catholicum

1966 535 2198 574 monem
2241 519 2662 575 absolutissima
2700 519 3177 592 interpretatione
3209 521 3502 588 translata,
3536 525 3599 575 ut

1965 613 2026 666 in
2070 614 2223 667 nulla
2252 616 2414 684 parte
2459 614 2754 669 actionum
2782 614 3043 669 dubitare
3070 615 3377 686 possimus,
3409 631 3598 687 neque

1966 706 2081 760 ullo
2109 707 2283 762 modo
2315 725 2434 762 esse
2463 709 2640 779 possit
2676 709 3012 780 ambiguum
3055 709 3206 780 quod
3247 709 3319 763 ad
3367 709 3598 780 plenam

1964 799 2402 872 intelligentiam
2443 806 2497 856 te
2539 802 2710 856 fuerit
2752 802 3015 857 studente
3061 802 3423 874 perductum.
3457 803 3597 857 Data

1965 910 1998 945 v
2024 894 2154 950 ldus
2186 896 2384 962 Martii,
2414 895 2668 967 Opilione
2695 896 2815 950 viro
2841 895 3154 951 clarissimo
3181 896 3435 952 consule.

2303 990 2492 1043 XXXV.
2523 1022 2590 1029 —
2624 990 2711 1045 Ad
2747 993 3083 1046 Martianum
3119 991 3266 1060 Aug.

2036 1084 2147 1138 Leo
2176 1083 2458 1138 MARTIANO
2485 1085 2741 1156 Augusto
2769 1084 2837 1139 de
2863 1084 2988 1139 Etio
3017 1088 3071 1139 et
3097 1085 3339 1139 Andrea.

2034 1180 2211 1242 Quam
2233 1177 2526 1232 excellenti
2550 1179 2759 1249 pietate
2785 1181 3036 1250 etquam
3067 1178 3314 1249 glorioso
3339 1178 3591 1234 clemen-

1963 1272 2058 1327 tim
2080 1275 2282 1326 vestrm
2303 1271 2492 1327 studio
2514 1272 2572 1326 in
2592 1271 2882 1343 integrum
2902 1289 3089 1344 nuper
3114 1272 3252 1328 ﬁdes
3279 1271 3595 1328 Christiana

1964 1370 2230 1420 revocata
2257 1365 2349 1434 sit,
2387 1370 2542 1421 totus
2580 1367 2828 1421 mundus
2873 1367 3146 1437 agnoscit,
3175 1370 3232 1422 et
3277 1367 3437 1422 saluti
3477 1385 3592 1422 sum

1963 1460 2253 1528 singulare
2284 1458 2610 1530 praesidium
2641 1475 2742 1531 per
2767 1477 2865 1515 vos
2895 1477 2927 1514 a
2953 1461 3194 1516 Domino
3221 1477 3342 1515 esse
3370 1478 3596 1532 repara-

1962 1557 2109 1608 tum.
2132 1555 2211 1607 Ac
2232 1553 2276 1608 si
2299 1553 2436 1624 quid
2457 1554 2756 1609 adversum
2780 1555 2922 1610 tanti
2945 1555 3131 1626 operis
3157 1555 3596 1611 consummatio-

1965 1664 2098 1702 nem
2119 1648 2188 1702 de
2211 1647 2495 1702 contrario
2517 1647 2717 1718 spiritu
2739 1649 2982 1703 sentitur
3003 1648 3232 1719 oboriri,
3257 1665 3484 1704 necesse
3512 1655 3597 1704 est

1967 1746 2030 1797 ut
2050 1742 2119 1796 ad
2136 1746 2336 1796 vestrm
2357 1745 2657 1796 revocetur
2677 1741 2908 1813 pietatis
2925 1742 3218 1809 auxilium,
3235 1743 3386 1814 quod
3407 1742 3482 1798 ad
3499 1760 3595 1797 cu-

222 1835 586 1907 episcopum,
611 1834 780 1889 etiam
803 1834 848 1888 si
874 1839 993 1889 erat
1011 1839 1300 1905 utcunque
1322 1809 1495 1888 decus
1521 1834 1868 1890 sacerdotale
1886 1809 1944 1881 B
1969 1835 2217 1890 stodiam
2234 1835 2531 1890 catholicm
2551 1809 2805 1890 veritatis
2819 1835 3008 1890 divina
3021 1809 3375 1908 providentia
3389 1853 3602 1909 praepa-

222 1929 510 1984 sacerdoti
548 1927 980 1983 archidiaconus
1024 1933 1261 1999 propter
1299 1927 1430 1982 fidei
1459 1927 1865 1996 reverentiam,
1970 1929 2130 1996 ravit,
2165 1932 2228 1982 ut
2263 1945 2394 1983 cum
2440 1929 2666 2000 pietatis
2701 1933 2898 1984 vestrm
2933 1930 3002 1984 sit
3043 1930 3314 1985 scandala
3339 1930 3512 1986 etiam
3543 1931 3602 1987 in

226 2023 433 2078 debuit
448 2021 721 2093 prmmitti
741 2021 929 2093 potius
950 2039 1122 2093 quam
1147 2023 1336 2076 locum
1363 2022 1623 2076 catholici
1645 2022 1870 2092 nequis-

227 2118 412 2172 simus
443 2115 748 2171 hmreticus
779 2115 1081 2172 obtineret.
1109 2118 1250 2170 Cum
1271 2116 1465 2186 itaque
1485 2133 1612 2187 quae
1627 2132 1870 2187 sequan-

227 2216 327 2266 tur
364 2227 679 2283 agnovero,
713 2214 846 2265 tunc
885 2210 1239 2264 manifestius
1286 2210 1419 2281 quid
1464 2211 1557 2280 agi
1606 2213 1872 2280 oporteat

229 2305 553 2361 mstimabo.
596 2306 737 2359 Nam
782 2304 1011 2358 interim
1041 2304 1232 2358 dolore
1260 2303 1529 2372 cohibito,
1562 2303 1760 2357 malim
1788 2303 1870 2356 in-

227 2401 474 2471 dulgere
505 2399 814 2471 patientiae,
843 2403 904 2452 ut
944 2400 1099 2453 locus
1128 2403 1274 2453 esset
1299 2397 1499 2465 veniae,
1531 2398 1598 2451 de
1624 2397 1870 2451 Palaesti-

229 2495 320 2549 nis
341 2510 474 2548 vero
501 2493 798 2548 monachis
814 2495 912 2564 qui
925 2491 1271 2564 jampridem
1295 2493 1354 2545 in
1387 2492 1635 2544 tumultu
1662 2490 1870 2545 dissen-

230 2589 410 2643 sionis
453 2604 572 2642 esse
610 2587 895 2653 dicuntur,
933 2603 1044 2658 quo
1073 2587 1260 2640 adhuc
1287 2586 1480 2640 animo
1506 2589 1864 2654 moveantur,

231 2684 458 2752 ignoro.
485 2683 675 2752 Neque
694 2681 1031 2752 cujusquam
1051 2696 1318 2735 sermone
1349 2679 1492 2733 mihi
1524 2679 1866 2750 patefactum

229 2781 336 2842 est,
367 2793 512 2848 quas
546 2792 738 2830 causas
783 2775 1083 2830 videantur
1127 2775 1423 2829 antefactm
1463 2774 1737 2844 prmferre
1765 2774 1869 2827 dis-

232 2870 469 2937 cordim,
499 2873 714 2935 utrum,
746 2869 970 2936 scilicet,
1007 2869 1357 2922 Eutichianm
1392 2866 1744 2938 perversitati
1772 2867 1869 2922 tali

232 2968 426 3020 furore
459 2964 833 3029 famulentur,
863 2980 936 3016 an
967 2962 1406 3033 implacabiliter
1436 2961 1662 3015 doleant
1682 2961 1867 3032 ipsum

233 3076 403 3113 suum
432 3059 490 3112 in
522 3059 668 3112 hanc
694 3056 1050 3128 impietatem
1069 3073 1234 3127 posse
1261 3055 1505 3123 traduci,
1529 3072 1656 3127 qum
1677 3057 1871 3110 contra

231 3155 488 3225 ipsorum
531 3153 791 3207 locorum
832 3155 1155 3205 sanctorum
1186 3150 1524 3218 testimonia,
1561 3149 1767 3220 quibus
1791 3152 1871 3202 to-

232 3253 326 3302 tus
369 3247 622 3301 mundus
670 3245 987 3314 instruitur,
1025 3246 1094 3298 ab
1127 3243 1534 3298 incarnationis
1566 3243 1868 3298 Dominicm

232 3342 472 3396 veritate
491 3339 807 3406 desciverit,
829 3342 885 3394 et
911 3339 1063 3410 quod
1091 3339 1148 3392 in
1185 3338 1304 3392 aliis
1324 3354 1427 3409 per
1452 3337 1869 3408 indulgentiam

233 3451 436 3490 curare
463 3434 697 3506 placuit,
721 3433 780 3487 in
809 3433 907 3487 illo
937 3436 1138 3504 putent
1156 3449 1269 3486 non
1293 3449 1411 3487 esse
1432 3431 1669 3485 veniale.
1708 3431 1867 3485 Unde

233 3530 406 3601 cupio
438 3545 530 3583 me
550 3544 722 3600 super
751 3527 839 3582 his
857 3526 1081 3598 plenius
1109 3526 1350 3594 edoceri,
1373 3529 1434 3579 ut
1465 3525 1638 3580 etiam
1671 3524 1870 3578 talium

235 3623 572 3679 correctioni
597 3638 868 3693 congrum
890 3621 1205 3687 studeatur,
1230 3620 1362 3691 quia
1391 3619 1544 3674 aliud
1567 3622 1650 3674 est
1677 3622 1872 3673 contra

237 3718 413 3773 ﬁdem
431 3716 606 3787 impie
630 3715 860 3782 armari,
882 3714 1036 3769 aliud
1068 3714 1124 3768 in
1149 3729 1404 3769 errorem
1422 3711 1750 3784 quempiam
1779 3712 1871 3766 de.

239 3799 447 3892 tineril
463 3810 695 3866 Chartas
723 3809 894 3864 etiam
925 3825 1062 3879 quas
1096 3808 1286 3862 Actius
1313 3807 1607 3878 presbyter
1632 3810 1763 3861 ante
1789 3806 1872 3860 in-

237 3905 452 3961 dicavit
468 3921 590 3959 esse
623 3903 884 3972 directas,
911 3907 966 3958 et
984 3901 1328 3956 breviarium
1348 3901 1484 3955 ﬁdei
1513 3901 1665 3972 quod
1693 3905 1746 3956 te
1771 3900 1872 3955 mi-

236 4001 376 4054 sisse
410 3997 716 4070 signiﬁcas,
746 4013 852 4051 nec
880 3998 1016 4051 dum
1051 3996 1124 4050 ad
1153 4011 1246 4051 me
1273 3995 1494 4051 noveris
1522 3995 1868 4066 pervenisse.

238 4094 396 4148 [Inde
424 4093 468 4146 si
503 4091 824 4163 expeditior
866 4091 1083 4146 occasio
1125 4107 1183 4144 se
1221 4089 1530 4162 prmbuerit
1560 4090 1872 4160 perlatores

238 4189 482 4242 libenter
523 4187 728 4253 habeo,
771 4189 836 4240 ut
882 4185 924 4239 si
979 4202 1090 4255 qua
1135 4186 1219 4238 est
1254 4200 1380 4255 quae
1425 4183 1580 4237 utilis
1616 4183 1874 4237 videatur

238 4280 669 4354 quamprimum
715 4279 788 4333 ad
828 4296 921 4332 me
966 4278 1229 4332 mittatur
1256 4277 1576 4331 instructio.
1607 4278 1685 4330 De
1713 4279 1873 4347 zEgy-

242 4375 370 4446 ptiis
413 4373 711 4428 monachis
760 4391 934 4444 quam
985 4372 1201 4443 quieti,
1248 4374 1345 4425 aut
1387 4371 1545 4441 cujus
1594 4369 1707 4424 sint
1742 4369 1871 4424 ﬁdei

241 4470 382 4524 scire
407 4468 693 4534 desidero,
723 4472 779 4522 et
793 4467 861 4522 de
881 4466 1284 4521 Alexandrinm
1307 4464 1566 4520 Ecclesim
1583 4481 1718 4536 pace
1737 4463 1870 4535 quid

1969 2023 2356 2094 longinquum
2374 2027 2507 2077 nata
2529 2039 2802 2092 resecare,
2823 2023 3004 2078 multo
3037 2024 3223 2094 magis
3249 2041 3314 2080 ea
3339 2042 3469 2096 qum
3498 2026 3601 2081 sub

1969 2117 2168 2171 vestris
2203 2117 2414 2170 audent
2442 2116 2614 2171 oculis
2642 2133 2874 2187 surgere
2901 2134 3020 2171 non
3045 2117 3237 2172 sinatis
3262 2135 3602 2177 accrescere.

1968 2210 2215 2264 Anatolii
2264 2209 2516 2282 episcopi
2563 2210 3004 2277 ordinationem,
3049 2211 3192 2265 sicut
3231 2210 3467 2267 scientia
3502 2213 3597 2267 Dei

1969 2304 2127 2358 testis
2160 2309 2262 2371 est,
2294 2309 2614 2375 suspectam
2644 2304 2801 2376 quod
2827 2303 3154 2360 faciendum
3181 2311 3263 2360 est
3286 2306 3430 2362 mihi
3456 2307 3602 2362 fece-

1970 2401 2098 2452 rant
2123 2397 2556 2452 consecrationis
2584 2397 2705 2468 ejus
2730 2402 3009 2468 auctores,
3035 2415 3142 2454 nec
3167 2398 3498 2456 dissimilem
3529 2403 3601 2456 ab

1969 2491 2324 2563 elcgentibus
2356 2491 2674 2546 arbitrabar
2712 2492 2974 2558 electum,
3006 2497 3377 2564 secutumque
3407 2499 3508 2564 est,
3538 2501 3604 2550 ut

1969 2586 2106 2640 dum
2147 2585 2548 2639 communione
2595 2584 2922 2656 apostolicae
2959 2585 3119 2640 Sedis
3162 2587 3432 2642 existeret
3457 2588 3598 2643 alie~

1969 2695 2095 2745 nus,
2126 2677 2223 2732 diu
2249 2677 2448 2732 dandis
2489 2677 2562 2732 ad
2598 2694 2732 2732 eum
2763 2678 3015 2748 epistolis
3044 2679 3200 2750 pacis
3229 2696 3325 2734 me
3351 2680 3598 2736 abstine-

1969 2789 2114 2826 rem.
2131 2772 2242 2827 Sed
2264 2789 2394 2826 cum
2415 2771 2497 2826 illi
2514 2771 2739 2842 pietatis
2757 2777 2958 2827 vestrm
2979 2773 3372 2828 testimonium
3398 2775 3596 2831 suifra-

1972 2870 2226 2938 garetur,
2248 2882 2380 2920 cum
2402 2865 2470 2920 de
2491 2864 2602 2919 ﬁde
2618 2869 2787 2936 atque
2803 2865 3184 2922 unanimitate
3211 2868 3332 2937 ejus
3357 2869 3601 2940 optanda

1970 2975 2212 3031 qumque
2233 2962 2288 3014 et
2306 2960 2590 3031 placitura
2615 2959 2992 3030 promitteret,
3019 2961 3433 3031 professionem
3455 2963 3598 3034 ejus,

1968 3054 2050 3108 ita
2080 3053 2292 3108 credidi
2319 3070 2441 3108 esse
2472 3054 2772 3120 sinceram,
2801 3057 2864 3108 ut
2888 3054 3121 3110 tandem
3158 3071 3270 3126 qua
3301 3056 3601 3112 observan-

1973 3148 2050 3202 tia
2082 3165 2139 3201 se
2166 3164 2338 3219 agere
2367 3148 2599 3203 deberet
2617 3165 2732 3202 non
2755 3147 3074 3203 desinerem
3102 3166 3485 3220 commovere,
3515 3168 3598 3208 se-

1972 3242 2104 3296 dulo
2129 3241 2234 3312 ipsi
2255 3259 2317 3295 ac
2339 3241 2643 3313 diligenter
2663 3242 2972 3310 inculcans,
2987 3243 3132 3297 utde
3144 3245 3602 3314 persecutoribus

1969 3337 2146 3390 beatm
2196 3336 2492 3390 memoriae.
2535 3335 2782 3390 Flaviani
2825 3335 3115 3390 neminem
3144 3337 3381 3392 auderet
3405 3339 3462 3392 in
3496 3356 3600 3394 suo

1972 3429 2180 3484 habere
2195 3429 2559 3495 consortio,et
2574 3429 2922 3484 Eutichianm
2940 3430 3221 3484 haereseos
3241 3431 3598 3487 defensorem

1969 3539 2001 3576 a
2028 3539 2086 3576 se
2115 3521 2391 3577 indicaret
2427 3539 2546 3576 esse
2586 3522 2895 3592 dejectum.
2927 3524 3302 3594 Secutumque
3328 3530 3410 3579 est
3437 3531 3500 3580 ut
3530 3527 3599 3580 de

1970 3617 2058 3670 his
2089 3633 2216 3688 qum
2256 3633 2359 3686 pro
2405 3615 2681 3670 catholica
2707 3615 2816 3671 ﬁde
2846 3616 2907 3670 in
2933 3616 3193 3687 synodali
3214 3617 3455 3673 concilio
3482 3620 3602 3674 fue-

1971 3716 2099 3765 rant
2125 3709 2374 3777 deﬁnita,
2409 3709 2542 3765 talia
2566 3710 2639 3764 ad
2668 3726 2762 3763 me
2792 3710 3100 3781 scripserit,
3131 3710 3322 3782 qualia
3358 3713 3596 3768 catholi-

1972 3821 2103 3859 cum
2133 3803 2489 3859 sacerdotem
2516 3803 2761 3860 scribere
2795 3804 3165 3876 congruebat.
3187 3808 3327 3861 Cum
3357 3822 3493 3878 ergo
3525 3808 3598 3862 ad

1972 3898 2434 3954 commendanda
2474 3897 2648 3969 ipsius
2690 3898 3008 3970 primordia
3059 3901 3164 3954 ista
3210 3902 3601 3971 praecesserint

1971 3993 2108 4065 quid
2129 4010 2310 4048 causae
2338 3997 2437 4048 aut
2457 3993 2761 4048 occasionis
2779 3994 3092 4061 emerserit,
3116 3997 3179 4048 ut
3195 3995 3380 4050 virum
3405 3996 3596 4052 catho-

1971 4088 2092 4142 licm
2119 4087 2253 4143 ﬁdei
2280 4092 2337 4142 et
2363 4086 2712 4143 Nestorianis
2745 4091 2916 4160 atque
2947 4088 3295 4144 Eutichianis
3321 4089 3600 4145 hmreticis

1974 4181 2484 4237 constanteretiam
2506 4182 2804 4236 adversum
2818 4182 3284 4237 archidiaconum
3307 4184 3410 4238 sub
3430 4184 3602 4238 hono-

1973 4277 2048 4330 ris
2071 4275 2252 4346 specie
2274 4275 2632 4346 degradaret,
2653 4279 2707 4330 et
2726 4275 3203 4344 dispensationem
3225 4277 3394 4330 totius
3417 4293 3602 4332 causm

1974 4374 2031 4424 et
2075 4386 2223 4424 curm
2266 4368 2655 4423 ecclesiasticae.
2694 4369 2752 4421 in
2805 4369 3085 4423 Andream
3131 4369 3600 4426 Eutichianistam

1973 4468 2208 4534 repente
2243 4461 2594 4530 transferret,
2621 4462 2764 4516 adeo
2791 4461 2977 4516 nimia
3005 4462 3388 4517 commotione
3413 4464 3603 4519 turba-

241 4565 307 4616 ad
334 4579 433 4616 vos
465 4562 613 4616 veris
643 4561 856 4615 nuntiis
885 4562 1205 4632 perferatur
1240 4560 1308 4614 ad
1349 4560 1509 4631 cujus
1543 4559 1872 4629 episcopum
1891 4559 1949 4630 D
1975 4563 2062 4612 tus
2083 4561 2148 4610 ut
2169 4556 2647 4611 consecrationem
2665 4572 2836 4626 quam
2868 4572 2968 4626 pro
2994 4556 3203 4626 injuria
3223 4556 3414 4624 dabat,
3448 4562 3602 4613 sexta

244 4658 330 4711 vel
356 4657 714 4711 ordinatores
741 4655 937 4726 ipsius,
967 4671 1060 4709 seu
1093 4655 1325 4709 clericos
1349 4655 1500 4725 quod
1523 4653 1636 4707 alia
1665 4653 1872 4724 scripta

245 4751 573 4817 direxerim,
614 4749 798 4804 missis
840 4749 1256 4820 exemplaribus
1302 4747 1443 4802 scire
1491 4754 1545 4803 te
1589 4746 1758 4801 volui.
1789 4747 1872 4801 Ad

245 4844 756 4900 clementissimum
793 4860 1020 4915 quoque
1064 4843 1404 4915 principem,
1435 4845 1491 4896 et
1530 4841 1875 4912 religiosissi-

249 4956 400 4994 mam
443 4941 756 5010 Augustam
804 4937 930 5009 quis
975 4955 1128 4992 nunc
1172 4953 1332 4991 meus
1371 4953 1555 4990 sermo
1583 4936 1674 5002 sit,
1705 4935 1876 4989 missa

245 5033 593 5104 exemplaria
614 5032 922 5087 docebunt.
945 5034 1146 5086 Utrum
1176 5035 1370 5085 autem
1391 5030 1621 5101 epistola
1653 5047 1779 5083 mea
1806 5030 1876 5083 de

245 5126 644 5183 incarnationis
663 5126 972 5181 Dominicm
1006 5125 1120 5179 ﬁde
1149 5124 1423 5179 incolumi
1455 5125 1639 5179 adhuc
1671 5126 1877 5178 sanctm

246 5220 541 5276 memorim
589 5219 853 5274 Flaviano
895 5220 968 5273 ad
1013 5219 1374 5274 dilectionem
1405 5221 1564 5272 tuam
1593 5235 1694 5288 per
1723 5217 1874 5272 Basi-

249 5315 383 5370 lium
404 5315 706 5369 diaconum
733 5313 1024 5382 miseram,
1049 5312 1392 5368 fraternitati
1427 5317 1541 5365 tum
1575 5311 1780 5366 tradita
1809 5311 1880 5364 sit

249 5409 384 5464 scire
405 5407 689 5475 desidero,
723 5408 998 5479 quoniam
1040 5411 1366 5478 suspectum
1396 5406 1602 5473 habeo,
1629 5405 1781 5476 quod
1809 5404 1878 5458 de

251 5503 366 5573 ejus
396 5506 553 5557 textu
585 5502 810 5556 nullum
849 5518 1103 5573 unquam
1127 5501 1408 5572 judicium
1440 5499 1755 5554 reddidisti.
1785 5498 1880 5553 Ge-

254 5600 466 5652 storum
496 5596 860 5668 synodalium
896 5612 1025 5667 qum
1054 5595 1323 5650 omnibus
1347 5594 1546 5650 diebus
1576 5593 1797 5649 concilii
1822 5592 1880 5647 in

254 5690 694 5746 Chalcedonensi
706 5690 930 5746 civitate
952 5691 1201 5745 confecta
1219 5694 1578 5761 sunt,parum
1605 5689 1754 5743 clara
1781 5687 1882 5741 lin-

257 5801 379 5850 gum
403 5784 789 5840 diversitatem
835 5784 988 5856 apud
1035 5801 1142 5839 nos
1195 5783 1438 5839 habetur
1475 5781 1793 5848 instructio,
1829 5785 1885 5835 et

257 5879 377 5934 ideo
399 5879 747 5936 fraternitati
762 5883 875 5935 tum
893 5878 1212 5952 specialiter
1243 5878 1500 5950 injungo,
1523 5880 1588 5932 ut
1612 5877 1669 5932 in
1700 5891 1880 5932 unum

1975 4650 2191 4706 sabbati
2212 4649 2534 4705 traditionis
2561 4649 2894 4720 Apostolicm
2924 4653 2988 4703 ut
3009 4650 3232 4704 nescius
3267 4653 3366 4704 aut
3396 4651 3604 4706 oblitus

1975 4746 2226 4812 inferret,
2262 4743 2422 4815 quasi
2467 4760 2581 4798 non
2625 4744 2695 4798 ad
2740 4743 3071 4814 episcopum
3102 4743 3288 4815 magis
3326 4761 3494 4814 quam
3529 4747 3602 4801 ad

1977 4839 2370 4911 presbyterum
2423 4837 2795 4892 ordinationis
2843 4835 2991 4890 illius
3033 4836 3232 4891 vitium
3272 4839 3602 4908 pertineret,

1976 4934 2076 5005 qui
2103 4950 2215 4988 non
2246 4933 2539 4988 inveniens
2567 4932 2702 5005 quid
2722 4935 2988 5003 argueret
3001 4931 3057 4985 in
3073 4930 3602 5004 ﬁde,quod.impro-

1977 5029 2142 5083 baret
2169 5028 2224 5082 in
2256 5027 2531 5096 moribus,
2565 5027 2940 5098 dejectionem
2971 5025 3289 5080 innocentis
3332 5043 3436 5097 per
3476 5045 3604 5099 spe-

1979 5123 2125 5177 ciem
2166 5121 2543 5193 provectionis
2584 5121 2860 5192 implevit,
2894 5120 3104 5175 addens
3146 5121 3442 5176 sententim
3467 5121 3608 5178 illud

1979 5216 2224 5287 injuriae,
2257 5221 2317 5269 ut
2344 5231 2474 5269 eum
2499 5214 2824 5269 coemeterio
2858 5214 3178 5285 deputando
3202 5215 3607 5271 condemnaret

1983 5309 2200 5364 exsilio.
2241 5309 2424 5372 Quem
2469 5313 2663 5362 tamen
2710 5308 2909 5379 pietati
2952 5317 3155 5364 vestrm
3207 5311 3610 5366 commendare

1980 5419 2289 5474 prmsumo,
2319 5420 2390 5456 ne
2419 5402 2550 5456 ullis
2575 5402 2816 5456 ulterius
2855 5402 3041 5457 noxiis
3086 5403 3384 5476 ingravare
3414 5405 3609 5476 possit,

1983 5499 2082 5551 aut
2111 5495 2332 5550 insidiis
2364 5512 2535 5566 quem
2575 5495 2867 5563 Dominus,
2897 5501 2961 5551 ut
2991 5498 3263 5569 comperi,
3298 5498 3400 5552 sub
3431 5501 3612 5552 vestra

1981 5590 2316 5646 defensione
2331 5589 2641 5644 constituit.
2661 5589 3083 5661 Adjicioautem
3100 5591 3268 5646 etiam
3285 5591 3435 5645 hanc
3450 5591 3608 5645 obse-

1983 5685 2294 5740 crationem
2335 5688 2396 5740 ut
2440 5684 2778 5756 praedictum
2825 5685 3154 5756 episcopum
3195 5701 3229 5738 a
3261 5683 3613 5754 professione

1985 5797 2084 5834 sua
2102 5779 2417 5848 dissonum,
2437 5783 2495 5834 et
2521 5777 2765 5834 nimium
2796 5777 3105 5834 testimonii
3125 5777 3291 5832 vestri
3316 5793 3381 5832 ac
3410 5777 3612 5833 favoris

1985 5874 2225 5931 oblitum
2293 5873 2611 5931 necessarie
2676 5872 2968 5944 increpare
3027 5870 3366 5942 dignemini.
3425 5874 3610 5929 Cesset
