4034 6332
433 323 535 379 815

1328 324 1609 379 ΑΡΡΕΝΙ).
1648 324 1735 379 ΑΙ)
1772 322 1931 378 διΕΟ.
1973 323 2061 378 ΙΧ.
2093 350 2164 364 -
2200 322 2447 379 lSlDORl
2484 323 2909 380 MERCATORIS

3694 327 3802 381 816

438 429 740 486 catholicos
766 429 1259 487 infestare.Cesset
1284 447 1383 486 eos
1406 430 1503 503 qui
1531 434 1739 487 sanctae
1772 430 2066 487 memoriae
2088 442 2337 516 Aquem
2369 433 2587 488 dudum
2621 450 2656 488 a
2695 449 2755 488 se
2791 432 3052 499 removit,
3085 431 3399 488 abscindat.
3426 433 3596 505 Cujus
3623 434 3801 489 inno-

442 525 705 580 Flaviano
736 526 1000 596 placuere
1030 529 1348 592 conterere,
1390 532 1447 579 et
1490 541 1688 581 eorum
1736 526 2067 581 societatem

438 634 580 690 quos
603 618 941 690 improbavit
961 619 1192 689 eligere,
1216 619 1531 674 fraternam
1553 619 1710 673 enim
1732 620 1816 673 illi
1836 619 2070 674 Charita-

436 719 559 766 tem
589 728 703 767 non
730 711 895 766 aliter
928 712 1241 783 poterimus
1263 712 1597 783 impendere
1628 729 1804 784 quam
1832 716 1895 767 ut
1918 730 1977 767 se
2000 714 2069 767 ab

441 806 683 860 inimicis
711 805 1005 859 catholicae
1034 805 1165 860 fidei
1195 806 1475 877 approbet
1505 807 1805 875 exsecrari,
1837 823 2067 861 eorum-

437 916 547 972 que
574 917 608 955 a
635 916 692 954 se
723 900 1071 954 consortium
1101 903 1275 971 atque
1313 900 1723 955 commercium
1754 901 2066 970 abscindat,

438 993 533 1065 qui
547 994 715 1048 etiam
730 993 775 1046 si
790 1009 1004 1064 magna
1020 992 1219 1047 fuisset
1237 993 1615 1048 satisfactione
1636 997 1931 1065 purgatus,
1947 999 2071 1065 post

438 1085 620 1160 201
662 1085 900 1141 dubium
929 1090 1121 1141 tamen
1156 1104 1413 1142 reversus
1451 1104 1727 1142 errorem.
1766 1088 2071 1144 Catholicis

437 1181 768 1236 diaconibus
788 1180 1055 1252 postponi
1069 1181 1255 1247 debet,
1269 1197 1383 1235 non
1402 1182 1827 1252 praeponiJllud
1840 1198 2069 1253 quoque

438 1274 754 1329 clementiae
773 1276 976 1329 vestrae
1000 1274 1459 1329 benevolentiam
1489 1278 1640 1346 peto,
1671 1279 1732 1329 ut
1768 1279 2069 1330 venerato-

438 1385 561 1423 rem
589 1374 847 1423 nostrum
881 1370 1118 1423 fratrem
1162 1384 1360 1423 meum
1407 1369 1698 1423 Julianum
1742 1368 2070 1440 episcopum

438 1464 496 1517 in
527 1466 736 1532 vestro,
767 1462 911 1517 sicut
950 1462 1134 1517 facere
1177 1462 1514 1534 dignamini,
1554 1463 1813 1517 habeati’s
1843 1462 2069 1530 affectu,

437 1557 600 1627 cujus
630 1556 918 1627 obsequiis
953 1555 1275 1626 praesentiae
1302 1572 1448 1610 meae
1471 1556 1631 1610 vobis
1655 1556 1847 1627 imago
1876 1557 2075 1611 redda-

440 1654 552 1704 tur.
583 1651 723 1704 Nam
749 1657 805 1704 et
831 1650 899 1704 de
925 1648 1061 1703 ﬁdei
1079 1650 1203 1720 ejus
1223 1649 1544 1704 sinceritate
1564 1650 2071 1717 conﬁdens,vicem

440 1743 551 1814 ipsi
600 1759 793 1797 meam
841 1746 1040 1796 contra
1086 1743 1363 1814 temporis
1392 1743 1573 1798 nostri
1598 1743 1892 1798 haereticos
1919 1743 2071 1798 dele-

442 1836 587 1907 gavi,
603 1839 773 1907 atque
789 1840 1023 1907 pr0pter
1043 1835 1422 1891 Ecclesiarum
1441 1836 1707 1908 pacisque
1736 1837 2069 1904 custodiam,

438 1932 505 1984 ut
534 1947 566 1983 a
596 1929 866 1985 comitatu
896 1932 1084 1984 vestro
1127 1947 1241 1984 non
1275 1930 1499 1984 abesset
1523 1930 1718 2002 exegi;
1751 1931 1910 2002 cujus
1935 1948 2068 2003 sug-

440 2023 727 2093 gestiones
779 2040 881 2094 pro
939 2023 1247 2079 concordia
1302 2024 1595 2078 catholicas
1645 2024 1898 2093 unitatis,
1938 2027 2068 2079 tan-

438 2133 611 2189 quam
664 2132 819 2171 meas
873 2117 1072 2171 audire
1126 2117 1466 2187 dignemini,
1505 2118 1794 2189 placentes
1835 2119 1943 2173 Deo
1977 2119 2073 2190 qui

436 2211 598 2266 vobis
643 2213 856 2282 praeter
899 2211 1116 2282 regiam
1161 2228 1432 2267 coronam
1463 2212 1638 2266 etiam
1663 2212 2072 2268 sacerdotalem

441 2304 695 2359 conferat
719 2305 991 2376 palmam.
1024 2305 1166 2359 Data
1194 2322 1247 2359 vx
1282 2306 1408 2360 ldus
1435 2305 1636 2373 Martii,
1665 2306 1928 2377 Opilione
1953 2307 2073 2361 viro

441 2398 752 2452 clarissimo
783 2415 937 2453 cons.

762 2493 979 2547 XXXVI.
1010 2524 1077 2532 —
1111 2493 1201 2548 Ad
1235 2493 1579 2548 Pulchcm'am
1606 2495 1750 2563 Aug.

514 2590 621 2642 Leo
655 2588 975 2642 PULcneana
1002 2588 1277 2657 Augustae
1304 2586 1375 2640 de
1402 2586 1525 2642 Etio
1555 2591 1611 2642 et
1636 2587 1882 2642 Andrea.

508 2680 693 2735 Multis
720 2680 1073 2735 exstantibus
1111 2681 1467 2735 documentis
1493 2680 1697 2752 quibus
1732 2681 1789 2735 in
1826 2680 2075 2735 dilectio-

443 2791 576 2829 nem
611 2774 870 2828 Ecclesim
897 2774 996 2828 Dei
1024 2774 1248 2845 pietatis
1282 2778 1484 2829 vestrae
1516 2774 1911 2829 manifestatur
1937 2773 2073 2828 aﬁ‘e-

437 2868 571 2936 ctio,
606 2867 813 2921 merito
856 2867 1077 2938 quoties
1117 2867 1335 2938 aliquid
1370 2868 1626 2922 noscitur
1651 2868 2072 2935 scandalorum,

443 2965 694 3015 vestrum
721 2959 1078 3014 desideratur
1106 2959 1409 3029 auxilium,
1428 2963 1495 3014 ut
1509 2960 1652 3014 ﬁdes
1673 2978 1800 3031 quae
1820 2961 2077 3015 adniten-

443 3054 593 3108 tibus
620 3053 779 3107 vobis
821 3057 1020 3107 contra
1050 3052 1453 3107 haereticorum
1488 3058 1813 3108 commenta
1845 3054 2076 3108 defensa

440 3154 543 3214 est,
560 3164 777 3202 securae
798 3146 950 3217 pacis
972 3149 1268 3218 perpetem
1286 3146 1545 3201 obtineat
1560 3147 1910 3203 firmitatem.
1934 3151 2073 3203 Nam

440 3240 579 3311 quid
627 3240 861 3312 prodest
900 3240 1039 3294 foris
1079 3239 1427 3295 adversarios
1466 3241 1719 3296 veritatis
1748 3259 2071 3314 oppressos,

440 3334 485 3387 si
513 3335 746 3389 eosdem
789 3333 1104 3388 habeamus
1147 3333 1300 3388 intra
1346 3334 1642 3389 Dominica
1676 3339 1836 3406 septa
1864 3336 2072 3390 redivi-

440 3429 572 3483 vos?
597 3427 757 3493 Quod
788 3427 980 3499 itaque
1007 3428 1155 3483 circa
1190 3444 1491 3499 personam
1527 3428 1627 3483 ﬁlii
1661 3429 1773 3484 mei
1810 3430 1918 3484 Etii
1947 3446 2072 3501 ges-

442 3527 564 3576 tum
628 3539 749 3576 esse
800 3522 1062 3593 cognovi,
1106 3522 1353 3577 nimium
1394 3539 1489 3577 me
1537 3524 1773 3578 anxium
1834 3523 1986 3594 facit,
2021 3530 2077 3579 et

438 3608 699 3671 metuere
751 3620 905 3670 certa
951 3616 1170 3671 ratione
1214 3616 1525 3687 compellit,
1563 3634 1636 3670 ne
1685 3618 2073 3688 paenitendum

403 3721 419 3793 ι
442 3709 588 3765 mihi
626 3710 698 3764 sit
723 3710 873 3781 quod
899 3710 968 3764 de
995 3710 1262 3781 episcopo
1297 3710 1947 3782 Constantinopolitano,
1977 3711 2075 3782 qui

439 3805 508 3858 ab
566 3803 1065 3875 impugnatoribus
1116 3805 1305 3857 fuerat
1359 3804 1649 3859 ordinatus
1696 3804 1870 3874 ﬁdei,
1916 3805 2076 3860 vobis

444 3896 880 3952 adhortantibus
925 3896 1181 3967 acquievi
1223 3897 1461 3951 meliora
1507 3897 1719 3952 sentire
1755 3916 1884 3952 cum
1921 3902 2076 3954 tanto

442 3989 670 4061 pietatis
692 3992 888 4042 vestras
908 3989 1239 4044 testimonio
1262 3990 1578 4059 juvaretur,
1606 4007 1676 4045 ne
1696 3991 1857 4046 illum
1880 4009 2072 4063 grava-

440 4086 528 4137 ret
567 4098 684 4135 suae
720 4081 1091 4136 ordinationis
1128 4082 1445 4150 inﬁrmitas,
1464 4083 1562 4137 ubi
1589 4088 1772 4139 vestra
1796 4085 2077 4140 interven-

445 4176 521 4230 tio
537 4178 928 4248 praestaretur.
948 4175 1107 4231 Unde
1129 4177 1401 4246 gratulari
1431 4194 1736 4249 coeperam,
1754 4180 1907 4250 quod
1927 4179 2076 4234 beati

448 4269 693 4325 Flaviani
733 4268 1037 4324 honoraret
1081 4271 1439 4340 memoriam,
1471 4275 1528 4326 et
1556 4272 1955 4328 haereticorum
1983 4291 2074 4329 co-

440 4363 667 4419 natibus
714 4363 984 4418 obsistere
1027 4364 1331 4420 diceretur.
1365 4365 1477 4421 Sed
1518 4366 1681 4421 doleo
1720 4367 1901 4435 illum,
1935 4368 2079 4423 sicut

444 4458 701 4528 prmdicti
726 4458 1108 4530 lacrymabilis
1149 4460 1380 4530 querela
1424 4460 1794 4528 demonstrat,
1826 4462 1885 4516 in
1917 4463 2073 4517 dete-

2097 3192 2152 3266 C

2168 526 2370 581 centiae
2418 527 2495 582 ita
2550 525 2799 581 adfuisse
2856 542 2957 581 vos
3007 526 3246 598 gaudeo,
3290 529 3357 582 ut
3404 526 3632 582 maerori
3674 528 3804 599 ejus

2169 620 2343 691 digna
2383 620 2769 675 consolatione
2816 622 3004 674 vestra
3041 619 3218 690 pietas
3246 619 3589 676 subveniret.
3639 621 3807 677 Circa

2168 714 2407 768 fratrem
2433 730 2630 768 meum
2657 718 3055 768 veneratorem
3085 719 3339 769 vestrum
3373 714 3659 769 Julianum
3687 714 3813 786 epi-

2170 824 2427 878 scopum,
2460 810 2738 879 quantum
2783 807 2987 862 debeat
3029 824 3281 863 crescere
3327 813 3512 863 vestra
3545 807 3807 879 dignatio

2169 901 2492 972 apostolicae
2539 901 2694 957 Sedis
2738 901 3058 957 existimate
3096 901 3335 973 judicio,
3363 919 3496 956 cum
3538 902 3599 957 in
3636 919 3809 957 causa

2131 983 2305 1102 \ﬁdei
2350 994 2440 1049 cui
2486 994 2665 1067 gloria
2711 998 2896 1050 vestra
2922 996 3233 1051 famulatur
3259 995 3441 1050 vicem
3472 996 3578 1068 ipsi
3607 1013 3805 1051 meam

2170 1092 2407 1144 eatenus
2454 1089 2803 1159 delegaram,
2854 1092 2920 1144 ut
2969 1090 3040 1143 ab
3089 1106 3155 1144 ea
3197 1107 3324 1161 quae
3360 1090 3517 1145 vobis
3558 1089 3811 1145 debetur

2171 1182 2527 1237 observantia
2552 1199 2672 1237 non
2696 1183 2972 1238 recedens
2993 1183 3193 1254 pietati
3214 1200 3309 1238 me
3333 1187 3535 1239 vestrae
3558 1200 3810 1255 praesen-

2172 1280 2289 1330 tare
2318 1292 2432 1329 non
2458 1275 2698 1343 desinat,
2733 1293 3051 1348 exsequens
3094 1277 3153 1331 in
3199 1277 3453 1332 custodia
3493 1276 3624 1332 ﬁdei
3655 1281 3713 1332 et
3740 1278 3807 1331 in

2171 1369 2558 1424 ecclesiasticis
2579 1369 2890 1441 disciplinis
2916 1387 3019 1441 per
3046 1371 3238 1426 omnia
3259 1370 3718 1438 sollicitudinem,
3746 1375 3811 1425 et

2172 1463 2509 1535 opportunis
2538 1463 2998 1535 suggestionibus
3029 1465 3181 1536 quod
3209 1465 3512 1519 universali
3540 1464 3809 1520 Ecclesiae

2172 1557 2353 1628 prosit
2389 1557 2704 1623 insinuans,
2730 1561 2795 1611 ut
2833 1558 2894 1611 in
2928 1558 3052 1628 ipso
3093 1575 3200 1613 nec
3239 1558 3530 1614 catholicis
3551 1563 3810 1613 vestrum

2172 1650 2506 1721 praesidium
2555 1651 2761 1722 quibus
2816 1652 3073 1706 volumus
3124 1652 3448 1721 subvenire,
3491 1669 3597 1707 nec
3644 1651 3811 1707 vobis

2174 1760 2368 1798 meum
2397 1744 2541 1798 desit
2570 1744 2927 1815 obsequium.
2977 1746 3113 1800 Data
3159 1762 3214 1801 v1
3257 1746 3387 1800 ldus
3426 1745 3626 1813 Martii,
3668 1744 3806 1815 Opi-

2093 1817 2149 1889 B
2174 1837 2325 1892 lione
2354 1837 2473 1892 viro
2498 1838 2809 1892 clarissimo
2836 1839 3089 1893 consule.

2138 1903 2203 1989 \,
2608 1932 2848 1987 xxxvn.
2876 1964 2941 1974 —
2970 1933 3065 1988 Ad
3093 1934 3350 1989 eamdem.

2168 1978 2203 2031 ί
2249 2027 2356 2081 Leo
2387 2026 2688 2097 episc0pus
2713 2027 3037 2081 PULCHERIE
3063 2030 3354 2098 Augustae.

2245 2120 2402 2184 Quod
2425 2136 2656 2191 semper
2669 2120 2739 2175 de
2755 2120 2986 2192 pietatis
3000 2126 3201 2175 vestras
3223 2125 3418 2176 mente
3440 2122 3805 2194 praesumpsi-

2176 2232 2320 2283 mus,
2340 2214 2393 2269 id
2415 2214 2739 2284 plenissime
2761 2215 3105 2286 experiendo
3119 2214 3506 2286 cognovimus,
3530 2217 3807 2272 Christia-

2176 2325 2309 2362 nam
2348 2308 2520 2362 fidem
2550 2308 2814 2379 quamvis
2838 2308 3072 2363 diversis
3100 2325 3407 2379 pravorum
3442 2313 3814 2381 appeteretur

2174 2401 2412 2467 insidiis,
2431 2400 2590 2456 vobis
2609 2406 2801 2457 tamen
2828 2401 3215 2473 praesentibus,
3244 2405 3301 2457 et
3324 2403 3383 2457 in
3411 2403 3810 2459 defensionem

2175 2496 2297 2565 ejus
2312 2512 2345 2548 a
2359 2495 2596 2550 Domino
2609 2497 3078 2568 praeparatismon
3090 2513 3258 2568 posse
3271 2496 3505 2551 turbari.
3520 2499 3640 2552 Non
3649 2498 3808 2553 enim

2176 2591 2322 2644 Deus
2351 2594 2451 2643 aut
2479 2606 2593 2644 suae
2619 2590 3028 2645 misericordiae
3054 2595 3503 2661 sacramentum,
3521 2597 3619 2646 aut
3637 2592 3812 2647 vestri

2177 2683 2384 2737 laboris
2412 2684 2620 2738 deserit
2644 2683 2935 2753 meritum,
2967 2701 3079 2755 quo
3108 2683 3322 2738 dudum
3353 2685 3654 2740 subdolum
3685 2702 3816 2740 san-

2176 2782 2277 2832 ctae
2316 2776 2610 2847 religionis
2653 2778 2880 2832 hostem
2925 2778 2996 2832 ab
3042 2778 3180 2850 ipsis
3215 2778 3523 2833 visceribus
3548 2779 3812 2833 Ecclesiae

2178 2870 2493 2942 depulistis,
2522 2887 2653 2925 cum
2674 2871 2936 2926 haeresim
2968 2888 3127 2926 suam
3153 2873 3301 2927 tueri
3327 2871 3591 2944 impietas
3608 2873 3810 2928 Nesto-

2175 2964 2336 3019 riana
2360 2981 2479 3019 non
2505 2964 2710 3035 potuit,
2729 2964 2863 3036 quia
2886 2980 3003 3019 non
3033 2965 3234 3020 fefellit
3259 2966 3533 3020 famulam
3560 2971 3616 3021 et
3645 2966 3816 3021 disci-

2178 3058 2369 3128 pulam
2399 3058 2669 3125 veritatis,
2699 3063 2977 3129 quantum
3016 3059 3365 3131 simplicibus
3405 3059 3816 3115 infunderetur

2177 3152 2382 3206 veneni
2410 3168 2513 3223 per
2539 3153 2637 3206 illa
2660 3152 2916 3224 loquacis
2941 3153 3193 3207 hominis
3213 3155 3464 3208 colorata
3482 3154 3812 3222 mendacia,

2178 3246 2247 3300 de
2277 3263 2389 3318 quo
2420 3246 2695 3300 virtutum
2722 3263 2906 3317 agone
2936 3248 3228 3317 processit,
3263 3251 3325 3302 ut
3352 3264 3459 3319 per
3484 3246 3819 3303 sollicitudi-

2177 3356 2309 3394 nem
2334 3344 2579 3395 vestram
2605 3357 2674 3394 ea
2700 3357 2826 3412 quae
2853 3357 2958 3411 per
2988 3341 3265 3395 Eutichen
3295 3341 3550 3396 diabolus
3580 3342 3817 3397 molitus

2177 3432 2261 3482 est
2286 3445 2401 3483 non
2428 3429 2689 3497 laterent,
2715 3434 2776 3483 ut
2801 3428 2898 3500 qui
2929 3429 3033 3483 sibi
3064 3429 3314 3500 singulas
3340 3432 3530 3501 partes
3559 3430 3813 3501 geminae

2175 3522 2482 3593 impietatis
2501 3524 2813 3596 elegerant,
2837 3539 2952 3578 una
2977 3523 3267 3578 catholicae
3294 3523 3430 3579 ﬁdei
3449 3524 3656 3580 virtute
3677 3542 3815 3596 pro-

2177 3593 2803 3708 cumberent\Secunda
2825 3633 2962 3688 ergo
2982 3617 3102 3672 haec
3122 3617 3280 3672 vobis
3297 3617 3366 3672 de
3386 3593 3813 3689 perempto—Eu-

2177 3709 2402 3765 ticlietis
2430 3727 2623 3766 errore
2647 3711 2877 3766 victoria
2904 3714 3009 3778 est,
3031 3728 3209 3783 quem
3238 3711 3285 3765 si
3314 3711 3451 3783 quid
3476 3712 3597 3766 sani
3615 3712 3814 3767 cordis

2180 3803 2485 3872 habuisset,
2536 3805 2754 3859 dudum
2806 3804 2866 3859 in
2920 3805 3248 3859 auctoribus
3297 3806 3412 3860 suis
3455 3806 3811 3878 perculsum,

2178 3898 2426 3969 olimque
2454 3902 2801 3968 prostratum
2828 3898 2989 3953 facile
3020 3902 3284 3970 potuerat
3311 3899 3618 3969 declinare,
3638 3916 3710 3954 ne
3736 3900 3816 3955 de

2178 3991 2413 4062 sepultis
2431 3991 2716 4046 cineribus
2736 3992 2986 4047 rediviva
3006 3996 3255 4048 tentaret
3275 3992 3537 4049 incendia
3553 4010 3817 4049 commo-

2177 4101 2327 4151 vere,
2355 4088 2421 4139 ut
2444 4086 2502 4138 in
2538 4101 2735 4139 eorum
2762 4086 3058 4141 transisset
3085 4088 3436 4142 consortium
3456 4104 3700 4159 quorum
3728 4103 3817 4142 se-

2178 4182 2341 4233 cutus
2369 4182 2519 4233 esset
2550 4180 2880 4251 exemplum
2913 4180 3316 4251 gloriosissima
3343 4183 3618 4253 Augusta.
3647 4180 3816 4236 Libet

2177 4271 2354 4342 igitur
2378 4272 2664 4327 exsultare
2690 4289 2818 4328 cum
2846 4273 3078 4345 gaudio,
3112 4278 3170 4328 et
3200 4291 3304 4345 pro
3330 4279 3528 4330 vestrae
3555 4274 3813 4329 clemen-

2180 4365 2269 4418 tiae
2296 4365 2674 4437 prosperitate
2710 4365 2885 4437 digna
2914 4368 3026 4421 Deo
3045 4370 3175 4422 vota
3204 4369 3549 4440 persolvere,
3574 4368 3674 4440 qui
3703 4369 3814 4424 tibi

2177 4475 2278 4529 per
2307 4475 2511 4513 omnes
2532 4460 2735 4514 mundi
2762 4463 2969 4531 partes,
2993 4461 3048 4515 in
3077 4461 3281 4532 quibus
3307 4462 3536 4516 Domini
3560 4463 3817 4534 Evange-

442 4553 595 4607 riora
614 4555 923 4619 mutatum,
943 4557 998 4607 et
1013 4568 1146 4607 eum
1173 4570 1326 4607 nunc
1351 4554 1704 4610 constituisse
1722 4556 2072 4611 archidiaco-
2095 4564 2155 4635 Ι)
2178 4552 2316 4607 lium
2345 4553 2700 4624 pradicatur,
2733 4554 3021 4625 duplicem
3050 4556 3175 4626 jam
3207 4559 3264 4610 et
3288 4557 3536 4627 palmam
3566 4556 3813 4611 contulit

441 4662 595 4713 nem,
624 4663 799 4718 quem
840 4647 962 4717 ipse
1010 4647 1295 4717 professus
1338 4653 1422 4703 est
1460 4665 1493 4702 a
1530 4666 1588 4703 se
1629 4666 1749 4703 esse
1780 4650 2075 4720 rejectum,

440 4740 540 4810 qui
559 4739 907 4795 Eutichianae
928 4741 1156 4794 haeresis
1177 4759 1236 4795 se
1249 4742 1402 4813 apud
1419 4759 1524 4797 nos
1545 4744 2078 4814 prodideratdefen-

443 4850 647 4888 sorem.
681 4835 883 4901 Quem,
909 4835 1045 4905 quia
1068 4851 1221 4889 nunc
1247 4836 1637 4891 ecclesiasticis
1666 4837 1911 4908 negotiis
1938 4854 2079 4907 prte-

444 4927 652 4997 posuit,
713 4932 949 4999 propter
1013 4928 1338 4983 hacreticam
1398 4931 1831 5001 perversitatem
1894 4931 2078 4984 eidem

442 5021 693 5075 favorem
739 5038 907 5075 suum
960 5027 1229 5092 praestare
1279 5024 1650 5078 convincitur.
1699 5024 1801 5088 Qui
1853 5023 2077 5077 etiamsi

2180 4649 2235 4700 et
2247 4662 2539 4701 coronam.
2561 4646 2875 4702 Clementia
2890 4648 3069 4719 igitur
3082 4651 3264 4703 vestra
3281 4654 3553 4720 agnoscat
3571 4666 3814 4705 omnem

2177 4741 2489 4794 Romanam
2530 4740 2831 4795 Ecclesiam
2865 4741 3146 4796 universis
3189 4743 3323 4797 ﬁdei
3362 4748 3561 4799 vestra;
3603 4742 3815 4814 opibus

2179 4834 2488 4903 plurimum
2522 4834 2811 4904 gratulari,
2844 4836 2958 4889 sive
2996 4836 3144 4907 quod
3173 4837 3524 4909 legationem
3553 4840 3812 4892 nostram

2179 4927 2271 4996 pio
2298 4944 2399 4998 per
2423 4928 2619 4983 omnia
2646 4928 2937 4999 adjuvistis
2961 4929 3186 4998 aﬁ‘ectu,
3211 4936 3265 4986 et
3291 4932 3445 5002 quod
3483 4931 3813 4987 sacerdotes

2178 5021 2484 5075 catholicos
2514 5022 2613 5092 qui
2643 5023 2711 5077 de
2738 5022 2985 5078 ecclesiis
3010 5024 3126 5078 suis
3150 5024 3227 5095 inj
3238 5030 3359 5080 usta
3383 5026 3616 5081 fuerunt
3641 5026 3812 5097 ejecti

442 5130 652 5185 magna
679 5114 1058 5169 satisfactione
1094 5118 1366 5187 potuisset
1396 5117 1811 5189 indulgentiam
1843 5133 2074 5187 prome-
2145 5108 2458 5187 lsententia
2484 5116 2800 5184 reduxistis,
2833 5116 2949 5171 sive
2972 5118 3124 5188 quod
3148 5118 3418 5190 reliquias
3440 5122 3648 5174 sanctae
3674 5136 3808 5174 me-

441 5206 576 5275 reri,
608 5223 967 5278 nequaquam
1014 5209 1209 5265 debuit
1256 5211 1341 5264 his
1392 5212 1487 5281 qui
1515 5211 1572 5265 in
1603 5210 1714 5265 ﬁde
1742 5227 2074 5281 permanse-

442 5304 573 5354 rant
616 5300 909 5357 anteferri.
964 5304 1123 5358 Unde
1178 5305 1312 5376 quia
1366 5323 1478 5359 non
1525 5306 1662 5359 latet
1714 5303 2076 5358 clementiam

439 5398 704 5459 vestram,
747 5399 1031 5465 quantum
1072 5397 1330 5468 periculi,
1363 5401 1461 5452 aut
1493 5414 1593 5469 per
1620 5396 1951 5468 pudendam
1983 5415 2072 5451 so—

439 5487 715 5555 cordiam,
749 5494 846 5544 aut
882 5507 985 5561 per
1010 5491 1267 5546 dolosam
1302 5490 1614 5562 nequitiam
1644 5490 1948 5558 nutriatur,
1985 5491 2071 5546 di-

440 5582 694 5651 gnamini
715 5583 1049 5655 episc0pum
1062 5584 1133 5638 ad
1148 5584 1564 5655 professionem
1588 5602 1702 5639 suae
1726 5585 1857 5639 ﬁdei
1877 5590 2070 5640 aucto-

434 5676 603 5731 ritate
624 5682 828 5732 vestrae
850 5678 1171 5732 clementiae
1192 5694 1455 5732 revocare
1476 5695 1547 5733 ne
1566 5679 1671 5734 sibi
1698 5680 1801 5735 has
1823 5681 2072 5735 maculas

435 5768 796 5837 superducat,
843 5787 917 5825 ne
961 5770 1402 5826 mstimationem
1456 5791 1613 5829 suam
1662 5791 1833 5846 quam
1882 5779 2071 5829 vestro

434 5861 729 5930 acquisivit
775 5863 986 5921 favore.
1037 5866 1387 5929 contemnat,
1440 5867 1765 5923 societatem
1816 5867 2071 5922 haeretici

2178 5208 2373 5262 morize
2417 5209 2662 5263 Flaviani
2706 5209 3031 5265 innocentis
3076 5217 3132 5267 et
3172 5213 3434 5268 catholici
3472 5213 3807 5283 sacerdotis,

2175 5303 2245 5357 ad
2273 5301 2595 5372 ecclesiam,
2624 5303 2712 5357 cui
2739 5305 2884 5359 bene
2912 5294 3161 5377 praefuit,
3194 5306 3403 5362 fecistis
3429 5324 3560 5362 cum
3587 5307 3810 5364 honore

2175 5396 2366 5451 debito
2396 5398 2669 5453 revocari.
2722 5400 2779 5452 ln
2830 5399 3038 5470 quibus
3080 5401 3279 5472 utique
3315 5400 3580 5456 omnibus
3604 5402 3807 5473 gloriae

2174 5494 2374 5545 vestrae
2419 5491 2831 5563 multiplicatur
2870 5498 3270 5565 augmentum,
3299 5495 3438 5550 dum
3483 5501 3540 5551 et
3580 5499 3810 5552 sanctos

2174 5601 2275 5656 pro
2295 5585 2410 5639 suis
2425 5586 2644 5640 meritis
2654 5588 3031 5654 veneramini,
3050 5592 3107 5643 et
3120 5589 3189 5642 ab
3204 5604 3343 5661 agro
3368 5588 3596 5644 Domini
3615 5590 3809 5660 spinas

2173 5684 2229 5733 et
2251 5678 2493 5734 tribulos
2531 5680 2699 5734 vultis
2738 5682 2971 5737 auferri.
3002 5682 3290 5746 Quosdam
3327 5699 3463 5738 sane
3510 5682 3806 5755 episcopos

2173 5772 2242 5825 de
2278 5772 2364 5826 his
2392 5772 2490 5844 qui
2520 5773 2690 5828 rebus
2714 5774 2904 5845 impiis
2933 5776 3197 5831 videntur
3233 5777 3545 5848 praebuisse
3572 5793 3808 5833 consen-

2174 5881 2329 5933 sum,
2372 5865 2885 5923 reconciliationem
2930 5870 3245 5939 reposceri,
3286 5874 3342 5926 et
3393 5870 3803 5927 catholicorum
