4034 6296
161 329 264 381 817

1369 330 1844 388 DECRETALIUM
1881 334 2264 390 COLLECTIO.

3435 343 3537 395 818

153 436 635 492 communionem
681 438 1030 508 desiderare,
1093 445 1206 493 tam
1260 443 1585 496 nostrorum
1629 459 1799 514 quam
1821 442 2188 526 Aresistere,
2229 459 2301 497 ne
2343 459 2409 498 ea
2458 459 2588 514 quae
2617 444 2688 499 ad
2733 445 3060 500 sacerdotes
3095 446 3404 517 pertinent,
3435 447 3538 501 sibi

153 531 354 585 fratris
381 535 440 585 et
469 532 792 604 coepiscopi
829 533 944 588 mei
973 533 1244 602 Anatolii,
1291 534 1381 588 cui
1407 535 1797 592 testimonium

153 626 304 680 ferre
335 625 681 696 dignamini,
715 627 986 682 relatione
1013 627 1406 699 cognovimus,
1433 647 1677 701 quorum
1709 632 1800 686 de-

155 719 386 773 sideriis
413 720 492 774 sic
523 719 847 790 prmbemus
877 719 1161 790 effectum,
1196 725 1258 776 ut
1297 724 1564 778 correctis
1590 728 1646 778 et
1672 742 1800 796 quae

153 813 304 867 male
334 816 472 867 sunt
495 814 645 868 facta
677 815 910 885 propria
940 815 1355 886 subscriptione
1392 817 1800 873 damnantibus

154 907 506 978 participata
545 911 874 962 nostrorum
912 926 1051 980 quos
1079 909 1340 964 misimus
1371 928 1507 966 cura
1534 929 1664 966 cum
1703 929 1798 966 su-

153 1001 416 1069 pradicto
449 1001 718 1072 episcopo
742 1002 896 1073 pacis
917 1003 1101 1073 gratia
1130 1003 1430 1072 tribuatur,
1463 1005 1597 1077 quia
1623 1006 1795 1060 devo-

155 1095 330 1148 tionis
383 1099 694 1168 utrumque
743 1101 826 1151 est
863 1096 1215 1165 Christianae,
1265 1103 1325 1152 ut
1373 1103 1428 1153 et
1481 1101 1798 1170 pertinaces

155 1190 366 1242 veritas
386 1189 547 1259 justa
566 1195 838 1256 coerceat,
870 1195 926 1245 et
955 1207 1258 1246 conversos
1282 1192 1529 1248 charitas
1563 1211 1678 1248 non
1707 1212 1794 1249 re-

157 1283 351 1352 pellat.
387 1281 538 1347 Quia
559 1300 694 1338 vero
722 1284 985 1338 novimus
1016 1288 1294 1356 quantum
1320 1286 1430 1358 pia:
1460 1287 1792 1342 sollicitudi-

153 1376 240 1430 nis
258 1377 560 1432 catholicis
581 1378 967 1433 sacerdotibus
994 1381 1376 1434 mansuetudo
1396 1385 1579 1436 vestra
1599 1382 1798 1453 digne-

155 1476 247 1526 tur
276 1471 648 1542 impendere,
666 1472 1040 1528 indicandum
1068 1490 1189 1528 esse
1216 1475 1538 1530 curavimus
1563 1477 1795 1532 fratrem

153 1569 208 1618 et
244 1566 654 1636 coepiscopum
699 1571 979 1622 mostrum
1027 1568 1333 1623 Eusebium
1367 1569 1664 1624 nobiscum
1694 1571 1792 1626 de-

153 1676 314 1728 gere,
353 1663 411 1713 et
440 1664 651 1714 nostrte
668 1661 1092 1716 communionis
1119 1679 1237 1716 esse
1263 1668 1602 1731 consortem,
1637 1665 1795 1735 cujus

150 1753 641 1808 commendamus
669 1755 984 1822 ecclesiam,
1018 1772 1192 1826 quam
1219 1756 1427 1830 dicitur
1447 1761 1667 1812 vastare
1695 1758 1792 1830 qui

1899 535 2147 590 audeant
2189 536 2494 591 vindicare.
2534 536 2696 592 Unde
2735 537 3019 592 miramur
3059 540 3296 594 fratrem
3335 540 3534 594 Thala-

1899 629 2048 683 sium
2090 631 2416 700 episcopum
2458 631 2608 702 quod
2636 631 2904 702 Georgio,
2935 632 3124 687 nescio
3161 633 3272 702 cui,
3317 651 3535 705 prtesu-

1899 724 2104 778 mendo
2118 723 2330 792 illicita,
2349 729 2404 779 et
2421 725 2774 795 propositum
2791 726 3076 795 monachi,
3096 731 3153 781 et
3172 744 3379 782 nomen
3399 728 3539 783 ami-

1899 817 1988 883 sit,
2009 816 2287 872 scribendi
2319 819 2404 871 vel
2439 819 2788 889 praidicandi
2822 820 3071 891 aliquam
3093 821 3418 892 permiserit
3451 823 3534 876 fa-

1898 912 2190 966 cultatem.
2225 911 2308 966 Ad
2334 928 2510 983 quem
2538 913 2894 983 episcopum,
2935 914 2984 967 si
3013 914 3300 969 dilectioni
3326 919 3439 970 tuae
3461 917 3535 970 vi-

1899 1021 2024 1057 sum
2045 1005 2237 1072 fuerit,
2268 1022 2336 1059 ex
2365 1006 2471 1060 hac
2509 1010 2665 1076 parte
2693 1008 3078 1078 competentia
3104 1008 3312 1079 scripta
3340 1010 3529 1063 mitta-

1898 1113 2044 1151 mus.
2072 1103 2215 1169 Agat
2243 1098 2430 1170 itaque
2455 1099 2778 1154 fraternitas
2805 1105 2900 1155 tua
2929 1101 3264 1172 opportunis
3290 1119 3529 1173 sugges-

1898 1192 2164 1260 tionibus,
2202 1197 2262 1247 ut
2305 1193 2779 1248 clementissimus
2824 1195 3090 1266 princeps
3128 1213 3255 1267 quae
3294 1197 3533 1252 Domino

1896 1285 2008 1339 sint
2047 1286 2320 1356 placitura
2351 1287 2661 1357 przecipiat,
2709 1291 2767 1342 et
2805 1287 3128 1343 incentores
3157 1295 3528 1344 cruentarum

1896 1379 2239 1434 seditionum
2263 1380 2462 1451 jubeat
2489 1382 2906 1452 competentius
2931 1382 3202 1452 coerceri,
3226 1387 3289 1438 ut
3319 1400 3421 1439 nec
3449 1384 3531 1438 illi

1895 1472 2168 1543 impuniti
2197 1473 2327 1542 sint,
2362 1490 2609 1544 quorum
2637 1491 2838 1529 manus
2871 1477 3082 1530 scelera
3107 1481 3528 1548 perpetrarunt,

1894 1584 2001 1621 nec
2034 1567 2108 1621 illi
2136 1567 2235 1638 qui
2256 1567 2460 1622 talium
2481 1573 2720 1624 utuntur
2739 1569 2977 1624 insania.
3007 1570 3060 1625 Si
3085 1575 3280 1625 autem
3303 1571 3533 1642 inquisi-

1895 1661 1972 1714 tio
2003 1660 2325 1731 judiciaria,
2360 1665 2418 1715 et
2442 1663 2720 1717 confessio
2755 1679 2989 1718 reorum
3027 1663 3100 1718 ad
3139 1681 3235 1718 eas
3271 1680 3539 1734 personas

1897 1755 2168 1824 pervenit,
2194 1771 2442 1826 quarum
2461 1756 2547 1810 vel
2574 1756 2828 1824 consilio,
2852 1758 2940 1810 vel
2962 1757 3210 1828 impulsu
3232 1758 3380 1811 mala
3407 1761 3530 1812 tan-

155 1847 234 1900 illi
282 1847 500 1916 injuste
545 1848 814 1902 asseritur
857 1817 1212 1919 subrogatus.
1246 1817 1393 1912 illud
1421 1851 1591 1905 etiam
1634 1869 1667 1904 a
1693 1817 1793 1908 {ua
1815 1826 1868 1897 Β
1892 1817 2016 1901 tum
2031 1817 2335 1903 commissa
2351 1853 2502 1916 sunt,
2518 1850 2730 1904 nullius
2744 1851 2948 1904 favoris
2965 1817 3384 1922 eisprtestanda
3403 1855 3535 1905 sunt

153 1940 372 2010 pietate
423 1944 736 2010 poscentes,
781 1942 936 2012 quod
975 1959 1071 1996 vos
1107 1947 1414 2014 spontaneo
1454 1944 1638 1999 facere
1675 1962 1790 2000 non

152 2034 494 2088 dubitamus
523 2035 776 2101 arbitrio,
808 2041 869 2089 ut
897 2039 1014 2089 tam
1047 2036 1276 2091 fratrem
1308 2040 1366 2091 et
1395 2038 1790 2110 coepiscopum

155 2143 350 2181 meum
392 2127 702 2194 Iulianum,
749 2144 922 2198 quam
954 2130 1611 2201 Constantinopolitanos
1637 2133 1793 2188 cleri-

152 2239 268 2287 cos,
305 2220 405 2292 qui
439 2224 651 2275 sanctas
682 2222 978 2277 memoriae
1015 2223 1276 2278 Flaviano
1304 2225 1564 2280 ﬁdelibus
1592 2227 1792 2281 ofﬁciis

151 2315 471 2382 adhaesere,
505 2331 572 2368 ea
611 2332 725 2386 qua
751 2315 970 2370 debetis
1003 2317 1187 2387 gratia
1210 2318 1460 2372 faveatis.
1496 2321 1574 2374 De
1606 2321 1788 2375 omni-

153 2408 258 2462 bus
333 2424 469 2462 vero
531 2408 799 2478 pietatem
867 2413 1116 2466 vestram
1179 2428 1282 2482 per
1342 2418 1590 2481 nostros,
1655 2413 1790 2484 quid

155 2503 277 2556 ﬁeri
310 2507 412 2556 aut
455 2502 731 2556 declinari
767 2503 1019 2570 deberet,
1065 2504 1454 2560 instruximus.
1497 2507 1632 2561 Data
1666 2509 1816 2562 Idus‘

153 2595 396 2666 Aprilis,
456 2595 738 2666 Adelphio
793 2596 912 2650 viro
977 2597 1290 2653 clarissimo
1347 2600 1607 2664 consule,
1681 2618 1793 2655 tera

154 2705 527 2745 CCCCLXXXVUI
539 2732 550 2744 .

259 2784 532 2838 XXXVIII.
561 2813 630 2824 —
661 2785 752 2839 Ad
776 2786 1061 2840 lulianum
1085 2788 1390 2856 episcopum
1424 2791 1686 2844 Coenscm.

225 2878 335 2931 Leo
362 2879 594 2932 Juuaxo
623 2878 887 2949 episcopo
915 2879 1134 2933 Coensi.

226 2971 470 3025 Litteras
515 2971 832 3026 dilectionis
879 2978 992 3027 tute
1041 2991 1180 3044 quas
1221 2991 1322 3044 per
1369 2974 1572 3030 Filium
1602 2993 1792 3031 meum

156 3065 342 3119 virum
413 3065 687 3120 illustrem
758 3066 981 3122 Isicium
1045 3068 1334 3136 direxisti,
1405 3086 1470 3123 eo
1534 3075 1793 3140 tempore

1893 1941 2104 1996 solatia.
2125 1942 2414 2006 Quantum
2436 1943 2592 1996 enim
2614 1943 2858 1998 meliora
2874 1945 2942 1998 de
2971 1944 3104 2014 ipsis
3133 1949 3266 1998 sunt
3286 1945 3526 2006 credita.

1896 2039 2115 2089 tantum
2145 2041 2276 2090 sunt
2304 2037 2549 2107 amplius
2577 2037 2916 2103 detestandi,
2953 2054 3198 2108 quorum
3225 2055 3378 2092 nunc
3417 2039 3530 2124 i‘m-

1891 2130 2070 2200 pietas
2093 2145 2222 2200 quae
2243 2146 2346 2201 per
2359 2129 2704 2200 hypocrisim
2723 2131 2910 2185 fuerat
2923 2131 3107 2184 velata
3127 2131 3528 2214 detegituriEt

1894 2223 2020 2278 ideo
2061 2226 2195 2294 agat
2234 2223 2747 2278 Christianissimus
2781 2229 2837 2278 et
2872 2223 3160 2294 piissimus
3186 2224 3525 2296 imperator,

1893 2317 2045 2387 quod
2073 2317 2195 2388 paci
2223 2317 2613 2372 ecclesiastica;
2639 2317 2908 2390 intelligit
2937 2318 3320 2389 profuturum.
3350 2320 3529 2382 Quem

1894 2427 2138 2481 superna
2173 2411 2547 2482 inspiratione
2586 2413 2666 2467 ita
2692 2412 3091 2466 instruendum
3118 2429 3258 2478 esse,
3287 2413 3531 2478 confide,

1896 2509 1953 2558 ut
1998 2508 2057 2557 et
2102 2505 2394 2575 disciplina
2441 2506 2724 2576 inquietos
2764 2522 3049 2573 revocare,
3091 2511 3148 2560 et
3176 2523 3209 2559 a
3249 2506 3530 2576 sanguine

1896 2614 2099 2652 eorum
2123 2597 2329 2668 jubeat
2362 2599 2660 2667 abstineri,
2686 2597 2943 2670 quamvis
2975 2599 3054 2652 nil
3093 2599 3373 2654 ultionum
3417 2616 3530 2654 non

1895 2697 2221 2746 mereantur
2244 2693 2456 2760 subire,
2489 2693 2588 2763 qui
2614 2692 2734 2746 ausi
2755 2695 2888 2746 sunt
2917 2695 2976 2746 et
3005 2692 3207 2746 divinis
3241 2697 3297 2746 et
3324 2693 3528 2747 huma-

1898 2785 1982 2839 nis
2013 2785 2511 2840 constitutionibus
2539 2802 2878 2856 repugnare.

2216 2881 2429 2934 XXXIX.
2475 2912 2541 2920 —
2587 2880 2675 2935 Ad
2702 2880 3033 2935 Eudochiam
3066 2883 3207 2949 Aug.

1966 2976 2072 3028 Leo
2144 2975 2439 3029 Eunoen”:
2504 2976 2775 3044 Augustae
2831 2973 2901 3026 de
2958 2973 3273 3027 Palaestinis
3343 2989 3538 3027 mona-

1894 3069 2037 3123 chis.

151 3159 366 3230 accepi,
415 3176 529 3230 quo
570 3160 980 3215 recentioribus
1023 3161 1277 3232 epistolis
1303 3163 1412 3216 tuis
1446 3163 1642 3217 iterata
1666 3165 1791 3234 jam
1814 3197 1868 3270 ρ
1967 3164 2192 3227 Quanta
2214 3163 2358 3216 mihi
2382 3162 2675 3216 catholicae
2705 3178 2836 3216 cura
2871 3161 2940 3215 sit
2971 3161 3120 3228 ﬁdei,
3145 3167 3202 3215 et
3231 3177 3344 3232 qua
3373 3161 3529 3214 solli-

152 3253 450 3306 occasione
479 3253 903 3324 responderem.
934 3254 1091 3309 Unde
1122 3255 1256 3326 quia
1281 3256 1454 3310 etiam
1495 3258 1554 3310 in
1588 3258 1674 3312 his
1707 3259 1789 3312 al-

153 3347 363 3416 loquiis
411 3347 523 3400 tuis
566 3347 771 3401 eadem
818 3348 888 3402 de
928 3348 1282 3419 impiissimis
1328 3350 1606 3405 haereticis
1635 3353 1790 3423 justo

153 3441 348 3494 dolore
396 3443 737 3512 conquestus
773 3459 850 3509 es,
901 3459 1223 3513 congruum
1270 3444 1392 3510 fuit,
1440 3446 1627 3514 quoad
1654 3447 1790 3499 scri-

149 3534 326 3588 bendi
367 3535 767 3605 opportunitas
816 3537 1050 3602 exstitit,
1107 3554 1218 3591 non
1263 3543 1472 3592 tacere.
1526 3540 1585 3591 lu
1626 3556 1791 3592 causa

156 3630 347 3699 itaque
376 3628 509 3683 ﬁdei
539 3628 820 3700 quidquid
852 3647 953 3700 pro
981 3637 1176 3685 nostro
1209 3631 1393 3685 oflicio
1426 3632 1696 3702 oportuit,
1728 3650 1792 3687 ac

155 3725 342 3791 potest
365 3722 601 3792 juvante
632 3723 895 3792 Domino,
932 3728 989 3777 et
1015 3725 1250 3779 sollicite
1277 3729 1333 3779 et
1359 3725 1602 3779 libenter
1632 3743 1788 3780 exse-

152 3817 409 3886 quimur,
441 3818 502 3870 ut
535 3817 840 3887 Evangelia
886 3823 936 3871 et
975 3818 1552 3889 irreprehensibiliter
1583 3820 1789 3875 servia-

155 3927 302 3977 mus,
336 3925 408 3964 ne
442 3926 542 3980 per
582 3911 853 3965 desidiam
887 3915 1142 3966 nostram
1197 3913 1311 3966 ulla
1355 3930 1484 3984 pars
1531 3915 1790 3969 Ecclesiae

152 4003 448 4057 catholicae
498 4004 760 4073 neglecta
812 4004 1091 4059 videatur.
1154 4007 1388 4076 Propter
1443 4008 1595 4078 quod
1650 4008 1792 4062 sicut

155 4097 426 4150 omnibus
459 4101 661 4151 notum
701 4100 804 4165 est,
840 4115 954 4152 non
989 4098 1179 4153 destiti
1205 4099 1486 4169 laborare,
1519 4104 1579 4154 ut
1605 4103 1787 4156 mani-

152 4191 356 4244 festata
389 4194 560 4261 atque
604 4191 834 4245 defensa
864 4193 1268 4246 incarnationis
1305 4193 1616 4248 Dominicze
1645 4195 1788 4249 veri-

156 4288 286 4352 tate,
346 4284 533 4338 omnis
588 4284 944 4354 fraternitas,
1015 4285 1149 4357 quid
1204 4287 1414 4358 ubique
1477 4289 1789 4343 secundum

155 4377 469 4432 doctrinam
500 4378 888 4448 apostolicam,
921 4383 978 4433 et
1011 4380 1323 4435 tenendum
1371 4384 1428 4434 et
1473 4381 1791 4436 docendum

157 4477 318 4537 esset,
349 4477 706 4542 agnosceret,
732 4473 1034 4528 accedente
1063 4473 1601 4544 gloriosissimorum
1627 4476 1788 4547 prin-

1894 3256 2166 3320 citudine,
2200 3256 2257 3309 in
2287 3260 2562 3325 quantum
2592 3254 2865 3308 Dominus
2887 3254 3136 3324 adjuvat,
3170 3254 3376 3309 debeat
3394 3270 3532 3324 prte-

1893 3350 2094 3416 caveri,
2143 3366 2216 3403 ne
2259 3365 2513 3418 unquam
2545 3348 2615 3402 ab
2647 3347 2931 3418 imperitis
2967 3350 3023 3401 et
3062 3347 3249 3417 impiis
3275 3347 3532 3401 veritatis

1894 3443 2196 3511 Evangelia
2249 3443 2559 3507 resistatur,
2607 3441 2875 3511 pietatem
2929 3446 3172 3495 vestram
3217 3440 3359 3494 scire
3414 3457 3529 3494 non

1893 3537 2108 3590 dubito.
2140 3538 2207 3590 Et
2233 3535 2364 3590 ideo
2397 3552 2526 3589 cum
2555 3534 2908 3588 salutationis
2935 3534 3136 3599 ofﬁcio,
3167 3550 3280 3604 quo
3307 3549 3532 3604 semper

1895 3631 2037 3685 mihi
2066 3636 2149 3684 est
2187 3629 2408 3683 oranda
2453 3629 2779 3693 clementia,
2818 3628 3049 3682 obsecro
3089 3627 3414 3696 Dominum,
3466 3632 3532 3682 ut

1892 3741 1981 3779 me
2010 3730 2167 3779 tuam
2197 3722 2647 3778 incolumitatem
2672 3723 2730 3776 in
2761 3739 2927 3776 causa
2956 3721 3110 3787 ﬁdei,
3146 3721 3204 3774 in
3240 3738 3353 3792 quo
3384 3739 3526 3792 quo-

1894 3819 2158 3873 rumdam
2186 3817 2538 3889 provinciam
2557 3816 2705 3871 intra
2730 3815 3091 3870 Palaestinam
3114 3816 3529 3870 monachorum

1892 3913 2119 3966 fuerant
2146 3912 2319 3966 corda
2348 3911 2592 3976 turbata,
2626 3911 2811 3981 magis
2854 3910 3148 3981 magisque
3173 3909 3342 3964 faciat
3366 3909 3530 3980 adju-

1891 4023 2043 4073 vare,
2074 4011 2137 4060 ut
2161 4011 2385 4060 tantum
2409 4005 2562 4077 quod
2589 4004 2811 4075 pietatis
2832 4009 2946 4059 tuae
2969 4003 3158 4059 studio
3182 4003 3302 4058 ﬁeri
3325 4006 3530 4074 potest,

1893 4101 2170 4155 haeretica;
2227 4099 2583 4171 perversitati
2638 4098 2822 4153 omnis
2880 4098 3086 4152 ﬁducia
3141 4087 3560 4158 subtrahaturJ

1892 4194 2042 4258 Quos
2067 4195 2223 4248 enim
2246 4211 2347 4248 nec
2381 4194 2522 4247 ratio
2555 4197 3065 4255 sacramentorum,
3099 4208 3201 4245 nec
3221 4192 3559 4246 auctoritas'

1891 4287 2248 4357 scriptorum,
2276 4304 2379 4340 nec
2404 4287 2523 4356 ipsa
2551 4289 2902 4339 sacratorum
2924 4287 3179 4338 locorum
3200 4284 3529 4338 testimonia

1891 4381 2345 4447 commovebant,
2394 4379 2530 4449 quid
2569 4379 2647 4431 eis
2690 4378 2798 4432 nisi
2845 4378 3154 4447 abruptum
3209 4377 3526 4447 periculum

1890 4475 2188 4529 timeretur
2214 4474 2241 4527 ‘?
2288 4473 2468 4527 Prosit
2497 4488 2637 4539 ergo
2665 4471 2913 4526 ecclesiis
2942 4472 3108 4536 sicut,
3138 4471 3365 4524 favente
3392 4471 3524 4535 Deo,

157 4566 346 4636 cipum
375 4565 568 4620 studio
587 4566 858 4621 divinitus
885 4567 1179 4638 inspirato,
1213 4572 1275 4622 ut
1295 4569 1352 4622 in
1374 4569 1596 4624 civitate
1623 4571 1787 4626 Chal-
1809 4568 1868 4640 D
1893 4573 1949 4624 et
1975 4569 2224 4639 prodest,
2269 4573 2323 4621 et
2357 4565 2535 4636 prosit
2565 4565 2760 4635 generi
2792 4566 3062 4631 humano,
3097 4564 3153 4617 in
3198 4563 3384 4617 verbis
3425 4563 3524 4616 Dei

157 4659 469 4714 cedonensi
498 4660 718 4731 synodo
748 4666 1114 4731 congregata,
1145 4662 1407 4717 haeretica
1428 4663 1796 4718 damnaretur

159 4753 437 4824 impietas,
493 4771 564 4808 ne
613 4754 702 4808 vel
756 4755 1060 4826 quisquam
1109 4759 1352 4811 sectator
1398 4759 1661 4826 Nestorii,
1705 4759 1792 4812 vel

158 4847 300 4900 ullus
325 4846 634 4917 discipulus
654 4847 903 4902 Eutichis
928 4849 1170 4904 liberum
1197 4850 1373 4920 possit
1397 4867 1527 4905 cum
1553 4852 1792 4906 catholi-

157 4941 230 4994 cis
259 4941 471 4995 habere
499 4942 874 5009 consortium,
899 4961 1049 5010 cum,
1078 4944 1232 5014 quod
1258 4944 1329 4998 ad
1359 4944 1537 4998 sancti
1569 4946 1790 5000 concilii

157 5034 553 5089 auctoritatem
579 5036 845 5106 pertinet,
877 5038 1031 5091 nulla
1065 5054 1304 5109 usquam
1333 5039 1676 5093 remanserit
1704 5039 1789 5094 di-

159 5128 400 5183 scordia.
449 5130 506 5184 Si
538 5129 637 5200 qui
679 5133 869 5184 autem
901 5147 1002 5185 sua
1046 5131 1423 5186 obduratione
1456 5133 1669 5200 caecati,
1714 5134 1793 5188 ita

161 5222 211 5275 in
233 5223 467 5292 reprobi
496 5240 699 5277 sensus
723 5225 1039 5280 amentiam
1073 5226 1442 5292 transierunt,
1473 5229 1535 5280 ut
1555 5228 1792 5281 mallent

159 5318 340 5370 furere
370 5333 539 5388 quam
563 5318 774 5386 sanari,
799 5319 868 5373 ad
899 5319 1249 5388 imperialem
1273 5321 1524 5390 pertinet
1551 5324 1791 5392 potesta-

160 5415 288 5476 tem,
321 5415 387 5464 ut
413 5411 842 5481 perturbatores
870 5413 1132 5466 Ecclesiae
1164 5413 1338 5483 pacis,
1372 5417 1427 5468 et
1458 5413 1786 5484 republican,

161 5521 279 5572 qua:
328 5504 666 5558 Christianis
716 5505 1071 5575 principibus
1102 5507 1306 5561 merito
1341 5506 1638 5576 gloriatur,
1681 5507 1788 5561 ini-

160 5597 280 5651 mici
313 5597 608 5653 sollicitius
648 5599 1126 5670 comprimantur.
1159 5601 1226 5654 Ut
1256 5605 1449 5656 autem
1478 5600 1789 5673 imperialis

158 5696 255 5755 est,
305 5696 369 5744 ut
419 5691 689 5760 diximus,
735 5693 1052 5764 potestatis,
1099 5694 1374 5749 tumultus
1417 5695 1676 5767 publicos
1726 5712 1789 5750 ac

160 5785 456 5840 seditiones
483 5786 784 5857 sacrilegas
811 5787 1058 5842 severius
1077 5804 1354 5855 coercere,
1383 5789 1461 5844 ita
1483 5789 1787 5844 auctorita-

163 5879 228 5931 tis
259 5884 342 5933 est
384 5880 749 5935 sacerdotalis
791 5882 1090 5936 monachis
1138 5882 1484 5953 praedicandi
1537 5881 1787 5953 aliquam

159 5976 347 6027 contra
369 5973 543 6028 ﬁdem
563 5974 851 6031 licentiam
881 5993 997 6031 non
1027 5976 1301 6047 praebere,
1328 5979 1382 6030 et
1410 5975 1568 6031 omni
1594 5976 1785 6031 virtuti

1894 4666 2138 4716 vestram
2166 4659 2241 4714 ibi
2261 4676 2382 4714 esse
2409 4659 2788 4725 voluntatem,
2819 4658 2916 4711 ubi
2936 4657 3239 4711 Dominum
3263 4659 3526 4711 nostrum

1891 4758 2081 4810 Jesum
2113 4753 2400 4810 Christum
2427 4752 2589 4807 vobis
2617 4753 2759 4806 sicut
2787 4752 2964 4805 Deum
2996 4767 3215 4817 verum,
3247 4753 3303 4804 et
3331 4767 3530 4804 verum

1894 4866 2119 4920 quoque
2145 4849 2440 4903 hominem
2465 4848 2524 4901 in
2552 4847 2770 4901 unitate
2790 4861 3071 4916 personis,
3101 4847 3158 4898 et
3179 4843 3528 4898 mirabilium

1885 4944 2120 5014 judicia,
2153 4948 2210 4996 et
2239 4942 2569 5014 passionum
2586 4941 2927 4996 documenta
2945 4939 3275 5010 loquuntur.
3307 4937 3365 4992 Si
3391 4954 3528 5009 ergo

1892 5037 2144 5108 praedicti
2175 5053 2387 5091 nomen
2418 5035 2759 5089 catholicum
2795 5037 3144 5088 venerantur
3171 5034 3227 5086 et
3255 5031 3525 5103 diligunt,

1893 5137 1949 5186 et
1974 5132 2122 5186 inter
2144 5130 2368 5185 Domini
2399 5146 2602 5199 corpus
2625 5144 2682 5181 se
2708 5127 2906 5180 volunt
2927 5127 3187 5180 membra
3217 5126 3527 5194 nominari,

1894 5242 2093 5295 pravos
2139 5240 2362 5277 errores
2404 5239 2547 5292 quos
2596 5225 2810 5274 temere
2851 5219 3202 5274 admiserant
3244 5220 3527 5275 detesten-

1891 5324 2003 5384 tur,
2046 5323 2104 5372 et
2145 5320 2319 5386 agant
2364 5314 2755 5385 paenitentiam
2795 5313 3103 5385 impiarum
3147 5314 3528 5386 blasphemia-

1893 5429 2041 5478 rum,
2072 5409 2264 5483 202
2295 5412 2779 5478 cruentorumque
2811 5408 3114 5464 factorum.
3143 5409 3531 5466 Succumbant

1894 5523 1992 5576 pro
2019 5505 2198 5558 salute
2220 5503 2541 5556 animarum
2561 5518 2792 5556 suarum
2809 5502 3173 5573 synodalibus
3187 5518 3313 5574 quae
3328 5502 3385 5555 in
3403 5501 3532 5554 civi-

1890 5604 2003 5653 tate
2023 5595 2470 5652 Chalcedonensi
2508 5601 2641 5651 sunt
2665 5596 3002 5650 conﬁrmata
3030 5594 3286 5650 decretis.
3314 5595 3379 5647 Et
3395 5593 3528 5664 quia

1890 5694 1958 5747 ad
1975 5691 2418 5761 intelligendum
2439 5693 2864 5745 sacramentum
2886 5689 3082 5744 salutis
3105 5689 3394 5752 humanze,
3416 5687 3524 5740 nisi

1891 5787 2030 5841 ﬁdes
2055 5802 2208 5853 vera,
2230 5790 2286 5840 et
2308 5783 2607 5839 humilitas
2635 5784 2828 5856 quieta
2853 5801 2966 5838 non
2990 5779 3268 5852 pervenit,
3291 5779 3529 5834 credant

1891 5883 1950 5936 in
1977 5879 2304 5952 Evangelio,
2335 5879 2485 5949 quod
2515 5880 2860 5934 conﬁtentur
2884 5877 2941 5930 in
2975 5873 3259 5944 symbolo,
3286 5888 3390 5928 nec
3413 5873 3523 5928 im-

1890 5975 1996 6046 piis
2043 5973 2408 6046 dogmatibus
2456 5972 2819 6028 misceantur.
2855 5967 3016 6023 Fides
3061 5966 3215 6022 enim
3249 5967 3520 6022 catholica
