4034 6322
468 340 575 395 819
1365 338 1647 396 APPEND.
1685 338 1773 399 AD
1810 337 1969 392 SEC.
2016 335 2100 389 IX.
2132 362 2198 372 -—
2239 333 2481 389 lSlDORl
2516 331 2940 388 MERCATORIS
3726 328 3837 383 820

433 442 612 537 lsicut
654 445 891 502 damnat
934 446 1253 502 Nestorium
1277 446 1376 517 qui
1403 446 1465 501 in
1492 462 1605 501 uno
1633 446 1872 502 Domino
1893 449 2090 502 nostro
2113 453 2173 529 Α
2191 442 2404 497 multos
2434 440 2642 498 Christi
2670 439 2912 512 populos
2941 438 3448 504 conturbaverunt,
3487 435 3834 502 disserendi,

464 542 592 596 Jesu
625 540 848 598 Christo
879 540 1017 596 duas
1043 556 1213 595 ausus
1242 545 1327 596 est
1356 540 1665 611 pradicare
1693 557 1984 612 personas,
2015 540 2097 597 ita
2158 538 2161 539 ⁷
2196 539 2253 591 et
2276 534 2733 591 clementissimis
2758 533 3129 606 principibus,
3171 536 3230 589 et
3255 535 3446 587 sancto
3474 530 3714 587 concilio
3737 547 3836 603 sy-

470 634 706 691 damnat
727 634 897 689 etiam
924 634 1203 689 Eutichen
1229 650 1360 689 cum
1381 634 1663 704 Dioscoro,
1687 635 1843 707 quod
1864 637 1937 690 ab
1966 635 2094 690 uni-

470 728 663 799 genito
691 727 788 783 Dei
814 728 992 783 Verbo
1020 732 1233 799 negant
1254 729 1314 783 in
1343 733 1503 784 utero
1522 729 1765 801 Virginis
1784 729 1980 784 matris
1996 746 2093 785 ve-

470 822 693 877 ritatem
732 820 918 876 carnis
960 822 1228 877 humana
1271 824 1606 894 susceptam.
1640 822 1698 878 Si
1727 823 1868 895 quid
1906 829 2098 879 autem

470 930 606 985 erga
635 914 1040 986 pradictorum
1076 915 1499 971 conversionem
1550 917 1867 972 exhortatio
1915 923 2098 973 vestra

468 1008 796 1079 profecerit,
829 1009 982 1080 quod
1009 1009 1249 1081 gloriam
1280 1010 1438 1065 vobis
1477 1011 1772 1081 prastabit
1799 1017 2096 1076 atemam,

470 1109 603 1173 peto
630 1103 736 1160 hoc
756 1103 900 1159 mihi
924 1104 1242 1159 clementia
1269 1110 1470 1159 vestra
1497 1104 1700 1159 litteris
1722 1105 2003 1175 indicetis,
2035 1112 2101 1161 ut

469 1200 528 1252 et
553 1196 612 1252 in
637 1196 792 1251 vobis
812 1197 950 1252 boni
975 1198 1161 1269 operis
1183 1199 1454 1265 fructum,
1484 1199 1662 1254 etillis
1681 1200 1968 1270 gaudeam
1990 1201 2098 1255 mi-

471 1289 836 1346 sericordiam
866 1292 1097 1347 Domini
1124 1309 1238 1347 non
1265 1292 1524 1363 periisse.
1558 1294 1694 1347 Data
1722 1293 1962 1364 septimo
1992 1294 2100 1349 Ka-

470 1383 667 1441 lendas
688 1384 841 1455 Julii,
871 1386 1126 1457 Opilione
1153 1387 1273 1441 viro
1296 1386 1606 1442 clarissimo
1633 1388 1885 1444 consule.

829 1480 932 1535 XL.
966 1512 1035 1521 -—
1069 1482 1315 1553 Epistola
1352 1483 1541 1539 Leonis
1569 1497 1748 1553 papa.

547 1573 1019 1645 Frequentissime
1049 1574 1412 1631 dilectionem
1442 1580 1600 1631 tuam
1631 1575 1705 1631 ad
1734 1576 1882 1632 hanc
1906 1592 2103 1631 curam

2197 629 2405 697 nodali,
2437 634 2494 684 et
2518 626 3162 699 Constantinopolitana
3190 625 3446 682 Ecclesia
3482 625 3620 698 quid
3645 624 3716 680 de
3743 625 3837 679 in-

2195 723 2521 778 caruatione
2534 722 2697 777 Verbi
2714 720 3029 776 secundum
3041 736 3179 776 evan
3185 719 3424 792 gelicam
3439 718 3838 791 apostolicam-

2198 834 2309 889 que
2347 816 2665 873 doctrinam
2706 814 3046 870 deberemus
3086 830 3290 886 sapere
3329 830 3396 868 ac
3432 813 3646 868 sentire
3673 815 3839 884 pate-

2199 910 2326 978 faci,
2373 915 2431 966 et
2477 910 2537 964 in
2584 910 2746 964 nullo
2785 926 2818 963 a
2853 913 3182 963 sanctorum
3212 909 3445 962 Patrum
3475 906 3837 961 confessione

2199 1004 2446 1072 discessi,
2478 1003 2615 1076 quia
2640 1020 2756 1058 una
2779 1006 2883 1072 est,
2907 1019 3062 1069 vera,
3093 1001 3421 1073 singularis,
3449 1001 3719 1072 perfecta,
3749 999 3841 1054 in-

2198 1097 2475 1154 violabilis
2518 1097 2793 1152 catholica
2825 1097 2980 1166 ﬁdes,
3017 1096 3108 1151 cui
3142 1095 3287 1150 nihil
3328 1094 3482 1164 addi,
3511 1110 3617 1148 nec
3644 1092 3841 1149 minui

2199 1195 2398 1264 potest.
2426 1194 2605 1257 Quam
2635 1191 2919 1246 Nestorius
2948 1191 3122 1261 prius,
3157 1195 3214 1245 et
3255 1204 3407 1243 nunc
3434 1188 3701 1243 Eutiches
3745 1187 3839 1242 di-

2200 1302 2357 1343 versa
2382 1285 2615 1357 quidem
2640 1283 2973 1354 assertione,
3012 1283 3112 1339 sed
3138 1282 3305 1337 simili
3327 1281 3614 1353 impietate
3641 1281 3838 1353 impu-

2203 1396 2377 1452 gnara
2422 1378 2611 1434 conati
2651 1383 2810 1446 sunt,
2858 1381 2916 1433 et
2956 1377 3216 1433 Ecclesia
3272 1376 3368 1431 Dei
3404 1375 3546 1431 duas
3586 1375 3841 1430 hareses

2202 1473 2427 1529 sibimet
2467 1471 2774 1527 contrarias
2812 1471 3026 1527 inferre
3079 1473 3396 1537 tentarunt,
3443 1473 3509 1525 ut
3532 1473 3777 1541 uterque
3804 1485 3842 1522 a

2204 1567 2487 1639 discipulis
2503 1566 2754 1622 veritatis
2773 1566 2981 1620 merito
3002 1565 3395 1632 damnaretur,
3409 1564 3545 1636 quia
3564 1562 3841 1619 insanum

476 1670 533 1723 et
552 1667 909 1739 diligentiam
929 1668 1074 1723 meis
1092 1685 1222 1724 sum
1248 1670 1451 1725 litteris
1471 1671 1819 1739 cohortatus,
1839 1672 1906 1725 ut
1925 1669 1995 1725 de
2014 1669 2105 1724 his
2201 1661 2376 1718 nimis
2400 1665 2458 1716 et
2484 1660 2821 1732 sacrilegum
2852 1659 2960 1714 fuit
2987 1658 3139 1731 quod
3188 1658 3341 1714 varia
3380 1657 3629 1713 falsitate
3666 1655 3844 1712 ambo

478 1778 607 1834 qua
631 1761 777 1817 circa
796 1760 970 1818 ﬁnem
990 1766 1260 1834 aguntur,
1281 1764 1717 1820 sollicitudinem
1737 1780 1929 1819 meam
1950 1763 2107 1819 inde-
2123 1826 2171 1834 _
2204 1772 2449 1811 sensere.

479 1854 735 1910 sitienter
776 1855 1107 1927 instrueres,
1154 1862 1212 1912 et
1256 1874 1387 1914 cum
1423 1858 1687 1915 omnibus
1720 1826 2181 1913 occasionibusB
2272 1853 2798 1910 Anathematizetur
2819 1869 2957 1926 ergo
2978 1851 3271 1908 Nestorius
3296 1850 3395 1923 qui
3414 1850 3639 1906 beatam
3662 1848 3850 1919 virgi-

479 1948 722 2004 scribere
769 1966 889 2006 non
924 1951 1231 2022 quiescam.
1276 1952 1627 2020 Quibusdam
1662 1957 1855 2008 tamen
1885 1952 2106 2023 scriptis
2206 1966 2341 2004 nem
2368 1948 2604 2005 Mariam
2628 1947 2876 2002 hominis
2905 1946 3305 2002 tantummodo
3327 1944 3572 2001 credidit
3601 1941 3843 2015 genitri-

479 2043 624 2097 meis
641 2043 795 2098 idem
811 2060 916 2115 per
930 2043 1111 2100 ﬁlium
1127 2050 1386 2102 nostrum
1406 2046 1708 2102 Rodanum
1726 2046 2105 2102 domesticum

479 2136 581 2192 ﬁlii
622 2137 805 2193 nostri
849 2138 956 2192 viri
980 2138 1347 2195 illustrissimi
1385 2140 1649 2212 Aspiratii
1678 2140 1842 2208 datis,
1881 2140 2109 2195 nullum

480 2247 820 2303 responsum
858 2236 974 2287 tua
1010 2233 1383 2290 fraternitatis
1412 2235 1622 2306 accepi,
1658 2237 1933 2306 tanquam
1960 2235 2108 2290 ratio

480 2325 755 2396 temporis
780 2342 895 2380 non
924 2327 1207 2395 habuerit,
1236 2330 1301 2382 ut
1329 2328 1467 2400 quid
1489 2331 1616 2400 post
1641 2344 1773 2384 mea
1790 2329 2009 2400 scripta
2037 2328 2110 2383 sit

482 2421 708 2489 gestum
733 2420 988 2490 potueris
1021 2420 1290 2489 indicare,
1332 2425 1389 2476 et
1411 2421 1540 2477 ideo
1570 2438 1674 2493 per
1701 2422 1883 2477 ﬁlium
1914 2438 2110 2477 meum

482 2512 789 2567 Rodanum
842 2513 932 2568 his
985 2514 1186 2570 litteris
1222 2515 1425 2583 saluto,
1454 2520 1509 2570 et
1533 2519 1597 2571 ut
1628 2515 2110 2587 opportunitatem

479 2605 758 2662 scribendi
786 2623 904 2663 non
923 2608 1203 2681 negligas,
1232 2609 1292 2664 in
1326 2626 1440 2681 quo
1460 2615 1695 2681 questus
1711 2609 2111 2666 sollicitudinis

482 2715 625 2754 mea
650 2702 938 2757 reveletur
962 2703 1265 2758 admoneo.
1292 2706 1434 2761 Cum
1458 2704 1615 2759 enim
1638 2704 1700 2758 in
1728 2707 1783 2758 te
1804 2704 2111 2775 quamdam

482 2793 599 2847 mei
620 2794 1229 2867 Constantinopolitani
1246 2797 1490 2853 habeant
1511 2797 1848 2869 portionem,
1871 2797 2112 2869 dignum

479 2903 583 2957 pro
609 2889 896 2943 communi
922 2889 1172 2945 amicitia
1202 2896 1305 2960 est,
1326 2895 1383 2945 et
1411 2907 1515 2963 pro
1541 2891 1712 2947 totius
1737 2891 2000 2947 Ecclesia
2023 2891 2109 2946 di-

481 2980 742 3048 lectione,
782 2981 1103 3037 ineessabili
1150 2987 1205 3039 te
1252 2984 1447 3055 vigore
1490 2985 1837 3056 prospicere,
1870 3002 1944 3040 ne
1975 2984 2113 3056 quid

481 3074 663 3145 possit
689 3073 759 3128 de
794 3079 945 3131 statu
971 3076 1106 3130 ﬁdei
1136 3094 1228 3133 me
1254 3078 1447 3133 latere.
1481 3080 1616 3143 Qua
1654 3095 1791 3149 ergo
1829 3095 1928 3150 per
1966 3096 2111 3150 pra-

2207 2060 2332 2099 cem
2341 2086 2355 2113 ,
2374 2045 2439 2097 ut
2451 2042 2623 2097 aliam
2637 2057 2943 2113 personam
2954 2041 3159 2109 carnis,
3175 2039 3349 2096 aliam
3361 2040 3573 2094 faceret
3590 2036 3843 2103 deitatis,

2210 2153 2311 2192 nec
2340 2153 2518 2191 unum
2541 2135 2830 2193 Christum
2857 2134 2916 2190 in
2944 2134 3126 2189 Verbo
3155 2134 3276 2201 Dei,
3307 2138 3365 2189 et
3387 2147 3556 2187 carne
3575 2129 3843 2199 sentiret,

2209 2232 2306 2287 sed
2334 2230 2644 2302 separatim
2663 2247 2729 2285 ac
2749 2229 2824 2301 sej
2834 2232 3070 2284 unctum
3088 2228 3266 2282 alium
3293 2227 3501 2282 Filium
3520 2226 3644 2294 Dei,
3666 2225 3846 2280 alium

2208 2325 2456 2380 hominis
2481 2324 2837 2396 pradicaret,
2868 2340 2999 2378 cum
3028 2324 3298 2378 manente
3328 2321 3425 2376 illa
3454 2320 3845 2375 incommuta-

2207 2419 2336 2474 bilis
2382 2419 2549 2475 Verbi
2601 2418 2867 2486 essentia,
2919 2433 3049 2488 qua
3081 2417 3133 2471 ei
3172 2432 3304 2471 cum
3346 2417 3510 2470 Patre
3545 2419 3603 2470 et
3628 2414 3852 2486 Spiritu

2211 2517 2404 2568 sancto
2447 2511 2839 2583 intemporalis
2882 2515 3052 2583 atque
3103 2513 3389 2565 coaterna
3433 2513 3535 2579 est,
3578 2509 3660 2563 ita
3690 2508 3851 2563 intra

2210 2611 2463 2682 virginea
2503 2612 2720 2666 viscera
2765 2611 3010 2666 Verbum
3050 2626 3180 2665 caro
3227 2609 3301 2665 sit
3334 2608 3571 2677 factum,
3615 2607 3699 2662 uti
3727 2623 3852 2661 uno

2211 2709 2517 2777 conceptu,
2577 2721 2811 2776 unoque
2859 2708 3028 2775 partu
3072 2704 3273 2759 eadem
3318 2703 3488 2775 Virgo
3534 2701 3851 2759 secundum

2211 2800 2483 2856 unionem
2530 2799 2823 2870 utriusque
2863 2797 3212 2865 substantia,
3265 2800 3322 2852 et
3373 2796 3578 2853 ancilla
3618 2793 3853 2849 Domini

2213 2898 2379 2961 esset,
2409 2896 2468 2947 et
2490 2898 2694 2948 mater.
2715 2892 2877 2957 Quod
2894 2892 3071 2948 etiam
3094 2891 3400 2958 Elisabeth,
3423 2891 3570 2945 sicut
3590 2890 3850 2959 Evange-

2211 2988 2340 3043 lista
2360 2988 2626 3057 declarat,
2646 2986 2945 3053 intellexit,
2971 2989 3028 3040 et
3048 2986 3191 3041 dixit
3222 3002 3235 3041 :
3268 3005 3296 3038 «
3318 2984 3476 3041 Unde
3497 2985 3603 3039 hoc
3624 2982 3771 3038 mihi
3789 2986 3858 3037 ut

2212 3082 2403 3138 veniat
2426 3083 2610 3135 mater
2633 3081 2865 3137 Domini
2889 3080 3002 3135 mei
3030 3080 3103 3135 ad
3130 3095 3222 3134 me
3241 3079 3269 3133 ?
3296 3101 3323 3128 »
3354 3078 3496 3148 (Luc.
3530 3095 3567 3144 1,
3596 3078 3708 3147 i3.)
3736 3078 3853 3132 Eu-

483 3167 667 3274 dictos
691 3169 779 3224 vel
803 3170 877 3224 ad
903 3169 1372 3274 gloriosissimum
1391 3172 1736 3244 principem,
1759 3173 1845 3228 vel
1863 3173 1933 3227 ad
1954 3177 2111 3228 tuam
2133 3200 2187 3274 Ο
2212 3177 2390 3233 tiches
2435 3192 2664 3248 quoque
2707 3175 2909 3231 eodem
2953 3173 3296 3246 percellatur
3321 3172 3715 3240 anathemate,
3749 3172 3856 3243 qui

481 3260 846 3317 dilectionem
872 3264 1090 3335 scripsi,
1120 3267 1184 3318 ut
1212 3265 1509 3320 celerrime
1542 3266 1854 3321 tradandur
1885 3266 2109 3321 effectui
2141 3260 2187 3274 υ
2211 3288 2315 3343 per
2337 3270 2541 3341 impios
2572 3272 2829 3325 veterum
2850 3268 3254 3324 haereticorum
3288 3266 3571 3322 volutatus
3603 3281 3855 3335 errores,

481 3356 818 3427 opportunis
840 3358 1300 3429 suggestionibus
1328 3358 1570 3414 elabora.
1596 3361 1664 3415 Et
1691 3360 1964 3432 quidquid
1997 3361 2113 3416 fue-
2209 3365 2444 3419 tertium
2458 3363 2799 3435 Apollinaris
2813 3363 3022 3433 dogma
3032 3361 3262 3433 delegit,
3277 3364 3339 3416 ut
3349 3364 3550 3431 negata
3572 3358 3855 3414 humana

477 3449 568 3517 rit,
613 3451 727 3505 Deo
775 3452 1104 3520 auxiliante,
1158 3453 1495 3524 dispositum
1543 3454 1684 3509 scire
1710 3471 1805 3509 me
1830 3455 2017 3523 facito,
2055 3459 2115 3509 ut
2212 3458 2398 3513 carnis
2446 3460 2616 3529 atque
2663 3457 2870 3512 animae
2900 3456 3155 3523 veritate,
3185 3458 3374 3510 totum
3402 3453 3705 3508 Dominum
3740 3470 3855 3509 uo-

481 3544 764 3615 perductis
787 3545 845 3600 in
869 3545 1137 3602 effectum
1158 3548 1245 3602 his
1268 3564 1399 3619 qua
1418 3548 1833 3605 rationabiliter
1850 3549 2115 3605 ordinata
2215 3558 2393 3607 strum
2436 3553 2628 3607 Jesum
2674 3550 2960 3606 Christum
3008 3549 3178 3605 unius
3218 3550 3437 3603 asserat
3458 3586 3459 3593 η
3479 3562 3600 3602 esse
3624 3551 3858 3602 natura

478 3643 629 3708 sunt,
655 3655 767 3711 pax
786 3639 918 3695 ﬁdei
938 3658 1340 3714 canonumque
1354 3642 1895 3710 custodia,securior
1906 3643 2114 3715 ubique
2212 3652 2487 3718 tanquam
2522 3645 2687 3700 Verbi
2719 3644 2894 3700 deitas
2910 3644 3034 3715 ipsa
3055 3660 3113 3699 se
3130 3643 3192 3698 in
3213 3658 3449 3697 carnem
3476 3640 3867 3713 animamque

479 3732 755 3789 habeatur
778 3736 836 3789 et
858 3735 1075 3791 fortior.
1102 3737 1248 3792 Data
1270 3753 1344 3794 v11
1374 3737 1757 3793 Kalendarum
1789 3737 1943 3809 Julii,
1981 3737 2111 3809 Opi-

480 3826 633 3883 lione
662 3826 782 3883 viro
809 3828 1122 3885 clarissimo
1151 3831 1399 3885 consule.

934 3923 1064 3977 XLI.
1106 3954 1173 3964 -—
1213 3924 1305 3979 Ad
1334 3924 1669 3979 Palastinos.

556 4016 665 4069 Leo
696 4015 767 4070 ad
799 4017 1167 4071 PALJESTINOS.

553 4107 925 4164 Sollicitudini
944 4126 1089 4165 meae
1114 4127 1291 4182 quam
1319 4110 1620 4165 universali
1644 4111 1911 4165 Ecclesia
1938 4111 2119 4167 omni-

484 4204 702 4273 busque
742 4202 863 4274 ejus
891 4203 1017 4258 ﬁliis
1058 4203 1260 4272 debeo,
1288 4204 1607 4258 multorum
1642 4203 1923 4260 relatione
1954 4209 2116 4276 pate-

485 4297 699 4351 factum
731 4300 818 4352 est
842 4297 1157 4353 dilectionis
1185 4302 1388 4354 vestra
1417 4297 1624 4353 animis
1645 4298 1922 4371 quiddam
1941 4298 2116 4354 oﬁ’en-

484 4391 653 4444 sionis
692 4390 931 4459 illatum,
980 4394 1117 4447 dum
1152 4399 1252 4448 aut
1277 4391 1549 4465 imperiti,
1581 4398 1641 4448 ut
1663 4396 1901 4465 apparet
1938 4393 2116 4448 inter-

483 4490 688 4556 pretes,
734 4491 833 4542 aut
877 4487 1136 4559 maligni,
1166 4488 1430 4560 quadam
1459 4504 1557 4543 vos
1587 4487 1755 4543 aliter
1780 4487 2117 4560 intelligere,

2215 3739 2577 3809 converterit,
2608 3742 2665 3793 et
2686 3738 2904 3809 concipi
2925 3754 2988 3792 ac
3008 3738 3187 3805 nasci,
3216 3736 3443 3803 nutriri,
3481 3751 3547 3790 ac
3573 3750 3856 3802 crescere,

2216 3833 2491 3905 cruciﬁgi,
2522 3850 2587 3888 ac
2612 3832 2780 3901 mori,
2822 3831 3071 3903 sepeliri,
3099 3847 3164 3885 ac
3198 3845 3522 3902 resurgere,
3567 3832 3624 3884 et
3651 3844 3857 3884 ascen-

2219 3927 2352 3982 dere
2389 3927 2449 3981 in
2486 3927 2715 3995 calum,
2744 3929 2802 3981 et
2842 3926 2903 3980 in
2929 3925 3107 3981 Patris
3137 3926 3392 3994 dextera,
3424 3923 3581 3979 unde
3605 3922 3676 3977 ad
3694 3922 3856 3993 judi-

2217 4021 2428 4077 candos
2449 4021 2602 4075 vivos
2631 4023 2689 4074 et
2712 4022 2971 4075 mortuos
2997 4019 3205 4088 veniet,
3239 4017 3556 4084 considere,
3581 4016 3704 4089 ejus
3724 4021 3858 4072 tan-

2217 4118 2342 4169 tum
2368 4113 2629 4169 essentia
2656 4112 2851 4182 fuerit,
2874 4130 3002 4185 qua
3026 4112 3166 4167 nihil
3184 4113 3391 4167 horum
3409 4110 3467 4166 in
3495 4127 3555 4165 se
3584 4110 3706 4164 sine
3729 4126 3854 4165 car-

2217 4209 2307 4264 nis
2326 4208 2556 4264 veritate
2583 4207 2815 4278 recepit,
2843 4207 3118 4278 quoniam
3142 4210 3346 4260 natura
3364 4203 3671 4276 unigeniti,
3696 4207 3863 4258 natu-

2220 4321 2285 4358 ra
2311 4306 2396 4357 est
2421 4302 2620 4371 Patris,
2665 4306 2871 4356 natura
2910 4306 2995 4356 est
3039 4299 3282 4371 Spiritus
3329 4298 3528 4367 sancti,
3569 4297 3856 4368 simulque

2222 4396 2659 4468 impassibiliter,
2692 4395 2857 4450 simul
2877 4398 2963 4448 est
2983 4392 3545 4460 incommutabiliter,
3563 4391 3867 4461 sempiter-

2221 4508 2311 4546 na
2346 4489 2637 4545 Trinitatis
2664 4488 2907 4543 indivisa
2952 4487 3160 4553 unitas,
3203 4491 3259 4541 et
3302 4484 3867 4540 consubstantialiter

485 4598 656 4652 quam
686 4597 720 4634 a
762 4598 855 4637 me
884 4585 1018 4636 sunt
1039 4582 1313 4653 praedicta
1337 4582 1619 4649 fecerunt,
1648 4598 1762 4637 non
1788 4583 2040 4638 valentes
2066 4583 2123 4637 in
2141 4587 2203 4660 D
2224 4570 2731 4669 aqualitas\Unde
2753 4598 2811 4637 se
2835 4582 2905 4636 ab
2927 4580 3268 4653 Apollinaris
3290 4578 3655 4651 perversitate
3684 4578 3870 4634 hare-

484 4679 742 4730 tiracum
771 4676 1061 4748 eloquium
1092 4679 1222 4748 apte
1244 4682 1300 4731 et
1320 4676 1551 4749 proprie
1573 4676 1772 4732 Latina
1791 4676 2120 4743 transferre,

485 4787 617 4824 cum
646 4770 706 4824 in
745 4771 917 4825 rebus
958 4770 1263 4825 subtilibus
1307 4775 1365 4825 et
1399 4770 1727 4825 difﬁcilibus
1755 4770 2120 4842 explicandis,

484 4865 572 4920 vix
611 4864 719 4919 sibi
745 4864 914 4919 etiam
942 4865 1001 4919 in
1028 4881 1133 4919 sua
1162 4865 1358 4936 lingua
1380 4864 1705 4937 disputator
1730 4865 1971 4937 quisque
2003 4866 2121 4919 suf-

487 4957 651 5013 ficiat.
684 4958 845 5022 Quod
876 4964 1068 5013 tamen
1096 4959 1245 5030 apud
1272 4975 1365 5012 me
1397 4976 1466 5014 eo
1496 4959 1754 5030 profecit,
1790 4963 1853 5013 ut
1880 4958 2018 5013 dum
2057 4974 2125 5012 ea

485 5068 613 5124 qua
628 5053 900 5108 catholica
922 5053 1064 5107 ﬁdes
1081 5052 1297 5124 respuit
1314 5052 1717 5125 improbitatis,
1737 5050 2126 5123 intelligamus

490 5162 588 5200 vos
631 5147 775 5200 veris
815 5147 1117 5202 amiciores
1147 5163 1288 5216 esse,
1320 5164 1495 5219 quam
1532 5147 1709 5212 falsis,
1739 5149 1795 5199 et
1825 5144 1883 5198 id
1919 5146 2123 5199 merito

492 5239 759 5306 refutare,
776 5239 928 5312 quod
947 5257 1012 5295 ex
1027 5241 1278 5312 antiquae
1293 5239 1649 5295 institutione
1667 5238 1939 5293 doctrina
1955 5238 2126 5292 etiam

492 5334 613 5406 ipse
635 5333 897 5388 Eutiches
919 5334 1248 5390 detestatur.
1279 5335 1544 5399 Quamvis
1563 5332 1719 5386 enim
1742 5331 1980 5402 epistola
1999 5348 2128 5387 mea

490 5427 561 5483 ad
582 5430 792 5482 sancta
812 5429 1108 5484 memoria
1124 5430 1455 5484 Flavianum
1477 5426 1809 5497 episcopum
1826 5425 1972 5493 data,
1992 5425 2127 5481 satis

489 5521 595 5577 sibi
619 5521 692 5576 ad
731 5521 1265 5578 manifestationem
1297 5522 1385 5576 sui
1412 5521 1533 5591 ipsa
1559 5517 1826 5585 sufﬁciat,
1857 5534 2041 5590 neque
2068 5520 2126 5574 in

488 5617 681 5688 aliquo
714 5620 812 5672 aut
841 5618 1199 5690 purgationis
1223 5620 1325 5671 aut
1368 5612 1741 5686 expositionis
1767 5612 2046 5685 indigeat,
2074 5617 2131 5668 et

493 5711 605 5766 alia
620 5717 818 5768 tamen
858 5729 989 5767 cum
1033 5711 1236 5767 eadem
1277 5725 1405 5764 mea
1433 5707 1641 5780 scripta
1673 5707 2041 5776 concordant,
2071 5708 2129 5762 in

492 5803 698 5872 quibus
720 5805 981 5861 similiter
1009 5802 1431 5875 praedicationis
1462 5819 1605 5858 mea
1628 5819 1824 5859 sensus
1844 5803 1903 5857 in
1931 5804 2129 5873 aperto

499 5900 601 5949 est.
631 5896 1033 5953 Necessitatem
1054 5895 1211 5951 enim
1232 5896 1453 5954 habens
1478 5901 1677 5952 contra
1696 5896 2011 5966 hareticos,
2035 5896 2130 5969 qui

2220 4679 2365 4734 ticus
2392 4678 2496 4733 iste
2527 4676 2806 4745 desciscit,
2836 4691 2908 4730 ne
2936 4675 3309 4729 convincatur
3337 4673 3608 4728 deitatem
3629 4672 3870 4743 passibi-

2222 4774 2339 4829 lcm
2366 4771 2599 4839 sentire,
2630 4775 2802 4841 atque
2831 4770 3155 4837 mortalem,
3185 4772 3241 4822 et
3266 4773 3457 4823 tamen
3486 4766 3649 4821 Verbi
3682 4765 3873 4821 incar-

2223 4866 2360 4934 nati,
2406 4866 2466 4920 id
2502 4869 2605 4935 est,
2651 4863 2818 4919 Verbi
2846 4866 2904 4917 et
2931 4862 3117 4917 carnis
3148 4878 3321 4917 unam
3350 4861 3570 4916 audens
3595 4876 3866 4931 pronun-

2222 4961 2364 5017 tiare
2409 4964 2697 5028 naturam,
2744 4973 2857 5011 non
2890 4956 3061 5011 dubie
3092 4956 3152 5010 in
3182 4954 3474 5011 Manichai
3501 4960 3556 5010 et
3585 4954 3867 5009 Marchio-

2224 5054 2313 5109 nis
2349 5052 2552 5108 transit
2589 5051 2893 5120 insaniam,
2933 5055 2989 5104 et
3016 5050 3393 5105 mediatorem
3433 5048 3534 5103 Dei
3581 5053 3638 5102 et
3671 5048 3870 5104 homi-

2224 5163 2365 5203 num
2393 5146 2694 5201 hominem
2732 5146 2923 5200 Jesum
2967 5143 3254 5198 Christum
3296 5141 3644 5197 simulatorie
3684 5142 3877 5197 credit

2227 5239 2431 5311 egisse,
2464 5255 2567 5295 nec
2598 5239 2919 5293 humanum
2944 5237 3003 5291 in
3030 5236 3152 5313 ipso
3173 5252 3399 5307 corpus,
3422 5234 3523 5290 sed
3544 5234 3873 5305 phantasti-

2227 5347 2355 5389 cam
2382 5333 2635 5405 corporis
2655 5331 2904 5404 speciem
2927 5330 3106 5387 oculis
3124 5330 3453 5401 apparuisse
3482 5328 3873 5385 cernentium.

2226 5431 2361 5493 Qua
2392 5427 2699 5499 impietatis
2725 5425 3040 5493 mendacia,
3071 5424 3345 5495 quoniam
3364 5423 3499 5478 olim
3522 5422 3659 5478 ﬁdes
3681 5424 3877 5478 catho-

2228 5522 2333 5576 lica
2359 5522 2689 5589 detestatur,
2721 5523 2779 5575 et
2806 5519 3006 5574 talium
3034 5517 3330 5588 sacrilegia
3359 5516 3737 5572 concordibus
3771 5534 3879 5588 per

2227 5620 2410 5670 totum
2471 5612 2753 5668 mundum
2803 5612 3104 5668 beatorum
3156 5613 3383 5667 Patrum
3434 5614 3568 5665 sunt
3606 5609 3879 5666 damnata

2229 5707 2544 5775 sententiis,
2576 5705 2904 5778 quicunque
2932 5706 3013 5761 illi
3046 5710 3180 5761 sunt
3207 5705 3288 5761 ita
3313 5703 3602 5771 obcacati,
3633 5707 3690 5758 et
3719 5721 3754 5758 a
3784 5705 3876 5760 lu-

2230 5803 2385 5858 mine
2415 5799 2664 5857 veritatis
2687 5800 2876 5870 alieni,
2907 5803 2975 5855 ut
2996 5800 3180 5855 Verbo
3211 5798 3307 5854 Dei
3335 5816 3370 5854 a
3397 5802 3654 5870 tempore
3683 5797 3877 5854 incar-

2230 5893 2474 5952 nationis
2494 5895 2828 5960 humauam,
2853 5893 2908 5948 id
2931 5898 3017 5949 est
3033 5897 3312 5963 nostram,
3337 5897 3549 5964 negent
3570 5891 3757 5949 inesse
3779 5911 3882 5950 na-
