4034 6310
176 333 273 384 821

1423 335 1894 391 DECRETALIUM
1933 333 2319 390 COLLECTIO.

3449 335 3551 389 82'2

175 439 706 503 turam,ostendant
719 439 778 494 in
795 457 908 512 quo
922 441 1421 498 sibiCbristianum
1435 461 1648 500 nomen
1662 433 1897 528 usur-IA
1918 443 2158 498 veritate
2179 440 2364 498 carnis
2393 440 2662 496 obvoluta
2688 439 2894 512 pannis
2921 439 3161 495 infantia
3185 456 3298 496 non
3316 441 3548 511 jaceret.

175 539 334 602 pent,
363 538 422 587 et
441 550 572 588 cum
588 534 894 604 Evangelio
909 535 1164 591 veritatis
1183 553 1297 608 qua
1323 537 1541 593 ratione
1562 539 1809 609 deitatis,

172 631 270 680 aut
302 627 492 681 deitas
541 632 624 682 est
655 629 781 683 orta
823 629 942 684 sine
967 646 1156 684 carne.
1188 631 1246 686 Si
1283 632 1434 686 enim
1467 633 1668 702 negari
1696 651 1812 688 non

169 725 362 790 potest
392 721 547 791 quod
583 744 609 771 «
634 722 882 776 Verbum
909 740 1036 778 caro
1065 725 1277 780 factum
1312 731 1411 793 est,
1451 730 1508 780 et
1541 727 1815 782 habitavit

170 814 226 867 in
256 814 426 869 nobis
457 817 668 873 (Matth.
701 833 738 883 1,
775 818 880 886 l4),
916 838 942 867 »
972 817 1050 872 ita
1079 820 1279 890 negari
1303 836 1420 875 non
1451 824 1635 891 potest
1660 824 1814 892 quod

173 909 323 962 Deus
345 908 550 963 eratin
577 909 799 964 Christo
827 911 1103 966 mundum
1135 913 1511 968 reconcilians
1543 914 1814 979 sibi.Qua

170 1006 370 1056 autem
401 1003 794 1058 reconciliatio
822 1021 941 1059 esse
975 1009 1177 1076 potest,
1212 1023 1322 1077 qua
1338 1008 1589 1063 humano
1617 1011 1812 1079 generi

168 1096 588 1167 propitiaretur
604 1099 880 1163 Deus,nisi
902 1101 1160 1154 omnium
1179 1117 1404 1156 causam
1423 1102 1702 1157 mediator
1718 1105 1812 1158 Dei

169 1189 546 1261 hominisque
575 1191 920 1262 susciperet?
955 1194 1075 1257 Qua
1104 1210 1234 1248 vero
1271 1194 1488 1250 ratione
1520 1195 1812 1251 veritatem

171 1284 514 1340 mediatoris
539 1284 825 1356 impleret,
865 1287 973 1341 nisi
1011 1288 1109 1359 qui
1148 1287 1209 1342 in
1239 1288 1423 1343 forma
1460 1290 1605 1344 servi
1634 1291 1810 1361 parti-

172 1395 308 1449 ceps
336 1383 490 1433 esset
517 1383 574 1434 et
601 1379 828 1434 nostri?
852 1386 917 1436 ut
946 1398 1045 1452 per
1069 1399 1250 1436 unum
1276 1399 1485 1438 novum
1517 1385 1813 1440 hominem

173 1471 340 1527 ﬁeret
364 1473 665 1528 renovatio
693 1475 1004 1541 vetustatis,
1028 1479 1084 1531 et
1114 1476 1315 1530 mortis
1334 1477 1626 1533 vinculum
1647 1479 1814 1534 unius

175 1566 646 1637 praevaricatione
673 1573 1044 1636 contractum,
1091 1570 1262 1624 unius
1299 1577 1501 1638 morte,
1535 1573 1632 1643 qui
1665 1573 1815 1628 solus

174 1661 352 1714 morti
383 1660 530 1715 nihil
559 1661 756 1716 debuit
781 1663 1095 1718 solveretur
1113 1665 1140 1718 ?
1163 1663 1376 1720 Eﬁ'usio
1407 1667 1562 1720 enim
1592 1683 1694 1737 pro
1725 1668 1810 1721 in-

168 1758 340 1828 justis
365 1759 664 1830 sanguinis
681 1759 963 1830 justi,tam
985 1765 1186 1832 potens
1207 1762 1314 1816 fuit
1339 1763 1410 1817 ad
1427 1763 1810 1835 privilegium,

175 1856 293 1906 tam
327 1852 482 1907 dives
514 1853 586 1907 ad
621 1853 870 1924 pretium
911 1858 973 1909 ut
1015 1855 1062 1908 si
1091 1856 1424 1911 universitas
1466 1859 1812 1929 captivorum
1833 1831 1890 1903 Β

177 1946 231 1998 iu
275 1946 723 2016 Redemptorem
755 1964 920 2001 suum
956 1949 1229 2017 crederet,
1263 1951 1483 2004 nullum
1519 1953 1814 2022 tyrannica

177 2039 406 2093 vincula
452 2041 784 2108 retinerent,
828 2041 1102 2112 quoniam
1147 2043 1292 2097 sicut
1348 2046 1647 2114 Apostolus
1686 2046 1808 2100 ait:

181 2157 204 2179 α
236 2133 343 2188 [ibi
365 2133 676 2188 abundavit
702 2138 1019 2204 peccatum,
1044 2137 1530 2208 superabundavit
1556 2144 1612 2193 et
1631 2140 1815 2210 gratia

177 2227 348 2294 (Rom.
383 2244 437 2291 v,
485 2226 596 2296 20),
631 2249 658 2276 n
692 2232 750 2282 et
779 2245 908 2282 cum
945 2230 1048 2283 sub
1093 2230 1304 2300 peccati
1334 2231 1665 2303 prajudicio
1695 2234 1814 2288 nati

177 2323 522 2390 potestatem
553 2321 874 2391 acceperint
903 2323 976 2376 ad
997 2323 1278 2394 justitiam
1308 2325 1658 2394 renascendi,
1686 2327 1816 2381 vali-

177 2413 302 2467 dius
315 2414 532 2468 factum
555 2417 640 2468 est
659 2414 878 2469 donum
894 2416 1167 2471 libertatis
1199 2434 1369 2488 quam
1413 2419 1669 2474 debitum
1706 2437 1815 2475 ser-

178 2508 392 2562 vitutis.
422 2502 598 2572 Quam
632 2508 824 2580 itaque
851 2510 1030 2564 sibiin
1058 2511 1226 2582 hujus
1252 2514 1588 2568 sacramenti
1617 2515 1813 2585 prasi-

178 2601 272 2656 dio
301 2619 465 2672 spem
485 2602 834 2673 relinquunt,
863 2604 962 2675 qui
983 2604 1040 2659 in
1057 2605 1360 2660 Salvatoris
1386 2609 1562 2662 nostri
1584 2625 1815 2679 corpore

176 2700 398 2767 negant
416 2697 681 2751 humana
702 2697 1030 2753 substantiae
1045 2698 1341 2754 veritatem
1363 2701 1392 2755 ?
1413 2702 1605 2757 Dicant
1624 2702 1681 2756 in
1702 2720 1814 2775 quo

180 2790 456 2844 sacriﬁcio
500 2790 869 2861 reconciliati,
900 2792 1094 2847 dicant
1126 2810 1238 2864 quo
1284 2796 1561 2866 sanguine
1589 2797 1702 2851 sint
1725 2813 1812 2852 re-

180 2883 418 2954 dempti.
466 2885 602 2948 Quis
661 2889 746 2938 est
799 2908 825 2933 ‹‹
875 2886 972 2957 qui
1023 2887 1255 2942 tradidit
1303 2889 1671 2960 semetipsum
1713 2907 1816 2962 pro

176 2977 340 3031 nobis
369 2976 740 3044 oblationem,
784 2982 840 3032 et
867 2979 1108 3034 hostiam
1133 2981 1244 3034 Deo
1278 2981 1336 3036 in
1367 2983 1604 3037 odorem
1630 2984 1814 3039 suavi-

181 3071 310 3124 tatis
355 3071 568 3140 (Ephcs.
599 3089 654 3139 v,
692 3072 769 3141 2),
802 3093 828 3123 »
875 3078 973 3129 aut
1023 3073 1160 3145 quid
1193 3092 1444 3146 unquam
1475 3077 1814 3132 sacriﬁcium

180 3165 454 3219 sacratius
479 3165 606 3233 fuit,
628 3183 798 3236 quam
827 3169 980 3238 quod
1005 3185 1171 3223 verus
1187 3170 1441 3240 pontifex
1458 3172 1618 3226 altari
1639 3173 1819 3227 crucis
1839 3205 1893 3279 Ο

181 3259 752 3330 perimmolationem
767 3278 882 3316 sua
897 3263 1080 3317 carnis
1094 3263 1654 3335 imposuit?Quamvis
1667 3267 1819 3321 enim

182 3377 207 3400 η
237 3355 556 3409 multorum
573 3359 896 3410 sanctorum
913 3356 971 3410 in
988 3362 1293 3429 conspectu
1320 3360 1544 3413 Domini
1570 3361 1821 3431 pretiosa

179 3465 335 3502 mors
369 3448 545 3503 fuerit
581 3450 746 3517 (Psal.
786 3465 907 3517 cxv,
954 3451 1060 3521 13),
1097 3473 1124 3501 »
1157 3452 1313 3506 illius
1351 3458 1543 3508 tamen
1581 3454 1820 3510 insontis

179 3542 406 3611 occisio,
458 3542 782 3616 propitiatio
823 3544 932 3598 fuit
958 3545 1177 3600 mundi.
1219 3549 1494 3618 Accepere
1517 3547 1677 3617 justi,
1703 3565 1818 3603 non

181 3636 469 3692 dederunt
483 3653 746 3703 coronas,
763 3643 818 3692 et
836 3638 904 3693 de
922 3639 1261 3694 fortitudine
1284 3640 1539 3695 ﬁdelium
1561 3643 1822 3714 exempla

180 3736 313 3785 nata
350 3734 486 3786 sunt
529 3730 814 3803 patientia
851 3748 966 3787 non
1005 3733 1156 3788 dona
1191 3734 1446 3805 justitia.
1498 3736 1822 3808 Singulares

182 3825 393 3896 quippe
433 3826 496 3880 in
525 3825 766 3896 singulis
795 3831 1004 3882 mortes
1035 3827 1214 3895 fuere,
1264 3845 1366 3884 nec
1401 3830 1632 3885 alterius
1667 3831 1818 3902 quis-

181 3935 355 3990 quam
392 3918 649 3974 debitum
684 3935 785 3974 suo
813 3921 927 3976 ﬁne
976 3921 1262 3992 persolvit,
1312 3939 1441 3978 cum
1490 3923 1640 3978 inter
1680 3924 1823 3979 ﬁlios

179 4013 488 4067 hominum
513 4029 663 4068 unus
689 4014 840 4068 solus
870 4016 1145 4070 Dominus
1173 4020 1364 4071 noster
1392 4019 1550 4072 Jesus
1570 4018 1823 4073 Christus

182 4106 486 4172 exstiterit,
527 4106 584 4160 in
630 4123 744 4178 quo
787 4125 986 4162 omnes
1032 4108 1300 4175 crucifixi,
1347 4127 1545 4165 omnes
1591 4113 1820 4177 mortui,

181 4215 381 4254 omnes
403 4199 632 4270 sepulti,
660 4217 858 4256 omnes
887 4201 1207 4256 suntetiam
1239 4203 1508 4271 suscitati,
1529 4205 1598 4258 de
1621 4205 1824 4276 quibus

183 4294 301 4362 ipse
335 4292 558 4348 dicebat
584 4311 596 4348 :
634 4312 660 4344 «
691 4295 831 4349 Cum
865 4296 1144 4350 exaltatus
1171 4297 1351 4364 fuero,
1381 4298 1575 4352 omnia
1599 4299 1823 4353 traham

182 4388 248 4441 ad
281 4403 377 4441 me
423 4388 597 4452 (Joan.
628 4405 724 4454 xu,
776 4391 883 4458 32).
919 4411 945 4437 ››
997 4389 1157 4445 Fides
1196 4391 1411 4446 etenim
1442 4407 1575 4445 vera
1612 4392 1821 4462 justiﬁ-

179 4499 315 4536 cans
343 4481 569 4551 impios,
622 4486 680 4536 et
726 4499 926 4537 creans
962 4484 1144 4554 justos
1197 4485 1266 4538 ad
1311 4485 1678 4539 humanitatis
1708 4503 1823 4540 sua

1916 538 2046 593 Sine
2063 536 2229 592 Verbi
2244 535 2503 607 potentia
2518 551 2636 589 non
2651 534 2962 589 adorarent
2977 534 3128 605 magi
3145 551 3390 606 puerum
3408 551 3552 590 novo

1915 631 2096 686 sidere
2123 631 2488 698 declaratum,
2524 633 2581 684 et
2605 629 2728 683 sine
2754 628 2987 684 veritate
3024 629 3207 684 carnis
3245 645 3360 684 non
3391 629 3554 699 jube-

1914 729 2072 780 retur
2111 723 2412 780 transferri
2453 723 2513 777 in
2557 725 2864 794 Egyptum
2901 738 3064 793 puer,
3109 725 3168 776 et
3210 722 3280 776 ab
3317 721 3554 778 Herodis

1915 819 2306 891 persecutione
2332 816 2591 873 subduci.
2623 817 2753 872 Sine
2776 816 2947 870 Verbi
2973 815 3226 887 potentia
3254 833 3372 872 non
3400 817 3547 872 dice.

1912 917 2003 967 ret
2027 928 2134 967 vox
2162 911 2339 967 Patris
2366 911 2541 965 missa
2566 910 2635 964 de
2673 909 2836 976 calo,
2870 930 2898 959 «
2931 909 3023 964 hic
3053 914 3138 964 est
3176 909 3346 964 Filius
3387 927 3550 966 meus

1913 1007 2170 1073 dilectus,
2199 1005 2258 1059 in
2288 1021 2402 1076 quo
2443 1004 2586 1059 mihi
2623 1003 2946 1075 complacui
2986 1003 3197 1068 (Matth.
3247 1019 3326 1072 ιιι,
3375 1003 3482 1075 17),
3517 1026 3544 1054 ››

1913 1105 1970 1156 et
1997 1100 2119 1154 sine
2151 1099 2386 1154 veritate
2425 1098 2614 1154 carnis
2643 1114 2756 1152 non
2796 1100 3214 1169 protestaretur
3254 1099 3504 1153 Joannes
3533 1115 3546 1152 :

1917 1196 2115 1250 «Ecce
2155 1209 2337 1264 agnus
2385 1192 2506 1260 Dei,
2554 1207 2681 1247 ecce
2726 1191 2825 1263 qui
2876 1190 3025 1246 tollit
3066 1193 3300 1263 peccata
3344 1191 3548 1246 mundi

1917 1291 2088 1357 (Joan.
2131 1304 2170 1356 ι,
2217 1287 2327 1358 29).
2377 1308 2404 1335 ››
2455 1285 2586 1341 Sine
2632 1285 2796 1340 Verbi
2845 1285 3095 1356 potentia
3141 1285 3546 1356 redintegratio

1915 1382 2209 1448 debilium,
2239 1385 2295 1436 et
2331 1379 2625 1435 viviﬁcatio
2667 1383 3050 1447 mortuorum,
3075 1383 3134 1434 et
3161 1379 3280 1436 sine
3310 1379 3545 1434 veritate

1914 1473 2116 1539 carnis,
2149 1489 2255 1528 nec
2283 1473 2440 1528 cibus
2456 1471 2674 1544 jejuno,
2708 1488 2814 1528 nec
2832 1488 3091 1528 sommus
3117 1475 3261 1526 esset
3284 1487 3543 1526 necessa-

1914 1573 2031 1626 rius
2061 1570 2316 1643 fatigato.
2351 1573 2642 1626 Postremo
2682 1570 2803 1625 sine
2844 1569 3012 1625 Verbi
3041 1569 3296 1642 potentia
3333 1585 3447 1624 non
3486 1585 3545 1623 se

1916 1666 2185 1720 Dominus
2213 1665 2366 1720 Patri
2408 1665 2775 1736 proﬁteretur
2814 1663 3111 1735 aqualem,
3155 1663 3276 1718 sine
3309 1661 3548 1717 veritate

1913 1759 2099 1814 carnis
2126 1775 2240 1814 non
2268 1759 2423 1814 idem
2445 1758 2659 1813 diceret
2687 1760 2910 1813 Patrem
2937 1774 3055 1812 esse
3086 1757 3389 1828 majorem,
3417 1771 3546 1811 cum

1915 1853 2189 1908 catholica
2213 1852 2355 1907 ﬁdes
2382 1857 2691 1924 utrumque
2724 1851 2994 1923 suscipiat
3016 1853 3326 1921 utrumque
3353 1849 3546 1904 defen-

1915 1948 2161 2019 dat,qua
2177 1947 2488 2003 secundum
2514 1947 2921 2018 proprietatem
2940 1945 3144 2000 divina
3163 1945 3549 2015 humanaque
3573 1948 3609 2025 gf

1915 2042 2270 2109 substantia,
2303 2057 2480 2095 unum
2509 2039 2607 2095 Dei
2636 2039 2838 2095 Filium
2875 2043 2931 2094 et
2955 2039 3250 2094 hominem
3278 2037 3456 2092 credit
3495 2043 3552 2092 et

1919 2136 2181 2191 Verbum.
2230 2134 2499 2198 Quamvis
2529 2150 2666 2205 ergo
2705 2134 2774 2188 ab
2799 2133 2897 2188 illo
2942 2132 3124 2202 initio,
3157 2147 3269 2204 quo
3299 2132 3361 2186 in
3386 2134 3548 2186 utero

1916 2229 2155 2301 virginis
2175 2229 2421 2283 Verbum
2445 2245 2576 2284 caro
2599 2229 2811 2283 factum
2840 2229 2942 2295 est,
2957 2226 3102 2282 nihil
3127 2241 3381 2297 unquam
3401 2224 3550 2280 inter

1915 2323 2168 2378 divinam
2206 2323 2636 2395 humanamque
2667 2321 3039 2376 substantiam
3067 2320 3353 2376 divisionis
3379 2320 3545 2373 exsti-

1919 2418 2070 2486 terit,
2103 2421 2166 2472 ut
2194 2435 2296 2488 per
2327 2417 2523 2471 omnia
2554 2417 2909 2472 incrementa
2933 2431 3211 2485 corporea
3240 2414 3405 2468 unius
3425 2430 3549 2485 per-

1918 2529 2070 2566 sona
2095 2511 2308 2566 fuerint
2336 2512 2513 2566 totius
2533 2511 2814 2582 temporis
2837 2509 3107 2575 actiones,
3131 2512 3189 2562 et
3214 2508 3338 2579 ipsa
3357 2512 3549 2562 tamen

1918 2623 2045 2677 qua
2087 2605 2536 2676 inseparabiliter
2583 2606 2736 2659 facta
2791 2609 2924 2658 sunt
2971 2603 3127 2657 nulla
3179 2600 3549 2674 permistione

1918 2700 2357 2767 confundamus,
2386 2699 2482 2754 sed
2511 2698 2648 2770 quid
2674 2699 2835 2768 cujus
2872 2698 3076 2752 formae
3113 2696 3184 2750 sit
3211 2711 3274 2749 ex
3306 2711 3547 2765 operum

1919 2794 2192 2865 qualitate
2217 2793 2513 2861 sentimus,
2535 2809 2640 2847 nec
2661 2791 2850 2846 divina
2874 2791 3027 2846 enim
3053 2789 3320 2844 humanis
3349 2789 3550 2860 praju-

1918 2888 2128 2957 dicant,
2158 2904 2261 2944 nec
2285 2888 2543 2943 humana
2555 2886 2915 2956 divinis,cum
2942 2885 3022 2940 ita
3042 2885 3102 2939 in
3132 2883 3380 2955 idipsum
3401 2885 3554 2937 utra-

1919 2999 2030 3053 que
2051 2987 2412 3049 concurrant,
2441 2981 2586 3037 utin
2615 2981 2694 3036 eis
2713 2997 2818 3036 nec
2849 2980 3174 3052 proprietas
3201 2978 3549 3042 absumatur,

1916 3093 2023 3130 nec
2048 3094 2298 3148 persona
2342 3075 2717 3147 germinetur.
2745 3075 2960 3144 :Dicant
3002 3073 3178 3145 igitur
3207 3072 3298 3127 isti
3322 3072 3556 3143 phanta-

1919 3170 2042 3225 stici
2075 3169 2397 3238 Christiani,
2428 3187 2555 3242 qua
2590 3169 2902 3226 substantia
2945 3167 3241 3223 Salvatoris
3278 3166 3447 3220 afﬁxa
3487 3165 3556 3219 sit

1918 3265 2095 3336 ligno,
2126 3266 2270 3335 'qua
2293 3264 2538 3335 jacuerit
2574 3264 2634 3317 in
2667 3265 2945 3335 sepulcro,
2975 3267 3031 3316 et
3055 3261 3314 3315 revoluto
3347 3275 3552 3314 monu-

1919 3358 2100 3413 menti
2129 3358 2334 3429 lapide,
2365 3375 2493 3429 qua
2519 3357 2688 3412 tertia
2716 3357 2809 3411 die
2836 3373 2966 3411 caro
2991 3354 3251 3420 surrexit,
3277 3354 3366 3408 vel
3386 3352 3552 3424 quale

1920 3469 2122 3523 corpus
2147 3453 2306 3506 Iesus
2335 3451 2745 3522 discipulorum
2772 3449 2918 3504 visui
2942 3448 3145 3504 clausis
3175 3447 3248 3502 ad
3275 3463 3373 3501 eos
3399 3445 3556 3500 ostiis

1920 3547 2209 3617 ingressus
2239 3544 2516 3612 intulerit,
2549 3561 2679 3598 cum
2709 3544 2782 3598 ad
2821 3543 3164 3614 abigendam
3195 3539 3553 3596 cernentium

1922 3639 2299 3695 difﬁdentiam
2337 3638 2540 3709 inspici
2582 3637 2776 3704 oculis,
2811 3636 3116 3708 digitisque
3160 3634 3406 3703 tractari,
3447 3650 3548 3705 pa-

1923 3737 2106 3789 tentes
2137 3733 2324 3788 adhuc
2354 3733 2559 3787 ﬁxuras
2587 3733 2871 3787 clavorum
2902 3735 2959 3786 et
2987 3746 3187 3785 recens
3227 3729 3554 3800 compuncti

1921 3827 2114 3882 lateris
2141 3828 2346 3882 vulnus
2371 3827 2640 3898 exigeret.
2688 3831 2763 3881 Ac
2790 3826 2837 3880 si
2885 3825 2944 3880 in
2968 3829 3127 3881 tanta
3156 3825 3279 3879 luce
3305 3822 3555 3879 veritatis

1922 3921 2184 3977 tenebras
2234 3938 2366 3977 suas
2410 3920 2679 3976 haeretica
2731 3919 3028 3975 obduratio
3079 3935 3200 3974 non
3260 3916 3551 3990 relinquit.

1924 4017 2238 4072 Ostendant
2265 4016 2413 4072 unde
2431 4014 2536 4071 sibi
2563 4031 2726 4087 spem
2746 4014 2875 4070 vita
2900 4013 3273 4087 polliceantur
3300 4016 3549 4080 aterna,

1925 4110 1998 4164 ad
2016 4126 2187 4180 quam
2201 4110 2309 4165 nisi
2326 4126 2429 4180 per
2447 4109 2824 4164 mediatorem
2853 4108 2954 4163 Dei
2972 4111 3030 4164 et
3049 4106 3557 4175 hominum,homi-

1924 4220 2058 4258 nem
2088 4205 2279 4258 Jesum
2318 4203 2604 4259 Christum
2633 4219 2751 4258 non
2796 4205 2984 4274 potest
3011 4201 3316 4274 perveniri.
3363 4221 3388 4250 α
3433 4201 3556 4255 Non

1926 4299 2008 4350 est
2040 4297 2192 4350 enim
2223 4296 2374 4350 aliud
2415 4313 2627 4350 nomen
2661 4297 2861 4351 datum
2895 4295 3226 4350 hominibus
3271 4293 3373 4348 sub
3419 4293 3556 4347 calo

1924 4391 1983 4446 in
2030 4406 2143 4460 quo
2185 4394 2440 4460 oporteat
2477 4390 2665 4444 salvos
2709 4389 2832 4444 ﬁeri
2879 4389 3020 4458 (Act.
3069 4405 3143 4455 1v,
3189 4386 3294 4457 l2),
3337 4403 3444 4440 nec
3475 4391 3558 4440 est

1924 4482 2242 4554 redemptio
2289 4482 2625 4553 captivitatis
2668 4483 2957 4551 humana,
3009 4481 3117 4536 nisi
3172 4481 3232 4535 in
3277 4479 3555 4550 sanguine

181 4579 360 4629 tracta
403 4575 743 4645 participem
780 4576 839 4630 in
872 4576 969 4631 illo
1021 4578 1270 4648 exquirit
1309 4579 1570 4644 salutem,
1622 4579 1681 4633 in
1708 4596 1818 4650 quo
1838 4582 1897 4655 D
1921 4576 2044 4646 ejus
2064 4575 2159 4647 qui
2191 4576 2348 4630 dedit
2369 4576 2738 4647 semetipsum
2768 4575 3224 4647 redemptionem
3251 4590 3355 4646 pro
3378 4572 3555 4627 omni-

181 4668 300 4722 solo
335 4668 511 4722 homo
541 4670 614 4722 'se
643 4669 858 4724 invenit
907 4670 1289 4738 innocentem,
1330 4671 1573 4726 liberum
1608 4672 1820 4727 habens

179 4779 284 4831 per
313 4762 559 4833 gratiam
588 4763 688 4817 Dei
714 4763 783 4817 de
813 4763 933 4833 ejus
959 4765 1208 4835 potentia
1227 4765 1476 4835 gloriari,
1510 4765 1606 4837 qui
1627 4770 1821 4821 contra

185 4857 405 4911 hostem
437 4857 751 4928 superbum
787 4858 844 4911 in
875 4859 1060 4912 carnis
1092 4862 1300 4914 nostra
1338 4859 1656 4914 humilitate
1684 4859 1842 4930 con-2

183 4966 429 5019 gressus,
465 4951 550 5005 his
579 4951 874 5006 victoriam
907 4969 1070 5007 suam
1101 4953 1315 5018 tribuit,
1348 4954 1406 5008 in
1435 4971 1677 5026 quorum
1706 4971 1822 5008 cor-

181 5061 318 5112 pore
336 5044 734 5115 triumphavit.
763 5047 1032 5110 Quamvis
1053 5064 1190 5118 ergo
1218 5047 1277 5101 in
1307 5065 1421 5102 uno
1449 5049 1694 5104 Domino
1717 5066 1820 5103 no-

185 5141 295 5191 stro
317 5139 447 5192 Jesu
474 5138 698 5194 Christo
724 5157 859 5194 vero
890 5141 989 5195 Dei
1023 5147 1191 5212 atque
1220 5141 1468 5196 hominis
1496 5143 1632 5196 Filio
1659 5143 1823 5196 Verbi

185 5236 240 5284 et
265 5231 452 5286 carnis
481 5250 591 5287 una
623 5250 868 5304 persona
897 5235 987 5303 sit,
1031 5240 1085 5290 et
1113 5239 1358 5307 utraque
1399 5236 1640 5290 essentia
1666 5253 1821 5290 com-

185 5342 386 5380 munes
418 5327 624 5381 haheat
650 5327 925 5397 actiones,
957 5328 1347 5400 intelligenda
1380 5332 1570 5385 tamen
1598 5331 1825 5401 suntip-

184 5436 373 5474 sorum
417 5436 658 5491 operum
693 5422 1014 5492 qualitates,
1057 5427 1114 5478 et
1142 5424 1375 5478 sincera
1405 5424 1538 5479 ﬁdei
1565 5429 1815 5479 contem-

184 5513 436 5583 platione
457 5515 813 5569 cernendum
834 5521 937 5582 est,
973 5516 1046 5570 ad
1075 5533 1204 5588 quae
1234 5517 1824 5588 provehaturhumili-

188 5612 266 5660 tas
293 5607 659 5675 inﬁrmitatis,
680 5612 738 5663 et
759 5609 832 5664 ad
853 5626 980 5681 qua
1005 5610 1312 5665 inclinetur
1330 5611 1566 5666 altitudo
1585 5611 1822 5666 virtutis.

184 5701 324 5764 Quid
364 5702 438 5756 sit
466 5703 619 5774 quod
654 5719 786 5758 caro
816 5703 937 5759 sine
973 5705 1157 5759 Verbo
1190 5721 1303 5759 non
1336 5706 1473 5776 agit,
1508 5709 1565 5760 et
1593 5705 1730 5777 quid
1757 5705 1828 5761 sit

187 5795 332 5864 quod
356 5796 602 5851 Verbum
624 5796 744 5851 sine
774 5813 940 5852 carne
967 5814 1084 5854 non
1102 5797 1292 5852 efﬁcit.
1328 5799 1462 5855 Sine
1485 5798 1653 5854 Verbi
1674 5799 1825 5854 enim

188 5889 443 5960 potentia
477 5906 578 5945 nec
622 5891 946 5962 conciperet
974 5893 1162 5965 Virgo,
1196 5910 1301 5948 nec
1349 5898 1590 5966 pareret,
1623 5896 1678 5948 et
1706 5893 1826 5948 sine

1919 4671 2043 4725 bus.
2077 4692 2102 4720 ‹‹
2125 4669 2252 4740 Qui,
2285 4671 2429 4725 sicut
2456 4670 2731 4741 praedicat
2755 4671 2952 4724 beatus
2981 4671 3300 4741 Apostolus,
3345 4690 3373 4716 ‹‹
3402 4684 3553 4736 cum,

1923 4763 1978 4817 in
2019 4764 2207 4819 forma
2238 4764 2336 4819 Dei
2365 4769 2510 4820 esset
2535 4781 2653 4820 non
2680 4764 2936 4836 rapinam
2981 4763 3287 4818 arbitratus
3325 4765 3410 4816 est
3435 4779 3554 4817 esse

1923 4876 1981 4912 se
2025 4858 2303 4931 aqualem
2346 4860 2477 4927 Deo,
2524 4859 2622 4914 sed
2670 4858 3041 4930 semetipsum
3089 4856 3415 4924 exinanivit,
3451 4858 3559 4910 for-

1923 4969 2075 5007 mam
2104 4952 2296 5026 203
2320 4954 2463 5008 servi
2478 4953 2851 5025 accipiens,in
2870 4951 3241 5007 similitudine
3261 4950 3557 5006 hominum

1923 5046 2188 5113 factus,et
2205 5047 2404 5102 habitu
2427 5047 2692 5101 inventus
2710 5052 2768 5101 ut
2793 5048 2989 5102 homo.
3008 5045 3337 5100 Humiliavit
3356 5049 3561 5102 semet-

1924 5140 2317 5210 ipsum,factus
2336 5141 2610 5196 obediens
2626 5158 2808 5213 usque
2835 5141 2907 5196 ad
2928 5144 3443 5210 mortem,mortem
3467 5157 3560 5196 au-

1925 5239 2042 5288 tem
2074 5234 2272 5288 crucis.
2303 5237 2541 5306 Propter
2561 5235 2718 5306 quod
2740 5239 2795 5289 et
2823 5236 2969 5290 Deus
2995 5235 3157 5290 illum
3184 5234 3474 5302 exaltavit,
3506 5241 3562 5290 et

1926 5327 2159 5382 donavit
2188 5328 2270 5381 illi
2301 5345 2516 5382 nomen
2539 5328 2691 5398 quod
2718 5333 2802 5383 est
2832 5345 3003 5400 super
3037 5345 3210 5385 omne
3233 5346 3471 5398 nomen,
3499 5334 3562 5383 ut

1928 5420 1982 5474 in
2009 5421 2241 5476 nomine
2265 5423 2390 5476 Jesu
2417 5438 2587 5476 omne
2620 5438 2771 5493 genu
2797 5422 3073 5491 ﬂectatur,
3088 5424 3418 5490 caelestium,
3447 5426 3557 5477 ter-

1927 5515 2215 5584 restrium,
2246 5520 2302 5570 et
2321 5515 2695 5585 infernorum,
2725 5521 2780 5572 et
2797 5516 2982 5571 omnis
3009 5516 3207 5590 lingua
3230 5518 3563 5572 conﬁteatur

1926 5610 2060 5682 quia
2091 5609 2366 5665 Dominus
2389 5611 2549 5665 Jesus
2567 5611 2822 5666 Christus
2851 5611 2909 5666 in
2937 5611 3121 5683 gloria
3150 5613 3234 5666 est
3260 5611 3359 5665 Dei
3383 5609 3561 5664 Patris

1929 5705 2140 5776 (Ephcs.
2182 5721 2244 5773 ιι,
2291 5705 2466 5776 6-H).
2501 5725 2530 5755 »
2580 5707 2847 5771 Quamvis
2891 5723 3029 5779 ergo
3075 5722 3218 5761 unus
3261 5704 3331 5758 sit
3377 5702 3563 5758 Domi~

1931 5816 2034 5853 nus
2059 5801 2219 5854 Jesus
2244 5797 2520 5866 Christus,
2553 5803 2610 5855 et
2633 5817 2779 5855 vera
2809 5801 3033 5856 deitatis
3062 5813 3320 5870 veraque
3355 5798 3560 5852 huma-

1929 5893 2120 5949 nitatis
2160 5894 2217 5948 in
2257 5893 2379 5967 ipso
2410 5910 2521 5949 una
2572 5911 2799 5966 prorsus
2844 5894 3155 5964 eademque
3194 5908 3437 5964 persona
3466 5892 3558 5963 sit,
