4034 6306
501 330 602 384 823

1396 327 1675 383 APPEND.
1718 325 1804 380 AD
1841 326 2003 381 SEC.
2048 324 2134 379 IX.
2157 354 2223 363 —
2263 322 2513 378 ISIDOBI
2550 319 2975 376 MERCATORIS

3776 162 3799 195 Ι

3769 316 3891 370 8⁸24-

501 452 690 508 neque
717 432 889 508 hujus
924 434 1198 491 unitionis
1234 435 1482 491 soliditas
1515 435 1635 490 ulla
1661 434 1839 506 possit
1860 433 2138 490 divisione
2159 446 2216 521 Α
2237 449 2319 487 ca
2348 436 2406 487 et
2429 430 2747 502 apostolica
2774 427 3070 497 doctrina,
3096 430 3164 482 ut
3194 425 3386 493 audio,
3420 425 3718 492 resultare,
3746 442 3884 521 exa-

501 529 747 601 sejungi,
797 528 1202 583 exaltationem
1252 533 1445 583 tamen
1492 545 1605 600 qua
1657 528 1822 584 illum
1875 527 2140 583 exaltavit

504 624 671 689 Deus,
695 628 751 677 et
776 622 1011 676 donavit
1037 621 1119 675 illi
1136 638 1354 677 nomen
1373 623 1528 693 quod
1556 628 1641 677 est
1657 640 1831 693 super
1850 638 2021 677 omne
2042 639 2140 677 no-

502 733 637 771 men
664 715 906 784 excellit,
927 715 1001 769 ad
1027 731 1153 770 eam
1182 715 1556 787 intelligimus
1580 717 1866 787 pertinere
1890 717 2139 771 formam

503 824 630 880 qua
660 807 898 863 ditanda
925 813 1048 863 erat
1077 810 1249 863 tanta
1277 809 1708 879 glorificationis
1728 814 2058 881 augmento.
2080 811 2140 865 ln

504 904 689 956 forma
714 902 926 973 quippe
952 902 1050 957 Dei
1081 903 1319 973 aqualis
1351 907 1473 958 erat
1507 904 1680 958 Filius
1704 903 1877 972 Patri,
1911 908 1968 958 et
1994 904 2144 959 inter

506 996 824 1067 genitorem
853 999 1024 1068 atque
1058 996 1423 1066 unigenitum
1459 997 1616 1052 nulla
1653 1000 1776 1053 erat
1816 996 1875 1051 in
1902 997 2143 1052 essentia

505 1089 787 1156 discretio,
820 1089 980 1143 nulla
1007 1089 1069 1143 in
1098 1090 1399 1161 majestate
1436 1090 1751 1157 diversitas,
1786 1107 1894 1145 nec
1922 1107 2027 1161 per
2050 1091 2141 1145 in-

503 1182 847 1237 carnationis
896 1183 1233 1255 mysterium
1307 1183 1523 1255 aliquid
1576 1184 1895 1239 decesserat
1960 1184 2142 1239 Verbo

505 1276 662 1347 quod
683 1277 734 1331 ei
750 1276 931 1332 Patris
946 1293 1183 1337 munere
1202 1277 1557 1332 redderetur.
1590 1279 1796 1332 Forma
1819 1282 2013 1332 autem
2035 1294 2145 1332 ser-

504 1371 559 1424 vi
580 1386 685 1442 per
703 1388 880 1443 quam
907 1370 1269 1442 impassibilis
1286 1371 1466 1426 deitas
1483 1375 1900 1426 sacramentum
1917 1388 2144 1443 magna

508 1464 740 1534 pietatis
769 1464 1045 1534 implevit,
1076 1464 1327 1518 humana
1353 1464 1644 1520 humilitas
1670 1470 1772 1535 est,
1801 1470 1859 1520 et
1886 1465 1946 1520 in
1968 1465 2147 1535 gloria

506 1557 712 1612 divina
724 1558 1018 1628 potestatis
1029 1563 1221 1613 evecta
1235 1562 1323 1613 est
1335 1558 1393 1613 in
1406 1561 1628 1613 tantam
1641 1559 1923 1613 unitatem
1937 1559 2008 1614 ab
2020 1559 2144 1630 ipso

506 1654 790 1721 conceptu
817 1651 1055 1722 virginis
1079 1652 1291 1706 deitate
1321 1656 1379 1706 et
1405 1653 1766 1708 humanitate
1791 1669 2069 1722 connexa,
2084 1656 2147 1708 ut

510 1760 612 1799 nec
637 1743 759 1798 sine
787 1744 1020 1800 homine
1054 1745 1267 1813 divina,
1292 1762 1396 1801 nec
1423 1746 1547 1800 sine
1577 1747 1690 1802 Deo
1714 1750 2026 1818 agerentur
2044 1747 2148 1801 hu-

509 1854 700 1892 mana.
735 1839 973 1910 Propter
1003 1840 1157 1910 quod
1197 1840 1339 1894 sicut
1369 1840 1645 1895 Dominus
1669 1840 1978 1910 majestatis
2007 1840 2142 1895 dici-

508 1918 604 1986 tur
629 1932 948 1999 cruciﬁxus,
980 1932 1061 1987 ita
1084 1933 1183 2005 qui
1217 1950 1285 1989 ex
1322 1934 1769 2005 sempiternitate
1796 1934 2029 2005 aqualis
2061 1938 2147 1988 est

510 2026 640 2092 Deo,
670 2024 879 2080 dicitur
916 2026 1207 2082 exaltatus.
1239 2029 1349 2082 Nec
1378 2028 1621 2083 interest
1657 2045 1727 2083 ex
1752 2045 1864 2100 qua
1893 2028 2146 2083 Christus

507 2118 822 2173 substantia
851 2120 1200 2189 nominetur,
1230 2138 1358 2175 cum
1393 2121 1850 2193 inseparabiliter
1873 2126 2144 2177 manente

509 2211 724 2266 unitate
754 2228 1032 2283 persona,
1056 2214 1213 2269 idem
1230 2215 1302 2269 sit
1326 2220 1383 2270 et
1405 2219 1560 2270 totus
1574 2216 1822 2271 hominis
1833 2215 1984 2270 ﬁlius
2009 2232 2142 2287 pro-

508 2311 636 2376 pter
661 2322 921 2374 carnem,
950 2310 1008 2362 et
1036 2309 1190 2362 totus
1217 2309 1319 2363 Dei
1350 2309 1522 2364 Filius
1551 2316 1788 2381 propter
1814 2326 1989 2365 unam
2014 2326 2145 2364 cum

505 2400 675 2454 Patre
719 2399 1016 2456 deitatem.
1046 2402 1335 2474 Quidquid
1378 2419 1516 2475 ergo
1541 2404 1601 2458 in
1646 2407 1905 2475 tempore
1930 2404 2146 2475 accepit

505 2493 783 2562 Christus,
816 2495 1132 2550 secundum
1177 2496 1477 2551 hominem
1514 2497 1747 2568 accepit,
1795 2497 1999 2569 cuique
2029 2514 2143 2552 non

508 2586 712 2642 habuit
730 2588 1118 2646 conferuntur.
1139 2592 1281 2645 Nam
1307 2592 1624 2646 secundum
1642 2592 1959 2663 potentiam
1978 2591 2144 2646 Verbi

510 2681 908 2738 indifferenter
938 2684 1132 2739 omnia
1174 2701 1302 2755 qua
1327 2685 1503 2740 habet
1533 2687 1720 2752 Pater,
1753 2685 1927 2740 etiam
1972 2685 2145 2740 Filius

507 2775 698 2845 habet,
741 2779 799 2830 et
825 2793 954 2848 qua
983 2777 1043 2831 in
1066 2778 1252 2833 forma
1271 2779 1419 2832 servi
1442 2795 1474 2832 a
1502 2781 1666 2833 Patre
1696 2780 1929 2850 accepit,
1943 2779 2144 2834 eadem

510 2868 568 2922 in
600 2868 786 2924 forma
810 2870 987 2925 Patris
1017 2872 1187 2926 etiam
1217 2871 1338 2943 ipse
1379 2872 1629 2941 donavit,
1669 2876 1727 2927 et
1754 2872 1908 2927 idem
1944 2874 2066 2944 ipse
2091 2877 2147 2927 et

504 2960 666 3016 .dives
679 2967 737 3017 et
749 2964 1314 3036 pauper.Dives,quia
1329 2987 1356 3015 «
1370 2966 1430 3020 in
1447 2966 1729 3037 principio
1742 2971 1862 3021 erat
1871 2966 2118 3021 Verbum
2128 3008 2141 3033 ,

509 3057 568 3109 et
593 3055 839 3109 Verbum
856 3060 978 3111 erat
991 3058 1143 3128 apud
1163 3059 1427 3128 Deum,et
1446 3060 1593 3113 Dens
1609 3063 1728 3114 erat
1750 3060 2017 3115 Verbum.
2035 3061 2145 3114 Hoc

513 3151 638 3202 erat
657 3149 716 3204 in
745 3149 1024 3221 principio
1051 3151 1206 3222 apud
1230 3153 1407 3207 Deum
1432 3170 1447 3221 ;
1468 3152 1659 3207 omnia
1674 3170 1778 3223 per
1792 3154 1981 3224 ipsum
2001 3153 2144 3208 facta

2164 1718 2238 1905 ις’

2240 526 2480 597 gitando
2501 523 2868 580 seditionibus
2883 522 3154 591 civitates,
3173 520 3566 576 conturbando
3592 520 3888 588 ecclesias,

2241 636 2345 674 nec
2372 620 2559 674 solum
2589 618 2852 689 injurias,
2882 617 2979 671 sed
3001 615 3174 670 etiam
3202 614 3388 670 cades
3413 613 3760 685 presbyteris
3791 620 3891 669 at-

2243 731 2355 786 que
2387 712 2663 784 episcopis
2706 710 3029 779 inferendo,
3059 712 3124 764 ut
3167 725 3285 781 pra
3326 708 3523 763 furore
3564 711 3622 762 et
3669 707 3895 763 savitia

2242 806 2513 879 propositi
2531 805 2723 874 vestri,
2757 809 2815 859 et
2837 803 3199 875 professionis
3223 803 3344 857 sitis
3365 802 3752 857 immemores.
3775 802 3892 857 Ubi

2244 906 2328 957 est
2352 900 2548 971 regula
2575 897 3029 954 mansuetudinis
3055 901 3113 951 et
3146 896 3367 968 quietis,
3399 896 3497 950 ubi
3530 896 3888 967 longanimi-

2242 1002 2326 1050 tas
2354 994 2662 1066 patientia,
2684 992 2786 1047 ubi
2814 992 3191 1062 tranquillitas
3218 991 3391 1062 pacis,
3419 990 3515 1045 ubi
3542 990 3889 1044 ﬁrmamen-

2243 1092 2367 1143 tum
2388 1087 2710 1143 dilectionis
2740 1090 2797 1141 et
2824 1085 3143 1141 tolerantia
3177 1084 3451 1139 fortitudo
3474 1084 3502 1138 ?
3529 1085 3666 1148 Qua
3690 1101 3792 1139 vos
3812 1084 3892 1138 ab

2246 1182 2546 1253 Evangelio
2576 1180 2783 1238 Christi
2829 1183 2927 1234 aut
2957 1178 3248 1250 persuasio
3284 1178 3516 1233 abduxit
3555 1183 3654 1233 aut
3684 1195 3890 1249 perse-

2243 1277 2394 1332 cutio
2438 1275 2767 1347 separavit?
2814 1273 2903 1327 vel
2948 1290 3077 1344 qua
3102 1275 3261 1328 tanta
3288 1272 3503 1327 exstitit
3543 1271 3895 1343 decipientis

2246 1370 2475 1437 astutia,
2509 1374 2573 1423 ut
2598 1369 2756 1423 obliti
2781 1368 3213 1439 prophetarum,
3232 1366 3704 1437 etapostolorum,
3720 1366 3893 1421 obliti

2246 1463 2486 1536 symboli
2514 1462 2793 1530 salutaris,
2825 1467 2882 1516 et
2910 1460 3283 1516 confessionis
3309 1476 3424 1531 qua
3442 1459 3895 1532 pronuntiantes

2245 1574 2437 1612 coram
2456 1557 2650 1611 multis
2665 1555 2902 1611 testibus
2919 1557 3339 1609 sacramentum
3355 1552 3623 1624 baptismi
3638 1553 3894 1624 suscepi—

2248 1652 2366 1718 stis,
2388 1650 2680 1706 diabolicis
2699 1666 2797 1704 vos
2812 1648 3166 1703 illusionibus
3193 1647 3548 1702 subderetis?
3566 1647 3711 1711 Quid
3730 1648 3887 1719 apud

2246 1763 2344 1800 vos
2369 1748 2579 1800 actura
2610 1744 2839 1799 fuerant
2863 1742 3116 1814 ungula,
3156 1742 3295 1812 quid
3321 1758 3469 1795 sava
3496 1744 3811 1809 tormenta,
3843 1742 3895 1796 si

2245 1838 2316 1892 ad
2358 1837 2799 1909 expugnandam
2828 1836 2962 1891 ﬁdei
3008 1839 3209 1891 vestra
3241 1834 3629 1905 integritatem
3656 1838 3892 1889 tantum

2245 1949 2390 1987 vana
2419 1932 2821 1986 hareticorum
2849 1933 3176 1985 commenta
3207 1930 3433 1984 valuere
3450 1929 3477 1983 ?
3502 1930 3608 1982 Pro
3628 1928 3743 1983 fide
3782 1946 3894 1983 vos

2246 2042 2416 2096 agere
2442 2025 2691 2091 creditis,
2725 2028 2783 2078 et
2820 2024 2954 2079 ﬁdei
2984 2023 3313 2088 contraitis;
3361 2022 3621 2077 Ecclesia
3644 2022 3895 2077 nomine

2245 2119 2571 2185 armamini,
2622 2122 2680 2172 et
2724 2123 2923 2173 contra
2967 2116 3275 2172 Ecclesiam
3335 2116 3638 2171 dimicatis.
3685 2118 3801 2171 Hoc
3857 2134 3893 2171 a

2244 2213 2559 2285 prOphetis,
2593 2213 2699 2267 hoc
2748 2212 2819 2267 ab
2847 2210 3227 2282 evangelistis,
3266 2211 3372 2264 hoc
3403 2210 3474 2264 ab
3498 2210 3769 2281 apostolis
3793 2210 3891 2265 di-

2246 2307 2479 2374 dicistis,
2508 2310 2574 2361 ut
2601 2308 2880 2376 negantes
2909 2304 3116 2360 Christi
3140 2320 3389 2373 carnem,
3419 2307 3478 2357 et
3503 2303 3683 2374 ipsam
3714 2303 3895 2359 Verbi

2245 2402 2552 2457 essentiam
2602 2400 2851 2471 passioni
2899 2399 3185 2471 mortique
3240 2397 3566 2464 subdentes,
3634 2396 3894 2452 alienam

2244 2495 2457 2549 faciatis
2488 2498 2746 2550 nostram
2763 2510 2797 2548 a
2814 2510 2916 2548 suo
2942 2496 3268 2564 reparatore
3283 2494 3895 2563 naturam,totumque

2244 2589 2396 2661 quod
2426 2606 2562 2644 crux
2599 2588 2812 2655 intulit,
2845 2588 2997 2658 quod
3023 2588 3223 2641 lancea
3249 2585 3586 2654 vulneravit,
3612 2586 3769 2656 quod
3796 2603 3892 2641 se-

2244 2684 2427 2753 pulcri
2470 2683 2611 2753 lapis
2658 2682 2906 2753 suscepit
2936 2686 2991 2735 et
3029 2681 3282 2736 reddidit
3317 2681 3500 2734 solum
3541 2678 3714 2735 fuisse
3743 2696 3897 2751 opus

2244 2776 2450 2832 divina
2489 2777 2782 2847 potentia,
2820 2792 2934 2829 non
2976 2775 3149 2829 etiam
3179 2774 3522 2829 humilitatis
3560 2774 3837 2829 humanae
3867 2777 3896 2829 ?

2245 2873 2481 2942 PrOpter
2509 2886 2685 2942 quam
2708 2870 3003 2941 Apostolus
3030 2868 3165 2923 dicit
3188 2886 3199 2922 :
3227 2888 3253 2920 α
3276 2869 3395 2921 Non
3431 2868 3582 2922 enim
3610 2867 3895 2922 erubesco

2246 2965 2618 3035 Evangelium
2666 2964 2835 3033 (Rom.
2870 2980 2910 3031 ι,
2960 2963 3063 3033 l6),
3095 2984 3122 3011 »
3156 2962 3425 3034 quoniam
3455 2967 3690 3017 noverat
3714 2964 3896 3033 quale

2244 3057 2574 3113 Christianis
2612 3058 2953 3127 objic‘eretur
2993 3055 3367 3127 opprobrium
3412 3055 3482 3109 ab
3521 3055 3787 3111 inimicis.
3822 3058 3895 3111 Et

2246 3152 2376 3206 ideo
2403 3152 2672 3206 Dominus
2696 3151 3130 3222 protestabatur,
3164 3149 3393 3204 dicens:
3425 3172 3451 3199 ‹‹
3483 3150 3591 3213 Qui
3618 3166 3714 3205 me
3744 3168 3893 3205 con-

511 3245 663 3309 sunt,
691 3213 898 3298 et-sine
930 3213 1056 3316 ipso
1081 3213 1295 3300 factum
1339 3213 1600 3301 estnihil
1645 3213 1886 3317 (joanfi,
1926 3249 2037 3315 1-3)
2062 3266 2077 3317 ;
2110 3270 2137 3298 ››
2162 3213 2217 3286 C
2245 3247 2424 3301 fessus
2454 3246 2627 3300 fuerit
2652 3213 2842 3300 coram
2872 3213 3224 3310 hominibus,
3254 3248 3311 3298 et
3337 3260 3445 3315 ego
3476 3244 3791 3299 conﬁtebor
3820 3247 3893 3299 il-

508 3352 728 3408 pauper
769 3354 928 3405 vero,
972 3340 1105 3410 quia
1144 3360 1172 3393 ‹‹
1219 3341 1467 3395 Verbum
1521 3357 1650 3396 caro
1687 3342 1901 3396 factum
1950 3346 2053 3409 est,
2091 3346 2147 3396 et

513 3430 785 3486 habitavit
823 3432 884 3486 in
926 3433 1089 3488 nobis
1140 3435 1310 3503 (Joan.
1338 3452 1376 3501 1,
1428 3436 1592 3505 14).»
1650 3435 1788 3499 Qua
1829 3439 2022 3491 autem
2063 3438 2147 3490 est

509 3525 631 3594 ejus
656 3525 992 3596 exinanitio,
1019 3545 1218 3599 quave
1242 3529 1686 3600 paupertas,nisi
1700 3530 1903 3584 forma
1929 3529 2146 3584 servilis

508 3620 777 3691 acceptio,
810 3638 917 3692 per
948 3639 1119 3693 quam
1154 3624 1320 3678 Verbi
1350 3624 1647 3695 majestate
1671 3624 1878 3690 velata,
1912 3624 2140 3695 dispen-

508 3713 648 3768 satio
676 3714 950 3770 humana
991 3717 1403 3788 redemptionis
1430 3718 1665 3788 impleta
1703 3722 1805 3773 est.
1834 3719 1978 3773 Nam
2009 3718 2145 3788 quia

508 3807 789 3878 captivata
830 3814 1036 3864 nostra
1068 3811 1266 3865 resolvi
1296 3811 1596 3880 originalia
1645 3812 1865 3866 vincula
1892 3828 2007 3866 non
2037 3828 2142 3882 po-

510 3903 721 3968 terant,
750 3904 808 3955 et
845 3901 918 3955 ab
948 3902 1124 3957 hostis
1158 3904 1400 3974 imperio
1442 3904 1709 3972 relaxari,
1741 3904 1849 3959 nisi
1875 3904 2146 3959 existeret

509 3993 682 4046 homo
709 3994 893 4048 nostri
918 3996 1161 4065 generis,
1202 4002 1522 4068 nostraque
1550 4000 1768 4052 natura
1798 4014 1970 4069 quem
1997 4003 2145 4053 vete-

511 4085 586 4139 ris
611 4085 789 4142 debiti
816 4088 1151 4160 prajudicia
1192 4107 1309 4145 non
1335 4094 1616 4157 tenerent,
1645 4095 1702 4145 et
1744 4092 1842 4162 qui
1871 4091 2145 4146 immacu-

508 4180 621 4235 lato
659 4181 940 4253 sanguine
988 4200 1089 4239 suo
1124 4184 1574 4256 chirographum
1622 4184 1833 4240 lethale
1878 4185 2139 4253 dilueret,

507 4272 651 4327 sicut
679 4273 748 4329 ab
779 4274 942 4331 initio
968 4280 1094 4332 erat
1128 4277 1397 4333 divinitus
1420 4277 1898 4349 praordinatum,
1932 4283 1988 4333 et
2011 4296 2139 4349 pro-

507 4369 812 4438 phetarum
839 4371 1077 4425 oraculis
1108 4372 1576 4443 pranuntiatum,
1600 4372 1680 4429 ita
1706 4377 1790 4428 est
1818 4372 1876 4427 in
1902 4373 2139 4444 plenitu-

508 4462 641 4517 dine
688 4463 957 4534 praﬁniti
1008 4465 1283 4536 temporis
1325 4466 1558 4531 factum,
1607 4471 1669 4522 ut
1707 4466 1901 4522 multis
1935 4468 2137 4537 modis,

508 4557 821 4629 signiﬁcata
865 4559 1166 4629 promissio
1209 4559 1268 4614 in
1325 4560 1423 4614 diu
1483 4564 1873 4631 exspectatum
1924 4562 2220 4657 veniretD

506 4651 791 4721 effectum,
828 4670 933 4707 nec
964 4657 1153 4723 posset
1178 4669 1297 4709 esse
1318 4654 1832 4727 ambiguum,quod
1858 4656 2142 4711 continuis

507 4745 1015 4816 signiﬁcationibus
1065 4764 1292 4818 semper
1324 4748 1509 4802 fuerat
1532 4748 1876 4805 nuntiatum.
1921 4751 2144 4805 Destru-

507 4839 608 4894 ctis
652 4840 842 4912 itaque
869 4846 951 4896 tot
991 4841 1325 4907 haresibus,
1373 4858 1499 4912 qua
1543 4859 1647 4913 per
1676 4847 1929 4897 sanctam
1968 4843 2140 4897 devo-

506 4934 723 4988 tionem
750 4934 1179 5005 prasidentium
1214 4937 1443 4991 Patrum
1473 4953 1506 4990 a
1537 4952 1773 5007 corpore
1800 4940 1932 4990 sunt
1959 4937 2144 4991 catho-

506 5028 628 5080 lica
686 5026 922 5081 unitatis
982 5028 1242 5084 abscissa
1304 5046 1546 5101 quaque
1613 5030 1741 5085 ideo
1798 5032 2055 5084 extorres
2109 5048 2141 5084 a

506 5119 726 5175 Christo
776 5136 898 5176 esse
941 5138 1223 5191 meruere,
1279 5124 1414 5196 quia
1452 5123 1619 5178 Verbi
1664 5122 2138 5191 incarnationem,

506 5230 637 5285 qua
663 5214 969 5287 singularis
1007 5220 1092 5271 est
1119 5222 1271 5273 recte
1300 5218 1651 5273 credentium
1688 5217 1854 5281 salus,
1886 5216 2143 5273 fecerunt

507 5307 611 5362 sibi
636 5327 663 5360 «
694 5308 942 5380 lapidem
975 5311 1322 5378 offensionis,
1360 5316 1417 5366 et
1444 5314 1668 5380 petram
1698 5309 1946 5364 scandali
1972 5310 2137 5379 (Rom.

504 5420 574 5471 lx,
606 5403 717 5474 36),
748 5424 775 5453 ››
819 5405 998 5460 miror
1016 5405 1380 5461 dilectionem
1401 5408 1649 5457 vestram
1676 5401 1736 5457 in
1766 5402 2141 5459 discernenda

503 5497 753 5554 veritatis
778 5498 993 5554 lumine
1018 5500 1294 5563 laborare,
1339 5501 1394 5551 et
1422 5513 1552 5550 cum
1592 5496 1785 5552 multis
1810 5498 2138 5554 manifesta-

506 5592 754 5649 tionibus
775 5593 1131 5648 declaratum
1160 5592 1249 5660 sit,
1280 5606 1454 5661 quam
1482 5594 1633 5646 recte
1661 5594 1717 5645 et
1741 5591 2060 5648 Nestorium
2085 5596 2141 5648 et

504 5685 778 5740 Eutichen
810 5686 1227 5755 cumLDioscoro
1254 5684 1397 5739 fides
1421 5684 1739 5741 Christiana
1763 5686 2136 5754 damnaverit,

505 5793 608 5831 nec
633 5779 990 5834 Christianus
1019 5778 1197 5849 possit
1220 5778 1431 5844 vocari,
1472 5779 1569 5849 qui
1593 5781 1678 5835 vel
1707 5780 1876 5847 illius,
1917 5781 2005 5836 vel
2032 5781 2137 5835 ho-

505 5884 634 5922 rum
652 5870 932 5941 impietati
959 5872 1177 5944 prabet
1198 5888 1512 5928 assensum.
1537 5874 1709 5929 Doleo
1737 5890 1832 5928 vos
1859 5872 2141 5942 evangeli-

2244 3341 2360 3394 lum
2390 3357 2581 3394 coram
2603 3341 2763 3393 Patre
2795 3355 2924 3394 meo
2951 3338 3164 3408 (Matth.
3199 3354 3250 3403 x,
3284 3338 3391 3407 32).
3426 3360 3455 3387 ››
3489 3337 3549 3391 Ηί
3580 3338 3737 3392 enim
3771 3356 3893 3393 non

2246 3439 2415 3489 erunt
2443 3434 2602 3504 digni
2633 3432 2983 3487 confessione
3011 3432 3132 3485 Filii
3160 3436 3216 3486 et
3254 3431 3452 3498 Patris,
3492 3431 3698 3503 quibus
3730 3449 3895 3487 nunc

2246 3545 2375 3582 caro
2419 3527 2623 3584 Christi
2674 3526 3075 3581 verecundiam
3118 3525 3269 3590 facit,
3329 3525 3769 3596 probabuntque
3828 3544 3893 3581 se

2245 3622 2461 3676 nullam
2484 3622 2555 3676 de
2584 3621 2739 3691 ligno
2767 3620 2947 3674 crucis
2968 3619 3272 3690 sumpsisse
3296 3619 3585 3685 virtutem,
3603 3619 3701 3689 qui
3727 3622 3892 3690 quod

2246 3716 2668 3786 praferendum
2698 3714 2984 3769 frontibus
3029 3717 3391 3784 acceperunt,
3425 3729 3686 3783 promere
3722 3714 3895 3775 labiis

2246 3810 2605 3865 erubescunt.
2632 3809 2938 3875 Declinate,
2968 3808 3089 3875 filii,
3120 3808 3189 3862 ab
3220 3807 3308 3862 his
3328 3806 3622 3862 diabolicis
3648 3823 3888 3877 persua-

2246 3904 2517 3970 sionibus,
2547 3903 2846 3958 declinate.
2894 3901 3204 3956 Veritatem
3242 3900 3342 3955 Dei
3375 3901 3529 3955 nulla
3576 3917 3663 3956 res
3688 3900 3888 3966 violat,

2246 3997 2343 4051 sed
2365 3996 2571 4051 veritas
2598 4013 2703 4051 nos
2729 3995 2839 4050 nisi
2865 3996 2926 4050 in
2957 3999 3151 4050 nostra
3184 4011 3355 4049 carne
3383 4011 3501 4049 non
3519 3995 3719 4048 salvat.
3738 4019 3767 4043 «
3786 3997 3893 4048 Ve-

2245 4091 2381 4144 ritas
2432 4090 2642 4161 quippe
2681 4089 2846 4161 (sicut
2884 4090 3167 4160 propheta
3211 4089 3305 4158 ait)
3353 4088 3423 4143 de
3446 4092 3600 4143 terra
3644 4091 3767 4142 orta
3801 4093 3889 4143 est

2244 4185 2409 4253 (Psal.
2444 4200 2661 4252 Lxxxw,
2706 4184 2812 4251 12),
2846 4203 2873 4235 ι)
2922 4190 2978 4238 et
3008 4183 3091 4238 sic
3119 4182 3363 4237 Verbum
3403 4181 3575 4237 Maria
3600 4183 3888 4254 concepit,

2242 4282 2307 4332 ut
2336 4277 2648 4333 uniendam
2693 4277 2798 4332 sibi
2842 4294 3074 4332 carnem
3113 4278 3182 4332 de
3210 4293 3311 4331 sua
3352 4275 3669 4331 substantia
3706 4277 3889 4331 mini-

2243 4376 2465 4437 straret,
2491 4388 2596 4427 nec
2622 4388 2750 4427 cum
2780 4371 3097 4441 adjectione
3135 4386 3410 4441 persona,
3454 4386 3559 4424 nec
3583 4386 3715 4425 cum
3745 4387 3888 4425 eva-

2242 4465 2502 4521 cuatione
2528 4468 2769 4531 natura,
2799 4465 3069 4536 quoniam
3088 4465 3185 4535 qui
3217 4468 3342 4518 erat
3367 4464 3428 4518 in
3453 4465 3640 4519 forma
3659 4463 3781 4531 Dei,
3806 4465 3890 4519 ita

2244 4560 2457 4631 accepit
2483 4560 2727 4615 formam
2761 4559 2923 4625 servi,
2959 4562 3023 4612 ut
3057 4575 3206 4612 unus
3232 4562 3401 4629 atque
3427 4558 3577 4612 idem
3607 4557 3665 4611 in
3688 4558 3889 4613 forma

2248 4658 2482 4725 utraque
2537 4653 2609 4707 sit
2650 4652 2905 4710 Christus
2958 4652 3264 4707 inclinante
3308 4667 3365 4706 se
3415 4652 3533 4706 Deo
3580 4668 3761 4721 usque
3812 4653 3889 4707 ad

2246 4747 2446 4802 intima
2494 4747 2763 4816 hominis,
2809 4750 2865 4800 et
2911 4746 3242 4816 proficiente
3294 4745 3527 4800 homine
3576 4762 3754 4816 usque
3808 4747 3887 4800 ad

2247 4858 2477 4896 summa
2496 4841 2744 4907 deitatis,
2765 4840 2991 4894 dicente
3018 4840 3288 4911 Apostolo
3313 4856 3327 4893 :
3358 4861 3385 4888 «
3415 4840 3665 4903 Quorum
3685 4841 3890 4894 Patres

2246 4940 2301 4989 et
2316 4952 2385 4988 ex
2402 4935 2605 5005 quibus
2627 4934 2881 4990 Christus
2897 4933 3210 4988 secundum
3228 4948 3479 4997 carnem,
3497 4931 3593 5003 qui
3608 4937 3692 4987 est
3706 4949 3892 5003 super

2247 5028 2435 5082 omnia
2452 5028 2600 5082 Deus
2618 5027 2950 5082 benedictus
2966 5027 3023 5081 in
3044 5027 3246 5081 sacula
3268 5026 3517 5097 (,Rome,
3539 5028 3609 5092 5).
3628 5048 3654 5073 ι)
3675 5028 3885 5082 Amen.

2493 5123 2643 5176 XLII.
2677 5152 2745 5163 —-
2777 5122 2867 5177 Ad
2900 5122 3278 5177 Theodericum
3305 5123 3629 5191 episcopum.

2318 5217 2428 5271 ι,εο
2465 5216 2811 5271 THEODORICO
2845 5215 3110 5286 episcopo
3141 5215 3212 5270 de
3255 5214 3391 5270 ﬁdei
3428 5215 3884 5285 perseverantia.

2316 5311 2726 5366 Remeantibus
2755 5310 2825 5365 ad
2854 5326 2960 5364 nos
3004 5309 3270 5363 fratribus
3303 5312 3360 5363 et
3389 5307 3889 5363 consacerdotibus

2248 5405 2453 5460 nostris
2481 5405 2638 5476 quod
2663 5405 2735 5459 ad
2757 5408 3013 5458 sanctum
3045 5403 3347 5458 concilium
3365 5403 3528 5456 sedes
3556 5401 3709 5456 beati
3729 5404 3888 5456 Petri

2244 5498 2470 5564 direxit,
2504 5497 2845 5568 agnovimus
2871 5497 3235 5552 dilectionem
3265 5500 3422 5550 tuam
3450 5512 3694 5566 superno
3718 5496 3884 5566 adju-

2239 5592 2383 5646 torio
2438 5591 2733 5645 nobiscum
2788 5594 2907 5645 tam
2951 5590 3294 5645 Nestoriana
3334 5588 3663 5661 impietatis,
3705 5606 3887 5661 quam

2241 5685 2591 5741 Eutichiana
2627 5684 2867 5740 vesania
2910 5685 3190 5740 exstitisse
3227 5684 3536 5739 victricem.
3565 5684 3725 5739 Unde
3753 5685 3886 5754 glo-

2240 5778 2529 5834 riamurin
2546 5778 2789 5833 Domino
2805 5795 2935 5834 cum
2952 5780 3240 5851 Propheta
3254 5781 3545 5833 cantantes
3564 5794 3577 5833 :
3602 5800 3628 5826 ‹‹
3653 5778 3887 5851 Adjuto—

2242 5872 2391 5928 rium
2424 5875 2683 5929 nostrum
2725 5873 2780 5926 in
2815 5872 3049 5927 nomine
3093 5872 3337 5939 Domini,
3376 5871 3473 5943 qui
3514 5872 3640 5927 fecit
3668 5873 3881 5929 calum
