4034 6300
155 337 258 390 825

1394 330 1864 393 DECRETALIUM
1903 336 2289 393 COLLECTIO.

3424 345 3527 398 826

156 448 211 496 et
238 449 462 497 terram
496 444 662 514 (Psal.
702 458 887 511 cxxm;
919 446 992 517 8).
1022 467 1049 493 »
1080 410 1193 521 hui
1224 444 1446 500 nullum
1476 463 1579 500 nos
1602 447 1661 502 in
1688 464 1788 501 no-
1812 446 1969 533 Aris
1990 446 2167 501 hostis
2191 446 2420 518 spiritus
2442 446 2723 517 falsitatis,
2744 460 2944 503 omnes
2966 448 3037 503 de
3071 447 3168 504 illo
3184 449 3305 521 jam
3337 450 3536 505 trium-

156 537 284 591 stris
312 536 589 592 fratribus
620 538 1029 594 detrimentum
1067 538 1346 595 sustinere
1382 540 1658 610 permisit,
1692 542 1794 597 sed

152 646 281 701 qua:
338 636 536 686 nostro
590 632 750 702 prius
789 632 1106 687 ministerio
1148 632 1466 701 deﬁnierat,
1514 635 1793 702 universas

152 724 533 779 fraternitatis
568 724 962 781 irretractabili
993 726 1244 781 ﬁrmavit
1270 743 1522 797 assensu,
1562 733 1625 783 ut
1658 745 1792 783 vere

149 834 183 871 a
208 834 269 873 se
313 818 583 889 prodesse
629 819 959 887 ostenderit,
1020 820 1179 891 quod
1210 821 1368 891 prius
1392 838 1423 875 a
1454 822 1641 892 prima
1668 839 1789 877 om-

152 912 319 966 nium
338 912 476 966 sede
499 912 814 967 formatum
834 913 1004 969 totius
1021 914 1329 969 Christiani
1351 915 1505 969 orbis
1510 915 1792 986 judicium

151 1005 481 1077 recepisset,
514 1011 578 1060 ut
603 1006 663 1061 in
693 1007 801 1061 hoc
824 1024 1049 1079 quoque
1069 1008 1255 1079 capite
1278 1009 1544 1064 membra
1567 1026 1793 1065 concor-

152 1099 316 1154 dent.
350 1102 410 1154 ln
454 1115 569 1171 quo
600 1100 849 1172 amplior
878 1101 1044 1156 nobis
1072 1100 1129 1155 in
1159 1102 1267 1157 hac
1311 1119 1372 1156 re
1414 1103 1479 1156 ﬁt
1506 1103 1791 1174 gaudendi

152 1195 417 1261 materia,
464 1195 603 1250 dum
656 1198 713 1248 et
763 1200 922 1250 tanto
960 1196 1149 1266 magis
1203 1196 1449 1268 perculit
1502 1197 1787 1265 inimicus,

148 1293 367 1358 quanto
415 1292 612 1343 contra
649 1287 856 1343 Christi
899 1289 1188 1344 ministros
1228 1306 1421 1345 servus
1463 1290 1787 1347 insurrexit.

150 1382 298 1435 Nam
342 1399 421 1436 ne
468 1382 711 1437 aliarum
762 1382 982 1437 sedium
1008 1383 1079 1437 ab
1110 1400 1176 1437 ea
1219 1400 1388 1455 quam
1416 1384 1635 1439 caeteris
1663 1403 1786 1440 om-

152 1475 317 1529 nium
354 1475 630 1530 Dominus
666 1475 865 1530 statuit
903 1477 1212 1547 praesidere
1244 1494 1557 1532 consensus
1582 1478 1786 1533 absen-

157 1568 290 1623 tatio
321 1569 627 1637 videretur,
662 1574 762 1624 aut
805 1570 915 1624 alia
954 1570 1222 1642 quaelibet
1265 1571 1567 1643 subrepere
1603 1576 1791 1643 posset

152 1661 394 1716 adversa
419 1662 688 1733 suspicio,
733 1662 950 1718 inventi
984 1664 1145 1735 prius
1182 1669 1316 1718 sunt
1342 1665 1440 1735 qui
1467 1666 1535 1720 de
1558 1666 1790 1737 judiciis

151 1755 366 1810 nostris
393 1756 774 1827 ambigerent.
807 1759 873 1812 Et
914 1758 1051 1812 dum
1080 1758 1344 1813 nonnulli
1382 1759 1454 1813 ad
1483 1759 1787 1814 dissensio-

1891 541 2068 611 phare
2107 557 2226 594 non
2251 540 2486 595 dubium
2517 544 2603 596 est
2639 557 2782 612 quos
2810 541 2916 596 sibi
2949 542 3163 597 Veritas
3208 542 3535 599 vindicavit.

1890 635 2051 688 Nunc
2091 650 2323 705 prorsus
2367 634 2465 688 illa
2502 634 2902 706 Redemptoris
2947 636 3131 691 nostri
3177 636 3324 691 dicta
3363 653 3535 709 quam

1892 727 2006 781 sint
2029 727 2237 781 divinae
2264 728 2618 783 auctoritatis
2653 734 2911 799 apparet,
2946 728 3084 783 dum
3121 736 3320 784 contra
3344 730 3536 786 hostes

1892 820 2025 874 ﬁdei
2076 820 2154 874 sic
2204 825 2493 892 aptantur,
2543 826 2603 875 ut
2645 822 2713 877 de
2756 822 2892 893 ipsis
2936 822 3201 878 dubitare
3229 823 3392 879 dictis
3415 841 3531 878 non

1892 914 2078 968 liceat.
2136 936 2163 965 ‹‹
2220 916 2343 980 Vos,
2404 914 2610 986 inquit,
2667 932 2732 969 ex
2785 920 2946 987 patre
2997 916 3225 972 diabolo
3274 918 3424 973 estis.
3468 920 3534 972 Et

1893 1007 2171 1062 desideria
2198 1008 2377 1079 patris
2414 1009 2583 1064 vestri
2622 1009 2790 1063 vultis
2831 1010 3089 1080 implere.
3124 1010 3221 1064 Ille
3248 1011 3530 1067 homicida

1890 1101 1998 1155 fuit
2047 1102 2117 1155 ab
2171 1102 2374 1169 initio,
2443 1105 2502 1155 et
2550 1102 2610 1156 in
2660 1102 2894 1157 veritate
2954 1120 3071 1158 non
3130 1104 3328 1172 stetit,
3394 1105 3528 1177 quia

1890 1195 2091 1249 veritas
2135 1195 2192 1249 in
2241 1212 2308 1249 eo
2364 1212 2481 1250 non
2529 1200 2631 1250 est.
2687 1196 2926 1260 Quando
2977 1197 3227 1269 loquitur
3278 1199 3519 1254 menda-

1889 1288 2060 1355 cium,
2093 1305 2160 1342 ex
2194 1288 2309 1342 suis
2338 1288 2586 1359 propriis
2612 1288 2883 1360 loquitur,
2917 1290 3050 1360 quia
3087 1292 3330 1347 mendax
3359 1295 3445 1348 est
3473 1297 3531 1346 et

1890 1387 2052 1452 pater
2080 1383 2202 1452 ejus
2238 1382 2413 1452 (Joan.
2459 1398 2575 1452 vni,
2615 1384 2722 1454 44).
2776 1405 2802 1431 ››
2848 1383 2996 1438 Nihil
3028 1401 3165 1456 ergo
3195 1384 3524 1441 mirandum

1890 1482 1994 1541 est,
2034 1476 2188 1547 quod
2244 1476 2301 1529 hi
2352 1476 2452 1547 qui
2496 1476 2555 1529 in
2601 1477 2838 1531 veritate
2882 1478 2979 1532 Dei
3034 1483 3243 1533 nostra:
3307 1483 3525 1533 naturae

1888 1569 2249 1624 mendacium
2275 1568 2665 1638 crediderunt,
2695 1571 2848 1641 patri
2876 1588 2978 1626 suo
3009 1580 3066 1627 et
3096 1572 3242 1627 circa
3265 1572 3376 1626 ista
3400 1590 3527 1627 con-

1889 1664 2146 1731 cordant,
2178 1663 2461 1734 quidquid
2492 1663 2697 1731 visum,
2729 1664 3010 1736 quidquid
3037 1666 3319 1734 auditum,
3366 1666 3529 1738 quid-

1888 1756 2026 1827 quid
2070 1756 2313 1828 denique
2346 1760 2486 1811 teste
2519 1758 2825 1829 Evangelio
2853 1763 3069 1813 tactum
3094 1763 3178 1813 est
3204 1762 3378 1830 atque
3405 1760 3525 1830 pal-

152 1866 255 1903 nes
312 1850 533 1905 incitati
581 1851 653 1905 ab
696 1855 924 1906 auctore
967 1852 1429 1907 contradictionis
1475 1854 1546 1908 ad
1589 1836 1867 1908 insanaB
1892 1855 2089 1921 patum
2120 1850 2179 1904 in
2213 1851 2380 1905 unico
2409 1851 2513 1905 Dei
2542 1851 2704 1918 Filio,
2737 1868 2855 1907 non
2890 1853 3013 1923 ejus
3038 1852 3198 1923 cujus
3223 1852 3525 1924 probatum

151 1944 306 1997 bella
351 1944 678 2014 prosiliunt,
730 1945 804 1999 ad
852 1946 1036 2017 majus
1084 1946 1338 2017 bonum,
1408 1947 1629 2001 malum
1673 1948 1794 2018 ejus

153 2043 384 2093 auctore
415 2037 594 2092 totius
618 2037 889 2094 bonitatis
916 2039 1282 2111 dispensante
1306 2044 1646 2112 proventum
1665 2057 1794 2095 con-

151 2134 413 2187 vertitur.
467 2131 697 2187 Dulcius
732 2133 777 2186 si
820 2133 1058 2204 quidem
1084 2150 1327 2189 munera
1357 2135 1556 2205 gratiae
1586 2135 1793 2190 divinae

154 2225 528 2296 proveniunt,
597 2227 820 2298 quoties
871 2244 986 2282 non
1042 2228 1163 2282 sine
1211 2229 1437 2299 magnis
1495 2229 1793 2283 sudoribus

150 2319 542 2390 acquirentur.
619 2321 684 2373 Et
740 2320 929 2375 minus
983 2321 1196 2375 bonum
1252 2322 1431 2376 videri
1485 2322 1631 2377 solet
1681 2340 1792 2394 pax

155 2413 493 2467 continuata
520 2429 626 2484 per
652 2413 851 2483 otium,
887 2431 1064 2485 quam
1101 2415 1321 2469 reddita
1358 2420 1488 2486 post
1513 2416 1788 2471 laborem.

153 2508 280 2577 Ipsa
308 2523 539 2578 quoque
570 2507 774 2563 veritas
816 2514 872 2563 et
915 2509 1121 2563 clarius
1150 2508 1457 2579 renitescit,
1499 2512 1556 2564 et
1587 2509 1792 2564 fortius

153 2600 454 2668 retinetur,
486 2601 624 2655 dum
653 2618 780 2673 quae
799 2602 940 2656 ﬁdes
969 2603 1127 2673 prius
1152 2602 1437 2671 docuerat,
1456 2603 1579 2658 haec
1600 2609 1793 2675 postea

152 2694 502 2749 examinatio
550 2695 933 2750 conﬁrmaret.
975 2697 1207 2750 Multum
1258 2696 1507 2767 denique
1539 2698 1793 2753 sacerdo-

153 2788 278 2842 talis
305 2788 481 2842 ofﬁcii
506 2789 775 2843 meritum
814 2790 1157 2861 splendescit
1187 2791 1285 2844 ubi
1320 2789 1397 2843 sic
1425 2807 1792 2846 summorum

154 2886 416 2937 servatur
445 2884 775 2952 auctoritas,
822 2890 883 2939 ut
926 2884 984 2938 in
1012 2885 1166 2939 nullo
1196 2885 1531 2939 inferiorum
1560 2889 1793 2957 putetur

155 2978 463 3031 imminuta
488 2977 735 3033 libertas.
780 2979 849 3031 Et
874 2979 941 3033 ad
972 2979 1253 3049 majorem
1286 2978 1524 3050 gloriam
1566 2979 1791 3051 proﬁcit

154 3071 283 3124 ﬁnis
302 3071 588 3126 examinis
617 3072 845 3142 quando
883 3072 956 3127 ad
986 3073 1091 3126 hoc
1127 3090 1184 3127 se
1230 3073 1448 3144 accepit
1492 3074 1789 3128 exercendi

154 3164 381 3235 fiducia,
421 3170 488 3220 ut
516 3165 775 3220 vincatur
803 3166 1126 3234 adversitas,
1160 3183 1231 3221 ne
1257 3167 1409 3239 quod
1437 3184 1538 3239 per
1567 3184 1624 3222 se
1656 3185 1787 3239 pro-

154 3260 326 3313 batur
351 3259 667 3331 reprobum
697 3260 903 3314 silentii
932 3260 1259 3331 praajudicio
1287 3261 1542 3317 videatur
1567 3278 1791 3333 oppres-

154 3370 306 3408 sum.
352 3354 577 3408 Exsulta
626 3353 821 3425 igitur,
873 3355 1211 3409 charissime
1278 3356 1472 3423 frater,
1517 3356 1577 3410 in
1617 3357 1787 3410 unico

154 3447 273 3502 ﬁlio
295 3447 475 3503 victor
492 3448 731 3504 exsulta.
754 3448 896 3503 Vicit
919 3465 1022 3519 per
1042 3466 1144 3503 nos
1167 3449 1283 3518 ille,
1306 3450 1466 3521 cujus
1489 3450 1670 3504 carnis
1690 3466 1786 3505 ve-

156 3541 293 3596 ritas
330 3541 667 3614 negabatur,
707 3541 842 3596 vicit
876 3558 980 3613 per
1008 3559 1133 3611 nos,
1168 3548 1225 3598 et
1253 3560 1355 3614 pro
1388 3543 1549 3597 nobis
1574 3542 1667 3597 ille
1699 3544 1790 3597 cui

157 3635 418 3690 vicimus.
459 3636 717 3692 Secunda
745 3640 831 3691 est
870 3640 999 3708 post
1038 3637 1349 3691 adventum
1394 3637 1625 3692 Domini
1668 3638 1789 3691 hazc

158 3730 285 3784 orbi
314 3729 605 3785 festivitas.
648 3730 953 3785 Redditum
992 3733 1200 3786 saeculo
1231 3736 1316 3786 est
1342 3732 1608 3802 prmdone
1638 3747 1791 3802 pros-

157 3828 305 3878 trato
329 3824 744 3878 incarnationis
765 3824 972 3879 divinae
997 3825 1353 3896 mysterium,
1372 3825 1529 3897 quod
1550 3825 1789 3880 humani

160 3918 389 3988 generis
404 3916 826 3990 inimicus,quia
843 3920 1011 3973 rebus
1024 3920 1160 3991 ipsis
1176 3920 1397 3974 auferre
1413 3937 1528 3975 non
1543 3925 1787 3991 poterat,

157 4012 457 4066 calumniis
496 4012 849 4067 obscurabat.
907 4013 1181 4077 Quinimo
1236 4014 1307 4068 ad
1359 4015 1790 4069 incredulorum

155 4105 326 4160 corde
376 4105 624 4177 perierat
672 4105 995 4162 immortale
1045 4107 1401 4179 mysterium,
1462 4109 1597 4180 quia
1649 4108 1791 4163 nihil

153 4199 394 4274 prodest
436 4203 593 4255 tanta
635 4200 785 4255 salus
838 4200 1163 4269 incredulis,
1216 4202 1336 4273 ipsa
1385 4203 1625 4256 Veritate
1677 4202 1792 4255 suis

158 4298 387 4353 dicente
428 4298 716 4369 discipulis
753 4316 766 4352 :
812 4320 839 4348 ‹‹
873 4299 982 4363 Qui
1030 4300 1338 4354 crediderit
1381 4306 1437 4355 et
1478 4299 1792 4371 baptizatus

156 4393 353 4461 fuerit,
382 4393 564 4447 salvus
590 4394 698 4448 erit
729 4410 741 4447 :
775 4394 873 4464 qui
903 4398 1095 4449 autem
1140 4412 1258 4449 non
1301 4395 1619 4461 crediderit,
1662 4411 1792 4448 con-

160 4459 528 4543 damnabitur
568 4487 757 4557 (Marc.
792 4459 910 4557 xw,
963 4490 1066 4559 t6).
1103 4510 1130 4537 »
1164 4488 1310 4543 Solis
1343 4487 1580 4558 justitize
1597 4459 1827 4558 jubar,\,

1810 3213 1865 3286 C

1893 1950 1977 1999 est
2007 1948 2347 2011 asserentes,
2396 1946 2492 1999 sed
2530 1950 2827 2000 coazternaa
2867 1949 2925 2000 et
2963 1945 3350 2001 coessentialis
3379 1947 3527 2001 Patri

1892 2038 2066 2092 fuisse
2091 2038 2439 2107 substantiae,
2473 2038 2637 2108 quasi
2664 2043 2762 2093 aut
2787 2038 3097 2093 divinitatis
3128 2045 3331 2095 natura
3348 2041 3529 2095 crucis

1889 2132 2048 2203 ligno
2079 2133 2347 2187 transﬁxa
2385 2132 2474 2198 sit,
2515 2136 2615 2186 aut
2662 2132 3105 2187 inconvertibilis
3144 2149 3397 2188 crescere
3426 2150 3530 2205 per

1893 2230 2106 2294 mtates,
2136 2232 2193 2280 et
2222 2226 2281 2279 in
2307 2224 2587 2296 sapientia
2611 2227 2885 2297 prolicere
2916 2226 3195 2297 sapientia
3222 2227 3525 2299 sempiter-

1894 2335 1967 2373 na
1991 2320 2077 2373 vel
2103 2319 2302 2390 spiritu
2335 2322 2500 2387 Deus,
2531 2319 2629 2390 qui
2663 2319 2893 2390 spiritus
2921 2323 3025 2388 est,
3059 2320 3296 2375 subinde
3324 2322 3532 2392 repleri

1892 2412 2120 2483 poterit.
2172 2415 2233 2467 lu
2287 2413 2395 2467 hoc
2438 2429 2667 2484 quoque
2713 2431 2773 2467 se
2802 2414 3003 2467 acerba
3045 2414 3290 2483 vesania,
3326 2430 3389 2469 ex
3416 2432 3529 2486 quo

1891 2513 2123 2561 auctore
2170 2507 2525 2577 processerit,
2571 2507 2779 2577 prodit,
2833 2507 2987 2579 quod
3039 2511 3319 2578 quantum
3359 2510 3418 2562 in
3470 2526 3528 2563 se

1891 2610 2011 2671 est,
2075 2603 2348 2658 universis
2388 2620 2594 2658 nocere
2647 2605 2862 2660 molita.
2903 2607 3042 2660 Nam
3099 2607 3197 2677 qui
3249 2624 3351 2662 nos
3402 2624 3530 2679 per-

1890 2699 2186 2769 sequendo
2249 2698 2468 2765 afflixit,
2519 2702 2753 2753 cateros
2795 2699 2868 2752 ad
2910 2715 3254 2754 consensum
3301 2702 3529 2757 sceleris

1892 2792 2237 2863 impellendo
2273 2792 2622 2863 depravavit.
2656 2794 2763 2847 Sed
2794 2809 2898 2847 nec
2930 2810 3052 2863 nos,
3079 2793 3211 2848 licet
3238 2794 3296 2849 in
3329 2796 3524 2867 singu-

1892 2886 1961 2941 lis
1999 2886 2292 2952 fratribus,
2332 2885 2469 2957 quia
2508 2887 2767 2941 membra
2819 2892 3012 2941 nostra
3055 2892 3207 2959 sunt,
3239 2890 3524 2943 vulneras-

1889 2985 1991 3047 set,
2024 2998 2057 3033 a
2081 2979 2314 3051 speciali
2342 2980 2539 3034 dolore
2573 2980 2705 3034 fecit
2748 2986 3027 3052 exceptos,
3064 2982 3272 3052 quibus
3300 2999 3443 3037 nova
3471 2988 3529 3039 et

1889 3073 2159 3136 inaudita,
2206 3078 2376 3145 atque
2421 3074 2739 3128 incredibili
2796 3074 3027 3129 audacia
3071 3076 3282 3130 inferre
3331 3080 3530 3131 contra

1891 3184 2058 3221 suum
2105 3173 2278 3237 caput
2328 3172 2413 3221 est
2458 3168 2688 3221 molitus
2728 3168 3019 3239 iujuriam.
3057 3170 3164 3224 Sed
3194 3170 3416 3225 utinam
3442 3172 3527 3225 vel

1890 3265 2019 3332 post
2052 3265 2131 3315 tot
2162 3262 2407 3332 pessima
2436 3261 2793 3331 resipiscens,
2833 3278 2945 3316 non
2989 3280 3093 3316 nos
3125 3263 3298 3317 etiam
3329 3265 3397 3319 de
3425 3281 3526 3318 suo

1890 3362 2118 3409 aeternae
2149 3355 2534 3409 damnationis
2578 3355 2879 3409 interitum
2933 3356 3526 3421 contristaritJQuam

1891 3465 2217 3504 mensuram
2241 3449 2465 3503 sceleris
2488 3448 2874 3519 praetermisti,
2895 3449 2987 3503 cui
3010 3466 3115 3503 nec
3142 3450 3246 3503 hoc
3264 3448 3525 3505 sdfﬁcere

1889 3543 2092 3615 potuit,
2160 3542 2316 3613 quod
2382 3558 2486 3597 nec
2553 3542 2691 3596 vivis
2767 3544 3067 3614 parcendo,
3129 3559 3233 3598 nec
3289 3546 3527 3600 mortuis

1890 3638 2063 3693 etiam
2100 3636 2161 3690 in
2188 3635 2526 3706 sanguinem
2554 3636 2873 3691 innocentis
2900 3640 2957 3691 et
2982 3637 3245 3692 catholici
3269 3638 3525 3693 sacerdo-

1890 3732 1961 3786 tis
1989 3732 2237 3802 pollutas
2257 3729 2607 3801 jampridem
2640 3730 2899 3785 abdicata
2927 3731 3181 3799 veritate,
3210 3736 3382 3803 atque
3420 3750 3521 3804 ap-

1890 3827 2121 3897 probata
2148 3826 2414 3892 falsitate,
2446 3841 2648 3879 manus
2694 3825 2940 3891 intinxit,
2975 3832 3031 3881 et
3070 3842 3202 3880 cum
3251 3827 3529 3899 scriptum

1891 3920 1964 3974 sit
1997 3939 2010 3975 :
2047 3942 2075 3970 «
2103 3920 2207 3984 Qui
2236 3919 2358 3974 odit
2382 3919 2621 3973 fratrem
2650 3935 2838 3990 suum,
2872 3920 3158 3975 homicida
3186 3927 3271 3976 est
3298 3921 3344 3991 (Ι
3364 3923 3523 3977 Joan.

1894 4031 1950 4084 ιι,
2007 4014 2115 4085 tl),
2173 4035 2201 4064 »
2256 4014 2353 4067 ille
2411 4013 2569 4083 quod
2619 4013 2748 4068 odio
2791 4013 2912 4084 jam
2962 4014 3203 4083 fecisset,
3273 4015 3528 4070 addictus

1894 4115 1997 4176 est,
2026 4109 2287 4179 implevit
2312 4109 2598 4180 operibus,
2627 4108 2792 4179 quasi
2818 4124 2923 4162 nec
2948 4109 3217 4178 audisset,
3249 4126 3354 4165 nec
3372 4108 3529 4165 aliud

1892 4203 2044 4274 quod
2071 4203 2347 4258 Dominus
2372 4204 2451 4257 ait
2483 4220 2495 4257 :
2532 4223 2560 4255 «
2593 4203 2797 4256 Discite
2837 4219 2871 4256 a
2915 4219 3007 4257 me
3054 4203 3185 4273 quia
3215 4204 3371 4257 mitis
3400 4220 3529 4258 sum

1894 4301 1951 4351 et
1997 4296 2227 4351 humilis
2277 4297 2466 4363 corde,
2518 4301 2572 4350 et
2616 4295 2915 4350 invenietis
2944 4296 3205 4367 requiem
3231 4297 3531 4352 animabus

1892 4391 2110 4445 vestris.
2138 4391 2349 4461 Jugum
2369 4389 2523 4445 enim
2545 4405 2741 4443 meum
2768 4406 2937 4443 suave
2960 4393 3064 4457 est,
3087 4396 3145 4444 et
3162 4406 3306 4445 onus
3333 4407 3528 4446 meum

1892 4486 2012 4538 leve
2067 4489 2152 4538 est
2204 4484 2416 4553 (Matth.
2476 4500 2549 4551 x1,
2606 4487 2695 4550 29,
2746 4483 2853 4556 30).
2900 4506 2927 4533 ››
2984 4484 3198 4555 Dignus
3265 4483 3529 4540 diabolici

163 4582 359 4636 densis
380 4597 481 4652 per
495 4580 777 4635 orientem
795 4582 1035 4637 Nestorii
1053 4582 1431 4637 etEutichetis
1451 4581 1670 4637 nebulis
1688 4581 1794 4635 im-
1896 4578 2236 4649 praedicator
2271 4576 2478 4632 erroris
2515 4577 2806 4648 [Egyptius
2839 4582 3088 4632 vastator
3128 4578 3390 4632 inventus
3418 4583 3525 4649 est,

161 4676 444 4748 peditum,
478 4691 621 4746 pure
660 4676 731 4730 ab
770 4676 1063 4732 occidente
1104 4677 1477 4748 resplenduit,
1524 4676 1615 4730 ubi
1646 4692 1796 4731 com-

162 4771 440 4825 mercium
469 4769 530 4823 in
560 4771 824 4841 apostolis
842 4776 897 4826 et
917 4771 1246 4825 doctoribus
1276 4771 1667 4842 principaliter
1688 4772 1796 4825 col-

160 4865 383 4932 locavit,
404 4863 666 4936 quamvis
684 4880 789 4919 nec
810 4864 921 4920 illic
934 4882 1194 4937 unquam
1217 4864 1462 4920 defuisse
1479 4864 1797 4920 credendus

164 4960 233 5014 sit
258 4975 374 5031 quo
403 4959 759 5014 confessores
800 4959 906 5015 sibi
943 4960 1208 5032 egregios
1245 4959 1568 5014 reservavit.
1627 4962 1706 5014 Ita
1738 4963 1801 5016 ut

163 5054 300 5109 dum
345 5054 538 5109 denuo
583 5057 884 5109 conaretur
917 5055 1092 5108 hostis
1120 5054 1389 5125 antiquus
1425 5070 1529 5125 per
1561 5054 1796 5109 secundi

164 5148 471 5203 Pharaonis
509 5147 875 5220 impmnitens
922 5166 1037 5217 cor,
1084 5149 1215 5203 ﬁdei
1255 5148 1493 5203 Abrahae
1522 5164 1718 5203 semen
1745 5153 1801 5203 et

167 5242 307 5297 ﬁlios
326 5242 716 5314 exstinguere,
750 5244 865 5298 Deo
908 5243 1241 5310 miserante,
1273 5243 1661 5313 languescens,
1695 5242 1799 5295 nisi

169 5336 272 5392 sibi
298 5353 511 5393 nocere
536 5337 680 5392 nihil
705 5337 903 5408 possit.
940 5339 1014 5391 De
1043 5353 1156 5407 quo
1184 5341 1240 5391 et
1266 5336 1401 5391 illud
1437 5336 1801 5407 omnipotens

171 5431 482 5487 mirabilius
505 5431 643 5503 egit,
671 5431 805 5503 quia
834 5436 892 5486 et
910 5447 1056 5503 quos
1082 5430 1186 5486 sibi
1212 5432 1465 5486 conscios
1483 5431 1554 5485 ad
1580 5430 1799 5485 Israeli—

172 5526 263 5581 tici
283 5525 484 5598 populi
514 5525 673 5581 sedes
704 5526 998 5594 asciverat,
1033 5542 1149 5579 non
1186 5543 1317 5580 cum
1346 5525 1663 5597 tyrannidis
1698 5542 1800 5580 au-

173 5625 322 5677 ctore
343 5620 672 5688 submersit,
699 5621 797 5675 sed
824 5637 954 5675 cum
980 5636 1083 5675 suo
1104 5621 1318 5691 populo
1341 5619 1725 5691 congregavit,
1749 5625 1806 5674 et

174 5715 316 5773 sicut
339 5731 538 5771 revera
556 5731 618 5770 se
639 5714 882 5788 dignum
912 5719 969 5769 et
993 5714 1097 5768 soli
1128 5713 1234 5768 sibi
1254 5714 1511 5784 possibile
1537 5714 1661 5769 fons
1692 5714 1802 5768 mi-

174 5814 493 5870 sericordiae
537 5819 793 5884 noverat,
835 5814 1008 5869 victos
1035 5831 1069 5867 a
1111 5812 1274 5868 nobis
1326 5812 1623 5868 nobiscum
1675 5811 1808 5867 fecit

175 5924 294 5971 esse
321 5909 589 5967 victuros.
619 5910 762 5965 Nam
788 5908 927 5963 dum
953 5908 1104 5964 solus
1126 5924 1254 5964 vere
1281 5906 1353 5963 sit
1371 5906 1606 5962 humani
1636 5923 1808 5977 gene-

1898 4671 2030 4743 quia
2063 4675 2330 4743 tanquam
2360 4670 2697 4725 saevissimus
2728 4676 3004 4743 tyrannus
3034 4672 3291 4727 Ecclesia:
3328 4673 3528 4727 nefan-

1897 4767 1998 4822 das
2018 4766 2399 4837 blasphemias
2417 4782 2520 4837 per
2539 4764 2841 4820 violentem
2859 4765 3257 4821 seditiosorum
3278 4768 3528 4839 turbam,

1901 4866 1956 4915 et
2030 4877 2135 4932 per
2211 4864 2476 4916 cruentas
2546 4877 2753 4915 manus
2837 4860 3119 4928 militum,
3194 4862 3534 4918 venerandis

1899 4954 2101 5028 204
2128 4955 2398 5011 fratribus
2430 4955 2778 5027 imponebat,
2808 4958 2865 5009 et
2889 4971 3019 5009 cum
3048 4971 3182 5009 voce
3205 4957 3385 5011 nostri
3417 4958 3527 5012 He-

1901 5050 2213 5121 demptoris
2242 5050 2535 5104 ﬁrmatum
2561 5050 2631 5104 sit
2659 5065 2838 5103 unum
2875 5049 3259 5121 eumdemque
3292 5050 3529 5107 homici<

1900 5144 1978 5199 dii
2002 5147 2061 5198 et
2086 5144 2344 5200 falsitatis
2372 5148 2686 5212 auctorem,
2709 5143 2802 5197 ille
2824 5143 3036 5215 pariter
3064 5146 3355 5217 utcunque
3379 5164 3532 5203 com-

1902 5239 2094 5309 plevit,
2125 5240 2289 5311 quasi
2340 5257 2455 5294 non
2503 5244 2565 5294 ut
2592 5243 2915 5305 caveantur,
2960 5239 3055 5293 sed
3085 5244 3150 5295 ut
3195 5246 3531 5313 perpetren-

1902 5339 1994 5388 tur
2020 5333 2231 5405 scripta
2250 5334 2382 5402 sint,
2403 5334 2473 5388 ad
2493 5332 2832 5405 perditionis
2852 5350 2969 5388 suae
2990 5335 3285 5390 cumulum
3304 5337 3537 5394 trahens

1902 5444 2029 5499 qua:
2066 5427 2167 5483 Dei
2216 5427 2386 5481 Filius
2427 5426 2656 5481 monuit
2691 5426 2762 5481 ad
2809 5427 3087 5496 salutem;
3132 5429 3273 5485 illud
3305 5447 3536 5502 quoque

1902 5521 2077 5576 surda
2094 5520 2267 5576 nimis
2285 5537 2421 5575 aure
2442 5520 2779 5592 praeteriens
2798 5521 2953 5593 quod
2971 5522 3041 5575 ab
3067 5524 3274 5579 eodem
3292 5523 3531 5579 Domino

1905 5615 2119 5670 dictum
2158 5621 2241 5670 est
2275 5632 2288 5669 :
2324 5634 2351 5667 ε(
2384 5615 2533 5687 Ergo
2570 5614 2722 5688 quod
2752 5614 2870 5670 vidi
2899 5616 3052 5688 apud
3076 5618 3303 5672 Patrem
3340 5633 3536 5672 meum

1904 5711 2126 5782 loquor,
2168 5714 2226 5765 et
2260 5727 2356 5765 vos
2389 5726 2526 5782 ergo
2555 5710 2710 5782 quod
2746 5710 2966 5765 vidistis
3010 5711 3162 5781 apud
3189 5712 3419 5765 Patrem
3448 5728 3538 5767 ve-

1907 5809 2091 5862 strum
2119 5804 2304 5860 facitis
2340 5804 2514 5876 (Joan.
2558 5822 2674 5875 vm,
2717 5805 2825 5877 38).
2858 5825 2885 5858 n
2934 5803 3114 5876 Igitur
3156 5803 3294 5859 dum
3321 5812 3533 5863 sanctae

1908 5900 2203 5960 memoriae
2229 5898 2490 5961 Flaviano
2519 5894 3006 5972 vitam'praesentis
3026 5897 3216 5954 saeculi
3236 5899 3536 5959 moliretur
