  <div class='ocr_page' id='page_1' title='image "/cluster/home/n/w/nwhite01/storage/ocr_20150623/130/umn.319510024774230/489.png"; bbox 0 0 4034 6332; ppageno 0'>
   <div class='ocr_carea' id='block_1_1' title="bbox 503 386 604 435">
    <p class='ocr_par' dir='ltr' id='par_1_1' title="bbox 503 386 604 435">
     <span class='ocr_line' id='line_1_1' title="bbox 503 386 604 435; baseline 0.01 -1"><span class='ocrx_word' id='word_1_1' title='bbox 503 386 604 435; x_wconf 82' lang='lat'><strong>8&#39;27</strong></span> 
     </span>
    </p>
   </div>
   <div class='ocr_carea' id='block_1_2' title="bbox 1403 373 2986 432">
    <p class='ocr_par' dir='ltr' id='par_1_2' title="bbox 1403 373 2986 432">
     <span class='ocr_line' id='line_1_2' title="bbox 1403 373 2986 432; baseline -0.001 0"><span class='ocrx_word' id='word_1_2' title='bbox 1403 375 1687 432; x_wconf 77' lang='lat' dir='ltr'><strong>APPEND.</strong></span> <span class='ocrx_word' id='word_1_3' title='bbox 1731 375 1817 430; x_wconf 77' lang='lat' dir='ltr'><strong>AD</strong></span> <span class='ocrx_word' id='word_1_4' title='bbox 1853 373 2017 430; x_wconf 62' lang='lat' dir='ltr'><strong>SEC.</strong></span> <span class='ocrx_word' id='word_1_5' title='bbox 2060 377 2146 430; x_wconf 80' lang='lat' dir='ltr'><strong>IX.</strong></span> <span class='ocrx_word' id='word_1_6' title='bbox 2176 403 2244 415; x_wconf 91' lang='lat'><strong>-</strong></span> <span class='ocrx_word' id='word_1_7' title='bbox 2282 375 2519 432; x_wconf 83' lang='lat' dir='ltr'><strong>lSlDORI</strong></span> <span class='ocrx_word' id='word_1_8' title='bbox 2560 375 2986 432; x_wconf 80' lang='lat' dir='ltr'><strong>MERCATOBIS</strong></span> 
     </span>
    </p>
   </div>
   <div class='ocr_carea' id='block_1_3' title="bbox 3767 380 3879 431">
    <p class='ocr_par' dir='ltr' id='par_1_3' title="bbox 3767 380 3879 431">
     <span class='ocr_line' id='line_1_3' title="bbox 3767 380 3879 431; baseline -0.009 0"><span class='ocrx_word' id='word_1_9' title='bbox 3767 380 3879 431; x_wconf 79' lang='lat'><strong>8&#39;28</strong></span> 
     </span>
    </p>
   </div>
   <div class='ocr_carea' id='block_1_4' title="bbox 498 482 3880 575">
    <p class='ocr_par' dir='ltr' id='par_1_4' title="bbox 498 482 3880 575">
     <span class='ocr_line' id='line_1_4' title="bbox 498 482 3880 575; baseline -0.002 -32"><span class='ocrx_word' id='word_1_10' title='bbox 498 490 724 544; x_wconf 87' lang='lat' dir='ltr'><strong>auferre</strong></span> <span class='ocrx_word' id='word_1_11' title='bbox 764 505 822 543; x_wconf 90' lang='lat' dir='ltr'><strong>se</strong></span> <span class='ocrx_word' id='word_1_12' title='bbox 871 503 1090 543; x_wconf 87' lang='lat' dir='ltr'><strong>serena</strong></span> <span class='ocrx_word' id='word_1_13' title='bbox 1133 487 1262 540; x_wconf 86' lang='lat' dir='ltr'><strong>vita</strong></span> <span class='ocrx_word' id='word_1_14' title='bbox 1303 487 1429 540; x_wconf 91' lang='lat' dir='ltr'><strong>luce</strong></span> <span class='ocrx_word' id='word_1_15' title='bbox 1469 484 1728 556; x_wconf 81' lang='lat' dir='ltr'><strong>privavit.</strong></span> <span class='ocrx_word' id='word_1_16' title='bbox 1763 483 1906 537; x_wconf 87' lang='lat' dir='ltr'><strong>Dum</strong></span> <span class='ocrx_word' id='word_1_17' title='bbox 1937 499 2036 537; x_wconf 89' lang='lat' dir='ltr'><strong>vos</strong></span> <span class='ocrx_word' id='word_1_18' title='bbox 2064 482 2134 536; x_wconf 90' lang='lat' dir='ltr'><strong>ab</strong></span> <span class='ocrx_word' id='word_1_19' title='bbox 2157 488 2428 572; x_wconf 75' lang='lat' dir='ltr'><strong>Asancto</strong></span> <span class='ocrx_word' id='word_1_20' title='bbox 2449 483 2747 575; x_wconf 46' lang='lat' dir='ltr'><strong>indicante.</strong></span> <span class='ocrx_word' id='word_1_21' title='bbox 2767 485 3078 556; x_wconf 89' lang='lat' dir='ltr'><strong>quisquam</strong></span> <span class='ocrx_word' id='word_1_22' title='bbox 3097 499 3215 539; x_wconf 89' lang='lat' dir='ltr'><strong>non</strong></span> <span class='ocrx_word' id='word_1_23' title='bbox 3235 485 3412 540; x_wconf 91' lang='lat' dir='ltr'><strong>victor</strong></span> <span class='ocrx_word' id='word_1_24' title='bbox 3428 483 3598 550; x_wconf 77' lang='lat' dir='ltr'><strong>exire,</strong></span> <span class='ocrx_word' id='word_1_25' title='bbox 3623 499 3880 556; x_wconf 90' lang='lat' dir='ltr'><strong>quorum</strong></span> 
     </span>
    </p>
   </div>
   <div class='ocr_carea' id='block_1_5' title="bbox 501 577 2132 650">
    <p class='ocr_par' dir='ltr' id='par_1_5' title="bbox 501 577 2132 650">
     <span class='ocr_line' id='line_1_5' title="bbox 501 577 2132 650; baseline -0.004 -12"><span class='ocrx_word' id='word_1_26' title='bbox 501 583 749 638; x_wconf 88' lang='lat' dir='ltr'><strong>ecclesiis</strong></span> <span class='ocrx_word' id='word_1_27' title='bbox 777 582 976 638; x_wconf 81' lang='lat' dir='ltr'><strong>vestris</strong></span> <span class='ocrx_word' id='word_1_28' title='bbox 1013 585 1315 636; x_wconf 82' lang='lat' dir='ltr'><strong>conaretur</strong></span> <span class='ocrx_word' id='word_1_29' title='bbox 1350 579 1652 650; x_wconf 82' lang='lat' dir='ltr'><strong>expellere,</strong></span> <span class='ocrx_word' id='word_1_30' title='bbox 1692 595 1750 631; x_wconf 92' lang='lat' dir='ltr'><strong>se</strong></span> <span class='ocrx_word' id='word_1_31' title='bbox 1790 594 1823 630; x_wconf 92' lang='lat' dir='ltr'><strong>a</strong></span> <span class='ocrx_word' id='word_1_32' title='bbox 1862 577 2132 632; x_wconf 88' lang='lat' dir='ltr'><strong>Christia-</strong></span> 
     </span>
    </p>
   </div>
   <div class='ocr_carea' id='block_1_6' title="bbox 502 671 2138 747">
    <p class='ocr_par' dir='ltr' id='par_1_6' title="bbox 502 671 2138 747">
     <span class='ocr_line' id='line_1_6' title="bbox 502 671 2138 747; baseline -0.004 -17"><span class='ocrx_word' id='word_1_33' title='bbox 502 693 712 732; x_wconf 90' lang='lat' dir='ltr'><strong>norum</strong></span> <span class='ocrx_word' id='word_1_34' title='bbox 738 676 975 747; x_wconf 90' lang='lat' dir='ltr'><strong>collegio</strong></span> <span class='ocrx_word' id='word_1_35' title='bbox 1019 673 1356 747; x_wconf 80' lang='lat' dir='ltr'><strong>segregavit.</strong></span> <span class='ocrx_word' id='word_1_36' title='bbox 1385 675 1531 728; x_wconf 91' lang='lat' dir='ltr'><strong>Dum</strong></span> <span class='ocrx_word' id='word_1_37' title='bbox 1561 671 1739 726; x_wconf 82' lang='lat' dir='ltr'><strong>trahit</strong></span> <span class='ocrx_word' id='word_1_38' title='bbox 1763 673 2042 742; x_wconf 91' lang='lat' dir='ltr'><strong>plurimos</strong></span> <span class='ocrx_word' id='word_1_39' title='bbox 2079 674 2138 726; x_wconf 91' lang='lat' dir='ltr'><strong>et</strong></span> 
     </span>
    </p>
   </div>
   <div class='ocr_carea' id='block_1_7' title="bbox 499 765 2135 842">
    <p class='ocr_par' dir='ltr' id='par_1_7' title="bbox 499 765 2135 842">
     <span class='ocr_line' id='line_1_7' title="bbox 499 765 2135 842; baseline -0.004 -18"><span class='ocrx_word' id='word_1_40' title='bbox 499 770 746 842; x_wconf 91' lang='lat' dir='ltr'><strong>impellit</strong></span> <span class='ocrx_word' id='word_1_41' title='bbox 795 769 868 823; x_wconf 91' lang='lat' dir='ltr'><strong>ad</strong></span> <span class='ocrx_word' id='word_1_42' title='bbox 913 768 1120 824; x_wconf 90' lang='lat' dir='ltr'><strong>erroris</strong></span> <span class='ocrx_word' id='word_1_43' title='bbox 1177 783 1494 836; x_wconf 84' lang='lat' dir='ltr'><strong>assensum,</strong></span> <span class='ocrx_word' id='word_1_44' title='bbox 1550 765 1848 835; x_wconf 80' lang='lat' dir='ltr'><strong>multiplici</strong></span> <span class='ocrx_word' id='word_1_45' title='bbox 1879 766 2135 819; x_wconf 90' lang='lat' dir='ltr'><strong>animam</strong></span> 
     </span>
    </p>
   </div>
   <div class='ocr_carea' id='block_1_8' title="bbox 500 860 2136 930">
    <p class='ocr_par' dir='ltr' id='par_1_8' title="bbox 500 860 2136 930">
     <span class='ocr_line' id='line_1_8' title="bbox 500 860 2136 930; baseline -0.004 -12"><span class='ocrx_word' id='word_1_46' title='bbox 500 880 664 918; x_wconf 91' lang='lat' dir='ltr'><strong>suam</strong></span> <span class='ocrx_word' id='word_1_47' title='bbox 691 865 930 918; x_wconf 85' lang='lat' dir='ltr'><strong>vulnere</strong></span> <span class='ocrx_word' id='word_1_48' title='bbox 970 861 1262 930; x_wconf 89' lang='lat' dir='ltr'><strong>sauciavit,</strong></span> <span class='ocrx_word' id='word_1_49' title='bbox 1311 862 1463 915; x_wconf 91' lang='lat' dir='ltr'><strong>solus</strong></span> <span class='ocrx_word' id='word_1_50' title='bbox 1510 860 1660 914; x_wconf 87' lang='lat' dir='ltr'><strong>ultra</strong></span> <span class='ocrx_word' id='word_1_51' title='bbox 1698 875 1898 913; x_wconf 87' lang='lat' dir='ltr'><strong>omnes</strong></span> <span class='ocrx_word' id='word_1_52' title='bbox 1939 863 1996 913; x_wconf 91' lang='lat' dir='ltr'><strong>et</strong></span> <span class='ocrx_word' id='word_1_53' title='bbox 2031 875 2136 930; x_wconf 91' lang='lat' dir='ltr'><strong>per</strong></span> 
     </span>
    </p>
   </div>
   <div class='ocr_carea' id='block_1_9' title="bbox 501 952 2137 1028">
    <p class='ocr_par' dir='ltr' id='par_1_9' title="bbox 501 952 2137 1028">
     <span class='ocr_line' id='line_1_9' title="bbox 501 952 2137 1028; baseline -0.004 -17"><span class='ocrx_word' id='word_1_54' title='bbox 501 973 720 1027; x_wconf 92' lang='lat' dir='ltr'><strong>omnes,</strong></span> <span class='ocrx_word' id='word_1_55' title='bbox 750 973 815 1011; x_wconf 88' lang='lat' dir='ltr'><strong>ac</strong></span> <span class='ocrx_word' id='word_1_56' title='bbox 841 973 946 1028; x_wconf 92' lang='lat' dir='ltr'><strong>pro</strong></span> <span class='ocrx_word' id='word_1_57' title='bbox 973 955 1238 1010; x_wconf 88' lang='lat' dir='ltr'><strong>omnibus</strong></span> <span class='ocrx_word' id='word_1_58' title='bbox 1267 971 1399 1009; x_wconf 89' lang='lat' dir='ltr'><strong>reus</strong></span> <span class='ocrx_word' id='word_1_59' title='bbox 1427 955 1526 1026; x_wconf 89' lang='lat' dir='ltr'><strong>qui</strong></span> <span class='ocrx_word' id='word_1_60' title='bbox 1551 969 1720 1007; x_wconf 86' lang='lat' dir='ltr'><strong>causa</strong></span> <span class='ocrx_word' id='word_1_61' title='bbox 1745 955 1932 1007; x_wconf 86' lang='lat' dir='ltr'><strong>reatus</strong></span> <span class='ocrx_word' id='word_1_62' title='bbox 1957 952 2137 1006; x_wconf 91' lang='lat' dir='ltr'><strong>omni-</strong></span> 
     </span>
    </p>
   </div>
   <div class='ocr_carea' id='block_1_10' title="bbox 498 1046 2134 1106">
    <p class='ocr_par' dir='ltr' id='par_1_10' title="bbox 498 1046 2134 1106">
     <span class='ocr_line' id='line_1_10' title="bbox 498 1046 2134 1106; baseline -0.004 -1"><span class='ocrx_word' id='word_1_63' title='bbox 498 1051 603 1105; x_wconf 90' lang='lat' dir='ltr'><strong>bus</strong></span> <span class='ocrx_word' id='word_1_64' title='bbox 628 1051 754 1105; x_wconf 90' lang='lat' dir='ltr'><strong>fuit.</strong></span> <span class='ocrx_word' id='word_1_65' title='bbox 786 1051 891 1106; x_wconf 92' lang='lat' dir='ltr'><strong>Sed</strong></span> <span class='ocrx_word' id='word_1_66' title='bbox 921 1051 1057 1105; x_wconf 91' lang='lat' dir='ltr'><strong>licet</strong></span> <span class='ocrx_word' id='word_1_67' title='bbox 1087 1049 1175 1104; x_wconf 87' lang='lat' dir='ltr'><strong>his</strong></span> <span class='ocrx_word' id='word_1_68' title='bbox 1195 1054 1295 1103; x_wconf 86' lang='lat' dir='ltr'><strong>tua</strong></span> <span class='ocrx_word' id='word_1_69' title='bbox 1319 1048 1646 1103; x_wconf 85' lang='lat' dir='ltr'><strong>fraternitas</strong></span> <span class='ocrx_word' id='word_1_70' title='bbox 1672 1046 1852 1100; x_wconf 91' lang='lat' dir='ltr'><strong>solido</strong></span> <span class='ocrx_word' id='word_1_71' title='bbox 1879 1046 2005 1100; x_wconf 90' lang='lat' dir='ltr'><strong>cibo</strong></span> <span class='ocrx_word' id='word_1_72' title='bbox 2037 1046 2134 1099; x_wconf 88' lang='lat' dir='ltr'><strong>fir-</strong></span> 
     </span>
    </p>
   </div>
   <div class='ocr_carea' id='block_1_11' title="bbox 499 1139 2134 1215">
    <p class='ocr_par' dir='ltr' id='par_1_11' title="bbox 499 1139 2134 1215">
     <span class='ocr_line' id='line_1_11' title="bbox 499 1139 2134 1215; baseline -0.004 -16"><span class='ocrx_word' id='word_1_73' title='bbox 499 1148 650 1199; x_wconf 89' lang='lat' dir='ltr'><strong>mata</strong></span> <span class='ocrx_word' id='word_1_74' title='bbox 679 1144 939 1215; x_wconf 86' lang='lat' dir='ltr'><strong>indigere</strong></span> <span class='ocrx_word' id='word_1_75' title='bbox 967 1144 1206 1198; x_wconf 91' lang='lat' dir='ltr'><strong>minime</strong></span> <span class='ocrx_word' id='word_1_76' title='bbox 1233 1142 1511 1210; x_wconf 90' lang='lat' dir='ltr'><strong>videatur,</strong></span> <span class='ocrx_word' id='word_1_77' title='bbox 1545 1144 1742 1195; x_wconf 89' lang='lat' dir='ltr'><strong>tamen</strong></span> <span class='ocrx_word' id='word_1_78' title='bbox 1779 1140 1930 1211; x_wconf 91' lang='lat' dir='ltr'><strong>quod</strong></span> <span class='ocrx_word' id='word_1_79' title='bbox 1956 1139 2134 1193; x_wconf 87' lang='lat' dir='ltr'><strong>nostri</strong></span> 
     </span>
    </p>
   </div>
   <div class='ocr_carea' id='block_1_12' title="bbox 498 1233 2131 1309">
    <p class='ocr_par' dir='ltr' id='par_1_12' title="bbox 498 1233 2131 1309">
     <span class='ocr_line' id='line_1_12' title="bbox 498 1233 2131 1309; baseline -0.004 -17"><span class='ocrx_word' id='word_1_80' title='bbox 498 1239 607 1292; x_wconf 92' lang='lat' dir='ltr'><strong>loci</strong></span> <span class='ocrx_word' id='word_1_81' title='bbox 652 1245 736 1292; x_wconf 91' lang='lat' dir='ltr'><strong>est</strong></span> <span class='ocrx_word' id='word_1_82' title='bbox 779 1237 1086 1309; x_wconf 90' lang='lat' dir='ltr'><strong>implemus</strong></span> <span class='ocrx_word' id='word_1_83' title='bbox 1133 1237 1285 1291; x_wconf 90' lang='lat' dir='ltr'><strong>circa</strong></span> <span class='ocrx_word' id='word_1_84' title='bbox 1327 1251 1527 1289; x_wconf 87' lang='lat' dir='ltr'><strong>vocem</strong></span> <span class='ocrx_word' id='word_1_85' title='bbox 1567 1234 1804 1288; x_wconf 88' lang='lat' dir='ltr'><strong>dicentis</strong></span> <span class='ocrx_word' id='word_1_86' title='bbox 1837 1233 2131 1303; x_wconf 83' lang='lat' dir='ltr'><strong>Apostoli:</strong></span> 
     </span>
    </p>
   </div>
   <div class='ocr_carea' id='block_1_13' title="bbox 503 1326 2137 1402">
    <p class='ocr_par' dir='ltr' id='par_1_13' title="bbox 503 1326 2137 1402">
     <span class='ocr_line' id='line_1_13' title="bbox 503 1326 2137 1402; baseline -0.004 -16"><span class='ocrx_word' id='word_1_87' title='bbox 503 1355 531 1382; x_wconf 86' lang='lat'><strong>«</strong></span> <span class='ocrx_word' id='word_1_88' title='bbox 560 1334 775 1386; x_wconf 89' lang='lat' dir='ltr'><strong>Prater</strong></span> <span class='ocrx_word' id='word_1_89' title='bbox 817 1348 882 1386; x_wconf 91' lang='lat' dir='ltr'><strong>ea</strong></span> <span class='ocrx_word' id='word_1_90' title='bbox 929 1348 1055 1402; x_wconf 89' lang='lat' dir='ltr'><strong>qua</strong></span> <span class='ocrx_word' id='word_1_91' title='bbox 1091 1330 1442 1385; x_wconf 80' lang='lat' dir='ltr'><strong>extrinsecus</strong></span> <span class='ocrx_word' id='word_1_92' title='bbox 1485 1333 1638 1396; x_wconf 92' lang='lat' dir='ltr'><strong>sunt,</strong></span> <span class='ocrx_word' id='word_1_93' title='bbox 1695 1326 1967 1381; x_wconf 85' lang='lat' dir='ltr'><strong>instantia</strong></span> <span class='ocrx_word' id='word_1_94' title='bbox 2009 1343 2137 1380; x_wconf 90' lang='lat' dir='ltr'><strong>mea</strong></span> 
     </span>
    </p>
   </div>
   <div class='ocr_carea' id='block_1_14' title="bbox 499 1420 2137 1498">
    <p class='ocr_par' dir='ltr' id='par_1_14' title="bbox 499 1420 2137 1498">
     <span class='ocr_line' id='line_1_14' title="bbox 499 1420 2137 1498; baseline -0.005 -17"><span class='ocrx_word' id='word_1_95' title='bbox 499 1427 837 1498; x_wconf 86' lang='lat' dir='ltr'><strong>quotidiana</strong></span> <span class='ocrx_word' id='word_1_96' title='bbox 892 1425 1207 1479; x_wconf 89' lang='lat' dir='ltr'><strong>sollicitudo</strong></span> <span class='ocrx_word' id='word_1_97' title='bbox 1260 1423 1519 1478; x_wconf 91' lang='lat' dir='ltr'><strong>omnium</strong></span> <span class='ocrx_word' id='word_1_98' title='bbox 1568 1421 1965 1478; x_wconf 82' lang='lat' dir='ltr'><strong>Ecclesiarum.</strong></span> <span class='ocrx_word' id='word_1_99' title='bbox 2003 1420 2137 1484; x_wconf 86' lang='lat' dir='ltr'><strong>Quis</strong></span> 
     </span>
    </p>
   </div>
   <div class='ocr_carea' id='block_1_15' title="bbox 499 1514 2138 1589">
    <p class='ocr_par' dir='ltr' id='par_1_15' title="bbox 499 1514 2138 1589">
     <span class='ocr_line' id='line_1_15' title="bbox 499 1514 2138 1589; baseline -0.004 -15"><span class='ocrx_word' id='word_1_100' title='bbox 499 1521 822 1574; x_wconf 85' lang='lat' dir='ltr'><strong>infirmatur</strong></span> <span class='ocrx_word' id='word_1_101' title='bbox 850 1525 906 1574; x_wconf 87' lang='lat' dir='ltr'><strong>et</strong></span> <span class='ocrx_word' id='word_1_102' title='bbox 935 1536 1043 1589; x_wconf 86' lang='lat' dir='ltr'><strong>ego</strong></span> <span class='ocrx_word' id='word_1_103' title='bbox 1074 1535 1191 1573; x_wconf 91' lang='lat' dir='ltr'><strong>non</strong></span> <span class='ocrx_word' id='word_1_104' title='bbox 1219 1517 1478 1572; x_wconf 87' lang='lat' dir='ltr'><strong>infirmor</strong></span> <span class='ocrx_word' id='word_1_105' title='bbox 1502 1517 1529 1570; x_wconf 68' lang='grc' dir='ltr'>Τ</span> <span class='ocrx_word' id='word_1_106' title='bbox 1568 1515 1698 1588; x_wconf 86' lang='lat' dir='ltr'><strong>quis</strong></span> <span class='ocrx_word' id='word_1_107' title='bbox 1732 1514 2138 1569; x_wconf 86' lang='lat' dir='ltr'><strong>scandalizatur</strong></span> 
     </span>
    </p>
   </div>
   <div class='ocr_carea' id='block_1_16' title="bbox 451 1608 2134 1704">
    <p class='ocr_par' dir='ltr' id='par_1_16' title="bbox 451 1608 2134 1704">
     <span class='ocr_line' id='line_1_16' title="bbox 451 1608 2134 1704; baseline -0.004 -36"><span class='ocrx_word' id='word_1_108' title='bbox 451 1622 473 1704; x_wconf 57' lang='grc' dir='ltr'><strong><em>γ</em></strong></span> <span class='ocrx_word' id='word_1_109' title='bbox 499 1618 559 1668; x_wconf 89' lang='lat' dir='ltr'><strong>et</strong></span> <span class='ocrx_word' id='word_1_110' title='bbox 586 1631 692 1684; x_wconf 85' lang='lat' dir='ltr'><strong>ego</strong></span> <span class='ocrx_word' id='word_1_111' title='bbox 728 1630 846 1668; x_wconf 93' lang='lat' dir='ltr'><strong>non</strong></span> <span class='ocrx_word' id='word_1_112' title='bbox 875 1613 1055 1668; x_wconf 84' lang='lat' dir='ltr'><strong>uror?</strong></span> <span class='ocrx_word' id='word_1_113' title='bbox 1095 1613 1168 1683; x_wconf 90' lang='grc' dir='ltr'><strong>(Ιι</strong></span> <span class='ocrx_word' id='word_1_114' title='bbox 1196 1612 1317 1667; x_wconf 82' lang='lat' dir='ltr'><strong>Cor.</strong></span> <span class='ocrx_word' id='word_1_115' title='bbox 1351 1628 1429 1678; x_wconf 70' lang='grc' dir='ltr'><strong>χι,</strong></span> <span class='ocrx_word' id='word_1_116' title='bbox 1463 1612 1552 1678; x_wconf 84' lang='lat'><strong>28,</strong></span> <span class='ocrx_word' id='word_1_117' title='bbox 1579 1611 1690 1680; x_wconf 88' lang='lat'><strong>29.)</strong></span> <span class='ocrx_word' id='word_1_118' title='bbox 1715 1611 1826 1663; x_wconf 85' lang='lat' dir='ltr'><strong>Hoc</strong></span> <span class='ocrx_word' id='word_1_119' title='bbox 1851 1608 2134 1680; x_wconf 89' lang='lat' dir='ltr'><strong>pracipue</strong></span> 
     </span>
    </p>
   </div>
   <div class='ocr_carea' id='block_1_17' title="bbox 497 1703 2138 1779">
    <p class='ocr_par' dir='ltr' id='par_1_17' title="bbox 497 1703 2138 1779">
     <span class='ocr_line' id='line_1_17' title="bbox 497 1703 2138 1779; baseline -0.004 -17"><span class='ocrx_word' id='word_1_120' title='bbox 497 1707 768 1779; x_wconf 89' lang='lat' dir='ltr'><strong>prasenti</strong></span> <span class='ocrx_word' id='word_1_121' title='bbox 814 1707 1109 1762; x_wconf 89' lang='lat' dir='ltr'><strong>occasione</strong></span> <span class='ocrx_word' id='word_1_122' title='bbox 1164 1705 1443 1760; x_wconf 79' lang='lat' dir='ltr'><strong>credimus</strong></span> <span class='ocrx_word' id='word_1_123' title='bbox 1487 1703 1934 1770; x_wconf 89' lang='lat' dir='ltr'><strong>admonendum,</strong></span> <span class='ocrx_word' id='word_1_124' title='bbox 1964 1703 2138 1756; x_wconf 84' lang='lat' dir='ltr'><strong>frater</strong></span> 
     </span>
    </p>
   </div>
   <div class='ocr_carea' id='block_1_18' title="bbox 506 1794 2138 1872">
    <p class='ocr_par' dir='ltr' id='par_1_18' title="bbox 506 1794 2138 1872">
     <span class='ocr_line' id='line_1_18' title="bbox 506 1794 2138 1872; baseline -0.004 -17"><span class='ocrx_word' id='word_1_125' title='bbox 506 1801 856 1868; x_wconf 78' lang='lat' dir='ltr'><strong>charissima,</strong></span> <span class='ocrx_word' id='word_1_126' title='bbox 915 1805 981 1855; x_wconf 90' lang='lat' dir='ltr'><strong>ut</strong></span> <span class='ocrx_word' id='word_1_127' title='bbox 1032 1800 1478 1872; x_wconf 88' lang='lat' dir='ltr'><strong>quotiescunque</strong></span> <span class='ocrx_word' id='word_1_128' title='bbox 1524 1797 1715 1852; x_wconf 89' lang='lat' dir='ltr'><strong>divina</strong></span> <span class='ocrx_word' id='word_1_129' title='bbox 1755 1796 1938 1868; x_wconf 90' lang='lat' dir='ltr'><strong>gratia</strong></span> <span class='ocrx_word' id='word_1_130' title='bbox 1971 1794 2138 1849; x_wconf 91' lang='lat' dir='ltr'><strong>mini-</strong></span> 
     </span>
    </p>
   </div>
   <div class='ocr_carea' id='block_1_19' title="bbox 2229 577 3882 668">
    <p class='ocr_par' dir='ltr' id='par_1_19' title="bbox 2229 577 3882 668">
     <span class='ocr_line' id='line_1_19' title="bbox 2229 577 3882 668; baseline 0 -38"><span class='ocrx_word' id='word_1_131' title='bbox 2229 578 2350 647; x_wconf 89' lang='lat' dir='ltr'><strong>jam</strong></span> <span class='ocrx_word' id='word_1_132' title='bbox 2370 577 2577 631; x_wconf 83' lang='lat' dir='ltr'><strong>vicerat</strong></span> <span class='ocrx_word' id='word_1_133' title='bbox 2596 579 2757 668; x_wconf 54' lang='lat' dir='ltr'><strong>(idest</strong></span> <span class='ocrx_word' id='word_1_134' title='bbox 2781 580 2941 642; x_wconf 89' lang='lat' dir='ltr'><strong>Quod</strong></span> <span class='ocrx_word' id='word_1_135' title='bbox 2964 584 3224 650; x_wconf 91' lang='lat' dir='ltr'><strong>superest</strong></span> <span class='ocrx_word' id='word_1_136' title='bbox 3244 579 3632 647; x_wconf 80' lang='lat' dir='ltr'><strong>exhortamur,</strong></span> <span class='ocrx_word' id='word_1_137' title='bbox 3657 584 3721 632; x_wconf 92' lang='lat' dir='ltr'><strong>ut</strong></span> <span class='ocrx_word' id='word_1_138' title='bbox 3739 579 3882 649; x_wconf 88' lang='lat' dir='ltr'><strong>quia</strong></span> 
     </span>
    </p>
   </div>
   <div class='ocr_carea' id='block_1_20' title="bbox 2236 671 3880 728">
    <p class='ocr_par' dir='ltr' id='par_1_20' title="bbox 2236 671 3880 728">
     <span class='ocr_line' id='line_1_20' title="bbox 2236 671 3880 728; baseline 0 -4"><span class='ocrx_word' id='word_1_139' title='bbox 2236 671 2345 725; x_wconf 89' lang='lat' dir='ltr'><strong>illic</strong></span> <span class='ocrx_word' id='word_1_140' title='bbox 2373 672 2678 726; x_wconf 90' lang='lat' dir='ltr'><strong>nonnullas</strong></span> <span class='ocrx_word' id='word_1_141' title='bbox 2700 673 3022 727; x_wconf 89' lang='lat' dir='ltr'><strong>Eutichiani</strong></span> <span class='ocrx_word' id='word_1_142' title='bbox 3055 690 3119 727; x_wconf 86' lang='lat' dir='ltr'><strong>ac</strong></span> <span class='ocrx_word' id='word_1_143' title='bbox 3146 673 3464 728; x_wconf 85' lang='lat' dir='ltr'><strong>Nestoriani</strong></span> <span class='ocrx_word' id='word_1_144' title='bbox 3497 672 3708 726; x_wconf 90' lang='lat' dir='ltr'><strong>erroris</strong></span> <span class='ocrx_word' id='word_1_145' title='bbox 3736 672 3880 726; x_wconf 90' lang='lat' dir='ltr'><strong>reli-</strong></span> 
     </span>
    </p>
   </div>
   <div class='ocr_carea' id='block_1_21' title="bbox 2235 766 3885 837">
    <p class='ocr_par' dir='ltr' id='par_1_21' title="bbox 2235 766 3885 837">
     <span class='ocr_line' id='line_1_21' title="bbox 2235 766 3885 837; baseline 0 -18"><span class='ocrx_word' id='word_1_146' title='bbox 2235 766 2399 837; x_wconf 87' lang='lat' dir='ltr'><strong>quias</strong></span> <span class='ocrx_word' id='word_1_147' title='bbox 2429 766 2799 836; x_wconf 89' lang='lat' dir='ltr'><strong>cognovimus</strong></span> <span class='ocrx_word' id='word_1_148' title='bbox 2817 768 3179 836; x_wconf 86' lang='lat' dir='ltr'><strong>remansisse,</strong></span> <span class='ocrx_word' id='word_1_149' title='bbox 3203 783 3356 822; x_wconf 92' lang='lat' dir='ltr'><strong>nunc</strong></span> <span class='ocrx_word' id='word_1_150' title='bbox 3377 769 3552 822; x_wconf 88' lang='lat' dir='ltr'><strong>etiam</strong></span> <span class='ocrx_word' id='word_1_151' title='bbox 3577 766 3714 821; x_wconf 92' lang='lat' dir='ltr'><strong>Sedi</strong></span> <span class='ocrx_word' id='word_1_152' title='bbox 3741 781 3885 836; x_wconf 85' lang='lat' dir='ltr'><strong>apo-</strong></span> 
     </span>
    </p>
   </div>
   <div class='ocr_carea' id='block_1_22' title="bbox 2237 859 3883 932">
    <p class='ocr_par' dir='ltr' id='par_1_22' title="bbox 2237 859 3883 932">
     <span class='ocr_line' id='line_1_22' title="bbox 2237 859 3883 932; baseline -0.001 -19"><span class='ocrx_word' id='word_1_153' title='bbox 2237 859 2450 914; x_wconf 85' lang='lat' dir='ltr'><strong>stolica</strong></span> <span class='ocrx_word' id='word_1_154' title='bbox 2478 860 2810 914; x_wconf 88' lang='lat' dir='ltr'><strong>collabores.</strong></span> <span class='ocrx_word' id='word_1_155' title='bbox 2844 860 3083 915; x_wconf 87' lang='lat' dir='ltr'><strong>Victoria</strong></span> <span class='ocrx_word' id='word_1_156' title='bbox 3113 862 3267 916; x_wconf 91' lang='lat' dir='ltr'><strong>enim</strong></span> <span class='ocrx_word' id='word_1_157' title='bbox 3299 878 3470 932; x_wconf 88' lang='lat' dir='ltr'><strong>quam</strong></span> <span class='ocrx_word' id='word_1_158' title='bbox 3500 862 3648 915; x_wconf 87' lang='lat' dir='ltr'><strong>Deus</strong></span> <span class='ocrx_word' id='word_1_159' title='bbox 3679 864 3883 914; x_wconf 86' lang='lat' dir='ltr'><strong>noster</strong></span> 
     </span>
    </p>
   </div>
   <div class='ocr_carea' id='block_1_23' title="bbox 2237 954 3884 1025">
    <p class='ocr_par' dir='ltr' id='par_1_23' title="bbox 2237 954 3884 1025">
     <span class='ocr_line' id='line_1_23' title="bbox 2237 954 3884 1025; baseline -0.001 -18"><span class='ocrx_word' id='word_1_160' title='bbox 2237 970 2350 1008; x_wconf 88' lang='lat' dir='ltr'><strong>sua</strong></span> <span class='ocrx_word' id='word_1_161' title='bbox 2380 954 2614 1008; x_wconf 88' lang='lat' dir='ltr'><strong>donavit</strong></span> <span class='ocrx_word' id='word_1_162' title='bbox 2632 955 2911 1021; x_wconf 86' lang='lat' dir='ltr'><strong>Ecclesia,</strong></span> <span class='ocrx_word' id='word_1_163' title='bbox 2941 955 3199 1025; x_wconf 88' lang='lat' dir='ltr'><strong>quandiu</strong></span> <span class='ocrx_word' id='word_1_164' title='bbox 3229 955 3286 1008; x_wconf 88' lang='lat' dir='ltr'><strong>in</strong></span> <span class='ocrx_word' id='word_1_165' title='bbox 3309 955 3417 1009; x_wconf 92' lang='lat' dir='ltr'><strong>hoc</strong></span> <span class='ocrx_word' id='word_1_166' title='bbox 3443 954 3662 1009; x_wconf 90' lang='lat' dir='ltr'><strong>mundo</strong></span> <span class='ocrx_word' id='word_1_167' title='bbox 3691 970 3884 1008; x_wconf 86' lang='lat' dir='ltr'><strong>versa-</strong></span> 
     </span>
    </p>
   </div>
   <div class='ocr_carea' id='block_1_24' title="bbox 2237 1047 3876 1119">
    <p class='ocr_par' dir='ltr' id='par_1_24' title="bbox 2237 1047 3876 1119">
     <span class='ocr_line' id='line_1_24' title="bbox 2237 1047 3876 1119; baseline -0.001 -17"><span class='ocrx_word' id='word_1_168' title='bbox 2237 1065 2388 1118; x_wconf 86' lang='lat' dir='ltr'><strong>mur,</strong></span> <span class='ocrx_word' id='word_1_169' title='bbox 2419 1047 2547 1102; x_wconf 90' lang='lat' dir='ltr'><strong>licet</strong></span> <span class='ocrx_word' id='word_1_170' title='bbox 2574 1047 2842 1102; x_wconf 85' lang='lat' dir='ltr'><strong>ﬁduciam</strong></span> <span class='ocrx_word' id='word_1_171' title='bbox 2869 1049 3148 1119; x_wconf 84' lang='lat' dir='ltr'><strong>majorem</strong></span> <span class='ocrx_word' id='word_1_172' title='bbox 3175 1049 3404 1115; x_wconf 88' lang='lat' dir='ltr'><strong>tribuat,</strong></span> <span class='ocrx_word' id='word_1_173' title='bbox 3436 1065 3556 1103; x_wconf 90' lang='lat' dir='ltr'><strong>non</strong></span> <span class='ocrx_word' id='word_1_174' title='bbox 3586 1052 3782 1102; x_wconf 87' lang='lat' dir='ltr'><strong>tamen</strong></span> <span class='ocrx_word' id='word_1_175' title='bbox 3814 1048 3876 1100; x_wconf 90' lang='lat' dir='ltr'><strong>in</strong></span> 
     </span>
    </p>
   </div>
   <div class='ocr_carea' id='block_1_25' title="bbox 2236 1141 3875 1213">
    <p class='ocr_par' dir='ltr' id='par_1_25' title="bbox 2236 1141 3875 1213">
     <span class='ocr_line' id='line_1_25' title="bbox 2236 1141 3875 1213; baseline -0.001 -17"><span class='ocrx_word' id='word_1_176' title='bbox 2236 1148 2418 1196; x_wconf 90' lang='lat' dir='ltr'><strong>totum</strong></span> <span class='ocrx_word' id='word_1_177' title='bbox 2441 1141 2885 1196; x_wconf 89' lang='lat' dir='ltr'><strong>sollicitudinem</strong></span> <span class='ocrx_word' id='word_1_178' title='bbox 2913 1142 3165 1213; x_wconf 88' lang='lat' dir='ltr'><strong>perimit,</strong></span> <span class='ocrx_word' id='word_1_179' title='bbox 3192 1159 3296 1197; x_wconf 93' lang='lat' dir='ltr'><strong>nec</strong></span> <span class='ocrx_word' id='word_1_180' title='bbox 3315 1148 3379 1197; x_wconf 91' lang='lat' dir='ltr'><strong>ut</strong></span> <span class='ocrx_word' id='word_1_181' title='bbox 3394 1142 3750 1197; x_wconf 86' lang='lat' dir='ltr'><strong>dormiamus</strong></span> <span class='ocrx_word' id='word_1_182' title='bbox 3773 1142 3875 1195; x_wconf 90' lang='lat' dir='ltr'><strong>do-</strong></span> 
     </span>
    </p>
   </div>
   <div class='ocr_carea' id='block_1_26' title="bbox 2236 1235 3876 1302">
    <p class='ocr_par' dir='ltr' id='par_1_26' title="bbox 2236 1235 3876 1302">
     <span class='ocr_line' id='line_1_26' title="bbox 2236 1235 3876 1302; baseline -0.001 -12"><span class='ocrx_word' id='word_1_183' title='bbox 2236 1239 2366 1290; x_wconf 86' lang='lat' dir='ltr'><strong>nata</strong></span> <span class='ocrx_word' id='word_1_184' title='bbox 2413 1241 2515 1302; x_wconf 84' lang='lat' dir='ltr'><strong>est,</strong></span> <span class='ocrx_word' id='word_1_185' title='bbox 2569 1236 2667 1289; x_wconf 92' lang='lat' dir='ltr'><strong>sed</strong></span> <span class='ocrx_word' id='word_1_186' title='bbox 2717 1241 2777 1290; x_wconf 92' lang='lat' dir='ltr'><strong>ut</strong></span> <span class='ocrx_word' id='word_1_187' title='bbox 2829 1236 3054 1290; x_wconf 83' lang='lat' dir='ltr'><strong>suavius</strong></span> <span class='ocrx_word' id='word_1_188' title='bbox 3097 1237 3438 1292; x_wconf 85' lang='lat' dir='ltr'><strong>laboremus.</strong></span> <span class='ocrx_word' id='word_1_189' title='bbox 3485 1236 3648 1290; x_wconf 91' lang='lat' dir='ltr'><strong>Unde</strong></span> <span class='ocrx_word' id='word_1_190' title='bbox 3675 1237 3734 1289; x_wconf 90' lang='lat' dir='ltr'><strong>in</strong></span> <span class='ocrx_word' id='word_1_191' title='bbox 3763 1235 3876 1289; x_wconf 90' lang='lat' dir='ltr'><strong>hoc</strong></span> 
     </span>
    </p>
   </div>
   <div class='ocr_carea' id='block_1_27' title="bbox 2237 1329 3878 1401">
    <p class='ocr_par' dir='ltr' id='par_1_27' title="bbox 2237 1329 3878 1401">
     <span class='ocr_line' id='line_1_27' title="bbox 2237 1329 3878 1401; baseline -0.001 -18"><span class='ocrx_word' id='word_1_192' title='bbox 2237 1345 2462 1401; x_wconf 91' lang='lat' dir='ltr'><strong>quoque</strong></span> <span class='ocrx_word' id='word_1_193' title='bbox 2477 1333 2589 1383; x_wconf 89' lang='lat' dir='ltr'><strong>tua</strong></span> <span class='ocrx_word' id='word_1_194' title='bbox 2611 1329 2921 1400; x_wconf 83' lang='lat' dir='ltr'><strong>vigilantiae</strong></span> <span class='ocrx_word' id='word_1_195' title='bbox 2951 1329 3397 1384; x_wconf 87' lang='lat' dir='ltr'><strong>sollicitudinem</strong></span> <span class='ocrx_word' id='word_1_196' title='bbox 3419 1330 3683 1384; x_wconf 88' lang='lat' dir='ltr'><strong>volumus</strong></span> <span class='ocrx_word' id='word_1_197' title='bbox 3713 1329 3808 1398; x_wconf 83' lang='lat' dir='ltr'><strong>adj</strong></span> <span class='ocrx_word' id='word_1_198' title='bbox 3820 1347 3878 1381; x_wconf 89' lang='lat' dir='ltr'><strong>u-</strong></span> 
     </span>
    </p>
   </div>
   <div class='ocr_carea' id='block_1_28' title="bbox 2239 1423 3878 1495">
    <p class='ocr_par' dir='ltr' id='par_1_28' title="bbox 2239 1423 3878 1495">
     <span class='ocr_line' id='line_1_28' title="bbox 2239 1423 3878 1495; baseline -0.001 -18"><span class='ocrx_word' id='word_1_199' title='bbox 2239 1423 2375 1491; x_wconf 91' lang='lat' dir='ltr'><strong>vari,</strong></span> <span class='ocrx_word' id='word_1_200' title='bbox 2401 1427 2466 1477; x_wconf 89' lang='lat' dir='ltr'><strong>ut</strong></span> <span class='ocrx_word' id='word_1_201' title='bbox 2491 1429 2589 1477; x_wconf 89' lang='lat' dir='ltr'><strong>tua</strong></span> <span class='ocrx_word' id='word_1_202' title='bbox 2614 1423 2888 1478; x_wconf 88' lang='lat' dir='ltr'><strong>relatione</strong></span> <span class='ocrx_word' id='word_1_203' title='bbox 2931 1427 3220 1491; x_wconf 90' lang='lat' dir='ltr'><strong>currente,</strong></span> <span class='ocrx_word' id='word_1_204' title='bbox 3259 1425 3358 1495; x_wconf 90' lang='lat' dir='ltr'><strong>qui</strong></span> <span class='ocrx_word' id='word_1_205' title='bbox 3397 1424 3547 1494; x_wconf 90' lang='lat' dir='ltr'><strong>apud</strong></span> <span class='ocrx_word' id='word_1_206' title='bbox 3594 1424 3718 1478; x_wconf 92' lang='lat' dir='ltr'><strong>illos</strong></span> <span class='ocrx_word' id='word_1_207' title='bbox 3745 1424 3878 1476; x_wconf 90' lang='lat' dir='ltr'><strong>reli-</strong></span> 
     </span>
    </p>
   </div>
   <div class='ocr_carea' id='block_1_29' title="bbox 2238 1517 3867 1589">
    <p class='ocr_par' dir='ltr' id='par_1_29' title="bbox 2238 1517 3867 1589">
     <span class='ocr_line' id='line_1_29' title="bbox 2238 1517 3867 1589; baseline -0.001 -18"><span class='ocrx_word' id='word_1_208' title='bbox 2238 1517 2422 1588; x_wconf 90' lang='lat' dir='ltr'><strong>gionis</strong></span> <span class='ocrx_word' id='word_1_209' title='bbox 2455 1517 2712 1571; x_wconf 88' lang='lat' dir='ltr'><strong>doctrina</strong></span> <span class='ocrx_word' id='word_1_210' title='bbox 2749 1518 3037 1572; x_wconf 91' lang='lat' dir='ltr'><strong>Dominica</strong></span> <span class='ocrx_word' id='word_1_211' title='bbox 3056 1518 3335 1588; x_wconf 80' lang='lat' dir='ltr'><strong>proﬁciat,</strong></span> <span class='ocrx_word' id='word_1_212' title='bbox 3358 1518 3732 1589; x_wconf 89' lang='lat' dir='ltr'><strong>apostolicam</strong></span> <span class='ocrx_word' id='word_1_213' title='bbox 3765 1517 3867 1572; x_wconf 88' lang='lat' dir='ltr'><strong>Se-</strong></span> 
     </span>
    </p>
   </div>
   <div class='ocr_carea' id='block_1_30' title="bbox 2236 1610 3873 1682">
    <p class='ocr_par' dir='ltr' id='par_1_30' title="bbox 2236 1610 3873 1682">
     <span class='ocr_line' id='line_1_30' title="bbox 2236 1610 3873 1682; baseline 0 -18"><span class='ocrx_word' id='word_1_214' title='bbox 2236 1611 2363 1664; x_wconf 92' lang='lat' dir='ltr'><strong>dem</strong></span> <span class='ocrx_word' id='word_1_215' title='bbox 2393 1610 2621 1665; x_wconf 86' lang='lat' dir='ltr'><strong>festines</strong></span> <span class='ocrx_word' id='word_1_216' title='bbox 2646 1611 2950 1678; x_wconf 88' lang='lat' dir='ltr'><strong>instruere,</strong></span> <span class='ocrx_word' id='word_1_217' title='bbox 2977 1617 3258 1681; x_wconf 88' lang='lat' dir='ltr'><strong>quatenus</strong></span> <span class='ocrx_word' id='word_1_218' title='bbox 3276 1611 3428 1666; x_wconf 90' lang='lat' dir='ltr'><strong>illius</strong></span> <span class='ocrx_word' id='word_1_219' title='bbox 3449 1612 3752 1682; x_wconf 87' lang='lat' dir='ltr'><strong>religionis</strong></span> <span class='ocrx_word' id='word_1_220' title='bbox 3777 1628 3873 1664; x_wconf 84' lang='lat' dir='ltr'><strong>sa-</strong></span> 
     </span>
    </p>
   </div>
   <div class='ocr_carea' id='block_1_31' title="bbox 2235 1705 3875 1776">
    <p class='ocr_par' dir='ltr' id='par_1_31' title="bbox 2235 1705 3875 1776">
     <span class='ocr_line' id='line_1_31' title="bbox 2235 1705 3875 1776; baseline 0 -18"><span class='ocrx_word' id='word_1_221' title='bbox 2235 1705 2492 1759; x_wconf 89' lang='lat' dir='ltr'><strong>cerdotes</strong></span> <span class='ocrx_word' id='word_1_222' title='bbox 2518 1705 2574 1758; x_wconf 91' lang='lat' dir='ltr'><strong>in</strong></span> <span class='ocrx_word' id='word_1_223' title='bbox 2603 1721 2946 1776; x_wconf 88' lang='lat' dir='ltr'><strong>quocunque</strong></span> <span class='ocrx_word' id='word_1_224' title='bbox 2967 1721 3101 1759; x_wconf 93' lang='lat' dir='ltr'><strong>usus</strong></span> <span class='ocrx_word' id='word_1_225' title='bbox 3130 1706 3380 1776; x_wconf 84' lang='lat' dir='ltr'><strong>exegerit</strong></span> <span class='ocrx_word' id='word_1_226' title='bbox 3405 1705 3758 1776; x_wconf 89' lang='lat' dir='ltr'><strong>adjuvemus.</strong></span> <span class='ocrx_word' id='word_1_227' title='bbox 3789 1706 3875 1759; x_wconf 92' lang='lat' dir='ltr'><strong>De</strong></span> 
     </span>
    </p>
   </div>
   <div class='ocr_carea' id='block_1_32' title="bbox 2235 1799 3878 1870">
    <p class='ocr_par' dir='ltr' id='par_1_32' title="bbox 2235 1799 3878 1870">
     <span class='ocr_line' id='line_1_32' title="bbox 2235 1799 3878 1870; baseline 0 -18"><span class='ocrx_word' id='word_1_228' title='bbox 2235 1799 2324 1853; x_wconf 88' lang='lat' dir='ltr'><strong>his</strong></span> <span class='ocrx_word' id='word_1_229' title='bbox 2346 1815 2479 1853; x_wconf 87' lang='lat' dir='ltr'><strong>vero</strong></span> <span class='ocrx_word' id='word_1_230' title='bbox 2499 1815 2626 1870; x_wconf 86' lang='lat' dir='ltr'><strong>qua</strong></span> <span class='ocrx_word' id='word_1_231' title='bbox 2644 1799 2702 1852; x_wconf 88' lang='lat' dir='ltr'><strong>in</strong></span> <span class='ocrx_word' id='word_1_232' title='bbox 2727 1799 3046 1870; x_wconf 90' lang='lat' dir='ltr'><strong>supradicto</strong></span> <span class='ocrx_word' id='word_1_233' title='bbox 3067 1799 3304 1854; x_wconf 90' lang='lat' dir='ltr'><strong>concilio</strong></span> <span class='ocrx_word' id='word_1_234' title='bbox 3337 1799 3531 1854; x_wconf 89' lang='lat' dir='ltr'><strong>illicita</strong></span> <span class='ocrx_word' id='word_1_235' title='bbox 3559 1802 3755 1853; x_wconf 90' lang='lat' dir='ltr'><strong>contra</strong></span> <span class='ocrx_word' id='word_1_236' title='bbox 3781 1815 3878 1852; x_wconf 89' lang='lat' dir='ltr'><strong>ve-</strong></span> 
     </span>
    </p>
   </div>
   <div class='ocr_carea' id='block_1_33' title="bbox 500 1888 3872 1966">
    <p class='ocr_par' dir='ltr' id='par_1_33' title="bbox 500 1888 3872 1966">
     <span class='ocr_line' id='line_1_33' title="bbox 500 1888 3872 1966; baseline -0.001 -16"><span class='ocrx_word' id='word_1_237' title='bbox 500 1899 733 1966; x_wconf 89' lang='lat' dir='ltr'><strong>strante,</strong></span> <span class='ocrx_word' id='word_1_238' title='bbox 772 1895 896 1949; x_wconf 91' lang='lat' dir='ltr'><strong>illos</strong></span> <span class='ocrx_word' id='word_1_239' title='bbox 924 1895 1024 1966; x_wconf 88' lang='lat' dir='ltr'><strong>qui</strong></span> <span class='ocrx_word' id='word_1_240' title='bbox 1054 1893 1190 1948; x_wconf 90' lang='lat' dir='ltr'><strong>foris</strong></span> <span class='ocrx_word' id='word_1_241' title='bbox 1234 1898 1368 1947; x_wconf 91' lang='lat' dir='ltr'><strong>sunt</strong></span> <span class='ocrx_word' id='word_1_242' title='bbox 1392 1894 1545 1947; x_wconf 91' lang='lat' dir='ltr'><strong>fonte</strong></span> <span class='ocrx_word' id='word_1_243' title='bbox 1583 1891 1860 1946; x_wconf 89' lang='lat' dir='ltr'><strong>doctrina</strong></span> <span class='ocrx_word' id='word_1_244' title='bbox 1884 1894 1983 1944; x_wconf 91' lang='lat' dir='ltr'><strong>aut</strong></span> <span class='ocrx_word' id='word_1_245' title='bbox 2008 1888 2210 1963; x_wconf 84' lang='lat' dir='ltr'><strong>sub-B</strong></span> <span class='ocrx_word' id='word_1_246' title='bbox 2234 1892 2513 1947; x_wconf 89' lang='lat' dir='ltr'><strong>nerabiles</strong></span> <span class='ocrx_word' id='word_1_247' title='bbox 2561 1893 2820 1947; x_wconf 83' lang='lat' dir='ltr'><strong>Nicanos</strong></span> <span class='ocrx_word' id='word_1_248' title='bbox 2864 1909 3110 1947; x_wconf 88' lang='lat' dir='ltr'><strong>canones</strong></span> <span class='ocrx_word' id='word_1_249' title='bbox 3157 1893 3604 1964; x_wconf 86' lang='lat' dir='ltr'><strong>prasumptione</strong></span> <span class='ocrx_word' id='word_1_250' title='bbox 3651 1897 3872 1948; x_wconf 86' lang='lat' dir='ltr'><strong>tentata</strong></span> 
     </span>
    </p>
   </div>
   <div class='ocr_carea' id='block_1_34' title="bbox 500 1983 2134 2061">
    <p class='ocr_par' dir='ltr' id='par_1_34' title="bbox 500 1983 2134 2061">
     <span class='ocr_line' id='line_1_34' title="bbox 500 1983 2134 2061; baseline -0.004 -17"><span class='ocrx_word' id='word_1_251' title='bbox 500 1989 836 2061; x_wconf 88' lang='lat' dir='ltr'><strong>mergimus,</strong></span> <span class='ocrx_word' id='word_1_252' title='bbox 869 1992 967 2042; x_wconf 89' lang='lat' dir='ltr'><strong>aut</strong></span> <span class='ocrx_word' id='word_1_253' title='bbox 990 2004 1324 2060; x_wconf 87' lang='lat' dir='ltr'><strong>purgamus,</strong></span> <span class='ocrx_word' id='word_1_254' title='bbox 1353 1987 1413 2040; x_wconf 90' lang='lat' dir='ltr'><strong>in</strong></span> <span class='ocrx_word' id='word_1_255' title='bbox 1438 1985 1597 2040; x_wconf 93' lang='lat' dir='ltr'><strong>nullo</strong></span> <span class='ocrx_word' id='word_1_256' title='bbox 1623 1985 1695 2039; x_wconf 91' lang='lat' dir='ltr'><strong>ab</strong></span> <span class='ocrx_word' id='word_1_257' title='bbox 1717 1985 1827 2039; x_wconf 89' lang='lat' dir='ltr'><strong>illis</strong></span> <span class='ocrx_word' id='word_1_258' title='bbox 1844 2001 1983 2056; x_wconf 88' lang='lat' dir='ltr'><strong>quas</strong></span> <span class='ocrx_word' id='word_1_259' title='bbox 2009 1983 2134 2055; x_wconf 90' lang='lat' dir='ltr'><strong>Spi-</strong></span> 
     </span>
    </p>
   </div>
   <div class='ocr_carea' id='block_1_35' title="bbox 499 2078 2136 2150">
    <p class='ocr_par' dir='ltr' id='par_1_35' title="bbox 499 2078 2136 2150">
     <span class='ocr_line' id='line_1_35' title="bbox 499 2078 2136 2150; baseline -0.003 -14"><span class='ocrx_word' id='word_1_260' title='bbox 499 2083 646 2137; x_wconf 86' lang='lat' dir='ltr'><strong>ritus</strong></span> <span class='ocrx_word' id='word_1_261' title='bbox 668 2084 847 2137; x_wconf 85' lang='lat' dir='ltr'><strong>sancti</strong></span> <span class='ocrx_word' id='word_1_262' title='bbox 883 2081 1146 2136; x_wconf 82' lang='lat' dir='ltr'><strong>divinitas</strong></span> <span class='ocrx_word' id='word_1_263' title='bbox 1174 2082 1235 2135; x_wconf 92' lang='lat' dir='ltr'><strong>in</strong></span> <span class='ocrx_word' id='word_1_264' title='bbox 1261 2079 1703 2136; x_wconf 89' lang='lat' dir='ltr'><strong>Chalcedonensi</strong></span> <span class='ocrx_word' id='word_1_265' title='bbox 1734 2078 1975 2132; x_wconf 91' lang='lat' dir='ltr'><strong>concilio</strong></span> <span class='ocrx_word' id='word_1_266' title='bbox 2004 2095 2136 2150; x_wconf 86' lang='lat' dir='ltr'><strong>pro-</strong></span> 
     </span>
    </p>
   </div>
   <div class='ocr_carea' id='block_1_36' title="bbox 499 2173 2137 2247">
    <p class='ocr_par' dir='ltr' id='par_1_36' title="bbox 499 2173 2137 2247">
     <span class='ocr_line' id='line_1_36' title="bbox 499 2173 2137 2247; baseline -0.004 -16"><span class='ocrx_word' id='word_1_267' title='bbox 499 2177 630 2231; x_wconf 89' lang='lat' dir='ltr'><strong>tulit</strong></span> <span class='ocrx_word' id='word_1_268' title='bbox 655 2176 787 2231; x_wconf 86' lang='lat' dir='ltr'><strong>ﬁdei</strong></span> <span class='ocrx_word' id='word_1_269' title='bbox 807 2177 1022 2247; x_wconf 89' lang='lat' dir='ltr'><strong>regulis</strong></span> <span class='ocrx_word' id='word_1_270' title='bbox 1045 2175 1388 2242; x_wconf 90' lang='lat' dir='ltr'><strong>recedentes,</strong></span> <span class='ocrx_word' id='word_1_271' title='bbox 1411 2175 1564 2229; x_wconf 88' lang='lat' dir='ltr'><strong>inter</strong></span> <span class='ocrx_word' id='word_1_272' title='bbox 1585 2176 1892 2244; x_wconf 87' lang='lat' dir='ltr'><strong>utrumque</strong></span> <span class='ocrx_word' id='word_1_273' title='bbox 1914 2173 2137 2226; x_wconf 91' lang='lat' dir='ltr'><strong>hostem</strong></span> 
     </span>
    </p>
   </div>
   <div class='ocr_carea' id='block_1_37' title="bbox 498 2266 2138 2341">
    <p class='ocr_par' dir='ltr' id='par_1_37' title="bbox 498 2266 2138 2341">
     <span class='ocr_line' id='line_1_37' title="bbox 498 2266 2138 2341; baseline -0.004 -16"><span class='ocrx_word' id='word_1_274' title='bbox 498 2272 737 2325; x_wconf 85' lang='lat' dir='ltr'><strong>novella</strong></span> <span class='ocrx_word' id='word_1_275' title='bbox 767 2270 1019 2341; x_wconf 80' lang='lat' dir='ltr'><strong>perﬁdia</strong></span> <span class='ocrx_word' id='word_1_276' title='bbox 1039 2285 1368 2324; x_wconf 91' lang='lat' dir='ltr'><strong>sermonem</strong></span> <span class='ocrx_word' id='word_1_277' title='bbox 1398 2273 1652 2323; x_wconf 92' lang='lat' dir='ltr'><strong>nostrum</strong></span> <span class='ocrx_word' id='word_1_278' title='bbox 1680 2283 1811 2322; x_wconf 89' lang='lat' dir='ltr'><strong>cum</strong></span> <span class='ocrx_word' id='word_1_279' title='bbox 1831 2266 1989 2321; x_wconf 93' lang='lat' dir='ltr'><strong>omni</strong></span> <span class='ocrx_word' id='word_1_280' title='bbox 2010 2282 2138 2320; x_wconf 88' lang='lat' dir='ltr'><strong>cau-</strong></span> 
     </span>
    </p>
   </div>
   <div class='ocr_carea' id='block_1_38' title="bbox 501 2360 2134 2434">
    <p class='ocr_par' dir='ltr' id='par_1_38' title="bbox 501 2360 2134 2434">
     <span class='ocr_line' id='line_1_38' title="bbox 501 2360 2134 2434; baseline -0.004 -15"><span class='ocrx_word' id='word_1_281' title='bbox 501 2366 616 2420; x_wconf 89' lang='lat' dir='ltr'><strong>tela</strong></span> <span class='ocrx_word' id='word_1_282' title='bbox 641 2365 970 2418; x_wconf 89' lang='lat' dir='ltr'><strong>liberemus.</strong></span> <span class='ocrx_word' id='word_1_283' title='bbox 1017 2365 1139 2418; x_wconf 88' lang='lat' dir='ltr'><strong>Non</strong></span> <span class='ocrx_word' id='word_1_284' title='bbox 1161 2363 1303 2434; x_wconf 89' lang='lat' dir='ltr'><strong>jam,</strong></span> <span class='ocrx_word' id='word_1_285' title='bbox 1350 2362 1501 2434; x_wconf 87' lang='lat' dir='ltr'><strong>quod</strong></span> <span class='ocrx_word' id='word_1_286' title='bbox 1539 2361 1703 2429; x_wconf 86' lang='lat' dir='ltr'><strong>absit,</strong></span> <span class='ocrx_word' id='word_1_287' title='bbox 1750 2364 2026 2432; x_wconf 89' lang='lat' dir='ltr'><strong>tanquam</strong></span> <span class='ocrx_word' id='word_1_288' title='bbox 2065 2360 2134 2414; x_wconf 93' lang='lat' dir='ltr'><strong>de</strong></span> 
     </span>
    </p>
   </div>
   <div class='ocr_carea' id='block_1_39' title="bbox 498 2453 2134 2528">
    <p class='ocr_par' dir='ltr' id='par_1_39' title="bbox 498 2453 2134 2528">
     <span class='ocr_line' id='line_1_39' title="bbox 498 2453 2134 2528; baseline -0.004 -15"><span class='ocrx_word' id='word_1_289' title='bbox 498 2458 685 2513; x_wconf 89' lang='lat' dir='ltr'><strong>dubiis</strong></span> <span class='ocrx_word' id='word_1_290' title='bbox 717 2457 1114 2528; x_wconf 87' lang='lat' dir='ltr'><strong>disceptantes,</strong></span> <span class='ocrx_word' id='word_1_291' title='bbox 1154 2457 1253 2511; x_wconf 91' lang='lat' dir='ltr'><strong>sed</strong></span> <span class='ocrx_word' id='word_1_292' title='bbox 1297 2456 1634 2512; x_wconf 88' lang='lat' dir='ltr'><strong>auctoritate</strong></span> <span class='ocrx_word' id='word_1_293' title='bbox 1679 2471 1782 2510; x_wconf 90' lang='lat' dir='ltr'><strong>sua</strong></span> <span class='ocrx_word' id='word_1_294' title='bbox 1821 2471 1950 2526; x_wconf 88' lang='lat' dir='ltr'><strong>qua</strong></span> <span class='ocrx_word' id='word_1_295' title='bbox 1987 2453 2134 2508; x_wconf 90' lang='lat' dir='ltr'><strong>bene</strong></span> 
     </span>
    </p>
   </div>
   <div class='ocr_carea' id='block_1_40' title="bbox 502 2547 2136 2620">
    <p class='ocr_par' dir='ltr' id='par_1_40' title="bbox 502 2547 2136 2620">
     <span class='ocr_line' id='line_1_40' title="bbox 502 2547 2136 2620; baseline -0.004 -13"><span class='ocrx_word' id='word_1_296' title='bbox 502 2553 738 2608; x_wconf 84' lang='lat' dir='ltr'><strong>definita</strong></span> <span class='ocrx_word' id='word_1_297' title='bbox 766 2557 898 2606; x_wconf 90' lang='lat' dir='ltr'><strong>sunt</strong></span> <span class='ocrx_word' id='word_1_298' title='bbox 928 2555 1271 2620; x_wconf 89' lang='lat' dir='ltr'><strong>astruentes,</strong></span> <span class='ocrx_word' id='word_1_299' title='bbox 1303 2567 1434 2604; x_wconf 90' lang='lat' dir='ltr'><strong>cum</strong></span> <span class='ocrx_word' id='word_1_300' title='bbox 1459 2554 1516 2604; x_wconf 90' lang='lat' dir='ltr'><strong>et</strong></span> <span class='ocrx_word' id='word_1_301' title='bbox 1535 2550 1596 2604; x_wconf 91' lang='lat' dir='ltr'><strong>in</strong></span> <span class='ocrx_word' id='word_1_302' title='bbox 1625 2548 1948 2620; x_wconf 89' lang='lat' dir='ltr'><strong>apostolica</strong></span> <span class='ocrx_word' id='word_1_303' title='bbox 1975 2547 2136 2603; x_wconf 88' lang='lat' dir='ltr'><strong>Sedis</strong></span> 
     </span>
    </p>
   </div>
   <div class='ocr_carea' id='block_1_41' title="bbox 500 2642 2136 2718">
    <p class='ocr_par' dir='ltr' id='par_1_41' title="bbox 500 2642 2136 2718">
     <span class='ocr_line' id='line_1_41' title="bbox 500 2642 2136 2718; baseline -0.004 -17"><span class='ocrx_word' id='word_1_304' title='bbox 500 2647 737 2718; x_wconf 88' lang='lat' dir='ltr'><strong>epistola</strong></span> <span class='ocrx_word' id='word_1_305' title='bbox 782 2645 1088 2700; x_wconf 86' lang='lat' dir='ltr'><strong>universali</strong></span> <span class='ocrx_word' id='word_1_306' title='bbox 1143 2650 1349 2700; x_wconf 89' lang='lat' dir='ltr'><strong>sancta</strong></span> <span class='ocrx_word' id='word_1_307' title='bbox 1391 2643 1592 2715; x_wconf 87' lang='lat' dir='ltr'><strong>synodi</strong></span> <span class='ocrx_word' id='word_1_308' title='bbox 1635 2660 1865 2697; x_wconf 91' lang='lat' dir='ltr'><strong>assensu</strong></span> <span class='ocrx_word' id='word_1_309' title='bbox 1909 2642 2136 2696; x_wconf 86' lang='lat' dir='ltr'><strong>firmata</strong></span> 
     </span>
    </p>
   </div>
   <div class='ocr_carea' id='block_1_42' title="bbox 496 2737 2134 2796">
    <p class='ocr_par' dir='ltr' id='par_1_42' title="bbox 496 2737 2134 2796">
     <span class='ocr_line' id='line_1_42' title="bbox 496 2737 2134 2796; baseline -0.004 -1"><span class='ocrx_word' id='word_1_310' title='bbox 496 2745 657 2796; x_wconf 87' lang='lat' dir='ltr'><strong>tanta</strong></span> <span class='ocrx_word' id='word_1_311' title='bbox 685 2740 891 2794; x_wconf 84' lang='lat' dir='ltr'><strong>divina</strong></span> <span class='ocrx_word' id='word_1_312' title='bbox 922 2739 1278 2794; x_wconf 89' lang='lat' dir='ltr'><strong>auctoritatis</strong></span> <span class='ocrx_word' id='word_1_313' title='bbox 1305 2737 1630 2792; x_wconf 89' lang='lat' dir='ltr'><strong>testimonia</strong></span> <span class='ocrx_word' id='word_1_314' title='bbox 1661 2739 1986 2792; x_wconf 86' lang='lat' dir='ltr'><strong>noverimus</strong></span> <span class='ocrx_word' id='word_1_315' title='bbox 2013 2752 2134 2790; x_wconf 90' lang='lat' dir='ltr'><strong>esse</strong></span> 
     </span>
    </p>
   </div>
   <div class='ocr_carea' id='block_1_43' title="bbox 499 2829 2135 2906">
    <p class='ocr_par' dir='ltr' id='par_1_43' title="bbox 499 2829 2135 2906">
     <span class='ocr_line' id='line_1_43' title="bbox 499 2829 2135 2906; baseline -0.004 -17"><span class='ocrx_word' id='word_1_316' title='bbox 499 2839 786 2906; x_wconf 88' lang='lat' dir='ltr'><strong>congesta,</strong></span> <span class='ocrx_word' id='word_1_317' title='bbox 819 2840 880 2888; x_wconf 88' lang='lat' dir='ltr'><strong>ut</strong></span> <span class='ocrx_word' id='word_1_318' title='bbox 905 2835 1096 2888; x_wconf 91' lang='lat' dir='ltr'><strong>nullus</strong></span> <span class='ocrx_word' id='word_1_319' title='bbox 1122 2838 1295 2904; x_wconf 91' lang='lat' dir='ltr'><strong>queat</strong></span> <span class='ocrx_word' id='word_1_320' title='bbox 1323 2831 1562 2886; x_wconf 88' lang='lat' dir='ltr'><strong>ulterius</strong></span> <span class='ocrx_word' id='word_1_321' title='bbox 1587 2831 1868 2899; x_wconf 90' lang='lat' dir='ltr'><strong>dubitare,</strong></span> <span class='ocrx_word' id='word_1_322' title='bbox 1901 2829 2011 2884; x_wconf 90' lang='lat' dir='ltr'><strong>nisi</strong></span> <span class='ocrx_word' id='word_1_323' title='bbox 2035 2829 2135 2901; x_wconf 91' lang='lat' dir='ltr'><strong>qui</strong></span> 
     </span>
    </p>
   </div>
   <div class='ocr_carea' id='block_1_44' title="bbox 499 2924 2135 3000">
    <p class='ocr_par' dir='ltr' id='par_1_44' title="bbox 499 2924 2135 3000">
     <span class='ocr_line' id='line_1_44' title="bbox 499 2924 2135 3000; baseline -0.005 -16"><span class='ocrx_word' id='word_1_324' title='bbox 499 2929 836 3000; x_wconf 88' lang='lat' dir='ltr'><strong>sibimetipsi</strong></span> <span class='ocrx_word' id='word_1_325' title='bbox 865 2945 1125 2984; x_wconf 86' lang='lat' dir='ltr'><strong>errorum</strong></span> <span class='ocrx_word' id='word_1_326' title='bbox 1153 2927 1416 2981; x_wconf 87' lang='lat' dir='ltr'><strong>tenebras</strong></span> <span class='ocrx_word' id='word_1_327' title='bbox 1448 2926 1659 2980; x_wconf 86' lang='lat' dir='ltr'><strong>inferre</strong></span> <span class='ocrx_word' id='word_1_328' title='bbox 1685 2924 1971 2994; x_wconf 87' lang='lat' dir='ltr'><strong>maluerit,</strong></span> <span class='ocrx_word' id='word_1_329' title='bbox 2002 2940 2135 2977; x_wconf 92' lang='lat' dir='ltr'><strong>cum</strong></span> 
     </span>
    </p>
   </div>
   <div class='ocr_carea' id='block_1_45' title="bbox 502 3017 2136 3095">
    <p class='ocr_par' dir='ltr' id='par_1_45' title="bbox 502 3017 2136 3095">
     <span class='ocr_line' id='line_1_45' title="bbox 502 3017 2136 3095; baseline -0.004 -18"><span class='ocrx_word' id='word_1_330' title='bbox 502 3023 795 3095; x_wconf 87' lang='lat' dir='ltr'><strong>synodalia</strong></span> <span class='ocrx_word' id='word_1_331' title='bbox 842 3028 1002 3092; x_wconf 86' lang='lat' dir='ltr'><strong>gesta</strong></span> <span class='ocrx_word' id='word_1_332' title='bbox 1045 3022 1132 3074; x_wconf 84' lang='lat' dir='ltr'><strong>vel</strong></span> <span class='ocrx_word' id='word_1_333' title='bbox 1177 3020 1382 3091; x_wconf 87' lang='lat' dir='ltr'><strong>quibus</strong></span> <span class='ocrx_word' id='word_1_334' title='bbox 1409 3019 1665 3090; x_wconf 90' lang='lat' dir='ltr'><strong>primum</strong></span> <span class='ocrx_word' id='word_1_335' title='bbox 1711 3018 1966 3072; x_wconf 81' lang='lat' dir='ltr'><strong>definitio</strong></span> <span class='ocrx_word' id='word_1_336' title='bbox 2001 3017 2136 3072; x_wconf 80' lang='lat' dir='ltr'><strong>fidei</strong></span> 
     </span>
    </p>
   </div>
   <div class='ocr_carea' id='block_1_46' title="bbox 502 3113 2136 3189">
    <p class='ocr_par' dir='ltr' id='par_1_46' title="bbox 502 3113 2136 3189">
     <span class='ocr_line' id='line_1_46' title="bbox 502 3113 2136 3189; baseline -0.004 -18"><span class='ocrx_word' id='word_1_337' title='bbox 502 3117 716 3189; x_wconf 87' lang='lat' dir='ltr'><strong>legitur</strong></span> <span class='ocrx_word' id='word_1_338' title='bbox 743 3132 860 3170; x_wconf 84' lang='lat' dir='ltr'><strong>esse</strong></span> <span class='ocrx_word' id='word_1_339' title='bbox 887 3116 1152 3182; x_wconf 89' lang='lat' dir='ltr'><strong>formata,</strong></span> <span class='ocrx_word' id='word_1_340' title='bbox 1182 3115 1268 3169; x_wconf 89' lang='lat' dir='ltr'><strong>vel</strong></span> <span class='ocrx_word' id='word_1_341' title='bbox 1290 3113 1497 3184; x_wconf 91' lang='lat' dir='ltr'><strong>quibus</strong></span> <span class='ocrx_word' id='word_1_342' title='bbox 1516 3113 1768 3184; x_wconf 89' lang='lat' dir='ltr'><strong>prafata</strong></span> <span class='ocrx_word' id='word_1_343' title='bbox 1789 3113 1989 3166; x_wconf 88' lang='lat' dir='ltr'><strong>littera</strong></span> <span class='ocrx_word' id='word_1_344' title='bbox 2005 3127 2136 3182; x_wconf 90' lang='lat' dir='ltr'><strong>apo-</strong></span> 
     </span>
    </p>
   </div>
   <div class='ocr_carea' id='block_1_47' title="bbox 458 3205 2134 3276">
    <p class='ocr_par' dir='ltr' id='par_1_47' title="bbox 458 3205 2134 3276">
     <span class='ocr_line' id='line_1_47' title="bbox 458 3205 2134 3276; baseline -0.004 -11"><span class='ocrx_word' id='word_1_345' title='bbox 458 3260 478 3273; x_wconf 70' lang='lat'><strong>,</strong></span> <span class='ocrx_word' id='word_1_346' title='bbox 502 3211 716 3265; x_wconf 86' lang='lat' dir='ltr'><strong>stolica</strong></span> <span class='ocrx_word' id='word_1_347' title='bbox 743 3209 923 3276; x_wconf 91' lang='lat' dir='ltr'><strong>Sedis,</strong></span> <span class='ocrx_word' id='word_1_348' title='bbox 952 3208 1123 3263; x_wconf 90' lang='lat' dir='ltr'><strong>etiam</strong></span> <span class='ocrx_word' id='word_1_349' title='bbox 1150 3210 1262 3262; x_wconf 87' lang='lat' dir='ltr'><strong>tua</strong></span> <span class='ocrx_word' id='word_1_350' title='bbox 1283 3207 1654 3262; x_wconf 86' lang='lat' dir='ltr'><strong>fraternitatis</strong></span> <span class='ocrx_word' id='word_1_351' title='bbox 1674 3206 1859 3260; x_wconf 89' lang='lat' dir='ltr'><strong>studio</strong></span> <span class='ocrx_word' id='word_1_352' title='bbox 1890 3205 2134 3260; x_wconf 85' lang='lat' dir='ltr'><strong>defensa</strong></span> 
     </span>
    </p>
   </div>
   <div class='ocr_carea' id='block_1_48' title="bbox 2237 1986 3874 2058">
    <p class='ocr_par' dir='ltr' id='par_1_48' title="bbox 2237 1986 3874 2058">
     <span class='ocr_line' id='line_1_48' title="bbox 2237 1986 3874 2058; baseline 0 -18"><span class='ocrx_word' id='word_1_353' title='bbox 2237 1992 2368 2041; x_wconf 90' lang='lat' dir='ltr'><strong>sunt</strong></span> <span class='ocrx_word' id='word_1_354' title='bbox 2395 1986 2467 2040; x_wconf 92' lang='lat' dir='ltr'><strong>ad</strong></span> <span class='ocrx_word' id='word_1_355' title='bbox 2493 1987 2731 2042; x_wconf 88' lang='lat' dir='ltr'><strong>fratrem</strong></span> <span class='ocrx_word' id='word_1_356' title='bbox 2759 1991 2817 2040; x_wconf 91' lang='lat' dir='ltr'><strong>et</strong></span> <span class='ocrx_word' id='word_1_357' title='bbox 2840 1987 3168 2058; x_wconf 90' lang='lat' dir='ltr'><strong>episcopum</strong></span> <span class='ocrx_word' id='word_1_358' title='bbox 3193 1993 3453 2042; x_wconf 91' lang='lat' dir='ltr'><strong>nostrum</strong></span> <span class='ocrx_word' id='word_1_359' title='bbox 3479 1987 3874 2042; x_wconf 79' lang='lat' dir='ltr'><strong>Antiochana</strong></span> 
     </span>
    </p>
   </div>
   <div class='ocr_carea' id='block_1_49' title="bbox 2235 2081 3876 2152">
    <p class='ocr_par' dir='ltr' id='par_1_49' title="bbox 2235 2081 3876 2152">
     <span class='ocr_line' id='line_1_49' title="bbox 2235 2081 3876 2152; baseline 0.001 -18"><span class='ocrx_word' id='word_1_360' title='bbox 2235 2081 2382 2135; x_wconf 90' lang='lat' dir='ltr'><strong>sedis</strong></span> <span class='ocrx_word' id='word_1_361' title='bbox 2420 2081 2728 2151; x_wconf 87' lang='lat' dir='ltr'><strong>prasulem</strong></span> <span class='ocrx_word' id='word_1_362' title='bbox 2773 2081 3121 2151; x_wconf 90' lang='lat' dir='ltr'><strong>scripsimus,</strong></span> <span class='ocrx_word' id='word_1_363' title='bbox 3159 2081 3489 2152; x_wconf 89' lang='lat' dir='ltr'><strong>adjicientes</strong></span> <span class='ocrx_word' id='word_1_364' title='bbox 3527 2081 3668 2135; x_wconf 91' lang='lat' dir='ltr'><strong>illud</strong></span> <span class='ocrx_word' id='word_1_365' title='bbox 3714 2081 3876 2150; x_wconf 92' lang='lat' dir='ltr'><strong>quod</strong></span> 
     </span>
    </p>
   </div>
   <div class='ocr_carea' id='block_1_50' title="bbox 2235 2174 3874 2246">
    <p class='ocr_par' dir='ltr' id='par_1_50' title="bbox 2235 2174 3874 2246">
     <span class='ocr_line' id='line_1_50' title="bbox 2235 2174 3874 2246; baseline 0.001 -18"><span class='ocrx_word' id='word_1_366' title='bbox 2235 2175 2396 2228; x_wconf 89' lang='lat' dir='ltr'><strong>nobis</strong></span> <span class='ocrx_word' id='word_1_367' title='bbox 2421 2178 2659 2246; x_wconf 89' lang='lat' dir='ltr'><strong>propter</strong></span> <span class='ocrx_word' id='word_1_368' title='bbox 2683 2174 3108 2245; x_wconf 90' lang='lat' dir='ltr'><strong>improbitatem</strong></span> <span class='ocrx_word' id='word_1_369' title='bbox 3134 2176 3550 2229; x_wconf 89' lang='lat' dir='ltr'><strong>monachorum</strong></span> <span class='ocrx_word' id='word_1_370' title='bbox 3591 2190 3874 2246; x_wconf 86' lang='lat' dir='ltr'><strong>quorum-</strong></span> 
     </span>
    </p>
   </div>
   <div class='ocr_carea' id='block_1_51' title="bbox 2236 2269 3876 2340">
    <p class='ocr_par' dir='ltr' id='par_1_51' title="bbox 2236 2269 3876 2340">
     <span class='ocr_line' id='line_1_51' title="bbox 2236 2269 3876 2340; baseline 0.001 -18"><span class='ocrx_word' id='word_1_371' title='bbox 2236 2269 2364 2322; x_wconf 90' lang='lat' dir='ltr'><strong>dam</strong></span> <span class='ocrx_word' id='word_1_372' title='bbox 2391 2269 2686 2339; x_wconf 88' lang='lat' dir='ltr'><strong>religionis</strong></span> <span class='ocrx_word' id='word_1_373' title='bbox 2717 2273 2915 2324; x_wconf 75' lang='lat' dir='ltr'><strong>vestra</strong></span> <span class='ocrx_word' id='word_1_374' title='bbox 2954 2269 3130 2324; x_wconf 89' lang='lat' dir='ltr'><strong>verbo</strong></span> <span class='ocrx_word' id='word_1_375' title='bbox 3164 2269 3465 2337; x_wconf 87' lang='lat' dir='ltr'><strong>mandasti,</strong></span> <span class='ocrx_word' id='word_1_376' title='bbox 3497 2285 3600 2340; x_wconf 91' lang='lat' dir='ltr'><strong>per</strong></span> <span class='ocrx_word' id='word_1_377' title='bbox 3630 2269 3876 2324; x_wconf 88' lang='lat' dir='ltr'><strong>vicarios</strong></span> 
     </span>
    </p>
   </div>
   <div class='ocr_carea' id='block_1_52' title="bbox 2238 2363 3874 2435">
    <p class='ocr_par' dir='ltr' id='par_1_52' title="bbox 2238 2363 3874 2435">
     <span class='ocr_line' id='line_1_52' title="bbox 2238 2363 3874 2435; baseline 0.001 -19"><span class='ocrx_word' id='word_1_378' title='bbox 2238 2367 2463 2417; x_wconf 90' lang='lat' dir='ltr'><strong>nostros</strong></span> <span class='ocrx_word' id='word_1_379' title='bbox 2489 2369 2544 2417; x_wconf 92' lang='lat' dir='ltr'><strong>et</strong></span> <span class='ocrx_word' id='word_1_380' title='bbox 2575 2363 2894 2434; x_wconf 90' lang='lat' dir='ltr'><strong>specialiter</strong></span> <span class='ocrx_word' id='word_1_381' title='bbox 2921 2366 3252 2430; x_wconf 88' lang='lat' dir='ltr'><strong>statuentes,</strong></span> <span class='ocrx_word' id='word_1_382' title='bbox 3287 2369 3356 2418; x_wconf 85' lang='lat' dir='ltr'><strong>ut</strong></span> <span class='ocrx_word' id='word_1_383' title='bbox 3390 2367 3602 2435; x_wconf 88' lang='lat' dir='ltr'><strong>prater</strong></span> <span class='ocrx_word' id='word_1_384' title='bbox 3643 2363 3874 2417; x_wconf 89' lang='lat' dir='ltr'><strong>Domini</strong></span> 
     </span>
    </p>
   </div>
   <div class='ocr_carea' id='block_1_53' title="bbox 2237 2456 3875 2528">
    <p class='ocr_par' dir='ltr' id='par_1_53' title="bbox 2237 2456 3875 2528">
     <span class='ocr_line' id='line_1_53' title="bbox 2237 2456 3875 2528; baseline 0.001 -19"><span class='ocrx_word' id='word_1_385' title='bbox 2237 2456 2571 2526; x_wconf 88' lang='lat' dir='ltr'><strong>sacerdotes,</strong></span> <span class='ocrx_word' id='word_1_386' title='bbox 2603 2457 2795 2511; x_wconf 91' lang='lat' dir='ltr'><strong>nullus</strong></span> <span class='ocrx_word' id='word_1_387' title='bbox 2828 2457 3034 2511; x_wconf 90' lang='lat' dir='ltr'><strong>audeat</strong></span> <span class='ocrx_word' id='word_1_388' title='bbox 3064 2458 3393 2528; x_wconf 87' lang='lat' dir='ltr'><strong>pradicare,</strong></span> <span class='ocrx_word' id='word_1_389' title='bbox 3424 2473 3524 2511; x_wconf 89' lang='lat' dir='ltr'><strong>seu</strong></span> <span class='ocrx_word' id='word_1_390' title='bbox 3556 2457 3875 2512; x_wconf 88' lang='lat' dir='ltr'><strong>monachus</strong></span> 
     </span>
    </p>
   </div>
   <div class='ocr_carea' id='block_1_54' title="bbox 2236 2549 3871 2622">
    <p class='ocr_par' dir='ltr' id='par_1_54' title="bbox 2236 2549 3871 2622">
     <span class='ocr_line' id='line_1_54' title="bbox 2236 2549 3871 2622; baseline 0.002 -19"><span class='ocrx_word' id='word_1_391' title='bbox 2236 2550 2351 2604; x_wconf 92' lang='lat' dir='ltr'><strong>sive</strong></span> <span class='ocrx_word' id='word_1_392' title='bbox 2370 2549 2460 2604; x_wconf 90' lang='lat' dir='ltr'><strong>ille</strong></span> <span class='ocrx_word' id='word_1_393' title='bbox 2482 2550 2553 2604; x_wconf 88' lang='lat' dir='ltr'><strong>sit</strong></span> <span class='ocrx_word' id='word_1_394' title='bbox 2580 2551 2755 2604; x_wconf 89' lang='lat' dir='ltr'><strong>laicus</strong></span> <span class='ocrx_word' id='word_1_395' title='bbox 2780 2551 3079 2620; x_wconf 89' lang='lat' dir='ltr'><strong>cujuslibet</strong></span> <span class='ocrx_word' id='word_1_396' title='bbox 3107 2551 3356 2605; x_wconf 84' lang='lat' dir='ltr'><strong>scientia</strong></span> <span class='ocrx_word' id='word_1_397' title='bbox 3388 2551 3623 2605; x_wconf 88' lang='lat' dir='ltr'><strong>nomine</strong></span> <span class='ocrx_word' id='word_1_398' title='bbox 3657 2551 3871 2622; x_wconf 90' lang='lat' dir='ltr'><strong>glorie-</strong></span> 
     </span>
    </p>
   </div>
   <div class='ocr_carea' id='block_1_55' title="bbox 2237 2645 3871 2714">
    <p class='ocr_par' dir='ltr' id='par_1_55' title="bbox 2237 2645 3871 2714">
     <span class='ocr_line' id='line_1_55' title="bbox 2237 2645 3871 2714; baseline 0.001 -17"><span class='ocrx_word' id='word_1_399' title='bbox 2237 2646 2347 2698; x_wconf 90' lang='lat' dir='ltr'><strong>tur.</strong></span> <span class='ocrx_word' id='word_1_400' title='bbox 2378 2645 2527 2707; x_wconf 90' lang='lat' dir='ltr'><strong>Quas</strong></span> <span class='ocrx_word' id='word_1_401' title='bbox 2546 2649 2742 2698; x_wconf 89' lang='lat' dir='ltr'><strong>tamen</strong></span> <span class='ocrx_word' id='word_1_402' title='bbox 2774 2645 2990 2698; x_wconf 87' lang='lat' dir='ltr'><strong>litteras</strong></span> <span class='ocrx_word' id='word_1_403' title='bbox 3012 2661 3114 2714; x_wconf 89' lang='lat' dir='ltr'><strong>pro</strong></span> <span class='ocrx_word' id='word_1_404' title='bbox 3135 2645 3372 2700; x_wconf 89' lang='lat' dir='ltr'><strong>utilitate</strong></span> <span class='ocrx_word' id='word_1_405' title='bbox 3403 2645 3738 2698; x_wconf 89' lang='lat' dir='ltr'><strong>universalis</strong></span> <span class='ocrx_word' id='word_1_406' title='bbox 3767 2645 3871 2699; x_wconf 90' lang='lat' dir='ltr'><strong>Ec-</strong></span> 
     </span>
    </p>
   </div>
   <div class='ocr_carea' id='block_1_56' title="bbox 2235 2737 3868 2810">
    <p class='ocr_par' dir='ltr' id='par_1_56' title="bbox 2235 2737 3868 2810">
     <span class='ocr_line' id='line_1_56' title="bbox 2235 2737 3868 2810; baseline 0.002 -19"><span class='ocrx_word' id='word_1_407' title='bbox 2235 2737 2419 2792; x_wconf 88' lang='lat' dir='ltr'><strong>clesia</strong></span> <span class='ocrx_word' id='word_1_408' title='bbox 2457 2755 2562 2808; x_wconf 92' lang='lat' dir='ltr'><strong>per</strong></span> <span class='ocrx_word' id='word_1_409' title='bbox 2590 2738 2926 2809; x_wconf 89' lang='lat' dir='ltr'><strong>pradictum</strong></span> <span class='ocrx_word' id='word_1_410' title='bbox 2963 2740 3198 2793; x_wconf 87' lang='lat' dir='ltr'><strong>fratrem</strong></span> <span class='ocrx_word' id='word_1_411' title='bbox 3239 2745 3292 2793; x_wconf 91' lang='lat' dir='ltr'><strong>et</strong></span> <span class='ocrx_word' id='word_1_412' title='bbox 3337 2739 3733 2810; x_wconf 89' lang='lat' dir='ltr'><strong>coepiscopum</strong></span> <span class='ocrx_word' id='word_1_413' title='bbox 3765 2756 3868 2794; x_wconf 85' lang='lat' dir='ltr'><strong>no-</strong></span> 
     </span>
    </p>
   </div>
   <div class='ocr_carea' id='block_1_57' title="bbox 2234 2831 3876 2903">
    <p class='ocr_par' dir='ltr' id='par_1_57' title="bbox 2234 2831 3876 2903">
     <span class='ocr_line' id='line_1_57' title="bbox 2234 2831 3876 2903; baseline 0.001 -18"><span class='ocrx_word' id='word_1_414' title='bbox 2234 2835 2415 2885; x_wconf 89' lang='lat' dir='ltr'><strong>strum</strong></span> <span class='ocrx_word' id='word_1_415' title='bbox 2436 2831 2736 2886; x_wconf 83' lang='lat' dir='ltr'><strong>Maximum</strong></span> <span class='ocrx_word' id='word_1_416' title='bbox 2755 2832 2826 2886; x_wconf 89' lang='lat' dir='ltr'><strong>ad</strong></span> <span class='ocrx_word' id='word_1_417' title='bbox 2849 2833 3108 2887; x_wconf 91' lang='lat' dir='ltr'><strong>omnium</strong></span> <span class='ocrx_word' id='word_1_418' title='bbox 3129 2833 3385 2888; x_wconf 85' lang='lat' dir='ltr'><strong>volumus</strong></span> <span class='ocrx_word' id='word_1_419' title='bbox 3406 2834 3707 2903; x_wconf 89' lang='lat' dir='ltr'><strong>pervenire</strong></span> <span class='ocrx_word' id='word_1_420' title='bbox 3730 2835 3876 2888; x_wconf 89' lang='lat' dir='ltr'><strong>noti-</strong></span> 
     </span>
    </p>
   </div>
   <div class='ocr_carea' id='block_1_58' title="bbox 2237 2925 3870 2998">
    <p class='ocr_par' dir='ltr' id='par_1_58' title="bbox 2237 2925 3870 2998">
     <span class='ocr_line' id='line_1_58' title="bbox 2237 2925 3870 2998; baseline 0.002 -20"><span class='ocrx_word' id='word_1_421' title='bbox 2237 2925 2395 2995; x_wconf 88' lang='lat' dir='ltr'><strong>tiam,</strong></span> <span class='ocrx_word' id='word_1_422' title='bbox 2416 2929 2473 2979; x_wconf 90' lang='lat' dir='ltr'><strong>et</strong></span> <span class='ocrx_word' id='word_1_423' title='bbox 2493 2926 2562 2979; x_wconf 90' lang='lat' dir='ltr'><strong>ob</strong></span> <span class='ocrx_word' id='word_1_424' title='bbox 2585 2927 2694 2980; x_wconf 90' lang='lat' dir='ltr'><strong>hoc</strong></span> <span class='ocrx_word' id='word_1_425' title='bbox 2715 2925 2774 2980; x_wconf 91' lang='lat' dir='ltr'><strong>id</strong></span> <span class='ocrx_word' id='word_1_426' title='bbox 2791 2927 3061 2981; x_wconf 90' lang='lat' dir='ltr'><strong>nolumus</strong></span> <span class='ocrx_word' id='word_1_427' title='bbox 3081 2944 3277 2982; x_wconf 90' lang='lat' dir='ltr'><strong>earum</strong></span> <span class='ocrx_word' id='word_1_428' title='bbox 3295 2928 3582 2998; x_wconf 83' lang='lat' dir='ltr'><strong>exemplar</strong></span> <span class='ocrx_word' id='word_1_429' title='bbox 3599 2928 3870 2998; x_wconf 87' lang='lat' dir='ltr'><strong>adjicere,</strong></span> 
     </span>
    </p>
   </div>
   <div class='ocr_carea' id='block_1_59' title="bbox 2235 3020 3873 3092">
    <p class='ocr_par' dir='ltr' id='par_1_59' title="bbox 2235 3020 3873 3092">
     <span class='ocr_line' id='line_1_59' title="bbox 2235 3020 3873 3092; baseline 0.002 -19"><span class='ocrx_word' id='word_1_430' title='bbox 2235 3020 2367 3090; x_wconf 90' lang='lat' dir='ltr'><strong>quia</strong></span> <span class='ocrx_word' id='word_1_431' title='bbox 2392 3036 2520 3090; x_wconf 87' lang='lat' dir='ltr'><strong>qua</strong></span> <span class='ocrx_word' id='word_1_432' title='bbox 2537 3020 2804 3091; x_wconf 71' lang='lat' dir='ltr'><strong>praedicto</strong></span> <span class='ocrx_word' id='word_1_433' title='bbox 2835 3021 2998 3075; x_wconf 90' lang='lat' dir='ltr'><strong>fratri</strong></span> <span class='ocrx_word' id='word_1_434' title='bbox 3024 3021 3382 3092; x_wconf 85' lang='lat' dir='ltr'><strong>injunximus</strong></span> <span class='ocrx_word' id='word_1_435' title='bbox 3399 3038 3516 3076; x_wconf 95' lang='lat' dir='ltr'><strong>non</strong></span> <span class='ocrx_word' id='word_1_436' title='bbox 3539 3021 3873 3077; x_wconf 85' lang='lat' dir='ltr'><strong>dubitamus</strong></span> 
     </span>
    </p>
   </div>
   <div class='ocr_carea' id='block_1_60' title="bbox 2237 3114 3874 3185">
    <p class='ocr_par' dir='ltr' id='par_1_60' title="bbox 2237 3114 3874 3185">
     <span class='ocr_line' id='line_1_60' title="bbox 2237 3114 3874 3185; baseline 0.002 -18"><span class='ocrx_word' id='word_1_437' title='bbox 2237 3114 2542 3185; x_wconf 87' lang='lat' dir='ltr'><strong>implenda.</strong></span> <span class='ocrx_word' id='word_1_438' title='bbox 2569 3115 2636 3168; x_wconf 88' lang='lat' dir='ltr'><strong>Et</strong></span> <span class='ocrx_word' id='word_1_439' title='bbox 2663 3115 2771 3168; x_wconf 89' lang='lat' dir='ltr'><strong>alia</strong></span> <span class='ocrx_word' id='word_1_440' title='bbox 2800 3131 2974 3169; x_wconf 91' lang='lat' dir='ltr'><strong>manu</strong></span> <span class='ocrx_word' id='word_1_441' title='bbox 3013 3132 3026 3170; x_wconf 94' lang='lat'><strong>:</strong></span> <span class='ocrx_word' id='word_1_442' title='bbox 3063 3117 3207 3169; x_wconf 91' lang='lat' dir='ltr'><strong>Deus</strong></span> <span class='ocrx_word' id='word_1_443' title='bbox 3235 3119 3290 3169; x_wconf 92' lang='lat' dir='ltr'><strong>te</strong></span> <span class='ocrx_word' id='word_1_444' title='bbox 3318 3116 3660 3170; x_wconf 88' lang='lat' dir='ltr'><strong>incolumem</strong></span> <span class='ocrx_word' id='word_1_445' title='bbox 3687 3123 3874 3171; x_wconf 87' lang='lat' dir='ltr'><strong>custo-</strong></span> 
     </span>
    </p>
   </div>
   <div class='ocr_carea' id='block_1_61' title="bbox 2235 3208 3871 3281">
    <p class='ocr_par' dir='ltr' id='par_1_61' title="bbox 2235 3208 3871 3281">
     <span class='ocr_line' id='line_1_61' title="bbox 2235 3208 3871 3281; baseline 0.002 -19"><span class='ocrx_word' id='word_1_446' title='bbox 2235 3208 2370 3276; x_wconf 90' lang='lat' dir='ltr'><strong>diat,</strong></span> <span class='ocrx_word' id='word_1_447' title='bbox 2405 3209 2583 3262; x_wconf 87' lang='lat' dir='ltr'><strong>frater</strong></span> <span class='ocrx_word' id='word_1_448' title='bbox 2604 3208 2957 3262; x_wconf 89' lang='lat' dir='ltr'><strong>charissime.</strong></span> <span class='ocrx_word' id='word_1_449' title='bbox 2983 3210 3121 3263; x_wconf 78' lang='lat' dir='ltr'><strong>Data</strong></span> <span class='ocrx_word' id='word_1_450' title='bbox 3149 3216 3352 3280; x_wconf 89' lang='lat' dir='ltr'><strong>quarto</strong></span> <span class='ocrx_word' id='word_1_451' title='bbox 3385 3209 3514 3265; x_wconf 87' lang='lat' dir='ltr'><strong>Idus</strong></span> <span class='ocrx_word' id='word_1_452' title='bbox 3535 3210 3710 3277; x_wconf 82' lang='lat' dir='ltr'><strong>Junii,</strong></span> <span class='ocrx_word' id='word_1_453' title='bbox 3743 3211 3871 3281; x_wconf 90' lang='lat' dir='ltr'><strong>Opi-</strong></span> 
     </span>
    </p>
   </div>
   <div class='ocr_carea' id='block_1_62' title="bbox 501 3272 3151 3373">
    <p class='ocr_par' dir='ltr' id='par_1_62' title="bbox 501 3272 3151 3373">
     <span class='ocr_line' id='line_1_62' title="bbox 501 3272 3151 3373; baseline -0.001 -14"><span class='ocrx_word' id='word_1_454' title='bbox 501 3309 655 3372; x_wconf 89' lang='lat' dir='ltr'><strong>sunt,</strong></span> <span class='ocrx_word' id='word_1_455' title='bbox 685 3308 742 3359; x_wconf 90' lang='lat' dir='ltr'><strong>et</strong></span> <span class='ocrx_word' id='word_1_456' title='bbox 766 3303 1010 3358; x_wconf 86' lang='lat' dir='ltr'><strong>maxime</strong></span> <span class='ocrx_word' id='word_1_457' title='bbox 1038 3303 1108 3356; x_wconf 92' lang='lat' dir='ltr'><strong>ad</strong></span> <span class='ocrx_word' id='word_1_458' title='bbox 1153 3302 1438 3373; x_wconf 90' lang='lat' dir='ltr'><strong>piissimos</strong></span> <span class='ocrx_word' id='word_1_459' title='bbox 1480 3301 1768 3372; x_wconf 87' lang='lat' dir='ltr'><strong>principes</strong></span> <span class='ocrx_word' id='word_1_460' title='bbox 1808 3300 1979 3354; x_wconf 89' lang='lat' dir='ltr'><strong>totius</strong></span> <span class='ocrx_word' id='word_1_461' title='bbox 2007 3315 2136 3354; x_wconf 92' lang='lat' dir='ltr'><strong>con-</strong></span> <span class='ocrx_word' id='word_1_462' title='bbox 2156 3272 2210 3344; x_wconf 80' lang='lat' dir='ltr'><strong>C</strong></span> <span class='ocrx_word' id='word_1_463' title='bbox 2234 3302 2385 3357; x_wconf 88' lang='lat' dir='ltr'><strong>lione</strong></span> <span class='ocrx_word' id='word_1_464' title='bbox 2421 3301 2538 3356; x_wconf 91' lang='lat' dir='ltr'><strong>viro</strong></span> <span class='ocrx_word' id='word_1_465' title='bbox 2567 3303 2877 3357; x_wconf 88' lang='lat' dir='ltr'><strong>clarissimo</strong></span> <span class='ocrx_word' id='word_1_466' title='bbox 2899 3304 3151 3358; x_wconf 90' lang='lat' dir='ltr'><strong>consule.</strong></span> 
     </span>
    </p>
   </div>
   <div class='ocr_carea' id='block_1_63' title="bbox 503 3394 2135 3468">
    <p class='ocr_par' dir='ltr' id='par_1_63' title="bbox 503 3394 2135 3468">
     <span class='ocr_line' id='line_1_63' title="bbox 503 3394 2135 3468; baseline -0.005 -14"><span class='ocrx_word' id='word_1_467' title='bbox 503 3399 617 3454; x_wconf 90' lang='lat' dir='ltr'><strong>cilii</strong></span> <span class='ocrx_word' id='word_1_468' title='bbox 645 3397 930 3468; x_wconf 90' lang='lat' dir='ltr'><strong>allocutio,</strong></span> <span class='ocrx_word' id='word_1_469' title='bbox 953 3399 1036 3452; x_wconf 93' lang='lat' dir='ltr'><strong>tot</strong></span> <span class='ocrx_word' id='word_1_470' title='bbox 1051 3397 1143 3464; x_wconf 89' lang='lat' dir='ltr'><strong>sit,</strong></span> <span class='ocrx_word' id='word_1_471' title='bbox 1168 3397 1616 3468; x_wconf 80' lang='lat' dir='ltr'><strong>praecedentium</strong></span> <span class='ocrx_word' id='word_1_472' title='bbox 1629 3397 1864 3450; x_wconf 84' lang='lat' dir='ltr'><strong>Patrum</strong></span> <span class='ocrx_word' id='word_1_473' title='bbox 1890 3394 2135 3448; x_wconf 89' lang='lat' dir='ltr'><strong>testimo-</strong></span> 
     </span>
    </p>
   </div>
   <div class='ocr_carea' id='block_1_64' title="bbox 494 3488 2133 3563">
    <p class='ocr_par' dir='ltr' id='par_1_64' title="bbox 494 3488 2133 3563">
     <span class='ocr_line' id='line_1_64' title="bbox 494 3488 2133 3563; baseline -0.004 -15"><span class='ocrx_word' id='word_1_474' title='bbox 494 3494 604 3549; x_wconf 91' lang='lat' dir='ltr'><strong>niis</strong></span> <span class='ocrx_word' id='word_1_475' title='bbox 629 3493 912 3562; x_wconf 87' lang='lat' dir='ltr'><strong>roborata,</strong></span> <span class='ocrx_word' id='word_1_476' title='bbox 940 3495 1024 3560; x_wconf 89' lang='lat' dir='ltr'><strong>ut,</strong></span> <span class='ocrx_word' id='word_1_477' title='bbox 1065 3492 1326 3563; x_wconf 89' lang='lat' dir='ltr'><strong>quamvis</strong></span> <span class='ocrx_word' id='word_1_478' title='bbox 1357 3490 1717 3563; x_wconf 90' lang='lat' dir='ltr'><strong>imprudenti</strong></span> <span class='ocrx_word' id='word_1_479' title='bbox 1765 3506 1828 3543; x_wconf 90' lang='lat' dir='ltr'><strong>ac</strong></span> <span class='ocrx_word' id='word_1_480' title='bbox 1859 3488 2133 3560; x_wconf 88' lang='lat' dir='ltr'><strong>pertinaci</strong></span> 
     </span>
    </p>
   </div>
   <div class='ocr_carea' id='block_1_65' title="bbox 495 3583 2132 3657">
    <p class='ocr_par' dir='ltr' id='par_1_65' title="bbox 495 3583 2132 3657">
     <span class='ocr_line' id='line_1_65' title="bbox 495 3583 2132 3657; baseline -0.004 -14"><span class='ocrx_word' id='word_1_481' title='bbox 495 3588 708 3656; x_wconf 89' lang='lat' dir='ltr'><strong>animo,</strong></span> <span class='ocrx_word' id='word_1_482' title='bbox 741 3587 787 3642; x_wconf 94' lang='lat' dir='ltr'><strong>si</strong></span> <span class='ocrx_word' id='word_1_483' title='bbox 812 3593 1005 3642; x_wconf 88' lang='lat' dir='ltr'><strong>tamen</strong></span> <span class='ocrx_word' id='word_1_484' title='bbox 1042 3603 1157 3641; x_wconf 91' lang='lat' dir='ltr'><strong>non</strong></span> <span class='ocrx_word' id='word_1_485' title='bbox 1181 3587 1305 3657; x_wconf 89' lang='lat' dir='ltr'><strong>jam</strong></span> <span class='ocrx_word' id='word_1_486' title='bbox 1335 3602 1466 3640; x_wconf 90' lang='lat' dir='ltr'><strong>cum</strong></span> <span class='ocrx_word' id='word_1_487' title='bbox 1495 3585 1719 3640; x_wconf 88' lang='lat' dir='ltr'><strong>diabolo</strong></span> <span class='ocrx_word' id='word_1_488' title='bbox 1759 3599 1864 3656; x_wconf 90' lang='lat' dir='ltr'><strong>pro</strong></span> <span class='ocrx_word' id='word_1_489' title='bbox 1893 3599 1996 3637; x_wconf 90' lang='lat' dir='ltr'><strong>sua</strong></span> <span class='ocrx_word' id='word_1_490' title='bbox 2023 3583 2132 3636; x_wconf 88' lang='lat' dir='ltr'><strong>im-</strong></span> 
     </span>
    </p>
   </div>
   <div class='ocr_carea' id='block_1_66' title="bbox 493 3677 2132 3755">
    <p class='ocr_par' dir='ltr' id='par_1_66' title="bbox 493 3677 2132 3755">
     <span class='ocr_line' id='line_1_66' title="bbox 493 3677 2132 3755; baseline -0.005 -18"><span class='ocrx_word' id='word_1_491' title='bbox 493 3683 706 3755; x_wconf 85' lang='lat' dir='ltr'><strong>pietate</strong></span> <span class='ocrx_word' id='word_1_492' title='bbox 748 3682 1052 3736; x_wconf 81' lang='lat' dir='ltr'><strong>damnatus</strong></span> <span class='ocrx_word' id='word_1_493' title='bbox 1101 3686 1205 3748; x_wconf 90' lang='lat' dir='ltr'><strong>est,</strong></span> <span class='ocrx_word' id='word_1_494' title='bbox 1247 3680 1472 3734; x_wconf 88' lang='lat' dir='ltr'><strong>valeant</strong></span> <span class='ocrx_word' id='word_1_495' title='bbox 1519 3679 1779 3734; x_wconf 89' lang='lat' dir='ltr'><strong>suadere.</strong></span> <span class='ocrx_word' id='word_1_496' title='bbox 1829 3677 1985 3732; x_wconf 90' lang='lat' dir='ltr'><strong>Unde</strong></span> <span class='ocrx_word' id='word_1_497' title='bbox 2029 3677 2132 3729; x_wconf 91' lang='lat' dir='ltr'><strong>hoc</strong></span> 
     </span>
    </p>
   </div>
   <div class='ocr_carea' id='block_1_67' title="bbox 497 3771 2133 3849">
    <p class='ocr_par' dir='ltr' id='par_1_67' title="bbox 497 3771 2133 3849">
     <span class='ocr_line' id='line_1_67' title="bbox 497 3771 2133 3849; baseline -0.006 -16"><span class='ocrx_word' id='word_1_498' title='bbox 497 3793 722 3849; x_wconf 92' lang='lat' dir='ltr'><strong>quoque</strong></span> <span class='ocrx_word' id='word_1_499' title='bbox 746 3783 940 3832; x_wconf 89' lang='lat' dir='ltr'><strong>contre</strong></span> <span class='ocrx_word' id='word_1_500' title='bbox 966 3776 1156 3829; x_wconf 85' lang='lat' dir='ltr'><strong>hostes</strong></span> <span class='ocrx_word' id='word_1_501' title='bbox 1178 3775 1437 3828; x_wconf 82' lang='lat' dir='ltr'><strong>Ecclesia</strong></span> <span class='ocrx_word' id='word_1_502' title='bbox 1458 3773 1757 3844; x_wconf 87' lang='lat' dir='ltr'><strong>providere</strong></span> <span class='ocrx_word' id='word_1_503' title='bbox 1779 3771 2133 3841; x_wconf 88' lang='lat' dir='ltr'><strong>condignum</strong></span> 
     </span>
    </p>
   </div>
   <div class='ocr_carea' id='block_1_68' title="bbox 461 3865 2133 3938">
    <p class='ocr_par' dir='ltr' id='par_1_68' title="bbox 461 3865 2133 3938">
     <span class='ocr_line' id='line_1_68' title="bbox 461 3865 2133 3938; baseline -0.005 -11"><span class='ocrx_word' id='word_1_504' title='bbox 461 3884 468 3929; x_wconf 75' lang='grc' dir='ltr'>ῖ</span> <span class='ocrx_word' id='word_1_505' title='bbox 495 3876 598 3938; x_wconf 88' lang='lat' dir='ltr'><strong>est,</strong></span> <span class='ocrx_word' id='word_1_506' title='bbox 626 3875 690 3925; x_wconf 92' lang='lat' dir='ltr'><strong>ut</strong></span> <span class='ocrx_word' id='word_1_507' title='bbox 715 3871 796 3925; x_wconf 91' lang='lat' dir='ltr'><strong>eis</strong></span> <span class='ocrx_word' id='word_1_508' title='bbox 818 3871 1036 3924; x_wconf 90' lang='lat' dir='ltr'><strong>nullam</strong></span> <span class='ocrx_word' id='word_1_509' title='bbox 1063 3869 1452 3923; x_wconf 89' lang='lat' dir='ltr'><strong>calumniandi</strong></span> <span class='ocrx_word' id='word_1_510' title='bbox 1477 3867 1854 3934; x_wconf 88' lang='lat' dir='ltr'><strong>occasionem,</strong></span> <span class='ocrx_word' id='word_1_511' title='bbox 1883 3865 2036 3937; x_wconf 94' lang='lat' dir='ltr'><strong>quod</strong></span> <span class='ocrx_word' id='word_1_512' title='bbox 2063 3865 2133 3919; x_wconf 87' lang='lat' dir='ltr'><strong>ad</strong></span> 
     </span>
    </p>
   </div>
   <div class='ocr_carea' id='block_1_69' title="bbox 451 3963 2129 4033">
    <p class='ocr_par' dir='ltr' id='par_1_69' title="bbox 451 3963 2129 4033">
     <span class='ocr_line' id='line_1_69' title="bbox 451 3963 2129 4033; baseline -0.003 -14"><span class='ocrx_word' id='word_1_513' title='bbox 451 3963 459 3984; x_wconf 80' lang='grc'><em>⁷</em></span> <span class='ocrx_word' id='word_1_514' title='bbox 494 3982 598 4019; x_wconf 89' lang='lat' dir='ltr'><strong>nos</strong></span> <span class='ocrx_word' id='word_1_515' title='bbox 625 3964 845 4031; x_wconf 89' lang='lat' dir='ltr'><strong>attinet,</strong></span> <span class='ocrx_word' id='word_1_516' title='bbox 880 3963 1110 4033; x_wconf 88' lang='lat' dir='ltr'><strong>penitus</strong></span> <span class='ocrx_word' id='word_1_517' title='bbox 1135 3963 1545 4033; x_wconf 89' lang='lat' dir='ltr'><strong>relinquamus,</strong></span> <span class='ocrx_word' id='word_1_518' title='bbox 1576 3977 1681 4015; x_wconf 91' lang='lat' dir='ltr'><strong>nec</strong></span> <span class='ocrx_word' id='word_1_519' title='bbox 1710 3977 1965 4030; x_wconf 90' lang='lat' dir='ltr'><strong>unquam</strong></span> <span class='ocrx_word' id='word_1_520' title='bbox 1993 3977 2129 4014; x_wconf 91' lang='lat' dir='ltr'><strong>con-</strong></span> 
     </span>
    </p>
   </div>
   <div class='ocr_carea' id='block_1_70' title="bbox 495 4055 2131 4125">
    <p class='ocr_par' dir='ltr' id='par_1_70' title="bbox 495 4055 2131 4125">
     <span class='ocr_line' id='line_1_70' title="bbox 495 4055 2131 4125; baseline -0.002 -13"><span class='ocrx_word' id='word_1_521' title='bbox 495 4065 582 4113; x_wconf 88' lang='lat' dir='ltr'><strong>tra</strong></span> <span class='ocrx_word' id='word_1_522' title='bbox 606 4058 860 4113; x_wconf 87' lang='lat' dir='ltr'><strong>Nestoria</strong></span> <span class='ocrx_word' id='word_1_523' title='bbox 883 4074 983 4111; x_wconf 91' lang='lat' dir='ltr'><strong>nos</strong></span> <span class='ocrx_word' id='word_1_524' title='bbox 1005 4059 1106 4111; x_wconf 89' lang='lat' dir='ltr'><strong>aut</strong></span> <span class='ocrx_word' id='word_1_525' title='bbox 1127 4055 1490 4110; x_wconf 90' lang='lat' dir='ltr'><strong>Eutichianos</strong></span> <span class='ocrx_word' id='word_1_526' title='bbox 1511 4058 1747 4125; x_wconf 87' lang='lat' dir='ltr'><strong>agentes</strong></span> <span class='ocrx_word' id='word_1_527' title='bbox 1768 4055 1911 4108; x_wconf 90' lang='lat' dir='ltr'><strong>ateri</strong></span> <span class='ocrx_word' id='word_1_528' title='bbox 1932 4071 2131 4109; x_wconf 87' lang='lat' dir='ltr'><strong>eorum</strong></span> 
     </span>
    </p>
   </div>
   <div class='ocr_carea' id='block_1_71' title="bbox 495 4149 2128 4223">
    <p class='ocr_par' dir='ltr' id='par_1_71' title="bbox 495 4149 2128 4223">
     <span class='ocr_line' id='line_1_71' title="bbox 495 4149 2128 4223; baseline -0.003 -17"><span class='ocrx_word' id='word_1_529' title='bbox 495 4153 794 4207; x_wconf 85' lang='lat' dir='ltr'><strong>videamur</strong></span> <span class='ocrx_word' id='word_1_530' title='bbox 831 4155 993 4223; x_wconf 87' lang='lat' dir='ltr'><strong>terga</strong></span> <span class='ocrx_word' id='word_1_531' title='bbox 1013 4151 1262 4206; x_wconf 88' lang='lat' dir='ltr'><strong>vertisse.</strong></span> <span class='ocrx_word' id='word_1_532' title='bbox 1315 4150 1426 4204; x_wconf 91' lang='lat' dir='ltr'><strong>Sed</strong></span> <span class='ocrx_word' id='word_1_533' title='bbox 1463 4153 1733 4220; x_wconf 89' lang='lat' dir='ltr'><strong>utrosque</strong></span> <span class='ocrx_word' id='word_1_534' title='bbox 1778 4149 1983 4203; x_wconf 87' lang='lat' dir='ltr'><strong>Christi</strong></span> <span class='ocrx_word' id='word_1_535' title='bbox 2030 4149 2128 4202; x_wconf 91' lang='lat' dir='ltr'><strong>ho-</strong></span> 
     </span>
    </p>
   </div>
   <div class='ocr_carea' id='block_1_72' title="bbox 494 4245 2132 4319">
    <p class='ocr_par' dir='ltr' id='par_1_72' title="bbox 494 4245 2132 4319">
     <span class='ocr_line' id='line_1_72' title="bbox 494 4245 2132 4319; baseline -0.002 -18"><span class='ocrx_word' id='word_1_536' title='bbox 494 4255 606 4303; x_wconf 89' lang='lat' dir='ltr'><strong>stes</strong></span> <span class='ocrx_word' id='word_1_537' title='bbox 637 4263 801 4319; x_wconf 84' lang='lat' dir='ltr'><strong>aqua</strong></span> <span class='ocrx_word' id='word_1_538' title='bbox 847 4247 1006 4301; x_wconf 90' lang='lat' dir='ltr'><strong>lance</strong></span> <span class='ocrx_word' id='word_1_539' title='bbox 1043 4245 1288 4300; x_wconf 90' lang='lat' dir='ltr'><strong>vitemus</strong></span> <span class='ocrx_word' id='word_1_540' title='bbox 1324 4249 1491 4316; x_wconf 88' lang='lat' dir='ltr'><strong>atque</strong></span> <span class='ocrx_word' id='word_1_541' title='bbox 1531 4245 1889 4298; x_wconf 89' lang='lat' dir='ltr'><strong>damnemus.</strong></span> <span class='ocrx_word' id='word_1_542' title='bbox 1937 4246 2020 4299; x_wconf 89' lang='lat' dir='ltr'><strong>Ita</strong></span> <span class='ocrx_word' id='word_1_543' title='bbox 2071 4246 2132 4297; x_wconf 92' lang='lat' dir='ltr'><strong>ut</strong></span> 
     </span>
    </p>
   </div>
   <div class='ocr_carea' id='block_1_73' title="bbox 495 4338 2130 4414">
    <p class='ocr_par' dir='ltr' id='par_1_73' title="bbox 495 4338 2130 4414">
     <span class='ocr_line' id='line_1_73' title="bbox 495 4338 2130 4414; baseline -0.002 -18"><span class='ocrx_word' id='word_1_544' title='bbox 495 4359 600 4398; x_wconf 88' lang='lat' dir='ltr'><strong>nos</strong></span> <span class='ocrx_word' id='word_1_545' title='bbox 626 4343 850 4414; x_wconf 89' lang='lat' dir='ltr'><strong>quoties</strong></span> <span class='ocrx_word' id='word_1_546' title='bbox 875 4341 1232 4396; x_wconf 88' lang='lat' dir='ltr'><strong>audientium</strong></span> <span class='ocrx_word' id='word_1_547' title='bbox 1257 4339 1528 4412; x_wconf 84' lang='lat' dir='ltr'><strong>qualibet</strong></span> <span class='ocrx_word' id='word_1_548' title='bbox 1547 4338 1729 4408; x_wconf 89' lang='lat' dir='ltr'><strong>poscit</strong></span> <span class='ocrx_word' id='word_1_549' title='bbox 1749 4339 1981 4406; x_wconf 88' lang='lat' dir='ltr'><strong>utilitas,</strong></span> <span class='ocrx_word' id='word_1_550' title='bbox 2001 4355 2130 4392; x_wconf 90' lang='lat' dir='ltr'><strong>cum</strong></span> 
     </span>
    </p>
   </div>
   <div class='ocr_carea' id='block_1_74' title="bbox 492 4432 2128 4509">
    <p class='ocr_par' dir='ltr' id='par_1_74' title="bbox 492 4432 2128 4509">
     <span class='ocr_line' id='line_1_74' title="bbox 492 4432 2128 4509; baseline -0.004 -16"><span class='ocrx_word' id='word_1_551' title='bbox 492 4438 853 4509; x_wconf 89' lang='lat' dir='ltr'><strong>dogmatibus</strong></span> <span class='ocrx_word' id='word_1_552' title='bbox 892 4453 1094 4492; x_wconf 84' lang='lat' dir='ltr'><strong>eorum</strong></span> <span class='ocrx_word' id='word_1_553' title='bbox 1123 4435 1296 4506; x_wconf 92' lang='lat' dir='ltr'><strong>digno</strong></span> <span class='ocrx_word' id='word_1_554' title='bbox 1323 4433 1683 4488; x_wconf 85' lang='lat' dir='ltr'><strong>anathemate</strong></span> <span class='ocrx_word' id='word_1_555' title='bbox 1705 4432 2128 4504; x_wconf 88' lang='lat' dir='ltr'><strong>promptissime</strong></span> 
     </span>
    </p>
   </div>
   <div class='ocr_carea' id='block_1_75' title="bbox 491 4527 2129 4605">
    <p class='ocr_par' dir='ltr' id='par_1_75' title="bbox 491 4527 2129 4605">
     <span class='ocr_line' id='line_1_75' title="bbox 491 4527 2129 4605; baseline -0.003 -18"><span class='ocrx_word' id='word_1_556' title='bbox 491 4537 662 4605; x_wconf 89' lang='lat' dir='ltr'><strong>atque</strong></span> <span class='ocrx_word' id='word_1_557' title='bbox 715 4531 1138 4587; x_wconf 90' lang='lat' dir='ltr'><strong>evidentissime</strong></span> <span class='ocrx_word' id='word_1_558' title='bbox 1188 4529 1481 4594; x_wconf 90' lang='lat' dir='ltr'><strong>feriamus,</strong></span> <span class='ocrx_word' id='word_1_559' title='bbox 1531 4545 1603 4581; x_wconf 90' lang='lat' dir='ltr'><strong>ne</strong></span> <span class='ocrx_word' id='word_1_560' title='bbox 1645 4527 1692 4581; x_wconf 91' lang='lat' dir='ltr'><strong>si</strong></span> <span class='ocrx_word' id='word_1_561' title='bbox 1735 4544 1767 4581; x_wconf 93' lang='lat' dir='ltr'><strong>a</strong></span> <span class='ocrx_word' id='word_1_562' title='bbox 1817 4527 1981 4582; x_wconf 88' lang='lat' dir='ltr'><strong>nobis</strong></span> <span class='ocrx_word' id='word_1_563' title='bbox 2024 4527 2129 4582; x_wconf 90' lang='lat' dir='ltr'><strong>hoc</strong></span> 
     </span>
    </p>
   </div>
   <div class='ocr_carea' id='block_1_76' title="bbox 491 4622 2205 4720">
    <p class='ocr_par' dir='ltr' id='par_1_76' title="bbox 491 4622 2205 4720">
     <span class='ocr_line' id='line_1_76' title="bbox 491 4622 2205 4720; baseline -0.005 -37"><span class='ocrx_word' id='word_1_564' title='bbox 491 4628 645 4700; x_wconf 90' lang='lat' dir='ltr'><strong>quod</strong></span> <span class='ocrx_word' id='word_1_565' title='bbox 671 4626 964 4681; x_wconf 90' lang='lat' dir='ltr'><strong>obscurius</strong></span> <span class='ocrx_word' id='word_1_566' title='bbox 989 4624 1113 4679; x_wconf 81' lang='lat' dir='ltr'><strong>fieri</strong></span> <span class='ocrx_word' id='word_1_567' title='bbox 1139 4622 1392 4677; x_wconf 86' lang='lat' dir='ltr'><strong>videatur</strong></span> <span class='ocrx_word' id='word_1_568' title='bbox 1418 4627 1516 4676; x_wconf 92' lang='lat' dir='ltr'><strong>aut</strong></span> <span class='ocrx_word' id='word_1_569' title='bbox 1543 4622 1756 4676; x_wconf 90' lang='lat' dir='ltr'><strong>tardius</strong></span> <span class='ocrx_word' id='word_1_570' title='bbox 1787 4625 2021 4694; x_wconf 91' lang='lat' dir='ltr'><strong>putetur</strong></span> <span class='ocrx_word' id='word_1_571' title='bbox 2045 4622 2128 4676; x_wconf 91' lang='lat' dir='ltr'><strong>in-</strong></span> <span class='ocrx_word' id='word_1_572' title='bbox 2145 4649 2205 4720; x_wconf 83' lang='lat' dir='ltr'><strong>D</strong></span> 
     </span>
    </p>
   </div>
   <div class='ocr_carea' id='block_1_77' title="bbox 490 4717 2127 4790">
    <p class='ocr_par' dir='ltr' id='par_1_77' title="bbox 490 4717 2127 4790">
     <span class='ocr_line' id='line_1_77' title="bbox 490 4717 2127 4790; baseline -0.004 -15"><span class='ocrx_word' id='word_1_573' title='bbox 490 4723 691 4777; x_wconf 90' lang='lat' dir='ltr'><strong>vitum.</strong></span> <span class='ocrx_word' id='word_1_574' title='bbox 745 4720 907 4785; x_wconf 86' lang='lat' dir='ltr'><strong>Quod</strong></span> <span class='ocrx_word' id='word_1_575' title='bbox 953 4719 1207 4790; x_wconf 90' lang='lat' dir='ltr'><strong>quamvis</strong></span> <span class='ocrx_word' id='word_1_576' title='bbox 1261 4717 1622 4788; x_wconf 89' lang='lat' dir='ltr'><strong>prudentiam</strong></span> <span class='ocrx_word' id='word_1_577' title='bbox 1679 4723 1838 4770; x_wconf 88' lang='lat' dir='ltr'><strong>tuam</strong></span> <span class='ocrx_word' id='word_1_578' title='bbox 1875 4733 1964 4771; x_wconf 91' lang='lat' dir='ltr'><strong>res</strong></span> <span class='ocrx_word' id='word_1_579' title='bbox 2007 4717 2127 4788; x_wconf 90' lang='lat' dir='ltr'><strong>ipsa</strong></span> 
     </span>
    </p>
   </div>
   <div class='ocr_carea' id='block_1_78' title="bbox 490 4810 2124 4883">
    <p class='ocr_par' dir='ltr' id='par_1_78' title="bbox 490 4810 2124 4883">
     <span class='ocr_line' id='line_1_78' title="bbox 490 4810 2124 4883; baseline -0.003 -12"><span class='ocrx_word' id='word_1_580' title='bbox 490 4817 796 4871; x_wconf 88' lang='lat' dir='ltr'><strong>admonere</strong></span> <span class='ocrx_word' id='word_1_581' title='bbox 829 4813 1091 4880; x_wconf 84' lang='lat' dir='ltr'><strong>sufficiat,</strong></span> <span class='ocrx_word' id='word_1_582' title='bbox 1121 4829 1273 4865; x_wconf 87' lang='lat' dir='ltr'><strong>nunc</strong></span> <span class='ocrx_word' id='word_1_583' title='bbox 1301 4815 1491 4866; x_wconf 89' lang='lat' dir='ltr'><strong>tamen</strong></span> <span class='ocrx_word' id='word_1_584' title='bbox 1522 4816 1577 4865; x_wconf 88' lang='lat' dir='ltr'><strong>et</strong></span> <span class='ocrx_word' id='word_1_585' title='bbox 1598 4810 1992 4883; x_wconf 82' lang='lat' dir='ltr'><strong>experimenta</strong></span> <span class='ocrx_word' id='word_1_586' title='bbox 2023 4813 2124 4866; x_wconf 94' lang='lat' dir='ltr'><strong>do-</strong></span> 
     </span>
    </p>
   </div>
   <div class='ocr_carea' id='block_1_79' title="bbox 491 4905 2123 4976">
    <p class='ocr_par' dir='ltr' id='par_1_79' title="bbox 491 4905 2123 4976">
     <span class='ocr_line' id='line_1_79' title="bbox 491 4905 2123 4976; baseline -0.004 -12"><span class='ocrx_word' id='word_1_587' title='bbox 491 4917 751 4966; x_wconf 90' lang='lat' dir='ltr'><strong>cuerunt.</strong></span> <span class='ocrx_word' id='word_1_588' title='bbox 786 4908 900 4964; x_wconf 91' lang='lat' dir='ltr'><strong>Sed</strong></span> <span class='ocrx_word' id='word_1_589' title='bbox 928 4907 1261 4962; x_wconf 90' lang='lat' dir='ltr'><strong>benedictus</strong></span> <span class='ocrx_word' id='word_1_590' title='bbox 1289 4907 1434 4959; x_wconf 90' lang='lat' dir='ltr'><strong>Deus</strong></span> <span class='ocrx_word' id='word_1_591' title='bbox 1465 4911 1661 4960; x_wconf 88' lang='lat' dir='ltr'><strong>noster</strong></span> <span class='ocrx_word' id='word_1_592' title='bbox 1691 4905 1850 4976; x_wconf 87' lang='lat' dir='ltr'><strong>cujus</strong></span> <span class='ocrx_word' id='word_1_593' title='bbox 1888 4905 2123 4959; x_wconf 89' lang='lat' dir='ltr'><strong>invinci-</strong></span> 
     </span>
    </p>
   </div>
   <div class='ocr_carea' id='block_1_80' title="bbox 488 4999 2124 5059">
    <p class='ocr_par' dir='ltr' id='par_1_80' title="bbox 488 4999 2124 5059">
     <span class='ocr_line' id='line_1_80' title="bbox 488 4999 2124 5059; baseline -0.005 0"><span class='ocrx_word' id='word_1_594' title='bbox 488 5005 613 5059; x_wconf 91' lang='lat' dir='ltr'><strong>bilis</strong></span> <span class='ocrx_word' id='word_1_595' title='bbox 661 5004 862 5059; x_wconf 81' lang='lat' dir='ltr'><strong>veritas</strong></span> <span class='ocrx_word' id='word_1_596' title='bbox 905 5003 975 5056; x_wconf 89' lang='lat' dir='ltr'><strong>ab</strong></span> <span class='ocrx_word' id='word_1_597' title='bbox 1006 5002 1165 5056; x_wconf 89' lang='lat' dir='ltr'><strong>omni</strong></span> <span class='ocrx_word' id='word_1_598' title='bbox 1193 5001 1478 5054; x_wconf 88' lang='lat' dir='ltr'><strong>hareseos</strong></span> <span class='ocrx_word' id='word_1_599' title='bbox 1507 4999 1734 5053; x_wconf 90' lang='lat' dir='ltr'><strong>macula</strong></span> <span class='ocrx_word' id='word_1_600' title='bbox 1761 4999 2043 5052; x_wconf 90' lang='lat' dir='ltr'><strong>mundum</strong></span> <span class='ocrx_word' id='word_1_601' title='bbox 2069 5004 2124 5053; x_wconf 90' lang='lat' dir='ltr'><strong>te</strong></span> 
     </span>
    </p>
   </div>
   <div class='ocr_carea' id='block_1_81' title="bbox 490 5092 2122 5168">
    <p class='ocr_par' dir='ltr' id='par_1_81' title="bbox 490 5092 2122 5168">
     <span class='ocr_line' id='line_1_81' title="bbox 490 5092 2122 5168; baseline -0.004 -15"><span class='ocrx_word' id='word_1_602' title='bbox 490 5098 804 5152; x_wconf 90' lang='lat' dir='ltr'><strong>secundum</strong></span> <span class='ocrx_word' id='word_1_603' title='bbox 857 5097 1014 5152; x_wconf 90' lang='lat' dir='ltr'><strong>Sedis</strong></span> <span class='ocrx_word' id='word_1_604' title='bbox 1061 5095 1384 5168; x_wconf 86' lang='lat' dir='ltr'><strong>apostolica</strong></span> <span class='ocrx_word' id='word_1_605' title='bbox 1431 5093 1715 5165; x_wconf 89' lang='lat' dir='ltr'><strong>judicium</strong></span> <span class='ocrx_word' id='word_1_606' title='bbox 1771 5092 2122 5162; x_wconf 89' lang='lat' dir='ltr'><strong>monstravit,</strong></span> 
     </span>
    </p>
   </div>
   <div class='ocr_carea' id='block_1_82' title="bbox 490 5186 2124 5261">
    <p class='ocr_par' dir='ltr' id='par_1_82' title="bbox 490 5186 2124 5261">
     <span class='ocr_line' id='line_1_82' title="bbox 490 5186 2124 5261; baseline -0.003 -16"><span class='ocrx_word' id='word_1_607' title='bbox 490 5193 578 5246; x_wconf 87' lang='lat' dir='ltr'><strong>cui</strong></span> <span class='ocrx_word' id='word_1_608' title='bbox 626 5192 856 5261; x_wconf 86' lang='lat' dir='ltr'><strong>dignam</strong></span> <span class='ocrx_word' id='word_1_609' title='bbox 905 5191 1173 5246; x_wconf 88' lang='lat' dir='ltr'><strong>retribuis</strong></span> <span class='ocrx_word' id='word_1_610' title='bbox 1211 5207 1312 5261; x_wconf 92' lang='lat' dir='ltr'><strong>pro</strong></span> <span class='ocrx_word' id='word_1_611' title='bbox 1362 5192 1443 5243; x_wconf 91' lang='lat' dir='ltr'><strong>tot</strong></span> <span class='ocrx_word' id='word_1_612' title='bbox 1466 5187 1756 5242; x_wconf 89' lang='lat' dir='ltr'><strong>laboribus</strong></span> <span class='ocrx_word' id='word_1_613' title='bbox 1787 5186 2048 5256; x_wconf 87' lang='lat' dir='ltr'><strong>gratiam,</strong></span> <span class='ocrx_word' id='word_1_614' title='bbox 2079 5187 2124 5240; x_wconf 93' lang='lat' dir='ltr'><strong>si</strong></span> 
     </span>
    </p>
   </div>
   <div class='ocr_carea' id='block_1_83' title="bbox 491 5281 2118 5356">
    <p class='ocr_par' dir='ltr' id='par_1_83' title="bbox 491 5281 2118 5356">
     <span class='ocr_line' id='line_1_83' title="bbox 491 5281 2118 5356; baseline -0.002 -17"><span class='ocrx_word' id='word_1_615' title='bbox 491 5287 667 5339; x_wconf 89' lang='lat' dir='ltr'><strong>talem</strong></span> <span class='ocrx_word' id='word_1_616' title='bbox 693 5292 747 5340; x_wconf 88' lang='lat' dir='ltr'><strong>te</strong></span> <span class='ocrx_word' id='word_1_617' title='bbox 776 5286 1002 5356; x_wconf 87' lang='lat' dir='ltr'><strong>qualem</strong></span> <span class='ocrx_word' id='word_1_618' title='bbox 1031 5285 1395 5356; x_wconf 87' lang='lat' dir='ltr'><strong>probavimus</strong></span> <span class='ocrx_word' id='word_1_619' title='bbox 1417 5300 1481 5336; x_wconf 92' lang='lat' dir='ltr'><strong>ac</strong></span> <span class='ocrx_word' id='word_1_620' title='bbox 1512 5281 1838 5352; x_wconf 87' lang='lat' dir='ltr'><strong>probamus,</strong></span> <span class='ocrx_word' id='word_1_621' title='bbox 1863 5297 1964 5350; x_wconf 87' lang='lat' dir='ltr'><strong>pro</strong></span> <span class='ocrx_word' id='word_1_622' title='bbox 1988 5281 2118 5335; x_wconf 91' lang='lat' dir='ltr'><strong>uni-</strong></span> 
     </span>
    </p>
   </div>
   <div class='ocr_carea' id='block_1_84' title="bbox 489 5374 2121 5446">
    <p class='ocr_par' dir='ltr' id='par_1_84' title="bbox 489 5374 2121 5446">
     <span class='ocr_line' id='line_1_84' title="bbox 489 5374 2121 5446; baseline -0.002 -13"><span class='ocrx_word' id='word_1_623' title='bbox 489 5379 716 5434; x_wconf 90' lang='lat' dir='ltr'><strong>versalis</strong></span> <span class='ocrx_word' id='word_1_624' title='bbox 760 5380 1018 5433; x_wconf 87' lang='lat' dir='ltr'><strong>Ecclesia</strong></span> <span class='ocrx_word' id='word_1_625' title='bbox 1063 5379 1392 5432; x_wconf 87' lang='lat' dir='ltr'><strong>defensione</strong></span> <span class='ocrx_word' id='word_1_626' title='bbox 1435 5374 1760 5429; x_wconf 82' lang='lat' dir='ltr'><strong>servaveris.</strong></span> <span class='ocrx_word' id='word_1_627' title='bbox 1791 5374 1928 5428; x_wconf 88' lang='lat' dir='ltr'><strong>Nam</strong></span> <span class='ocrx_word' id='word_1_628' title='bbox 1967 5377 2121 5446; x_wconf 88' lang='lat' dir='ltr'><strong>quod</strong></span> 
     </span>
    </p>
   </div>
   <div class='ocr_carea' id='block_1_85' title="bbox 451 5467 2123 5538">
    <p class='ocr_par' dir='ltr' id='par_1_85' title="bbox 451 5467 2123 5538">
     <span class='ocr_line' id='line_1_85' title="bbox 451 5467 2123 5538; baseline -0.003 -9"><span class='ocrx_word' id='word_1_629' title='bbox 451 5531 454 5538; x_wconf 65' lang='grc'><strong>,</strong></span> <span class='ocrx_word' id='word_1_630' title='bbox 491 5475 638 5528; x_wconf 91' lang='lat' dir='ltr'><strong>Deus</strong></span> <span class='ocrx_word' id='word_1_631' title='bbox 664 5474 920 5528; x_wconf 90' lang='lat' dir='ltr'><strong>omnium</strong></span> <span class='ocrx_word' id='word_1_632' title='bbox 952 5473 1442 5528; x_wconf 90' lang='lat' dir='ltr'><strong>calumniosorum</strong></span> <span class='ocrx_word' id='word_1_633' title='bbox 1466 5467 1720 5522; x_wconf 90' lang='lat' dir='ltr'><strong>fallacias</strong></span> <span class='ocrx_word' id='word_1_634' title='bbox 1741 5467 1920 5538; x_wconf 88' lang='lat' dir='ltr'><strong>solvit,</strong></span> <span class='ocrx_word' id='word_1_635' title='bbox 1949 5470 2123 5524; x_wconf 80' lang='lat' dir='ltr'><strong>maxi-</strong></span> 
     </span>
    </p>
   </div>
   <div class='ocr_carea' id='block_1_86' title="bbox 435 5557 2122 5637">
    <p class='ocr_par' dir='ltr' id='par_1_86' title="bbox 435 5557 2122 5637">
     <span class='ocr_line' id='line_1_86' title="bbox 435 5557 2122 5637; baseline -0.004 -13"><span class='ocrx_word' id='word_1_636' title='bbox 435 5557 450 5637; x_wconf 75' lang='grc' dir='ltr'><strong>Ῐ</strong></span> <span class='ocrx_word' id='word_1_637' title='bbox 487 5586 642 5623; x_wconf 89' lang='lat' dir='ltr'><strong>mam</strong></span> <span class='ocrx_word' id='word_1_638' title='bbox 674 5568 981 5623; x_wconf 86' lang='lat' dir='ltr'><strong>beatissimi</strong></span> <span class='ocrx_word' id='word_1_639' title='bbox 1007 5567 1154 5621; x_wconf 88' lang='lat' dir='ltr'><strong>Petri</strong></span> <span class='ocrx_word' id='word_1_640' title='bbox 1178 5581 1376 5619; x_wconf 88' lang='lat' dir='ltr'><strong>curam</strong></span> <span class='ocrx_word' id='word_1_641' title='bbox 1403 5579 1505 5634; x_wconf 87' lang='lat' dir='ltr'><strong>pro</strong></span> <span class='ocrx_word' id='word_1_642' title='bbox 1527 5561 1690 5616; x_wconf 91' lang='lat' dir='ltr'><strong>nobis</strong></span> <span class='ocrx_word' id='word_1_643' title='bbox 1717 5563 1928 5618; x_wconf 88' lang='lat' dir='ltr'><strong>cunctis</strong></span> <span class='ocrx_word' id='word_1_644' title='bbox 1948 5580 2122 5635; x_wconf 88' lang='lat' dir='ltr'><strong>agno-</strong></span> 
     </span>
    </p>
   </div>
   <div class='ocr_carea' id='block_1_87' title="bbox 485 5656 2121 5734">
    <p class='ocr_par' dir='ltr' id='par_1_87' title="bbox 485 5656 2121 5734">
     <span class='ocr_line' id='line_1_87' title="bbox 485 5656 2121 5734; baseline -0.003 -16"><span class='ocrx_word' id='word_1_645' title='bbox 485 5665 713 5732; x_wconf 90' lang='lat' dir='ltr'><strong>scimus,</strong></span> <span class='ocrx_word' id='word_1_646' title='bbox 735 5663 832 5734; x_wconf 88' lang='lat' dir='ltr'><strong>qui</strong></span> <span class='ocrx_word' id='word_1_647' title='bbox 847 5663 1183 5733; x_wconf 90' lang='lat' dir='ltr'><strong>priusquam</strong></span> <span class='ocrx_word' id='word_1_648' title='bbox 1205 5659 1355 5713; x_wconf 90' lang='lat' dir='ltr'><strong>sedis</strong></span> <span class='ocrx_word' id='word_1_649' title='bbox 1374 5674 1490 5712; x_wconf 89' lang='lat' dir='ltr'><strong>sua</strong></span> <span class='ocrx_word' id='word_1_650' title='bbox 1504 5656 1783 5727; x_wconf 87' lang='lat' dir='ltr'><strong>judicium</strong></span> <span class='ocrx_word' id='word_1_651' title='bbox 1804 5657 1862 5712; x_wconf 92' lang='lat' dir='ltr'><strong>in</strong></span> <span class='ocrx_word' id='word_1_652' title='bbox 1878 5659 2006 5713; x_wconf 88' lang='lat' dir='ltr'><strong>fidei</strong></span> <span class='ocrx_word' id='word_1_653' title='bbox 2029 5659 2121 5714; x_wconf 84' lang='lat' dir='ltr'><strong>de-</strong></span> 
     </span>
    </p>
   </div>
   <div class='ocr_carea' id='block_1_88' title="bbox 487 5752 2122 5825">
    <p class='ocr_par' dir='ltr' id='par_1_88' title="bbox 487 5752 2122 5825">
     <span class='ocr_line' id='line_1_88' title="bbox 487 5752 2122 5825; baseline -0.002 -15"><span class='ocrx_word' id='word_1_654' title='bbox 487 5757 744 5810; x_wconf 82' lang='lat' dir='ltr'><strong>finitione</strong></span> <span class='ocrx_word' id='word_1_655' title='bbox 770 5756 1040 5821; x_wconf 78' lang='lat' dir='ltr'><strong>firmavit,</strong></span> <span class='ocrx_word' id='word_1_656' title='bbox 1069 5769 1176 5807; x_wconf 92' lang='lat' dir='ltr'><strong>nec</strong></span> <span class='ocrx_word' id='word_1_657' title='bbox 1203 5753 1349 5807; x_wconf 89' lang='lat' dir='ltr'><strong>circa</strong></span> <span class='ocrx_word' id='word_1_658' title='bbox 1374 5752 1709 5824; x_wconf 89' lang='lat' dir='ltr'><strong>cujusquam</strong></span> <span class='ocrx_word' id='word_1_659' title='bbox 1737 5758 1988 5808; x_wconf 86' lang='lat' dir='ltr'><strong>vestrum</strong></span> <span class='ocrx_word' id='word_1_660' title='bbox 2022 5753 2122 5825; x_wconf 90' lang='lat' dir='ltr'><strong>qui</strong></span> 
     </span>
    </p>
   </div>
   <div class='ocr_carea' id='block_1_89' title="bbox 490 5845 2123 5920">
    <p class='ocr_par' dir='ltr' id='par_1_89' title="bbox 490 5845 2123 5920">
     <span class='ocr_line' id='line_1_89' title="bbox 490 5845 2123 5920; baseline 0.001 -19"><span class='ocrx_word' id='word_1_661' title='bbox 490 5849 783 5902; x_wconf 88' lang='lat' dir='ltr'><strong>nobiscum</strong></span> <span class='ocrx_word' id='word_1_662' title='bbox 810 5864 918 5920; x_wconf 90' lang='lat' dir='ltr'><strong>pro</strong></span> <span class='ocrx_word' id='word_1_663' title='bbox 946 5846 1222 5902; x_wconf 90' lang='lat' dir='ltr'><strong>catholica</strong></span> <span class='ocrx_word' id='word_1_664' title='bbox 1248 5845 1376 5900; x_wconf 79' lang='lat' dir='ltr'><strong>fidei</strong></span> <span class='ocrx_word' id='word_1_665' title='bbox 1409 5846 1678 5900; x_wconf 89' lang='lat' dir='ltr'><strong>laboratis</strong></span> <span class='ocrx_word' id='word_1_666' title='bbox 1705 5863 2008 5918; x_wconf 88' lang='lat' dir='ltr'><strong>personam</strong></span> <span class='ocrx_word' id='word_1_667' title='bbox 2037 5863 2123 5902; x_wconf 91' lang='lat' dir='ltr'><strong>re-</strong></span> 
     </span>
    </p>
   </div>
   <div class='ocr_carea' id='block_1_90' title="bbox 492 5938 2120 6012">
    <p class='ocr_par' dir='ltr' id='par_1_90' title="bbox 492 5938 2120 6012">
     <span class='ocr_line' id='line_1_90' title="bbox 492 5938 2120 6012; baseline 0.001 -19"><span class='ocrx_word' id='word_1_668' title='bbox 492 5939 734 6011; x_wconf 89' lang='lat' dir='ltr'><strong>probum</strong></span> <span class='ocrx_word' id='word_1_669' title='bbox 776 5940 959 5994; x_wconf 89' lang='lat' dir='ltr'><strong>videri</strong></span> <span class='ocrx_word' id='word_1_670' title='bbox 997 5938 1279 6010; x_wconf 86' lang='lat' dir='ltr'><strong>permisit,</strong></span> <span class='ocrx_word' id='word_1_671' title='bbox 1321 5939 1456 6012; x_wconf 89' lang='lat' dir='ltr'><strong>quia</strong></span> <span class='ocrx_word' id='word_1_672' title='bbox 1495 5956 1598 5994; x_wconf 89' lang='lat' dir='ltr'><strong>nec</strong></span> <span class='ocrx_word' id='word_1_673' title='bbox 1643 5944 1864 6011; x_wconf 88' lang='lat' dir='ltr'><strong>poterat</strong></span> <span class='ocrx_word' id='word_1_674' title='bbox 1903 5939 2120 6012; x_wconf 90' lang='lat' dir='ltr'><strong>Spiritu</strong></span> 
     </span>
    </p>
   </div>
   <div class='ocr_carea' id='block_1_91' title="bbox 2519 3397 3572 3468">
    <p class='ocr_par' dir='ltr' id='par_1_91' title="bbox 2519 3397 3572 3468">
     <span class='ocr_line' id='line_1_91' title="bbox 2519 3397 3572 3468; baseline 0.002 -18"><span class='ocrx_word' id='word_1_675' title='bbox 2519 3397 2692 3452; x_wconf 80' lang='lat' dir='ltr'><strong>XLIII.</strong></span> <span class='ocrx_word' id='word_1_676' title='bbox 2726 3428 2792 3437; x_wconf 91' lang='lat'><strong>-—</strong></span> <span class='ocrx_word' id='word_1_677' title='bbox 2823 3399 2912 3452; x_wconf 85' lang='lat' dir='ltr'><strong>Ad</strong></span> <span class='ocrx_word' id='word_1_678' title='bbox 2939 3398 3222 3452; x_wconf 79' lang='lat' dir='ltr'><strong>Juliunum</strong></span> <span class='ocrx_word' id='word_1_679' title='bbox 3250 3401 3572 3468; x_wconf 75' lang='lat' dir='ltr'><strong>episcopum.</strong></span> 
     </span>
    </p>
   </div>
   <div class='ocr_carea' id='block_1_92' title="bbox 2306 3492 2987 3562">
    <p class='ocr_par' dir='ltr' id='par_1_92' title="bbox 2306 3492 2987 3562">
     <span class='ocr_line' id='line_1_92' title="bbox 2306 3492 2987 3562; baseline 0.001 -17"><span class='ocrx_word' id='word_1_680' title='bbox 2306 3492 2415 3546; x_wconf 76' lang='lat' dir='ltr'><strong>Leo</strong></span> <span class='ocrx_word' id='word_1_681' title='bbox 2441 3493 2668 3547; x_wconf 79' lang='lat' dir='ltr'><strong>JULIANo</strong></span> <span class='ocrx_word' id='word_1_682' title='bbox 2702 3492 2987 3562; x_wconf 89' lang='lat' dir='ltr'><strong>episcopo.</strong></span> 
     </span>
    </p>
   </div>
   <div class='ocr_carea' id='block_1_93' title="bbox 2304 3585 3870 3657">
    <p class='ocr_par' dir='ltr' id='par_1_93' title="bbox 2304 3585 3870 3657">
     <span class='ocr_line' id='line_1_93' title="bbox 2304 3585 3870 3657; baseline 0.001 -16"><span class='ocrx_word' id='word_1_683' title='bbox 2304 3585 2774 3641; x_wconf 89' lang='lat' dir='ltr'><strong>Christianissimi</strong></span> <span class='ocrx_word' id='word_1_684' title='bbox 2812 3585 3083 3656; x_wconf 89' lang='lat' dir='ltr'><strong>principis</strong></span> <span class='ocrx_word' id='word_1_685' title='bbox 3112 3585 3286 3640; x_wconf 82' lang='lat' dir='ltr'><strong>ﬁdem</strong></span> <span class='ocrx_word' id='word_1_686' title='bbox 3315 3602 3463 3657; x_wconf 86' lang='lat' dir='ltr'><strong>sape</strong></span> <span class='ocrx_word' id='word_1_687' title='bbox 3505 3586 3870 3642; x_wconf 88' lang='lat' dir='ltr'><strong>evidentissi-</strong></span> 
     </span>
    </p>
   </div>
   <div class='ocr_carea' id='block_1_94' title="bbox 2234 3679 3875 3754">
    <p class='ocr_par' dir='ltr' id='par_1_94' title="bbox 2234 3679 3875 3754">
     <span class='ocr_line' id='line_1_94' title="bbox 2234 3679 3875 3754; baseline 0.002 -20"><span class='ocrx_word' id='word_1_688' title='bbox 2234 3679 2341 3734; x_wconf 89' lang='lat' dir='ltr'><strong>mis</strong></span> <span class='ocrx_word' id='word_1_689' title='bbox 2382 3680 2747 3751; x_wconf 83' lang='lat' dir='ltr'><strong>probavimus</strong></span> <span class='ocrx_word' id='word_1_690' title='bbox 2792 3680 3169 3747; x_wconf 88' lang='lat' dir='ltr'><strong>documentis,</strong></span> <span class='ocrx_word' id='word_1_691' title='bbox 3218 3697 3282 3734; x_wconf 89' lang='lat' dir='ltr'><strong>ac</strong></span> <span class='ocrx_word' id='word_1_692' title='bbox 3326 3680 3397 3734; x_wconf 92' lang='lat' dir='ltr'><strong>de</strong></span> <span class='ocrx_word' id='word_1_693' title='bbox 3428 3684 3620 3735; x_wconf 91' lang='lat' dir='ltr'><strong>nostro</strong></span> <span class='ocrx_word' id='word_1_694' title='bbox 3651 3683 3875 3754; x_wconf 85' lang='lat' dir='ltr'><strong>gratias</strong></span> 
     </span>
    </p>
   </div>
   <div class='ocr_carea' id='block_1_95' title="bbox 2234 3775 3872 3845">
    <p class='ocr_par' dir='ltr' id='par_1_95' title="bbox 2234 3775 3872 3845">
     <span class='ocr_line' id='line_1_95' title="bbox 2234 3775 3872 3845; baseline 0.002 -16"><span class='ocrx_word' id='word_1_695' title='bbox 2234 3790 2344 3844; x_wconf 89' lang='lat' dir='ltr'><strong>ago</strong></span> <span class='ocrx_word' id='word_1_696' title='bbox 2365 3775 2466 3844; x_wconf 91' lang='lat' dir='ltr'><strong>qui</strong></span> <span class='ocrx_word' id='word_1_697' title='bbox 2483 3775 2656 3828; x_wconf 90' lang='lat' dir='ltr'><strong>talem</strong></span> <span class='ocrx_word' id='word_1_698' title='bbox 2677 3775 2942 3845; x_wconf 87' lang='lat' dir='ltr'><strong>dignatus</strong></span> <span class='ocrx_word' id='word_1_699' title='bbox 2963 3781 3047 3830; x_wconf 90' lang='lat' dir='ltr'><strong>est</strong></span> <span class='ocrx_word' id='word_1_700' title='bbox 3066 3775 3234 3829; x_wconf 90' lang='lat' dir='ltr'><strong>rebus</strong></span> <span class='ocrx_word' id='word_1_701' title='bbox 3254 3775 3525 3830; x_wconf 88' lang='lat' dir='ltr'><strong>humanis</strong></span> <span class='ocrx_word' id='word_1_702' title='bbox 3546 3777 3872 3833; x_wconf 86' lang='lat' dir='ltr'><strong>concedere</strong></span> 
     </span>
    </p>
   </div>
   <div class='ocr_carea' id='block_1_96' title="bbox 2235 3868 3870 3942">
    <p class='ocr_par' dir='ltr' id='par_1_96' title="bbox 2235 3868 3870 3942">
     <span class='ocr_line' id='line_1_96' title="bbox 2235 3868 3870 3942; baseline 0.002 -20"><span class='ocrx_word' id='word_1_703' title='bbox 2235 3885 2337 3938; x_wconf 91' lang='lat' dir='ltr'><strong>pro</strong></span> <span class='ocrx_word' id='word_1_704' title='bbox 2365 3886 2464 3922; x_wconf 90' lang='lat' dir='ltr'><strong>sua</strong></span> <span class='ocrx_word' id='word_1_705' title='bbox 2489 3868 2702 3940; x_wconf 88' lang='lat' dir='ltr'><strong>pietate</strong></span> <span class='ocrx_word' id='word_1_706' title='bbox 2731 3872 3034 3936; x_wconf 89' lang='lat' dir='ltr'><strong>rectorem,</strong></span> <span class='ocrx_word' id='word_1_707' title='bbox 3063 3869 3160 3940; x_wconf 89' lang='lat' dir='ltr'><strong>qui</strong></span> <span class='ocrx_word' id='word_1_708' title='bbox 3195 3869 3328 3924; x_wconf 82' lang='lat' dir='ltr'><strong>fidei</strong></span> <span class='ocrx_word' id='word_1_709' title='bbox 3358 3886 3554 3924; x_wconf 90' lang='lat' dir='ltr'><strong>causas</strong></span> <span class='ocrx_word' id='word_1_710' title='bbox 3586 3876 3642 3925; x_wconf 92' lang='lat' dir='ltr'><strong>et</strong></span> <span class='ocrx_word' id='word_1_711' title='bbox 3670 3871 3870 3942; x_wconf 84' lang='lat' dir='ltr'><strong>reipu-</strong></span> 
     </span>
    </p>
   </div>
   <div class='ocr_carea' id='block_1_97' title="bbox 2232 3962 3869 4032">
    <p class='ocr_par' dir='ltr' id='par_1_97' title="bbox 2232 3962 3869 4032">
     <span class='ocr_line' id='line_1_97' title="bbox 2232 3962 3869 4032; baseline 0.001 -16"><span class='ocrx_word' id='word_1_712' title='bbox 2232 3962 2395 4016; x_wconf 88' lang='lat' dir='ltr'><strong>blica</strong></span> <span class='ocrx_word' id='word_1_713' title='bbox 2440 3978 2679 4016; x_wconf 88' lang='lat' dir='ltr'><strong>summa</strong></span> <span class='ocrx_word' id='word_1_714' title='bbox 2721 3963 3031 4032; x_wconf 86' lang='lat' dir='ltr'><strong>vigilantia</strong></span> <span class='ocrx_word' id='word_1_715' title='bbox 3078 3963 3267 4017; x_wconf 90' lang='lat' dir='ltr'><strong>studio</strong></span> <span class='ocrx_word' id='word_1_716' title='bbox 3305 3968 3580 4032; x_wconf 89' lang='lat' dir='ltr'><strong>tueretur,</strong></span> <span class='ocrx_word' id='word_1_717' title='bbox 3633 3965 3869 4020; x_wconf 85' lang='lat' dir='ltr'><strong>hareti-</strong></span> 
     </span>
    </p>
   </div>
   <div class='ocr_carea' id='block_1_98' title="bbox 2233 4056 3873 4128">
    <p class='ocr_par' dir='ltr' id='par_1_98' title="bbox 2233 4056 3873 4128">
     <span class='ocr_line' id='line_1_98' title="bbox 2233 4056 3873 4128; baseline 0.001 -18"><span class='ocrx_word' id='word_1_718' title='bbox 2233 4073 2426 4110; x_wconf 85' lang='lat' dir='ltr'><strong>corum</strong></span> <span class='ocrx_word' id='word_1_719' title='bbox 2467 4056 2697 4110; x_wconf 83' lang='lat' dir='ltr'><strong>ausibus</strong></span> <span class='ocrx_word' id='word_1_720' title='bbox 2741 4073 2970 4128; x_wconf 90' lang='lat' dir='ltr'><strong>semper</strong></span> <span class='ocrx_word' id='word_1_721' title='bbox 3011 4057 3306 4125; x_wconf 90' lang='lat' dir='ltr'><strong>obsistens,</strong></span> <span class='ocrx_word' id='word_1_722' title='bbox 3368 4063 3425 4112; x_wconf 91' lang='lat' dir='ltr'><strong>et</strong></span> <span class='ocrx_word' id='word_1_723' title='bbox 3473 4058 3613 4112; x_wconf 87' lang='lat' dir='ltr'><strong>nihil</strong></span> <span class='ocrx_word' id='word_1_724' title='bbox 3662 4074 3873 4113; x_wconf 87' lang='lat' dir='ltr'><strong>eorum</strong></span> 
     </span>
    </p>
   </div>
   <div class='ocr_carea' id='block_1_99' title="bbox 2233 4151 3870 4224">
    <p class='ocr_par' dir='ltr' id='par_1_99' title="bbox 2233 4151 3870 4224">
     <span class='ocr_line' id='line_1_99' title="bbox 2233 4151 3870 4224; baseline 0.002 -20"><span class='ocrx_word' id='word_1_725' title='bbox 2233 4151 2471 4204; x_wconf 82' lang='lat' dir='ltr'><strong>insania</strong></span> <span class='ocrx_word' id='word_1_726' title='bbox 2512 4151 2816 4205; x_wconf 79' lang='lat' dir='ltr'><strong>adversum</strong></span> <span class='ocrx_word' id='word_1_727' title='bbox 2859 4152 3192 4206; x_wconf 88' lang='lat' dir='ltr'><strong>catholicam</strong></span> <span class='ocrx_word' id='word_1_728' title='bbox 3225 4153 3395 4206; x_wconf 84' lang='lat' dir='ltr'><strong>tidem</strong></span> <span class='ocrx_word' id='word_1_729' title='bbox 3423 4153 3594 4223; x_wconf 81' lang='lat' dir='ltr'><strong>licere</strong></span> <span class='ocrx_word' id='word_1_730' title='bbox 3619 4153 3870 4224; x_wconf 84' lang='lat' dir='ltr'><strong>permit-</strong></span> 
     </span>
    </p>
   </div>
   <div class='ocr_carea' id='block_1_100' title="bbox 2231 4247 3872 4318">
    <p class='ocr_par' dir='ltr' id='par_1_100' title="bbox 2231 4247 3872 4318">
     <span class='ocr_line' id='line_1_100' title="bbox 2231 4247 3872 4318; baseline 0.002 -20"><span class='ocrx_word' id='word_1_731' title='bbox 2231 4249 2376 4313; x_wconf 90' lang='lat' dir='ltr'><strong>tens,</strong></span> <span class='ocrx_word' id='word_1_732' title='bbox 2407 4247 2565 4316; x_wconf 89' lang='lat' dir='ltr'><strong>cujus</strong></span> <span class='ocrx_word' id='word_1_733' title='bbox 2596 4250 2725 4316; x_wconf 90' lang='lat' dir='ltr'><strong>post</strong></span> <span class='ocrx_word' id='word_1_734' title='bbox 2747 4247 2926 4300; x_wconf 90' lang='lat' dir='ltr'><strong>Deum</strong></span> <span class='ocrx_word' id='word_1_735' title='bbox 2957 4247 3244 4301; x_wconf 87' lang='lat' dir='ltr'><strong>beneﬁciis</strong></span> <span class='ocrx_word' id='word_1_736' title='bbox 3274 4247 3380 4301; x_wconf 91' lang='lat' dir='ltr'><strong>hoc</strong></span> <span class='ocrx_word' id='word_1_737' title='bbox 3409 4247 3671 4317; x_wconf 87' lang='lat' dir='ltr'><strong>debetur,</strong></span> <span class='ocrx_word' id='word_1_738' title='bbox 3707 4250 3872 4318; x_wconf 88' lang='lat' dir='ltr'><strong>quod</strong></span> 
     </span>
    </p>
   </div>
   <div class='ocr_carea' id='block_1_101' title="bbox 2231 4339 3865 4411">
    <p class='ocr_par' dir='ltr' id='par_1_101' title="bbox 2231 4339 3865 4411">
     <span class='ocr_line' id='line_1_101' title="bbox 2231 4339 3865 4411; baseline 0.002 -18"><span class='ocrx_word' id='word_1_739' title='bbox 2231 4339 2776 4411; x_wconf 79' lang='lat' dir='ltr'><strong>Hierosolymitanus</strong></span> <span class='ocrx_word' id='word_1_740' title='bbox 2810 4341 3106 4411; x_wconf 88' lang='lat' dir='ltr'><strong>episcopus</strong></span> <span class='ocrx_word' id='word_1_741' title='bbox 3136 4346 3217 4396; x_wconf 91' lang='lat' dir='ltr'><strong>est</strong></span> <span class='ocrx_word' id='word_1_742' title='bbox 3244 4347 3525 4411; x_wconf 87' lang='lat' dir='ltr'><strong>receptus,</strong></span> <span class='ocrx_word' id='word_1_743' title='bbox 3557 4347 3611 4395; x_wconf 90' lang='lat' dir='ltr'><strong>et</strong></span> <span class='ocrx_word' id='word_1_744' title='bbox 3653 4357 3865 4396; x_wconf 86' lang='lat' dir='ltr'><strong>mona-</strong></span> 
     </span>
    </p>
   </div>
   <div class='ocr_carea' id='block_1_102' title="bbox 2230 4433 3873 4506">
    <p class='ocr_par' dir='ltr' id='par_1_102' title="bbox 2230 4433 3873 4506">
     <span class='ocr_line' id='line_1_102' title="bbox 2230 4433 3873 4506; baseline 0.002 -19"><span class='ocrx_word' id='word_1_745' title='bbox 2230 4434 2366 4489; x_wconf 92' lang='lat' dir='ltr'><strong>chos</strong></span> <span class='ocrx_word' id='word_1_746' title='bbox 2395 4451 2536 4505; x_wconf 91' lang='lat' dir='ltr'><strong>quos</strong></span> <span class='ocrx_word' id='word_1_747' title='bbox 2573 4433 2816 4506; x_wconf 82' lang='lat' dir='ltr'><strong>perfidia</strong></span> <span class='ocrx_word' id='word_1_748' title='bbox 2856 4435 3140 4490; x_wconf 84' lang='lat' dir='ltr'><strong>haretica</strong></span> <span class='ocrx_word' id='word_1_749' title='bbox 3169 4435 3433 4490; x_wconf 88' lang='lat' dir='ltr'><strong>falsitatis</strong></span> <span class='ocrx_word' id='word_1_750' title='bbox 3472 4437 3764 4491; x_wconf 87' lang='lat' dir='ltr'><strong>invaserat</strong></span> <span class='ocrx_word' id='word_1_751' title='bbox 3794 4438 3873 4491; x_wconf 85' lang='lat' dir='ltr'><strong>ad</strong></span> 
     </span>
    </p>
   </div>
   <div class='ocr_carea' id='block_1_103' title="bbox 2232 4529 3870 4602">
    <p class='ocr_par' dir='ltr' id='par_1_103' title="bbox 2232 4529 3870 4602">
     <span class='ocr_line' id='line_1_103' title="bbox 2232 4529 3870 4602; baseline 0.002 -20"><span class='ocrx_word' id='word_1_752' title='bbox 2232 4529 2532 4584; x_wconf 90' lang='lat' dir='ltr'><strong>sanitatem</strong></span> <span class='ocrx_word' id='word_1_753' title='bbox 2561 4535 2805 4600; x_wconf 88' lang='lat' dir='ltr'><strong>augusta</strong></span> <span class='ocrx_word' id='word_1_754' title='bbox 2833 4529 3135 4584; x_wconf 86' lang='lat' dir='ltr'><strong>auctoritas</strong></span> <span class='ocrx_word' id='word_1_755' title='bbox 3161 4531 3462 4585; x_wconf 89' lang='lat' dir='ltr'><strong>revocavit.</strong></span> <span class='ocrx_word' id='word_1_756' title='bbox 3506 4531 3627 4585; x_wconf 83' lang='lat' dir='ltr'><strong>Mox</strong></span> <span class='ocrx_word' id='word_1_757' title='bbox 3648 4529 3870 4602; x_wconf 88' lang='lat' dir='ltr'><strong>itaque,</strong></span> 
     </span>
    </p>
   </div>
   <div class='ocr_carea' id='block_1_104' title="bbox 2229 4623 3868 4694">
    <p class='ocr_par' dir='ltr' id='par_1_104' title="bbox 2229 4623 3868 4694">
     <span class='ocr_line' id='line_1_104' title="bbox 2229 4623 3868 4694; baseline 0.002 -18"><span class='ocrx_word' id='word_1_758' title='bbox 2229 4627 2290 4676; x_wconf 92' lang='lat' dir='ltr'><strong>ut</strong></span> <span class='ocrx_word' id='word_1_759' title='bbox 2314 4624 2504 4693; x_wconf 90' lang='lat' dir='ltr'><strong>accepi</strong></span> <span class='ocrx_word' id='word_1_760' title='bbox 2530 4623 2796 4694; x_wconf 88' lang='lat' dir='ltr'><strong>epistolas</strong></span> <span class='ocrx_word' id='word_1_761' title='bbox 2813 4629 2938 4678; x_wconf 90' lang='lat' dir='ltr'><strong>tuas</strong></span> <span class='ocrx_word' id='word_1_762' title='bbox 2965 4624 3097 4678; x_wconf 88' lang='lat' dir='ltr'><strong>talia</strong></span> <span class='ocrx_word' id='word_1_763' title='bbox 3123 4625 3493 4692; x_wconf 90' lang='lat' dir='ltr'><strong>continentes,</strong></span> <span class='ocrx_word' id='word_1_764' title='bbox 3524 4641 3642 4678; x_wconf 92' lang='lat' dir='ltr'><strong>non</strong></span> <span class='ocrx_word' id='word_1_765' title='bbox 3668 4627 3868 4680; x_wconf 88' lang='lat' dir='ltr'><strong>solum</strong></span> 
     </span>
    </p>
   </div>
   <div class='ocr_carea' id='block_1_105' title="bbox 2231 4717 3870 4790">
    <p class='ocr_par' dir='ltr' id='par_1_105' title="bbox 2231 4717 3870 4790">
     <span class='ocr_line' id='line_1_105' title="bbox 2231 4717 3870 4790; baseline 0.003 -20"><span class='ocrx_word' id='word_1_766' title='bbox 2231 4717 2433 4771; x_wconf 90' lang='lat' dir='ltr'><strong>eadem</strong></span> <span class='ocrx_word' id='word_1_767' title='bbox 2462 4717 2572 4788; x_wconf 88' lang='lat' dir='ltr'><strong>die,</strong></span> <span class='ocrx_word' id='word_1_768' title='bbox 2602 4718 2699 4773; x_wconf 91' lang='lat' dir='ltr'><strong>sed</strong></span> <span class='ocrx_word' id='word_1_769' title='bbox 2721 4735 2900 4790; x_wconf 92' lang='lat' dir='ltr'><strong>prope</strong></span> <span class='ocrx_word' id='word_1_770' title='bbox 2927 4719 3124 4773; x_wconf 88' lang='lat' dir='ltr'><strong>eadem</strong></span> <span class='ocrx_word' id='word_1_771' title='bbox 3148 4719 3239 4774; x_wconf 90' lang='lat' dir='ltr'><strong>die</strong></span> <span class='ocrx_word' id='word_1_772' title='bbox 3265 4735 3595 4790; x_wconf 89' lang='lat' dir='ltr'><strong>responsum</strong></span> <span class='ocrx_word' id='word_1_773' title='bbox 3617 4719 3870 4776; x_wconf 83' lang='lat' dir='ltr'><strong>reddere</strong></span> 
     </span>
    </p>
   </div>
   <div class='ocr_carea' id='block_1_106' title="bbox 2228 4812 3870 4885">
    <p class='ocr_par' dir='ltr' id='par_1_106' title="bbox 2228 4812 3870 4885">
     <span class='ocr_line' id='line_1_106' title="bbox 2228 4812 3870 4885; baseline 0.003 -20"><span class='ocrx_word' id='word_1_774' title='bbox 2228 4812 2528 4878; x_wconf 86' lang='lat' dir='ltr'><strong>maturavi,</strong></span> <span class='ocrx_word' id='word_1_775' title='bbox 2584 4815 2650 4864; x_wconf 92' lang='lat' dir='ltr'><strong>ut</strong></span> <span class='ocrx_word' id='word_1_776' title='bbox 2692 4812 2898 4868; x_wconf 88' lang='lat' dir='ltr'><strong>certior</strong></span> <span class='ocrx_word' id='word_1_777' title='bbox 2947 4812 3016 4866; x_wconf 92' lang='lat' dir='ltr'><strong>de</strong></span> <span class='ocrx_word' id='word_1_778' title='bbox 3065 4813 3333 4868; x_wconf 89' lang='lat' dir='ltr'><strong>omnibus</strong></span> <span class='ocrx_word' id='word_1_779' title='bbox 3376 4831 3504 4884; x_wconf 85' lang='lat' dir='ltr'><strong>qua</strong></span> <span class='ocrx_word' id='word_1_780' title='bbox 3553 4813 3870 4885; x_wconf 84' lang='lat' dir='ltr'><strong>scripseras</strong></span> 
     </span>
    </p>
   </div>
   <div class='ocr_carea' id='block_1_107' title="bbox 2229 4906 3869 4963">
    <p class='ocr_par' dir='ltr' id='par_1_107' title="bbox 2229 4906 3869 4963">
     <span class='ocr_line' id='line_1_107' title="bbox 2229 4906 3869 4963; baseline 0.003 -5"><span class='ocrx_word' id='word_1_781' title='bbox 2229 4906 2559 4961; x_wconf 89' lang='lat' dir='ltr'><strong>reddideris.</strong></span> <span class='ocrx_word' id='word_1_782' title='bbox 2605 4907 2858 4961; x_wconf 88' lang='lat' dir='ltr'><strong>Fratrem</strong></span> <span class='ocrx_word' id='word_1_783' title='bbox 2906 4907 3227 4962; x_wconf 91' lang='lat' dir='ltr'><strong>Proterium</strong></span> <span class='ocrx_word' id='word_1_784' title='bbox 3268 4908 3663 4963; x_wconf 85' lang='lat' dir='ltr'><strong>Alexandrina</strong></span> <span class='ocrx_word' id='word_1_785' title='bbox 3701 4909 3869 4963; x_wconf 87' lang='lat' dir='ltr'><strong>urbis</strong></span> 
     </span>
    </p>
   </div>
   <div class='ocr_carea' id='block_1_108' title="bbox 2227 5001 3865 5073">
    <p class='ocr_par' dir='ltr' id='par_1_108' title="bbox 2227 5001 3865 5073">
     <span class='ocr_line' id='line_1_108' title="bbox 2227 5001 3865 5073; baseline 0.003 -20"><span class='ocrx_word' id='word_1_786' title='bbox 2227 5001 2556 5071; x_wconf 87' lang='lat' dir='ltr'><strong>episcopum</strong></span> <span class='ocrx_word' id='word_1_787' title='bbox 2586 5001 2842 5072; x_wconf 87' lang='lat' dir='ltr'><strong>gratulor</strong></span> <span class='ocrx_word' id='word_1_788' title='bbox 2867 5002 3262 5056; x_wconf 86' lang='lat' dir='ltr'><strong>satisfactionis</strong></span> <span class='ocrx_word' id='word_1_789' title='bbox 3290 5003 3486 5073; x_wconf 89' lang='lat' dir='ltr'><strong>plenas</strong></span> <span class='ocrx_word' id='word_1_790' title='bbox 3517 5003 3586 5056; x_wconf 92' lang='lat' dir='ltr'><strong>de</strong></span> <span class='ocrx_word' id='word_1_791' title='bbox 3613 5003 3724 5057; x_wconf 86' lang='lat' dir='ltr'><strong>tide</strong></span> <span class='ocrx_word' id='word_1_792' title='bbox 3754 5020 3865 5058; x_wconf 85' lang='lat' dir='ltr'><strong>sua</strong></span> 
     </span>
    </p>
   </div>
   <div class='ocr_carea' id='block_1_109' title="bbox 2227 5094 3864 5167">
    <p class='ocr_par' dir='ltr' id='par_1_109' title="bbox 2227 5094 3864 5167">
     <span class='ocr_line' id='line_1_109' title="bbox 2227 5094 3864 5167; baseline 0.004 -21"><span class='ocrx_word' id='word_1_793' title='bbox 2227 5094 2296 5147; x_wconf 92' lang='lat' dir='ltr'><strong>ad</strong></span> <span class='ocrx_word' id='word_1_794' title='bbox 2344 5101 2446 5147; x_wconf 84' lang='lat' dir='ltr'><strong>nos</strong></span> <span class='ocrx_word' id='word_1_795' title='bbox 2502 5095 2717 5150; x_wconf 88' lang='lat' dir='ltr'><strong>litteras</strong></span> <span class='ocrx_word' id='word_1_796' title='bbox 2765 5095 3052 5163; x_wconf 86' lang='lat' dir='ltr'><strong>direxisse,</strong></span> <span class='ocrx_word' id='word_1_797' title='bbox 3102 5100 3158 5150; x_wconf 88' lang='lat' dir='ltr'><strong>et</strong></span> <span class='ocrx_word' id='word_1_798' title='bbox 3211 5098 3531 5164; x_wconf 88' lang='lat' dir='ltr'><strong>manifeste,</strong></span> <span class='ocrx_word' id='word_1_799' title='bbox 3585 5098 3864 5167; x_wconf 89' lang='lat' dir='ltr'><strong>quidnam</strong></span> 
     </span>
    </p>
   </div>
   <div class='ocr_carea' id='block_1_110' title="bbox 2231 5189 3867 5262">
    <p class='ocr_par' dir='ltr' id='par_1_110' title="bbox 2231 5189 3867 5262">
     <span class='ocr_line' id='line_1_110' title="bbox 2231 5189 3867 5262; baseline 0.005 -22"><span class='ocrx_word' id='word_1_800' title='bbox 2231 5190 2418 5242; x_wconf 90' lang='lat' dir='ltr'><strong>teneat</strong></span> <span class='ocrx_word' id='word_1_801' title='bbox 2452 5189 2746 5257; x_wconf 84' lang='lat' dir='ltr'><strong>indicasse,</strong></span> <span class='ocrx_word' id='word_1_802' title='bbox 2786 5191 2876 5244; x_wconf 90' lang='lat' dir='ltr'><strong>cui</strong></span> <span class='ocrx_word' id='word_1_803' title='bbox 2918 5207 3010 5244; x_wconf 89' lang='lat' dir='ltr'><strong>me</strong></span> <span class='ocrx_word' id='word_1_804' title='bbox 3049 5192 3280 5262; x_wconf 84' lang='lat' dir='ltr'><strong>dignam</strong></span> <span class='ocrx_word' id='word_1_805' title='bbox 3321 5193 3564 5262; x_wconf 87' lang='lat' dir='ltr'><strong>gratiam</strong></span> <span class='ocrx_word' id='word_1_806' title='bbox 3595 5209 3696 5262; x_wconf 90' lang='lat' dir='ltr'><strong>pro</strong></span> <span class='ocrx_word' id='word_1_807' title='bbox 3723 5193 3867 5249; x_wconf 84' lang='lat' dir='ltr'><strong>fidei</strong></span> 
     </span>
    </p>
   </div>
   <div class='ocr_carea' id='block_1_111' title="bbox 2225 5281 3862 5356">
    <p class='ocr_par' dir='ltr' id='par_1_111' title="bbox 2225 5281 3862 5356">
     <span class='ocr_line' id='line_1_111' title="bbox 2225 5281 3862 5356; baseline 0.005 -22"><span class='ocrx_word' id='word_1_808' title='bbox 2225 5281 2399 5352; x_wconf 91' lang='lat' dir='ltr'><strong>ipsius</strong></span> <span class='ocrx_word' id='word_1_809' title='bbox 2444 5283 2762 5339; x_wconf 88' lang='lat' dir='ltr'><strong>sinceritate</strong></span> <span class='ocrx_word' id='word_1_810' title='bbox 2793 5301 3017 5339; x_wconf 89' lang='lat' dir='ltr'><strong>necesse</strong></span> <span class='ocrx_word' id='word_1_811' title='bbox 3050 5291 3133 5340; x_wconf 92' lang='lat' dir='ltr'><strong>est</strong></span> <span class='ocrx_word' id='word_1_812' title='bbox 3167 5293 3454 5356; x_wconf 61' lang='lat' dir='ltr'><strong>praestare,</strong></span> <span class='ocrx_word' id='word_1_813' title='bbox 3489 5292 3549 5340; x_wconf 92' lang='lat' dir='ltr'><strong>ut</strong></span> <span class='ocrx_word' id='word_1_814' title='bbox 3574 5287 3862 5342; x_wconf 90' lang='lat' dir='ltr'><strong>honorem</strong></span> 
     </span>
    </p>
   </div>
   <div class='ocr_carea' id='block_1_112' title="bbox 2225 5375 3861 5452">
    <p class='ocr_par' dir='ltr' id='par_1_112' title="bbox 2225 5375 3861 5452">
     <span class='ocr_line' id='line_1_112' title="bbox 2225 5375 3861 5452; baseline 0.005 -24"><span class='ocrx_word' id='word_1_815' title='bbox 2225 5375 2281 5428; x_wconf 90' lang='lat' dir='ltr'><strong>in</strong></span> <span class='ocrx_word' id='word_1_816' title='bbox 2313 5377 2468 5432; x_wconf 90' lang='lat' dir='ltr'><strong>nullo</strong></span> <span class='ocrx_word' id='word_1_817' title='bbox 2489 5394 2603 5432; x_wconf 88' lang='lat' dir='ltr'><strong>sua</strong></span> <span class='ocrx_word' id='word_1_818' title='bbox 2626 5380 2826 5449; x_wconf 89' lang='lat' dir='ltr'><strong>perdat</strong></span> <span class='ocrx_word' id='word_1_819' title='bbox 2847 5381 3115 5449; x_wconf 86' lang='lat' dir='ltr'><strong>ecclesia,</strong></span> <span class='ocrx_word' id='word_1_820' title='bbox 3136 5380 3281 5435; x_wconf 87' lang='lat' dir='ltr'><strong>sedis</strong></span> <span class='ocrx_word' id='word_1_821' title='bbox 3305 5397 3418 5435; x_wconf 89' lang='lat' dir='ltr'><strong>sua</strong></span> <span class='ocrx_word' id='word_1_822' title='bbox 3445 5381 3740 5452; x_wconf 86' lang='lat' dir='ltr'><strong>privilegia</strong></span> <span class='ocrx_word' id='word_1_823' title='bbox 3762 5399 3861 5452; x_wconf 85' lang='lat' dir='ltr'><strong>pa-</strong></span> 
     </span>
    </p>
   </div>
   <div class='ocr_carea' id='block_1_113' title="bbox 2225 5472 3857 5545">
    <p class='ocr_par' dir='ltr' id='par_1_113' title="bbox 2225 5472 3857 5545">
     <span class='ocr_line' id='line_1_113' title="bbox 2225 5472 3857 5545; baseline 0.004 -20"><span class='ocrx_word' id='word_1_824' title='bbox 2225 5474 2398 5525; x_wconf 86' lang='lat' dir='ltr'><strong>terna</strong></span> <span class='ocrx_word' id='word_1_825' title='bbox 2428 5472 2782 5543; x_wconf 90' lang='lat' dir='ltr'><strong>antiquitatis</strong></span> <span class='ocrx_word' id='word_1_826' title='bbox 2817 5475 3098 5545; x_wconf 80' lang='lat' dir='ltr'><strong>exemplo,</strong></span> <span class='ocrx_word' id='word_1_827' title='bbox 3130 5475 3294 5545; x_wconf 85' lang='lat' dir='ltr'><strong>juxta</strong></span> <span class='ocrx_word' id='word_1_828' title='bbox 3322 5492 3602 5530; x_wconf 88' lang='lat' dir='ltr'><strong>canonum</strong></span> <span class='ocrx_word' id='word_1_829' title='bbox 3634 5475 3857 5531; x_wconf 84' lang='lat' dir='ltr'><strong>illibata</strong></span> 
     </span>
    </p>
   </div>
   <div class='ocr_carea' id='block_1_114' title="bbox 2215 5565 3855 5638">
    <p class='ocr_par' dir='ltr' id='par_1_114' title="bbox 2215 5565 3855 5638">
     <span class='ocr_line' id='line_1_114' title="bbox 2215 5565 3855 5638; baseline 0.003 -20"><span class='ocrx_word' id='word_1_830' title='bbox 2215 5565 2342 5635; x_wconf 87' lang='lat' dir='ltr'><strong>jura</strong></span> <span class='ocrx_word' id='word_1_831' title='bbox 2365 5566 2665 5636; x_wconf 88' lang='lat' dir='ltr'><strong>possideat,</strong></span> <span class='ocrx_word' id='word_1_832' title='bbox 2686 5567 2754 5622; x_wconf 91' lang='lat' dir='ltr'><strong>de</strong></span> <span class='ocrx_word' id='word_1_833' title='bbox 2777 5569 3075 5638; x_wconf 84' lang='lat' dir='ltr'><strong>prasentis</strong></span> <span class='ocrx_word' id='word_1_834' title='bbox 3096 5569 3234 5623; x_wconf 88' lang='lat' dir='ltr'><strong>anni</strong></span> <span class='ocrx_word' id='word_1_835' title='bbox 3257 5570 3486 5635; x_wconf 84' lang='lat' dir='ltr'><strong>Pascha,</strong></span> <span class='ocrx_word' id='word_1_836' title='bbox 3510 5570 3665 5623; x_wconf 89' lang='lat' dir='ltr'><strong>nulla</strong></span> <span class='ocrx_word' id='word_1_837' title='bbox 3688 5569 3855 5624; x_wconf 91' lang='lat' dir='ltr'><strong>dubi-</strong></span> 
     </span>
    </p>
   </div>
   <div class='ocr_carea' id='block_1_115' title="bbox 2221 5659 3852 5734">
    <p class='ocr_par' dir='ltr' id='par_1_115' title="bbox 2221 5659 3852 5734">
     <span class='ocr_line' id='line_1_115' title="bbox 2221 5659 3852 5734; baseline 0.003 -21"><span class='ocrx_word' id='word_1_838' title='bbox 2221 5659 2360 5714; x_wconf 87' lang='lat' dir='ltr'><strong>tatio</strong></span> <span class='ocrx_word' id='word_1_839' title='bbox 2392 5676 2514 5713; x_wconf 91' lang='lat' dir='ltr'><strong>esse</strong></span> <span class='ocrx_word' id='word_1_840' title='bbox 2554 5659 2719 5713; x_wconf 89' lang='lat' dir='ltr'><strong>nobis</strong></span> <span class='ocrx_word' id='word_1_841' title='bbox 2762 5663 2966 5734; x_wconf 89' lang='lat' dir='ltr'><strong>potuit.</strong></span> <span class='ocrx_word' id='word_1_842' title='bbox 3008 5663 3117 5717; x_wconf 93' lang='lat' dir='ltr'><strong>Sed</strong></span> <span class='ocrx_word' id='word_1_843' title='bbox 3157 5663 3226 5717; x_wconf 90' lang='lat' dir='ltr'><strong>de</strong></span> <span class='ocrx_word' id='word_1_844' title='bbox 3264 5664 3456 5717; x_wconf 89' lang='lat' dir='ltr'><strong>futuro</strong></span> <span class='ocrx_word' id='word_1_845' title='bbox 3491 5663 3648 5734; x_wconf 89' lang='lat' dir='ltr'><strong>quod</strong></span> <span class='ocrx_word' id='word_1_846' title='bbox 3684 5664 3852 5718; x_wconf 85' lang='lat' dir='ltr'><strong>scivi-</strong></span> 
     </span>
    </p>
   </div>
   <div class='ocr_carea' id='block_1_116' title="bbox 2221 5752 3856 5830">
    <p class='ocr_par' dir='ltr' id='par_1_116' title="bbox 2221 5752 3856 5830">
     <span class='ocr_line' id='line_1_116' title="bbox 2221 5752 3856 5830; baseline 0.003 -23"><span class='ocrx_word' id='word_1_847' title='bbox 2221 5769 2366 5822; x_wconf 90' lang='lat' dir='ltr'><strong>mus,</strong></span> <span class='ocrx_word' id='word_1_848' title='bbox 2396 5752 2550 5825; x_wconf 91' lang='lat' dir='ltr'><strong>quod</strong></span> <span class='ocrx_word' id='word_1_849' title='bbox 2573 5754 2917 5826; x_wconf 90' lang='lat' dir='ltr'><strong>Theophilus</strong></span> <span class='ocrx_word' id='word_1_850' title='bbox 2937 5756 3337 5812; x_wconf 81' lang='lat' dir='ltr'><strong>Alexandrina</strong></span> <span class='ocrx_word' id='word_1_851' title='bbox 3371 5757 3526 5812; x_wconf 89' lang='lat' dir='ltr'><strong>urbis</strong></span> <span class='ocrx_word' id='word_1_852' title='bbox 3555 5759 3856 5830; x_wconf 86' lang='lat' dir='ltr'><strong>episcopus</strong></span> 
     </span>
    </p>
   </div>
   <div class='ocr_carea' id='block_1_117' title="bbox 2218 5847 3857 5925">
    <p class='ocr_par' dir='ltr' id='par_1_117' title="bbox 2218 5847 3857 5925">
     <span class='ocr_line' id='line_1_117' title="bbox 2218 5847 3857 5925; baseline 0.005 -25"><span class='ocrx_word' id='word_1_853' title='bbox 2218 5863 2372 5902; x_wconf 89' lang='lat' dir='ltr'><strong>nono</strong></span> <span class='ocrx_word' id='word_1_854' title='bbox 2403 5847 2792 5904; x_wconf 88' lang='lat' dir='ltr'><strong>Kalendarum</strong></span> <span class='ocrx_word' id='word_1_855' title='bbox 2811 5850 3093 5922; x_wconf 57' lang='lat' dir='ltr'><strong>.Maiarum</strong></span> <span class='ocrx_word' id='word_1_856' title='bbox 3125 5850 3238 5921; x_wconf 88' lang='lat' dir='ltr'><strong>die,</strong></span> <span class='ocrx_word' id='word_1_857' title='bbox 3271 5853 3424 5925; x_wconf 91' lang='lat' dir='ltr'><strong>quod</strong></span> <span class='ocrx_word' id='word_1_858' title='bbox 3453 5867 3750 5924; x_wconf 84' lang='lat' dir='ltr'><strong>nunquam</strong></span> <span class='ocrx_word' id='word_1_859' title='bbox 3774 5853 3857 5908; x_wconf 81' lang='lat' dir='ltr'><strong>ita</strong></span> 
     </span>
    </p>
   </div>
   <div class='ocr_carea' id='block_1_118' title="bbox 2221 5942 3852 6014">
    <p class='ocr_par' dir='ltr' id='par_1_118' title="bbox 2221 5942 3852 6014">
     <span class='ocr_line' id='line_1_118' title="bbox 2221 5942 3852 6014; baseline 0.007 -20"><span class='ocrx_word' id='word_1_860' title='bbox 2221 5958 2251 5994; x_wconf 87' lang='lat' dir='ltr'><strong>a</strong></span> <span class='ocrx_word' id='word_1_861' title='bbox 2275 5945 2532 6014; x_wconf 89' lang='lat' dir='ltr'><strong>tempore</strong></span> <span class='ocrx_word' id='word_1_862' title='bbox 2571 5942 2875 6000; x_wconf 85' lang='lat' dir='ltr'><strong>Dominica</strong></span> <span class='ocrx_word' id='word_1_863' title='bbox 2915 5946 3348 6002; x_wconf 85' lang='lat' dir='ltr'><strong>resurrectionis</strong></span> <span class='ocrx_word' id='word_1_864' title='bbox 3376 5947 3726 6003; x_wconf 88' lang='lat' dir='ltr'><strong>celebratum</strong></span> <span class='ocrx_word' id='word_1_865' title='bbox 3761 5954 3852 6007; x_wconf 83' lang='lat' dir='ltr'><strong>est</strong></span> 
     </span>
    </p>
   </div>
  </div>
