  <div class='ocr_page' id='page_1' title='image "/cluster/home/n/w/nwhite01/storage/ocr_20150623/130/umn.319510024774230/490.png"; bbox 0 0 4034 6300; ppageno 0'>
   <div class='ocr_carea' id='block_1_1' title="bbox 196 353 305 407">
    <p class='ocr_par' dir='ltr' id='par_1_1' title="bbox 196 353 305 407">
     <span class='ocr_line' id='line_1_1' title="bbox 196 353 305 407; baseline -0.009 -1"><span class='ocrx_word' id='word_1_1' title='bbox 196 353 305 407; x_wconf 78' lang='lat'>829</span> 
     </span>
    </p>
   </div>
   <div class='ocr_carea' id='block_1_2' title="bbox 1370 354 2334 419">
    <p class='ocr_par' dir='ltr' id='par_1_2' title="bbox 1370 354 2334 419">
     <span class='ocr_line' id='line_1_2' title="bbox 1370 354 2334 419; baseline -0.002 -4"><span class='ocrx_word' id='word_1_2' title='bbox 1370 366 1376 373; x_wconf 88' lang='lat'><strong><em>&#39;</em></strong></span> <span class='ocrx_word' id='word_1_3' title='bbox 1444 354 1911 419; x_wconf 74' lang='lat' dir='ltr'>DECRETALIUM</span> <span class='ocrx_word' id='word_1_4' title='bbox 1947 355 2334 415; x_wconf 83' lang='lat' dir='ltr'>COLLECTIO.</span> 
     </span>
    </p>
   </div>
   <div class='ocr_carea' id='block_1_3' title="bbox 3471 372 3572 425">
    <p class='ocr_par' dir='ltr' id='par_1_3' title="bbox 3471 372 3572 425">
     <span class='ocr_line' id='line_1_3' title="bbox 3471 372 3572 425; baseline 0 0"><span class='ocrx_word' id='word_1_5' title='bbox 3471 372 3572 425; x_wconf 81' lang='lat'>830</span> 
     </span>
    </p>
   </div>
   <div class='ocr_carea' id='block_1_4' title="bbox 199 463 3573 558">
    <p class='ocr_par' dir='ltr' id='par_1_4' title="bbox 199 463 3573 558">
     <span class='ocr_line' id='line_1_4' title="bbox 199 463 3573 558; baseline 0.004 -39"><span class='ocrx_word' id='word_1_6' title='bbox 199 463 452 520; x_wconf 79' lang='lat' dir='ltr'>credidit</span> <span class='ocrx_word' id='word_1_7' title='bbox 485 465 904 523; x_wconf 85' lang='lat' dir='ltr'>ascribendum.</span> <span class='ocrx_word' id='word_1_8' title='bbox 938 469 1100 525; x_wconf 87' lang='lat' dir='ltr'>Unde</span> <span class='ocrx_word' id='word_1_9' title='bbox 1130 468 1423 526; x_wconf 85' lang='lat' dir='ltr'>sollicitius</span> <span class='ocrx_word' id='word_1_10' title='bbox 1452 473 1717 545; x_wconf 83' lang='lat' dir='ltr'>congruit</span> <span class='ocrx_word' id='word_1_11' title='bbox 1752 474 1839 527; x_wconf 90' lang='lat' dir='ltr'>in-</span> <span class='ocrx_word' id='word_1_12' title='bbox 1864 486 1922 558; x_wconf 78' lang='grc' dir='ltr'><strong>Α</strong></span> <span class='ocrx_word' id='word_1_13' title='bbox 1941 468 2104 539; x_wconf 83' lang='lat' dir='ltr'>sime,</span> <span class='ocrx_word' id='word_1_14' title='bbox 2126 470 2185 524; x_wconf 91' lang='lat' dir='ltr'>in</span> <span class='ocrx_word' id='word_1_15' title='bbox 2206 471 2364 525; x_wconf 91' lang='lat' dir='ltr'>nullo</span> <span class='ocrx_word' id='word_1_16' title='bbox 2387 470 2560 525; x_wconf 85' lang='lat' dir='ltr'>debes</span> <span class='ocrx_word' id='word_1_17' title='bbox 2587 470 2657 526; x_wconf 87' lang='lat' dir='ltr'>de</span> <span class='ocrx_word' id='word_1_18' title='bbox 2682 476 2876 527; x_wconf 90' lang='lat' dir='ltr'>nostra</span> <span class='ocrx_word' id='word_1_19' title='bbox 2901 473 3209 530; x_wconf 84' lang='lat' dir='ltr'>dilectione</span> <span class='ocrx_word' id='word_1_20' title='bbox 3238 474 3499 534; x_wconf 88' lang='lat' dir='ltr'>dubitare</span> <span class='ocrx_word' id='word_1_21' title='bbox 3529 480 3573 533; x_wconf 90' lang='lat' dir='ltr'>si</span> 
     </span>
    </p>
   </div>
   <div class='ocr_carea' id='block_1_5' title="bbox 198 558 1839 631">
    <p class='ocr_par' dir='ltr' id='par_1_5' title="bbox 198 558 1839 631">
     <span class='ocr_line' id='line_1_5' title="bbox 198 558 1839 631; baseline 0.005 -19"><span class='ocrx_word' id='word_1_22' title='bbox 198 558 379 631; x_wconf 89' lang='lat' dir='ltr'>quiri,</span> <span class='ocrx_word' id='word_1_23' title='bbox 405 565 471 614; x_wconf 90' lang='lat' dir='ltr'>ut</span> <span class='ocrx_word' id='word_1_24' title='bbox 499 560 686 616; x_wconf 91' lang='lat' dir='ltr'>omnis</span> <span class='ocrx_word' id='word_1_25' title='bbox 711 562 928 618; x_wconf 87' lang='lat' dir='ltr'>occasio</span> <span class='ocrx_word' id='word_1_26' title='bbox 953 563 1184 618; x_wconf 89' lang='lat' dir='ltr'>tollatur</span> <span class='ocrx_word' id='word_1_27' title='bbox 1210 566 1441 621; x_wconf 88' lang='lat' dir='ltr'>erroris.</span> <span class='ocrx_word' id='word_1_28' title='bbox 1472 567 1615 621; x_wconf 89' lang='lat' dir='ltr'>Nam</span> <span class='ocrx_word' id='word_1_29' title='bbox 1642 566 1703 621; x_wconf 93' lang='lat' dir='ltr'>in</span> <span class='ocrx_word' id='word_1_30' title='bbox 1732 583 1839 621; x_wconf 90' lang='lat' dir='ltr'>no-</span> 
     </span>
    </p>
   </div>
   <div class='ocr_carea' id='block_1_6' title="bbox 197 653 1840 731">
    <p class='ocr_par' dir='ltr' id='par_1_6' title="bbox 197 653 1840 731">
     <span class='ocr_line' id='line_1_6' title="bbox 197 653 1840 731; baseline 0.004 -25"><span class='ocrx_word' id='word_1_31' title='bbox 197 653 337 707; x_wconf 81' lang='lat' dir='ltr'>stris</span> <span class='ocrx_word' id='word_1_32' title='bbox 360 654 666 709; x_wconf 83' lang='lat' dir='ltr'>annalibus</span> <span class='ocrx_word' id='word_1_33' title='bbox 696 656 1085 713; x_wconf 85' lang='lat' dir='ltr'>Kalendarum</span> <span class='ocrx_word' id='word_1_34' title='bbox 1113 659 1381 714; x_wconf 87' lang='lat' dir='ltr'>Maiarum</span> <span class='ocrx_word' id='word_1_35' title='bbox 1415 661 1526 725; x_wconf 90' lang='lat' dir='ltr'>die,</span> <span class='ocrx_word' id='word_1_36' title='bbox 1550 661 1840 731; x_wconf 85' lang='lat' dir='ltr'>aptissime</span> 
     </span>
    </p>
   </div>
   <div class='ocr_carea' id='block_1_7' title="bbox 200 748 1839 825">
    <p class='ocr_par' dir='ltr' id='par_1_7' title="bbox 200 748 1839 825">
     <span class='ocr_line' id='line_1_7' title="bbox 200 748 1839 825; baseline 0.005 -25"><span class='ocrx_word' id='word_1_37' title='bbox 200 763 235 800; x_wconf 88' lang='lat' dir='ltr'>a</span> <span class='ocrx_word' id='word_1_38' title='bbox 266 748 540 803; x_wconf 88' lang='lat' dir='ltr'>Patribus</span> <span class='ocrx_word' id='word_1_39' title='bbox 569 750 776 805; x_wconf 82' lang='lat' dir='ltr'>nostris</span> <span class='ocrx_word' id='word_1_40' title='bbox 819 756 873 806; x_wconf 89' lang='lat' dir='ltr'>et</span> <span class='ocrx_word' id='word_1_41' title='bbox 903 752 1237 808; x_wconf 90' lang='lat' dir='ltr'>constitutus</span> <span class='ocrx_word' id='word_1_42' title='bbox 1264 754 1475 825; x_wconf 80' lang='lat' dir='ltr'>legitur</span> <span class='ocrx_word' id='word_1_43' title='bbox 1502 758 1559 808; x_wconf 90' lang='lat' dir='ltr'>et</span> <span class='ocrx_word' id='word_1_44' title='bbox 1587 754 1839 809; x_wconf 87' lang='lat' dir='ltr'>celebra-</span> 
     </span>
    </p>
   </div>
   <div class='ocr_carea' id='block_1_8' title="bbox 197 845 1839 919">
    <p class='ocr_par' dir='ltr' id='par_1_8' title="bbox 197 845 1839 919">
     <span class='ocr_line' id='line_1_8' title="bbox 197 845 1839 919; baseline 0.005 -24"><span class='ocrx_word' id='word_1_45' title='bbox 197 845 310 895; x_wconf 90' lang='lat' dir='ltr'>tus.</span> <span class='ocrx_word' id='word_1_46' title='bbox 339 845 419 897; x_wconf 75' lang='lat' dir='ltr'>Ac</span> <span class='ocrx_word' id='word_1_47' title='bbox 450 854 521 897; x_wconf 87' lang='lat' dir='ltr'>ne</span> <span class='ocrx_word' id='word_1_48' title='bbox 549 845 633 898; x_wconf 89' lang='lat' dir='ltr'>vel</span> <span class='ocrx_word' id='word_1_49' title='bbox 665 845 820 916; x_wconf 90' lang='lat' dir='ltr'>apud</span> <span class='ocrx_word' id='word_1_50' title='bbox 848 862 971 914; x_wconf 91' lang='lat' dir='ltr'>nos,</span> <span class='ocrx_word' id='word_1_51' title='bbox 1001 848 1089 901; x_wconf 88' lang='lat' dir='ltr'>vel</span> <span class='ocrx_word' id='word_1_52' title='bbox 1117 848 1268 919; x_wconf 89' lang='lat' dir='ltr'>apud</span> <span class='ocrx_word' id='word_1_53' title='bbox 1300 848 1598 903; x_wconf 87' lang='lat' dir='ltr'>orientales</span> <span class='ocrx_word' id='word_1_54' title='bbox 1639 865 1839 903; x_wconf 87' lang='lat' dir='ltr'>nasca-</span> 
     </span>
    </p>
   </div>
   <div class='ocr_carea' id='block_1_9' title="bbox 196 937 1841 1009">
    <p class='ocr_par' dir='ltr' id='par_1_9' title="bbox 196 937 1841 1009">
     <span class='ocr_line' id='line_1_9' title="bbox 196 937 1841 1009; baseline 0.005 -21"><span class='ocrx_word' id='word_1_55' title='bbox 196 940 299 989; x_wconf 89' lang='lat' dir='ltr'>tur</span> <span class='ocrx_word' id='word_1_56' title='bbox 342 953 407 989; x_wconf 85' lang='lat' dir='ltr'>ex</span> <span class='ocrx_word' id='word_1_57' title='bbox 456 937 561 992; x_wconf 89' lang='lat' dir='ltr'>hac</span> <span class='ocrx_word' id='word_1_58' title='bbox 608 943 767 1009; x_wconf 85' lang='lat' dir='ltr'>parte</span> <span class='ocrx_word' id='word_1_59' title='bbox 810 939 1122 1008; x_wconf 80' lang='lat' dir='ltr'>diversitas,</span> <span class='ocrx_word' id='word_1_60' title='bbox 1153 942 1262 996; x_wconf 91' lang='lat' dir='ltr'>hoc</span> <span class='ocrx_word' id='word_1_61' title='bbox 1305 941 1606 996; x_wconf 82' lang='lat' dir='ltr'>instantius</span> <span class='ocrx_word' id='word_1_62' title='bbox 1648 945 1841 997; x_wconf 92' lang='lat' dir='ltr'>nostro</span> 
     </span>
    </p>
   </div>
   <div class='ocr_carea' id='block_1_10' title="bbox 200 1030 1839 1106">
    <p class='ocr_par' dir='ltr' id='par_1_10' title="bbox 200 1030 1839 1106">
     <span class='ocr_line' id='line_1_10' title="bbox 200 1030 1839 1106; baseline 0.005 -25"><span class='ocrx_word' id='word_1_63' title='bbox 200 1030 441 1085; x_wconf 88' lang='lat' dir='ltr'>nomine</span> <span class='ocrx_word' id='word_1_64' title='bbox 496 1048 628 1085; x_wconf 89' lang='lat' dir='ltr'>cum</span> <span class='ocrx_word' id='word_1_65' title='bbox 679 1031 1157 1089; x_wconf 88' lang='lat' dir='ltr'>Christianissimo</span> <span class='ocrx_word' id='word_1_66' title='bbox 1214 1034 1472 1106; x_wconf 84' lang='lat' dir='ltr'>principe</span> <span class='ocrx_word' id='word_1_67' title='bbox 1522 1051 1692 1106; x_wconf 85' lang='lat' dir='ltr'>agere</span> <span class='ocrx_word' id='word_1_68' title='bbox 1744 1038 1839 1090; x_wconf 92' lang='lat' dir='ltr'>tua</span> 
     </span>
    </p>
   </div>
   <div class='ocr_carea' id='block_1_11' title="bbox 199 1120 1839 1231">
    <p class='ocr_par' dir='ltr' id='par_1_11' title="bbox 199 1120 1839 1231">
     <span class='ocr_line' id='line_1_11' title="bbox 199 1120 1839 1231; baseline 0.005 -55"><span class='ocrx_word' id='word_1_69' title='bbox 199 1120 480 1193; x_wconf 87' lang='lat' dir='ltr'>dignetur</span> <span class='ocrx_word' id='word_1_70' title='bbox 510 1124 1056 1231; x_wconf 58' lang='lat' dir='ltr'>dilectio.lQuamvis</span> <span class='ocrx_word' id='word_1_71' title='bbox 1101 1132 1156 1182; x_wconf 92' lang='lat' dir='ltr'>et</span> <span class='ocrx_word' id='word_1_72' title='bbox 1201 1128 1320 1199; x_wconf 90' lang='lat' dir='ltr'>ipse</span> <span class='ocrx_word' id='word_1_73' title='bbox 1365 1128 1839 1184; x_wconf 84' lang='lat' dir='ltr'>clementissimus</span> 
     </span>
    </p>
   </div>
   <div class='ocr_carea' id='block_1_12' title="bbox 199 1216 1839 1291">
    <p class='ocr_par' dir='ltr' id='par_1_12' title="bbox 199 1216 1839 1291">
     <span class='ocr_line' id='line_1_12' title="bbox 199 1216 1839 1291; baseline 0.005 -21"><span class='ocrx_word' id='word_1_74' title='bbox 199 1216 473 1288; x_wconf 86' lang='lat' dir='ltr'>princeps</span> <span class='ocrx_word' id='word_1_75' title='bbox 522 1235 580 1273; x_wconf 90' lang='lat' dir='ltr'>se</span> <span class='ocrx_word' id='word_1_76' title='bbox 622 1216 986 1291; x_wconf 85' lang='lat' dir='ltr'>inquisitione</span> <span class='ocrx_word' id='word_1_77' title='bbox 1035 1221 1428 1277; x_wconf 85' lang='lat' dir='ltr'>sollicitissima</span> <span class='ocrx_word' id='word_1_78' title='bbox 1464 1238 1662 1277; x_wconf 90' lang='lat' dir='ltr'>curam</span> <span class='ocrx_word' id='word_1_79' title='bbox 1693 1223 1839 1278; x_wconf 89' lang='lat' dir='ltr'>hanc</span> 
     </span>
    </p>
   </div>
   <div class='ocr_carea' id='block_1_13' title="bbox 200 1311 1835 1387">
    <p class='ocr_par' dir='ltr' id='par_1_13' title="bbox 200 1311 1835 1387">
     <span class='ocr_line' id='line_1_13' title="bbox 200 1311 1835 1387; baseline 0.003 -22"><span class='ocrx_word' id='word_1_80' title='bbox 200 1311 482 1382; x_wconf 70' lang='lat' dir='ltr'>£gyptiis</span> <span class='ocrx_word' id='word_1_81' title='bbox 519 1312 838 1384; x_wconf 89' lang='lat' dir='ltr'>delegasset</span> <span class='ocrx_word' id='word_1_82' title='bbox 877 1314 992 1369; x_wconf 86' lang='lat' dir='ltr'>suis</span> <span class='ocrx_word' id='word_1_83' title='bbox 1033 1315 1313 1387; x_wconf 90' lang='lat' dir='ltr'>episcopis</span> <span class='ocrx_word' id='word_1_84' title='bbox 1346 1316 1615 1387; x_wconf 89' lang='lat' dir='ltr'>dignatus</span> <span class='ocrx_word' id='word_1_85' title='bbox 1650 1317 1723 1370; x_wconf 87' lang='lat' dir='ltr'>sit</span> <span class='ocrx_word' id='word_1_86' title='bbox 1746 1317 1835 1371; x_wconf 91' lang='lat' dir='ltr'>in-</span> 
     </span>
    </p>
   </div>
   <div class='ocr_carea' id='block_1_14' title="bbox 198 1403 1840 1477">
    <p class='ocr_par' dir='ltr' id='par_1_14' title="bbox 198 1403 1840 1477">
     <span class='ocr_line' id='line_1_14' title="bbox 198 1403 1840 1477; baseline 0.005 -20"><span class='ocrx_word' id='word_1_87' title='bbox 198 1403 411 1459; x_wconf 88' lang='lat' dir='ltr'>dicare.</span> <span class='ocrx_word' id='word_1_88' title='bbox 447 1406 761 1477; x_wconf 90' lang='lat' dir='ltr'>Epistolam</span> <span class='ocrx_word' id='word_1_89' title='bbox 806 1424 937 1463; x_wconf 86' lang='lat' dir='ltr'>sane</span> <span class='ocrx_word' id='word_1_90' title='bbox 980 1426 1170 1464; x_wconf 88' lang='lat' dir='ltr'>meam</span> <span class='ocrx_word' id='word_1_91' title='bbox 1212 1410 1283 1464; x_wconf 90' lang='lat' dir='ltr'>ad</span> <span class='ocrx_word' id='word_1_92' title='bbox 1321 1410 1840 1466; x_wconf 89' lang='lat' dir='ltr'>Chalcedonensem</span> 
     </span>
    </p>
   </div>
   <div class='ocr_carea' id='block_1_15' title="bbox 198 1498 1839 1575">
    <p class='ocr_par' dir='ltr' id='par_1_15' title="bbox 198 1498 1839 1575">
     <span class='ocr_line' id='line_1_15' title="bbox 198 1498 1839 1575; baseline 0.005 -24"><span class='ocrx_word' id='word_1_93' title='bbox 198 1498 490 1569; x_wconf 79' lang='lat' dir='ltr'>synodum</span> <span class='ocrx_word' id='word_1_94' title='bbox 543 1499 736 1555; x_wconf 90' lang='lat' dir='ltr'>datam</span> <span class='ocrx_word' id='word_1_95' title='bbox 788 1502 1165 1573; x_wconf 59' lang='lat' dir='ltr'>praesentibus</span> <span class='ocrx_word' id='word_1_96' title='bbox 1210 1504 1487 1575; x_wconf 89' lang='lat' dir='ltr'>episcopis</span> <span class='ocrx_word' id='word_1_97' title='bbox 1529 1509 1586 1558; x_wconf 92' lang='lat' dir='ltr'>et</span> <span class='ocrx_word' id='word_1_98' title='bbox 1625 1505 1839 1559; x_wconf 88' lang='lat' dir='ltr'>clericis</span> 
     </span>
    </p>
   </div>
   <div class='ocr_carea' id='block_1_16' title="bbox 200 1592 1837 1669">
    <p class='ocr_par' dir='ltr' id='par_1_16' title="bbox 200 1592 1837 1669">
     <span class='ocr_line' id='line_1_16' title="bbox 200 1592 1837 1669; baseline 0.005 -24"><span class='ocrx_word' id='word_1_99' title='bbox 200 1592 410 1646; x_wconf 87' lang='lat' dir='ltr'>lectam</span> <span class='ocrx_word' id='word_1_100' title='bbox 456 1593 635 1648; x_wconf 85' lang='lat' dir='ltr'>fuisse</span> <span class='ocrx_word' id='word_1_101' title='bbox 678 1595 791 1649; x_wconf 90' lang='lat' dir='ltr'>tuis</span> <span class='ocrx_word' id='word_1_102' title='bbox 829 1595 1081 1667; x_wconf 89' lang='lat' dir='ltr'>epistolis</span> <span class='ocrx_word' id='word_1_103' title='bbox 1112 1597 1392 1652; x_wconf 91' lang='lat' dir='ltr'>retulisse.</span> <span class='ocrx_word' id='word_1_104' title='bbox 1422 1597 1535 1653; x_wconf 90' lang='lat' dir='ltr'>Sed</span> <span class='ocrx_word' id='word_1_105' title='bbox 1558 1614 1739 1669; x_wconf 90' lang='lat' dir='ltr'>usque</span> <span class='ocrx_word' id='word_1_106' title='bbox 1768 1599 1837 1653; x_wconf 90' lang='lat' dir='ltr'>ad</span> 
     </span>
    </p>
   </div>
   <div class='ocr_carea' id='block_1_17' title="bbox 200 1684 1838 1761">
    <p class='ocr_par' dir='ltr' id='par_1_17' title="bbox 200 1684 1838 1761">
     <span class='ocr_line' id='line_1_17' title="bbox 200 1684 1838 1761; baseline 0.005 -22"><span class='ocrx_word' id='word_1_107' title='bbox 200 1684 346 1740; x_wconf 89' lang='lat' dir='ltr'>illud</span> <span class='ocrx_word' id='word_1_108' title='bbox 373 1685 687 1758; x_wconf 86' lang='lat' dir='ltr'>capitulum</span> <span class='ocrx_word' id='word_1_109' title='bbox 716 1705 828 1760; x_wconf 91' lang='lat' dir='ltr'>quo</span> <span class='ocrx_word' id='word_1_110' title='bbox 863 1705 928 1744; x_wconf 93' lang='lat' dir='ltr'>ea</span> <span class='ocrx_word' id='word_1_111' title='bbox 953 1706 1081 1761; x_wconf 66' lang='lat' dir='ltr'>qum</span> <span class='ocrx_word' id='word_1_112' title='bbox 1110 1690 1179 1745; x_wconf 92' lang='lat' dir='ltr'>de</span> <span class='ocrx_word' id='word_1_113' title='bbox 1206 1691 1318 1745; x_wconf 91' lang='lat' dir='ltr'>ﬁde</span> <span class='ocrx_word' id='word_1_114' title='bbox 1350 1695 1472 1746; x_wconf 91' lang='lat' dir='ltr'>acta</span> <span class='ocrx_word' id='word_1_115' title='bbox 1497 1697 1648 1761; x_wconf 90' lang='lat' dir='ltr'>sunt,</span> <span class='ocrx_word' id='word_1_116' title='bbox 1678 1709 1838 1747; x_wconf 90' lang='lat' dir='ltr'>meus</span> 
     </span>
    </p>
   </div>
   <div class='ocr_carea' id='block_1_18' title="bbox 198 1778 1835 1857">
    <p class='ocr_par' dir='ltr' id='par_1_18' title="bbox 198 1778 1835 1857">
     <span class='ocr_line' id='line_1_18' title="bbox 198 1778 1835 1857; baseline 0.005 -25"><span class='ocrx_word' id='word_1_117' title='bbox 198 1778 432 1835; x_wconf 81' lang='lat' dir='ltr'>videtur</span> <span class='ocrx_word' id='word_1_118' title='bbox 451 1781 702 1837; x_wconf 76' lang='lat' dir='ltr'>firmasse</span> <span class='ocrx_word' id='word_1_119' title='bbox 723 1799 1052 1839; x_wconf 88' lang='lat' dir='ltr'>consensus.</span> <span class='ocrx_word' id='word_1_120' title='bbox 1079 1784 1238 1839; x_wconf 90' lang='lat' dir='ltr'>Unde</span> <span class='ocrx_word' id='word_1_121' title='bbox 1257 1785 1495 1839; x_wconf 89' lang='lat' dir='ltr'>miratus</span> <span class='ocrx_word' id='word_1_122' title='bbox 1515 1801 1662 1853; x_wconf 91' lang='lat' dir='ltr'>sum,</span> <span class='ocrx_word' id='word_1_123' title='bbox 1682 1786 1835 1857; x_wconf 89' lang='lat' dir='ltr'>quod</span> 
     </span>
    </p>
   </div>
   <div class='ocr_carea' id='block_1_19' title="bbox 1941 563 3575 643">
    <p class='ocr_par' dir='ltr' id='par_1_19' title="bbox 1941 563 3575 643">
     <span class='ocr_line' id='line_1_19' title="bbox 1941 563 3575 643; baseline 0.007 -27"><span class='ocrx_word' id='word_1_124' title='bbox 1941 563 2233 634; x_wconf 57' lang='lat' dir='ltr'>prophetae</span> <span class='ocrx_word' id='word_1_125' title='bbox 2259 564 2581 635; x_wconf 86' lang='lat' dir='ltr'>exemplum</span> <span class='ocrx_word' id='word_1_126' title='bbox 2615 566 2871 636; x_wconf 86' lang='lat' dir='ltr'>sequaris</span> <span class='ocrx_word' id='word_1_127' title='bbox 2903 569 2960 620; x_wconf 91' lang='lat' dir='ltr'>et</span> <span class='ocrx_word' id='word_1_128' title='bbox 2983 567 3139 622; x_wconf 80' lang='lat' dir='ltr'>diras</span> <span class='ocrx_word' id='word_1_129' title='bbox 3163 585 3176 623; x_wconf 92' lang='lat'>:</span> <span class='ocrx_word' id='word_1_130' title='bbox 3204 591 3229 618; x_wconf 86' lang='lat'><strong>«</strong></span> <span class='ocrx_word' id='word_1_131' title='bbox 3251 570 3451 627; x_wconf 87' lang='lat' dir='ltr'>Nonne</span> <span class='ocrx_word' id='word_1_132' title='bbox 3477 574 3575 643; x_wconf 89' lang='lat' dir='ltr'>qui</span> 
     </span>
    </p>
   </div>
   <div class='ocr_carea' id='block_1_20' title="bbox 1943 656 3576 734">
    <p class='ocr_par' dir='ltr' id='par_1_20' title="bbox 1943 656 3576 734">
     <span class='ocr_line' id='line_1_20' title="bbox 1943 656 3576 734; baseline 0.006 -25"><span class='ocrx_word' id='word_1_133' title='bbox 1943 658 1997 709; x_wconf 91' lang='lat' dir='ltr'>te</span> <span class='ocrx_word' id='word_1_134' title='bbox 2025 656 2282 727; x_wconf 90' lang='lat' dir='ltr'>oderant,</span> <span class='ocrx_word' id='word_1_135' title='bbox 2312 658 2571 727; x_wconf 87' lang='lat' dir='ltr'>Domine,</span> <span class='ocrx_word' id='word_1_136' title='bbox 2601 658 2833 713; x_wconf 90' lang='lat' dir='ltr'>oderam</span> <span class='ocrx_word' id='word_1_137' title='bbox 2860 659 3005 727; x_wconf 92' lang='lat' dir='ltr'>illos,</span> <span class='ocrx_word' id='word_1_138' title='bbox 3036 664 3093 714; x_wconf 90' lang='lat' dir='ltr'>et</span> <span class='ocrx_word' id='word_1_139' title='bbox 3116 678 3289 734; x_wconf 87' lang='lat' dir='ltr'>super</span> <span class='ocrx_word' id='word_1_140' title='bbox 3318 663 3576 720; x_wconf 90' lang='lat' dir='ltr'>inimicos</span> 
     </span>
    </p>
   </div>
   <div class='ocr_carea' id='block_1_21' title="bbox 1940 750 3575 823">
    <p class='ocr_par' dir='ltr' id='par_1_21' title="bbox 1940 750 3575 823">
     <span class='ocr_line' id='line_1_21' title="bbox 1940 750 3575 823; baseline 0.007 -21"><span class='ocrx_word' id='word_1_141' title='bbox 1940 752 2065 803; x_wconf 91' lang='lat' dir='ltr'>tuos</span> <span class='ocrx_word' id='word_1_142' title='bbox 2104 750 2497 805; x_wconf 86' lang='lat' dir='ltr'>tabescebam?</span> <span class='ocrx_word' id='word_1_143' title='bbox 2537 770 2564 802; x_wconf 82' lang='lat'><strong>»</strong></span> <span class='ocrx_word' id='word_1_144' title='bbox 2607 750 2769 821; x_wconf 86' lang='lat' dir='ltr'>(Psal.</span> <span class='ocrx_word' id='word_1_145' title='bbox 2802 768 3059 823; x_wconf 78' lang='lat' dir='ltr'>cxxxvm,</span> <span class='ocrx_word' id='word_1_146' title='bbox 3095 754 3206 818; x_wconf 75' lang='lat' dir='ltr'>2L}</span> <span class='ocrx_word' id='word_1_147' title='bbox 3243 757 3349 811; x_wconf 87' lang='lat' dir='ltr'>Per</span> <span class='ocrx_word' id='word_1_148' title='bbox 3382 758 3575 813; x_wconf 87' lang='lat' dir='ltr'>omnia</span> 
     </span>
    </p>
   </div>
   <div class='ocr_carea' id='block_1_22' title="bbox 1941 841 3574 918">
    <p class='ocr_par' dir='ltr' id='par_1_22' title="bbox 1941 841 3574 918">
     <span class='ocr_line' id='line_1_22' title="bbox 1941 841 3574 918; baseline 0.007 -23"><span class='ocrx_word' id='word_1_149' title='bbox 1941 841 2095 896; x_wconf 89' lang='lat' dir='ltr'>enim</span> <span class='ocrx_word' id='word_1_150' title='bbox 2144 843 2270 898; x_wconf 91' lang='lat' dir='ltr'>volo</span> <span class='ocrx_word' id='word_1_151' title='bbox 2322 847 2377 897; x_wconf 90' lang='lat' dir='ltr'>te</span> <span class='ocrx_word' id='word_1_152' title='bbox 2426 860 2546 898; x_wconf 91' lang='lat' dir='ltr'>esse</span> <span class='ocrx_word' id='word_1_153' title='bbox 2590 845 2999 917; x_wconf 84' lang='lat' dir='ltr'>certissimum,</span> <span class='ocrx_word' id='word_1_154' title='bbox 3029 848 3178 918; x_wconf 90' lang='lat' dir='ltr'>quod</span> <span class='ocrx_word' id='word_1_155' title='bbox 3209 848 3355 904; x_wconf 87' lang='lat' dir='ltr'>sicut</span> <span class='ocrx_word' id='word_1_156' title='bbox 3383 867 3574 907; x_wconf 87' lang='lat' dir='ltr'>meam</span> 
     </span>
    </p>
   </div>
   <div class='ocr_carea' id='block_1_23' title="bbox 1942 935 3573 1016">
    <p class='ocr_par' dir='ltr' id='par_1_23' title="bbox 1942 935 3573 1016">
     <span class='ocr_line' id='line_1_23' title="bbox 1942 935 3573 1016; baseline 0.007 -27"><span class='ocrx_word' id='word_1_157' title='bbox 1942 935 2374 991; x_wconf 68' lang='lat' dir='ltr'>aestimationem</span> <span class='ocrx_word' id='word_1_158' title='bbox 2401 937 2640 992; x_wconf 59' lang='lat' dir='ltr'>illaesam</span> <span class='ocrx_word' id='word_1_159' title='bbox 2666 939 2832 1010; x_wconf 88' lang='lat' dir='ltr'>cupio</span> <span class='ocrx_word' id='word_1_160' title='bbox 2860 957 3220 1012; x_wconf 89' lang='lat' dir='ltr'>permanere,</span> <span class='ocrx_word' id='word_1_161' title='bbox 3251 943 3327 998; x_wconf 86' lang='lat' dir='ltr'>ita</span> <span class='ocrx_word' id='word_1_162' title='bbox 3355 949 3490 1016; x_wconf 90' lang='lat' dir='ltr'>opto</span> <span class='ocrx_word' id='word_1_163' title='bbox 3519 951 3573 1000; x_wconf 90' lang='lat' dir='ltr'>te</span> 
     </span>
    </p>
   </div>
   <div class='ocr_carea' id='block_1_24' title="bbox 1941 1029 3571 1111">
    <p class='ocr_par' dir='ltr' id='par_1_24' title="bbox 1941 1029 3571 1111">
     <span class='ocr_line' id='line_1_24' title="bbox 1941 1029 3571 1111; baseline 0.007 -29"><span class='ocrx_word' id='word_1_164' title='bbox 1941 1045 2167 1105; x_wconf 86' lang='lat' dir='ltr'>quoque</span> <span class='ocrx_word' id='word_1_165' title='bbox 2191 1029 2249 1084; x_wconf 91' lang='lat' dir='ltr'>in</span> <span class='ocrx_word' id='word_1_166' title='bbox 2270 1031 2532 1085; x_wconf 90' lang='lat' dir='ltr'>omnibus</span> <span class='ocrx_word' id='word_1_167' title='bbox 2560 1032 3118 1111; x_wconf 87' lang='lat' dir='ltr'>irreprehensibilem</span> <span class='ocrx_word' id='word_1_168' title='bbox 3137 1036 3395 1107; x_wconf 84' lang='lat' dir='ltr'>reperiri.</span> <span class='ocrx_word' id='word_1_169' title='bbox 3422 1040 3571 1093; x_wconf 66' lang='lat' dir='ltr'>Prte-</span> 
     </span>
    </p>
   </div>
   <div class='ocr_carea' id='block_1_25' title="bbox 1941 1108 3573 1199">
    <p class='ocr_par' dir='ltr' id='par_1_25' title="bbox 1941 1108 3573 1199">
     <span class='ocr_line' id='line_1_25' title="bbox 1941 1108 3573 1199; baseline 0.007 -23"><span class='ocrx_word' id='word_1_170' title='bbox 1941 1108 2125 1177; x_wconf 74' lang='lat' dir='ltr'>dictus</span> <span class='ocrx_word' id='word_1_171' title='bbox 2153 1128 2343 1179; x_wconf 91' lang='lat' dir='ltr'>autem</span> <span class='ocrx_word' id='word_1_172' title='bbox 2382 1130 2445 1179; x_wconf 90' lang='lat' dir='ltr'>ut</span> <span class='ocrx_word' id='word_1_173' title='bbox 2482 1125 2554 1180; x_wconf 89' lang='lat' dir='ltr'>ab</span> <span class='ocrx_word' id='word_1_174' title='bbox 2595 1127 2753 1180; x_wconf 91' lang='lat' dir='ltr'>omni</span> <span class='ocrx_word' id='word_1_175' title='bbox 2782 1128 3097 1199; x_wconf 88' lang='lat' dir='ltr'>suspicione</span> <span class='ocrx_word' id='word_1_176' title='bbox 3116 1130 3401 1186; x_wconf 89' lang='lat' dir='ltr'>contraria</span> <span class='ocrx_word' id='word_1_177' title='bbox 3429 1132 3573 1189; x_wconf 88' lang='lat' dir='ltr'>liber</span> 
     </span>
    </p>
   </div>
   <div class='ocr_carea' id='block_1_26' title="bbox 1938 1219 3568 1290">
    <p class='ocr_par' dir='ltr' id='par_1_26' title="bbox 1938 1219 3568 1290">
     <span class='ocr_line' id='line_1_26' title="bbox 1938 1219 3568 1290; baseline 0.008 -21"><span class='ocrx_word' id='word_1_178' title='bbox 1938 1220 2228 1287; x_wconf 85' lang='lat' dir='ltr'>appareat,</span> <span class='ocrx_word' id='word_1_179' title='bbox 2263 1219 2397 1290; x_wconf 91' lang='lat' dir='ltr'>quid</span> <span class='ocrx_word' id='word_1_180' title='bbox 2428 1219 2487 1273; x_wconf 92' lang='lat' dir='ltr'>in</span> <span class='ocrx_word' id='word_1_181' title='bbox 2528 1220 2805 1276; x_wconf 90' lang='lat' dir='ltr'>Eutichen</span> <span class='ocrx_word' id='word_1_182' title='bbox 2833 1223 3275 1279; x_wconf 88' lang='lat' dir='ltr'>anathematizet</span> <span class='ocrx_word' id='word_1_183' title='bbox 3303 1242 3367 1280; x_wconf 91' lang='lat' dir='ltr'>ac</span> <span class='ocrx_word' id='word_1_184' title='bbox 3406 1226 3568 1282; x_wconf 87' lang='lat' dir='ltr'>dam-</span> 
     </span>
    </p>
   </div>
   <div class='ocr_carea' id='block_1_27' title="bbox 1938 1311 3639 1382">
    <p class='ocr_par' dir='ltr' id='par_1_27' title="bbox 1938 1311 3639 1382">
     <span class='ocr_line' id='line_1_27' title="bbox 1938 1311 3639 1382; baseline 0.007 -18"><span class='ocrx_word' id='word_1_185' title='bbox 1938 1314 2042 1365; x_wconf 91' lang='lat' dir='ltr'>net</span> <span class='ocrx_word' id='word_1_186' title='bbox 2080 1311 2374 1366; x_wconf 79' lang='lat' dir='ltr'>evidenter</span> <span class='ocrx_word' id='word_1_187' title='bbox 2412 1313 2693 1382; x_wconf 83' lang='lat' dir='ltr'>ostendat,</span> <span class='ocrx_word' id='word_1_188' title='bbox 2730 1314 2871 1369; x_wconf 91' lang='lat' dir='ltr'>etin</span> <span class='ocrx_word' id='word_1_189' title='bbox 2901 1316 3326 1373; x_wconf 80' lang='lat' dir='ltr'>damnationem</span> <span class='ocrx_word' id='word_1_190' title='bbox 3363 1321 3570 1375; x_wconf 87' lang='lat' dir='ltr'>erroris</span> <span class='ocrx_word' id='word_1_191' title='bbox 3634 1330 3639 1331; x_wconf 61' lang='lat'>’</span> 
     </span>
    </p>
   </div>
   <div class='ocr_carea' id='block_1_28' title="bbox 1938 1406 3568 1476">
    <p class='ocr_par' dir='ltr' id='par_1_28' title="bbox 1938 1406 3568 1476">
     <span class='ocr_line' id='line_1_28' title="bbox 1938 1406 3568 1476; baseline 0.006 -18"><span class='ocrx_word' id='word_1_192' title='bbox 1938 1406 2209 1476; x_wconf 86' lang='lat' dir='ltr'>expressi,</span> <span class='ocrx_word' id='word_1_193' title='bbox 2246 1410 2473 1461; x_wconf 87' lang='lat' dir='ltr'>remota</span> <span class='ocrx_word' id='word_1_194' title='bbox 2517 1408 2673 1462; x_wconf 92' lang='lat' dir='ltr'>omni</span> <span class='ocrx_word' id='word_1_195' title='bbox 2718 1409 3074 1465; x_wconf 86' lang='lat' dir='ltr'>dubitatione</span> <span class='ocrx_word' id='word_1_196' title='bbox 3117 1411 3452 1468; x_wconf 90' lang='lat' dir='ltr'>subscribat.</span> <span class='ocrx_word' id='word_1_197' title='bbox 3488 1417 3568 1470; x_wconf 84' lang='lat' dir='ltr'>Ita</span> 
     </span>
    </p>
   </div>
   <div class='ocr_carea' id='block_1_29' title="bbox 1940 1499 3568 1576">
    <p class='ocr_par' dir='ltr' id='par_1_29' title="bbox 1940 1499 3568 1576">
     <span class='ocr_line' id='line_1_29' title="bbox 1940 1499 3568 1576; baseline 0.006 -24"><span class='ocrx_word' id='word_1_198' title='bbox 1940 1504 2002 1553; x_wconf 90' lang='lat' dir='ltr'>ut</span> <span class='ocrx_word' id='word_1_199' title='bbox 2037 1499 2507 1555; x_wconf 85' lang='lat' dir='ltr'>Chalcedonensis</span> <span class='ocrx_word' id='word_1_200' title='bbox 2539 1502 2777 1573; x_wconf 84' lang='lat' dir='ltr'>symboli</span> <span class='ocrx_word' id='word_1_201' title='bbox 2808 1503 3199 1560; x_wconf 81' lang='lat' dir='ltr'>deﬁnitionem</span> <span class='ocrx_word' id='word_1_202' title='bbox 3230 1504 3299 1561; x_wconf 91' lang='lat' dir='ltr'>de</span> <span class='ocrx_word' id='word_1_203' title='bbox 3324 1506 3454 1576; x_wconf 91' lang='lat' dir='ltr'>ﬁde,</span> <span class='ocrx_word' id='word_1_204' title='bbox 3478 1508 3568 1562; x_wconf 81' lang='lat' dir='ltr'>cui</span> 
     </span>
    </p>
   </div>
   <div class='ocr_carea' id='block_1_30' title="bbox 1938 1593 3567 1672">
    <p class='ocr_par' dir='ltr' id='par_1_30' title="bbox 1938 1593 3567 1672">
     <span class='ocr_line' id='line_1_30' title="bbox 1938 1593 3567 1672; baseline 0.006 -26"><span class='ocrx_word' id='word_1_205' title='bbox 1938 1593 2113 1647; x_wconf 89' lang='lat' dir='ltr'>etiam</span> <span class='ocrx_word' id='word_1_206' title='bbox 2152 1594 2378 1648; x_wconf 89' lang='lat' dir='ltr'>dilectio</span> <span class='ocrx_word' id='word_1_207' title='bbox 2404 1598 2503 1649; x_wconf 87' lang='lat' dir='ltr'>tua</span> <span class='ocrx_word' id='word_1_208' title='bbox 2536 1595 2941 1651; x_wconf 89' lang='lat' dir='ltr'>subscribendo</span> <span class='ocrx_word' id='word_1_209' title='bbox 2971 1599 3277 1667; x_wconf 89' lang='lat' dir='ltr'>consensit,</span> <span class='ocrx_word' id='word_1_210' title='bbox 3309 1604 3365 1655; x_wconf 89' lang='lat' dir='ltr'>et</span> <span class='ocrx_word' id='word_1_211' title='bbox 3398 1617 3567 1672; x_wconf 87' lang='lat' dir='ltr'>quam</span> 
     </span>
    </p>
   </div>
   <div class='ocr_carea' id='block_1_31' title="bbox 1935 1686 3568 1764">
    <p class='ocr_par' dir='ltr' id='par_1_31' title="bbox 1935 1686 3568 1764">
     <span class='ocr_line' id='line_1_31' title="bbox 1935 1686 3568 1764; baseline 0.006 -24"><span class='ocrx_word' id='word_1_212' title='bbox 1935 1686 2260 1757; x_wconf 76' lang='lat' dir='ltr'>apostolicae</span> <span class='ocrx_word' id='word_1_213' title='bbox 2303 1687 2462 1742; x_wconf 91' lang='lat' dir='ltr'>Sedis</span> <span class='ocrx_word' id='word_1_214' title='bbox 2508 1688 2755 1744; x_wconf 87' lang='lat' dir='ltr'>ﬁrmavit</span> <span class='ocrx_word' id='word_1_215' title='bbox 2797 1691 3104 1746; x_wconf 74' lang='lat' dir='ltr'>auctoritas</span> <span class='ocrx_word' id='word_1_216' title='bbox 3147 1693 3481 1764; x_wconf 88' lang='lat' dir='ltr'>proﬁteatur</span> <span class='ocrx_word' id='word_1_217' title='bbox 3512 1714 3568 1751; x_wconf 91' lang='lat' dir='ltr'>se</span> 
     </span>
    </p>
   </div>
   <div class='ocr_carea' id='block_1_32' title="bbox 1934 1780 3567 1862">
    <p class='ocr_par' dir='ltr' id='par_1_32' title="bbox 1934 1780 3567 1862">
     <span class='ocr_line' id='line_1_32' title="bbox 1934 1780 3567 1862; baseline 0.006 -28"><span class='ocrx_word' id='word_1_218' title='bbox 1934 1796 2040 1851; x_wconf 91' lang='lat' dir='ltr'>per</span> <span class='ocrx_word' id='word_1_219' title='bbox 2086 1780 2285 1836; x_wconf 90' lang='lat' dir='ltr'>omnia</span> <span class='ocrx_word' id='word_1_220' title='bbox 2322 1786 2700 1854; x_wconf 85' lang='lat' dir='ltr'>servaturum,</span> <span class='ocrx_word' id='word_1_221' title='bbox 2751 1784 2975 1856; x_wconf 89' lang='lat' dir='ltr'>adjecta</span> <span class='ocrx_word' id='word_1_222' title='bbox 3022 1787 3392 1859; x_wconf 89' lang='lat' dir='ltr'>suscriptione</span> <span class='ocrx_word' id='word_1_223' title='bbox 3432 1806 3567 1862; x_wconf 87' lang='lat' dir='ltr'>pro-</span> 
     </span>
    </p>
   </div>
   <div class='ocr_carea' id='block_1_33' title="bbox 198 1864 3567 1955">
    <p class='ocr_par' dir='ltr' id='par_1_33' title="bbox 198 1864 3567 1955">
     <span class='ocr_line' id='line_1_33' title="bbox 198 1864 3567 1955; baseline 0.005 -28"><span class='ocrx_word' id='word_1_224' title='bbox 198 1872 421 1945; x_wconf 85' lang='lat' dir='ltr'>reliqua</span> <span class='ocrx_word' id='word_1_225' title='bbox 445 1891 575 1946; x_wconf 62' lang='lat' dir='ltr'>quas</span> <span class='ocrx_word' id='word_1_226' title='bbox 600 1880 789 1931; x_wconf 90' lang='lat' dir='ltr'>secuta</span> <span class='ocrx_word' id='word_1_227' title='bbox 823 1877 1074 1945; x_wconf 88' lang='lat' dir='ltr'>fuerunt,</span> <span class='ocrx_word' id='word_1_228' title='bbox 1103 1895 1221 1933; x_wconf 93' lang='lat' dir='ltr'>non</span> <span class='ocrx_word' id='word_1_229' title='bbox 1246 1878 1459 1949; x_wconf 89' lang='lat' dir='ltr'>pariter</span> <span class='ocrx_word' id='word_1_230' title='bbox 1484 1878 1543 1933; x_wconf 92' lang='lat' dir='ltr'>in</span> <span class='ocrx_word' id='word_1_231' title='bbox 1570 1880 1833 1935; x_wconf 87' lang='lat' dir='ltr'>notitiam</span> <span class='ocrx_word' id='word_1_232' title='bbox 1854 1864 1910 1936; x_wconf 87' lang='grc' dir='ltr'><strong>Β</strong></span> <span class='ocrx_word' id='word_1_233' title='bbox 1934 1874 2075 1944; x_wconf 61' lang='lat' dir='ltr'>priva</span> <span class='ocrx_word' id='word_1_234' title='bbox 2130 1891 2367 1943; x_wconf 74' lang='lat' dir='ltr'>manus,</span> <span class='ocrx_word' id='word_1_235' title='bbox 2416 1892 2543 1948; x_wconf 74' lang='lat' dir='ltr'>quae</span> <span class='ocrx_word' id='word_1_236' title='bbox 2599 1877 2657 1931; x_wconf 80' lang='grc' dir='ltr'>ίῐι</span> <span class='ocrx_word' id='word_1_237' title='bbox 2706 1877 2937 1932; x_wconf 71' lang='grc' dir='ltr'>Θοοὶθείθι</span> <span class='ocrx_word' id='word_1_238' title='bbox 2988 1879 3309 1936; x_wconf 71' lang='lat' dir='ltr'>Christiano</span> <span class='ocrx_word' id='word_1_239' title='bbox 3358 1886 3567 1955; x_wconf 75' lang='lat' dir='ltr'>populo</span> 
     </span>
    </p>
   </div>
   <div class='ocr_carea' id='block_1_34' title="bbox 199 1968 1836 2044">
    <p class='ocr_par' dir='ltr' id='par_1_34' title="bbox 199 1968 1836 2044">
     <span class='ocr_line' id='line_1_34' title="bbox 199 1968 1836 2044; baseline 0.005 -24"><span class='ocrx_word' id='word_1_240' title='bbox 199 1981 402 2021; x_wconf 91' lang='lat' dir='ltr'>eorum</span> <span class='ocrx_word' id='word_1_241' title='bbox 434 1968 640 2040; x_wconf 89' lang='lat' dir='ltr'>quibus</span> <span class='ocrx_word' id='word_1_242' title='bbox 677 1974 809 2025; x_wconf 91' lang='lat' dir='ltr'>sunt</span> <span class='ocrx_word' id='word_1_243' title='bbox 845 1971 991 2026; x_wconf 88' lang='lat' dir='ltr'>lecta</span> <span class='ocrx_word' id='word_1_244' title='bbox 1018 1972 1242 2044; x_wconf 89' lang='lat' dir='ltr'>prolata</span> <span class='ocrx_word' id='word_1_245' title='bbox 1267 1972 1399 2038; x_wconf 88' lang='lat' dir='ltr'>sint,</span> <span class='ocrx_word' id='word_1_246' title='bbox 1428 1989 1559 2027; x_wconf 89' lang='lat' dir='ltr'>cum</span> <span class='ocrx_word' id='word_1_247' title='bbox 1591 1974 1836 2030; x_wconf 81' lang='lat' dir='ltr'>maxime</span> 
     </span>
    </p>
   </div>
   <div class='ocr_carea' id='block_1_35' title="bbox 200 2061 1835 2137">
    <p class='ocr_par' dir='ltr' id='par_1_35' title="bbox 200 2061 1835 2137">
     <span class='ocr_line' id='line_1_35' title="bbox 200 2061 1835 2137; baseline 0.005 -23"><span class='ocrx_word' id='word_1_248' title='bbox 200 2061 473 2116; x_wconf 89' lang='lat' dir='ltr'>omnibus</span> <span class='ocrx_word' id='word_1_249' title='bbox 518 2062 868 2119; x_wconf 87' lang='lat' dir='ltr'>innotescere</span> <span class='ocrx_word' id='word_1_250' title='bbox 915 2063 1217 2135; x_wconf 84' lang='lat' dir='ltr'>debuisset,</span> <span class='ocrx_word' id='word_1_251' title='bbox 1246 2065 1573 2137; x_wconf 88' lang='lat' dir='ltr'>improbum</span> <span class='ocrx_word' id='word_1_252' title='bbox 1607 2084 1641 2121; x_wconf 91' lang='lat' dir='ltr'>a</span> <span class='ocrx_word' id='word_1_253' title='bbox 1672 2067 1835 2122; x_wconf 90' lang='lat' dir='ltr'>nobis</span> 
     </span>
    </p>
   </div>
   <div class='ocr_carea' id='block_1_36' title="bbox 198 2154 1835 2232">
    <p class='ocr_par' dir='ltr' id='par_1_36' title="bbox 198 2154 1835 2232">
     <span class='ocr_line' id='line_1_36' title="bbox 198 2154 1835 2232; baseline 0.005 -24"><span class='ocrx_word' id='word_1_254' title='bbox 198 2154 483 2210; x_wconf 86' lang='lat' dir='ltr'>ambitum</span> <span class='ocrx_word' id='word_1_255' title='bbox 523 2160 781 2212; x_wconf 89' lang='lat' dir='ltr'>notatum</span> <span class='ocrx_word' id='word_1_256' title='bbox 822 2158 1008 2226; x_wconf 88' lang='lat' dir='ltr'>fuisse,</span> <span class='ocrx_word' id='word_1_257' title='bbox 1057 2162 1114 2213; x_wconf 91' lang='lat' dir='ltr'>et</span> <span class='ocrx_word' id='word_1_258' title='bbox 1159 2158 1318 2214; x_wconf 89' lang='lat' dir='ltr'>novis</span> <span class='ocrx_word' id='word_1_259' title='bbox 1365 2160 1835 2232; x_wconf 90' lang='lat' dir='ltr'>usurpationibus</span> 
     </span>
    </p>
   </div>
   <div class='ocr_carea' id='block_1_37' title="bbox 198 2248 1834 2325">
    <p class='ocr_par' dir='ltr' id='par_1_37' title="bbox 198 2248 1834 2325">
     <span class='ocr_line' id='line_1_37' title="bbox 198 2248 1834 2325; baseline 0.006 -24"><span class='ocrx_word' id='word_1_260' title='bbox 198 2248 528 2317; x_wconf 87' lang='lat' dir='ltr'>constituta,</span> <span class='ocrx_word' id='word_1_261' title='bbox 562 2250 854 2320; x_wconf 87' lang='lat' dir='ltr'>inviolata,</span> <span class='ocrx_word' id='word_1_262' title='bbox 896 2258 957 2307; x_wconf 93' lang='lat' dir='ltr'>ut</span> <span class='ocrx_word' id='word_1_263' title='bbox 1000 2268 1225 2324; x_wconf 89' lang='lat' dir='ltr'>semper</span> <span class='ocrx_word' id='word_1_264' title='bbox 1270 2252 1617 2325; x_wconf 87' lang='lat' dir='ltr'>scripsimus,</span> <span class='ocrx_word' id='word_1_265' title='bbox 1650 2272 1834 2310; x_wconf 89' lang='lat' dir='ltr'>serva-</span> 
     </span>
    </p>
   </div>
   <div class='ocr_carea' id='block_1_38' title="bbox 197 2344 1847 2419">
    <p class='ocr_par' dir='ltr' id='par_1_38' title="bbox 197 2344 1847 2419">
     <span class='ocr_line' id='line_1_38' title="bbox 197 2344 1847 2419; baseline 0.008 -23"><span class='ocrx_word' id='word_1_266' title='bbox 197 2345 422 2398; x_wconf 85' lang='lat' dir='ltr'>rentur.</span> <span class='ocrx_word' id='word_1_267' title='bbox 458 2345 525 2399; x_wconf 88' lang='lat' dir='ltr'>Et</span> <span class='ocrx_word' id='word_1_268' title='bbox 569 2344 697 2415; x_wconf 90' lang='lat' dir='ltr'>jam</span> <span class='ocrx_word' id='word_1_269' title='bbox 745 2345 1142 2418; x_wconf 78' lang='lat' dir='ltr'>presbyterum</span> <span class='ocrx_word' id='word_1_270' title='bbox 1196 2364 1369 2419; x_wconf 89' lang='lat' dir='ltr'>quem</span> <span class='ocrx_word' id='word_1_271' title='bbox 1420 2349 1621 2404; x_wconf 91' lang='lat' dir='ltr'>asseris</span> <span class='ocrx_word' id='word_1_272' title='bbox 1664 2346 1847 2409; x_wconf 75' lang='lat' dir='ltr'>fuisset</span> 
     </span>
    </p>
   </div>
   <div class='ocr_carea' id='block_1_39' title="bbox 198 2436 1834 2511">
    <p class='ocr_par' dir='ltr' id='par_1_39' title="bbox 198 2436 1834 2511">
     <span class='ocr_line' id='line_1_39' title="bbox 198 2436 1834 2511; baseline 0.005 -20"><span class='ocrx_word' id='word_1_273' title='bbox 198 2436 517 2492; x_wconf 83' lang='lat' dir='ltr'>discussum</span> <span class='ocrx_word' id='word_1_274' title='bbox 547 2440 902 2510; x_wconf 83' lang='lat' dir='ltr'>gratulamur</span> <span class='ocrx_word' id='word_1_275' title='bbox 922 2441 1245 2511; x_wconf 73' lang='lat' dir='ltr'>cognitione</span> <span class='ocrx_word' id='word_1_276' title='bbox 1266 2442 1461 2497; x_wconf 91' lang='lat' dir='ltr'>habita</span> <span class='ocrx_word' id='word_1_277' title='bbox 1480 2442 1540 2497; x_wconf 92' lang='lat' dir='ltr'>in</span> <span class='ocrx_word' id='word_1_278' title='bbox 1570 2444 1834 2499; x_wconf 91' lang='lat' dir='ltr'>omnibus</span> 
     </span>
    </p>
   </div>
   <div class='ocr_carea' id='block_1_40' title="bbox 196 2529 1835 2607">
    <p class='ocr_par' dir='ltr' id='par_1_40' title="bbox 196 2529 1835 2607">
     <span class='ocr_line' id='line_1_40' title="bbox 196 2529 1835 2607; baseline 0.005 -24"><span class='ocrx_word' id='word_1_279' title='bbox 196 2529 371 2585; x_wconf 90' lang='lat' dir='ltr'>fuisse</span> <span class='ocrx_word' id='word_1_280' title='bbox 415 2537 742 2603; x_wconf 88' lang='lat' dir='ltr'>purgatum.</span> <span class='ocrx_word' id='word_1_281' title='bbox 784 2534 1091 2605; x_wconf 87' lang='lat' dir='ltr'>Epistolam</span> <span class='ocrx_word' id='word_1_282' title='bbox 1122 2552 1351 2607; x_wconf 89' lang='lat' dir='ltr'>quoque</span> <span class='ocrx_word' id='word_1_283' title='bbox 1381 2536 1452 2590; x_wconf 91' lang='lat' dir='ltr'>ad</span> <span class='ocrx_word' id='word_1_284' title='bbox 1481 2536 1835 2591; x_wconf 84' lang='lat' dir='ltr'>Christianis-</span> 
     </span>
    </p>
   </div>
   <div class='ocr_carea' id='block_1_41' title="bbox 197 2623 1833 2702">
    <p class='ocr_par' dir='ltr' id='par_1_41' title="bbox 197 2623 1833 2702">
     <span class='ocr_line' id='line_1_41' title="bbox 197 2623 1833 2702; baseline 0.004 -23"><span class='ocrx_word' id='word_1_285' title='bbox 197 2623 416 2680; x_wconf 89' lang='lat' dir='ltr'>simum</span> <span class='ocrx_word' id='word_1_286' title='bbox 436 2626 755 2698; x_wconf 88' lang='lat' dir='ltr'>principem</span> <span class='ocrx_word' id='word_1_287' title='bbox 779 2629 1002 2684; x_wconf 82' lang='lat' dir='ltr'>noveris</span> <span class='ocrx_word' id='word_1_288' title='bbox 1027 2646 1122 2684; x_wconf 91' lang='lat' dir='ltr'>me</span> <span class='ocrx_word' id='word_1_289' title='bbox 1149 2630 1366 2685; x_wconf 91' lang='lat' dir='ltr'>misisse</span> <span class='ocrx_word' id='word_1_290' title='bbox 1392 2630 1450 2684; x_wconf 92' lang='lat' dir='ltr'>in</span> <span class='ocrx_word' id='word_1_291' title='bbox 1471 2647 1582 2701; x_wconf 88' lang='lat' dir='ltr'>qua</span> <span class='ocrx_word' id='word_1_292' title='bbox 1604 2630 1682 2685; x_wconf 90' lang='lat' dir='ltr'>illi</span> <span class='ocrx_word' id='word_1_293' title='bbox 1711 2648 1833 2702; x_wconf 83' lang='lat' dir='ltr'>gra-</span> 
     </span>
    </p>
   </div>
   <div class='ocr_carea' id='block_1_42' title="bbox 194 2719 1833 2795">
    <p class='ocr_par' dir='ltr' id='par_1_42' title="bbox 194 2719 1833 2795">
     <span class='ocr_line' id='line_1_42' title="bbox 194 2719 1833 2795; baseline 0.005 -24"><span class='ocrx_word' id='word_1_294' title='bbox 194 2719 302 2772; x_wconf 85' lang='lat' dir='ltr'>tias</span> <span class='ocrx_word' id='word_1_295' title='bbox 328 2719 444 2790; x_wconf 89' lang='lat' dir='ltr'>egi,</span> <span class='ocrx_word' id='word_1_296' title='bbox 477 2720 609 2791; x_wconf 87' lang='lat' dir='ltr'>quia</span> <span class='ocrx_word' id='word_1_297' title='bbox 638 2737 831 2776; x_wconf 90' lang='lat' dir='ltr'>curam</span> <span class='ocrx_word' id='word_1_298' title='bbox 865 2723 1008 2777; x_wconf 89' lang='lat' dir='ltr'>mihi</span> <span class='ocrx_word' id='word_1_299' title='bbox 1033 2740 1194 2778; x_wconf 90' lang='lat' dir='ltr'>suam</span> <span class='ocrx_word' id='word_1_300' title='bbox 1222 2727 1337 2778; x_wconf 87' lang='lat' dir='ltr'>tam</span> <span class='ocrx_word' id='word_1_301' title='bbox 1367 2741 1472 2795; x_wconf 92' lang='lat' dir='ltr'>pro</span> <span class='ocrx_word' id='word_1_302' title='bbox 1500 2723 1634 2778; x_wconf 88' lang='lat' dir='ltr'>ﬁdei</span> <span class='ocrx_word' id='word_1_303' title='bbox 1665 2741 1833 2779; x_wconf 90' lang='lat' dir='ltr'>causa</span> 
     </span>
    </p>
   </div>
   <div class='ocr_carea' id='block_1_43' title="bbox 195 2815 1828 2888">
    <p class='ocr_par' dir='ltr' id='par_1_43' title="bbox 195 2815 1828 2888">
     <span class='ocr_line' id='line_1_43' title="bbox 195 2815 1828 2888; baseline 0.004 -22"><span class='ocrx_word' id='word_1_304' title='bbox 195 2829 371 2884; x_wconf 89' lang='lat' dir='ltr'>quam</span> <span class='ocrx_word' id='word_1_305' title='bbox 391 2830 497 2885; x_wconf 91' lang='lat' dir='ltr'>pro</span> <span class='ocrx_word' id='word_1_306' title='bbox 512 2815 811 2871; x_wconf 87' lang='lat' dir='ltr'>securitate</span> <span class='ocrx_word' id='word_1_307' title='bbox 831 2817 1159 2888; x_wconf 68' lang='lat' dir='ltr'>reipublica:</span> <span class='ocrx_word' id='word_1_308' title='bbox 1177 2818 1442 2888; x_wconf 89' lang='lat' dir='ltr'>dignatus</span> <span class='ocrx_word' id='word_1_309' title='bbox 1464 2822 1548 2873; x_wconf 87' lang='lat' dir='ltr'>est</span> <span class='ocrx_word' id='word_1_310' title='bbox 1566 2818 1828 2874; x_wconf 90' lang='lat' dir='ltr'>indicare.</span> 
     </span>
    </p>
   </div>
   <div class='ocr_carea' id='block_1_44' title="bbox 197 2906 1832 2982">
    <p class='ocr_par' dir='ltr' id='par_1_44' title="bbox 197 2906 1832 2982">
     <span class='ocr_line' id='line_1_44' title="bbox 197 2906 1832 2982; baseline 0.004 -22"><span class='ocrx_word' id='word_1_311' title='bbox 197 2906 383 2961; x_wconf 78' lang='lat' dir='ltr'>Aliam</span> <span class='ocrx_word' id='word_1_312' title='bbox 415 2924 643 2980; x_wconf 90' lang='lat' dir='ltr'>quoque</span> <span class='ocrx_word' id='word_1_313' title='bbox 682 2908 756 2964; x_wconf 90' lang='lat' dir='ltr'>ad</span> <span class='ocrx_word' id='word_1_314' title='bbox 791 2927 891 2963; x_wconf 89' lang='lat' dir='ltr'>nos</span> <span class='ocrx_word' id='word_1_315' title='bbox 930 2911 1230 2982; x_wconf 86' lang='lat' dir='ltr'>epistolam</span> <span class='ocrx_word' id='word_1_316' title='bbox 1256 2912 1409 2967; x_wconf 91' lang='lat' dir='ltr'>dedit</span> <span class='ocrx_word' id='word_1_317' title='bbox 1446 2912 1832 2968; x_wconf 88' lang='lat' dir='ltr'>interveniens</span> 
     </span>
    </p>
   </div>
   <div class='ocr_carea' id='block_1_45' title="bbox 197 3003 1833 3079">
    <p class='ocr_par' dir='ltr' id='par_1_45' title="bbox 197 3003 1833 3079">
     <span class='ocr_line' id='line_1_45' title="bbox 197 3003 1833 3079; baseline 0.005 -25"><span class='ocrx_word' id='word_1_318' title='bbox 197 3016 304 3071; x_wconf 90' lang='lat' dir='ltr'>pro</span> <span class='ocrx_word' id='word_1_319' title='bbox 350 3003 613 3058; x_wconf 80' lang='lat' dir='ltr'>Anatolio</span> <span class='ocrx_word' id='word_1_320' title='bbox 664 3003 949 3075; x_wconf 78' lang='lat' dir='ltr'>episCOpo,</span> <span class='ocrx_word' id='word_1_321' title='bbox 977 3010 1042 3059; x_wconf 89' lang='lat' dir='ltr'>ut</span> <span class='ocrx_word' id='word_1_322' title='bbox 1081 3005 1263 3060; x_wconf 89' lang='lat' dir='ltr'>nostri</span> <span class='ocrx_word' id='word_1_323' title='bbox 1307 3005 1386 3059; x_wconf 90' lang='lat' dir='ltr'>illi</span> <span class='ocrx_word' id='word_1_324' title='bbox 1435 3006 1611 3061; x_wconf 90' lang='lat' dir='ltr'>animi</span> <span class='ocrx_word' id='word_1_325' title='bbox 1655 3008 1833 3079; x_wconf 86' lang='lat' dir='ltr'>gratia</span> 
     </span>
    </p>
   </div>
   <div class='ocr_carea' id='block_1_46' title="bbox 198 3094 1833 3171">
    <p class='ocr_par' dir='ltr' id='par_1_46' title="bbox 198 3094 1833 3171">
     <span class='ocr_line' id='line_1_46' title="bbox 198 3094 1833 3171; baseline 0.005 -23"><span class='ocrx_word' id='word_1_326' title='bbox 198 3094 543 3166; x_wconf 62' lang='lat' dir='ltr'>praebeatur,</span> <span class='ocrx_word' id='word_1_327' title='bbox 562 3096 830 3168; x_wconf 90' lang='lat' dir='ltr'>quoniam</span> <span class='ocrx_word' id='word_1_328' title='bbox 857 3099 1271 3153; x_wconf 87' lang='lat' dir='ltr'>correctionem</span> <span class='ocrx_word' id='word_1_329' title='bbox 1297 3099 1418 3170; x_wconf 89' lang='lat' dir='ltr'>ejus</span> <span class='ocrx_word' id='word_1_330' title='bbox 1450 3100 1746 3171; x_wconf 86' lang='lat' dir='ltr'>permittit,</span> <span class='ocrx_word' id='word_1_331' title='bbox 1778 3107 1833 3157; x_wconf 90' lang='lat' dir='ltr'>et</span> 
     </span>
    </p>
   </div>
   <div class='ocr_carea' id='block_1_47' title="bbox 199 3188 1828 3264">
    <p class='ocr_par' dir='ltr' id='par_1_47' title="bbox 199 3188 1828 3264">
     <span class='ocr_line' id='line_1_47' title="bbox 199 3188 1828 3264; baseline 0.004 -22"><span class='ocrx_word' id='word_1_332' title='bbox 199 3188 258 3242; x_wconf 90' lang='lat' dir='ltr'>in</span> <span class='ocrx_word' id='word_1_333' title='bbox 302 3188 568 3244; x_wconf 89' lang='lat' dir='ltr'>omnibus</span> <span class='ocrx_word' id='word_1_334' title='bbox 613 3190 1036 3247; x_wconf 83' lang='lat' dir='ltr'>satisfacturum</span> <span class='ocrx_word' id='word_1_335' title='bbox 1075 3209 1197 3247; x_wconf 89' lang='lat' dir='ltr'>esse</span> <span class='ocrx_word' id='word_1_336' title='bbox 1223 3209 1350 3264; x_wconf 73' lang='lat' dir='ltr'>quae</span> <span class='ocrx_word' id='word_1_337' title='bbox 1378 3193 1447 3248; x_wconf 90' lang='lat' dir='ltr'>ad</span> <span class='ocrx_word' id='word_1_338' title='bbox 1474 3193 1604 3248; x_wconf 86' lang='lat' dir='ltr'>ﬁdei</span> <span class='ocrx_word' id='word_1_339' title='bbox 1635 3196 1828 3249; x_wconf 90' lang='lat' dir='ltr'>obser-</span> 
     </span>
    </p>
   </div>
   <div class='ocr_carea' id='block_1_48' title="bbox 197 3282 1827 3358">
    <p class='ocr_par' dir='ltr' id='par_1_48' title="bbox 197 3282 1827 3358">
     <span class='ocr_line' id='line_1_48' title="bbox 197 3282 1827 3358; baseline 0.005 -23"><span class='ocrx_word' id='word_1_340' title='bbox 197 3282 449 3337; x_wconf 83' lang='lat' dir='ltr'>vantiam</span> <span class='ocrx_word' id='word_1_341' title='bbox 478 3285 860 3355; x_wconf 90' lang='lat' dir='ltr'>pertinentur,</span> <span class='ocrx_word' id='word_1_342' title='bbox 891 3287 1143 3358; x_wconf 87' lang='lat' dir='ltr'>pollicet.</span> <span class='ocrx_word' id='word_1_343' title='bbox 1185 3288 1322 3341; x_wconf 87' lang='lat' dir='ltr'>Data</span> <span class='ocrx_word' id='word_1_344' title='bbox 1352 3287 1555 3358; x_wconf 87' lang='lat' dir='ltr'>quinto</span> <span class='ocrx_word' id='word_1_345' title='bbox 1583 3288 1713 3343; x_wconf 90' lang='lat' dir='ltr'>ldus</span> <span class='ocrx_word' id='word_1_346' title='bbox 1737 3291 1827 3344; x_wconf 84' lang='lat' dir='ltr'>Ja-</span> 
     </span>
    </p>
   </div>
   <div class='ocr_carea' id='block_1_49' title="bbox 199 3376 1756 3444">
    <p class='ocr_par' dir='ltr' id='par_1_49' title="bbox 199 3376 1756 3444">
     <span class='ocr_line' id='line_1_49' title="bbox 199 3376 1756 3444; baseline 0.005 -15"><span class='ocrx_word' id='word_1_347' title='bbox 199 3376 409 3444; x_wconf 87' lang='lat' dir='ltr'>nuarii,</span> <span class='ocrx_word' id='word_1_348' title='bbox 440 3378 563 3432; x_wconf 87' lang='lat' dir='ltr'>Etio</span> <span class='ocrx_word' id='word_1_349' title='bbox 597 3381 654 3433; x_wconf 88' lang='lat' dir='ltr'>et</span> <span class='ocrx_word' id='word_1_350' title='bbox 678 3378 870 3435; x_wconf 87' lang='lat' dir='ltr'>Studio</span> <span class='ocrx_word' id='word_1_351' title='bbox 902 3381 1035 3435; x_wconf 84' lang='lat' dir='ltr'>viris</span> <span class='ocrx_word' id='word_1_352' title='bbox 1061 3381 1387 3435; x_wconf 85' lang='lat' dir='ltr'>clarissimis</span> <span class='ocrx_word' id='word_1_353' title='bbox 1412 3382 1756 3437; x_wconf 90' lang='lat' dir='ltr'>consulibus.</span> 
     </span>
    </p>
   </div>
   <div class='ocr_carea' id='block_1_50' title="bbox 197 3494 1831 3569">
    <p class='ocr_par' dir='ltr' id='par_1_50' title="bbox 197 3494 1831 3569">
     <span class='ocr_line' id='line_1_50' title="bbox 197 3494 1831 3569; baseline 0.004 -21"><span class='ocrx_word' id='word_1_354' title='bbox 197 3494 371 3549; x_wconf 78' lang='lat' dir='ltr'>XLIV.</span> <span class='ocrx_word' id='word_1_355' title='bbox 414 3525 482 3535; x_wconf 94' lang='lat'><em>—</em></span> <span class='ocrx_word' id='word_1_356' title='bbox 515 3495 607 3550; x_wconf 82' lang='lat' dir='ltr'>Ad</span> <span class='ocrx_word' id='word_1_357' title='bbox 659 3497 979 3569; x_wconf 71' lang='lat' dir='ltr'>Anatolium</span> <span class='ocrx_word' id='word_1_358' title='bbox 1033 3501 1338 3568; x_wconf 82' lang='lat' dir='ltr'>episcopum</span> <span class='ocrx_word' id='word_1_359' title='bbox 1382 3516 1485 3569; x_wconf 80' lang='lat' dir='ltr'>per</span> <span class='ocrx_word' id='word_1_360' title='bbox 1540 3502 1831 3555; x_wconf 74' lang='lat' dir='ltr'>Patricium</span> 
     </span>
    </p>
   </div>
   <div class='ocr_carea' id='block_1_51' title="bbox 764 3568 1260 3625">
    <p class='ocr_par' dir='ltr' id='par_1_51' title="bbox 764 3568 1260 3625">
     <span class='ocr_line' id='line_1_51' title="bbox 764 3568 1260 3625; baseline 0.006 -3"><span class='ocrx_word' id='word_1_361' title='bbox 764 3568 1047 3624; x_wconf 81' lang='lat' dir='ltr'>diaconum</span> <span class='ocrx_word' id='word_1_362' title='bbox 1070 3573 1260 3625; x_wconf 85' lang='lat' dir='ltr'>missa.</span> 
     </span>
    </p>
   </div>
   <div class='ocr_carea' id='block_1_52' title="bbox 270 3659 1828 3735">
    <p class='ocr_par' dir='ltr' id='par_1_52' title="bbox 270 3659 1828 3735">
     <span class='ocr_line' id='line_1_52' title="bbox 270 3659 1828 3735; baseline 0.003 -22"><span class='ocrx_word' id='word_1_363' title='bbox 270 3659 450 3714; x_wconf 82' lang='lat' dir='ltr'>Lectis</span> <span class='ocrx_word' id='word_1_364' title='bbox 476 3660 795 3716; x_wconf 88' lang='lat' dir='ltr'>dilectionis</span> <span class='ocrx_word' id='word_1_365' title='bbox 824 3664 935 3717; x_wconf 67' lang='lat' dir='ltr'>tum</span> <span class='ocrx_word' id='word_1_366' title='bbox 974 3663 1175 3718; x_wconf 85' lang='lat' dir='ltr'>litteris</span> <span class='ocrx_word' id='word_1_367' title='bbox 1213 3680 1352 3735; x_wconf 88' lang='lat' dir='ltr'>quas</span> <span class='ocrx_word' id='word_1_368' title='bbox 1390 3680 1491 3735; x_wconf 86' lang='lat' dir='ltr'>per</span> <span class='ocrx_word' id='word_1_369' title='bbox 1518 3664 1699 3718; x_wconf 92' lang='lat' dir='ltr'>ﬁlium</span> <span class='ocrx_word' id='word_1_370' title='bbox 1727 3680 1828 3719; x_wconf 91' lang='lat' dir='ltr'>no-</span> 
     </span>
    </p>
   </div>
   <div class='ocr_carea' id='block_1_53' title="bbox 196 3754 1834 3823">
    <p class='ocr_par' dir='ltr' id='par_1_53' title="bbox 196 3754 1834 3823">
     <span class='ocr_line' id='line_1_53' title="bbox 196 3754 1834 3823; baseline 0.004 -17"><span class='ocrx_word' id='word_1_371' title='bbox 196 3755 383 3807; x_wconf 88' lang='lat' dir='ltr'>strum</span> <span class='ocrx_word' id='word_1_372' title='bbox 426 3754 728 3810; x_wconf 89' lang='lat' dir='ltr'>Patricium</span> <span class='ocrx_word' id='word_1_373' title='bbox 771 3756 1073 3811; x_wconf 88' lang='lat' dir='ltr'>diaconum</span> <span class='ocrx_word' id='word_1_374' title='bbox 1118 3757 1394 3823; x_wconf 79' lang='lat' dir='ltr'>direxisti,</span> <span class='ocrx_word' id='word_1_375' title='bbox 1434 3757 1686 3813; x_wconf 85' lang='lat' dir='ltr'>intellexi</span> <span class='ocrx_word' id='word_1_376' title='bbox 1730 3758 1834 3813; x_wconf 91' lang='lat' dir='ltr'>tibi</span> 
     </span>
    </p>
   </div>
   <div class='ocr_carea' id='block_1_54' title="bbox 198 3846 1834 3923">
    <p class='ocr_par' dir='ltr' id='par_1_54' title="bbox 198 3846 1834 3923">
     <span class='ocr_line' id='line_1_54' title="bbox 198 3846 1834 3923; baseline 0.004 -22"><span class='ocrx_word' id='word_1_377' title='bbox 198 3846 451 3902; x_wconf 88' lang='lat' dir='ltr'>studium</span> <span class='ocrx_word' id='word_1_378' title='bbox 471 3864 616 3903; x_wconf 68' lang='lat' dir='ltr'>meai</span> <span class='ocrx_word' id='word_1_379' title='bbox 636 3848 1026 3905; x_wconf 91' lang='lat' dir='ltr'>sollicitudinis</span> <span class='ocrx_word' id='word_1_380' title='bbox 1047 3851 1368 3923; x_wconf 86' lang='lat' dir='ltr'>displicere,</span> <span class='ocrx_word' id='word_1_381' title='bbox 1385 3869 1494 3923; x_wconf 88' lang='lat' dir='ltr'>qua</span> <span class='ocrx_word' id='word_1_382' title='bbox 1517 3852 1834 3908; x_wconf 89' lang='lat' dir='ltr'>secundum</span> 
     </span>
    </p>
   </div>
   <div class='ocr_carea' id='block_1_55' title="bbox 198 3939 1833 4019">
    <p class='ocr_par' dir='ltr' id='par_1_55' title="bbox 198 3939 1833 4019">
     <span class='ocr_line' id='line_1_55' title="bbox 198 3939 1833 4019; baseline 0.004 -24"><span class='ocrx_word' id='word_1_383' title='bbox 198 3939 554 3997; x_wconf 87' lang='lat' dir='ltr'>Dominicam</span> <span class='ocrx_word' id='word_1_384' title='bbox 579 3943 942 4012; x_wconf 85' lang='lat' dir='ltr'>charitatem,</span> <span class='ocrx_word' id='word_1_385' title='bbox 974 3962 1147 4017; x_wconf 90' lang='lat' dir='ltr'>quam</span> <span class='ocrx_word' id='word_1_386' title='bbox 1190 3945 1291 4000; x_wconf 89' lang='lat' dir='ltr'>tibi</span> <span class='ocrx_word' id='word_1_387' title='bbox 1323 3963 1355 4000; x_wconf 90' lang='lat' dir='ltr'>a</span> <span class='ocrx_word' id='word_1_388' title='bbox 1387 3946 1551 4001; x_wconf 91' lang='lat' dir='ltr'>nobis</span> <span class='ocrx_word' id='word_1_389' title='bbox 1578 3946 1833 4019; x_wconf 87' lang='lat' dir='ltr'>impendi</span> 
     </span>
    </p>
   </div>
   <div class='ocr_carea' id='block_1_56' title="bbox 198 4035 1833 4111">
    <p class='ocr_par' dir='ltr' id='par_1_56' title="bbox 198 4035 1833 4111">
     <span class='ocr_line' id='line_1_56' title="bbox 198 4035 1833 4111; baseline 0.003 -20"><span class='ocrx_word' id='word_1_390' title='bbox 198 4035 610 4107; x_wconf 81' lang='lat' dir='ltr'>experimentis</span> <span class='ocrx_word' id='word_1_391' title='bbox 653 4038 912 4109; x_wconf 88' lang='lat' dir='ltr'>plurimis</span> <span class='ocrx_word' id='word_1_392' title='bbox 954 4039 1300 4111; x_wconf 88' lang='lat' dir='ltr'>approbasti,</span> <span class='ocrx_word' id='word_1_393' title='bbox 1336 4040 1405 4095; x_wconf 92' lang='lat' dir='ltr'>de</span> <span class='ocrx_word' id='word_1_394' title='bbox 1442 4041 1706 4095; x_wconf 87' lang='lat' dir='ltr'>cavendis</span> <span class='ocrx_word' id='word_1_395' title='bbox 1746 4041 1833 4096; x_wconf 89' lang='lat' dir='ltr'>his</span> 
     </span>
    </p>
   </div>
   <div class='ocr_carea' id='block_1_57' title="bbox 198 4127 1831 4203">
    <p class='ocr_par' dir='ltr' id='par_1_57' title="bbox 198 4127 1831 4203">
     <span class='ocr_line' id='line_1_57' title="bbox 198 4127 1831 4203; baseline 0.004 -20"><span class='ocrx_word' id='word_1_396' title='bbox 198 4127 295 4200; x_wconf 91' lang='lat' dir='ltr'>qui</span> <span class='ocrx_word' id='word_1_397' title='bbox 330 4130 656 4185; x_wconf 88' lang='lat' dir='ltr'>communis</span> <span class='ocrx_word' id='word_1_398' title='bbox 684 4130 820 4187; x_wconf 83' lang='lat' dir='ltr'>ﬁdei</span> <span class='ocrx_word' id='word_1_399' title='bbox 855 4132 1160 4189; x_wconf 86' lang='lat' dir='ltr'>adversarii</span> <span class='ocrx_word' id='word_1_400' title='bbox 1189 4133 1518 4188; x_wconf 88' lang='lat' dir='ltr'>dicerentur</span> <span class='ocrx_word' id='word_1_401' title='bbox 1542 4135 1831 4203; x_wconf 87' lang='lat' dir='ltr'>admonui,</span> 
     </span>
    </p>
   </div>
   <div class='ocr_carea' id='block_1_58' title="bbox 198 4222 1832 4299">
    <p class='ocr_par' dir='ltr' id='par_1_58' title="bbox 198 4222 1832 4299">
     <span class='ocr_line' id='line_1_58' title="bbox 198 4222 1832 4299; baseline 0.004 -23"><span class='ocrx_word' id='word_1_402' title='bbox 198 4238 269 4276; x_wconf 89' lang='lat' dir='ltr'>ne</span> <span class='ocrx_word' id='word_1_403' title='bbox 297 4222 370 4277; x_wconf 89' lang='lat' dir='ltr'>ad</span> <span class='ocrx_word' id='word_1_404' title='bbox 400 4222 811 4296; x_wconf 81' lang='lat' dir='ltr'>negligentiam</span> <span class='ocrx_word' id='word_1_405' title='bbox 839 4225 1077 4281; x_wconf 90' lang='lat' dir='ltr'>rectoris</span> <span class='ocrx_word' id='word_1_406' title='bbox 1103 4227 1433 4295; x_wconf 88' lang='lat' dir='ltr'>referretur,</span> <span class='ocrx_word' id='word_1_407' title='bbox 1457 4228 1504 4281; x_wconf 92' lang='lat' dir='ltr'>si</span> <span class='ocrx_word' id='word_1_408' title='bbox 1527 4228 1832 4299; x_wconf 87' lang='lat' dir='ltr'>quisquam</span> 
     </span>
    </p>
   </div>
   <div class='ocr_carea' id='block_1_59' title="bbox 202 4315 1833 4393">
    <p class='ocr_par' dir='ltr' id='par_1_59' title="bbox 202 4315 1833 4393">
     <span class='ocr_line' id='line_1_59' title="bbox 202 4315 1833 4393; baseline 0.005 -25"><span class='ocrx_word' id='word_1_409' title='bbox 202 4315 258 4368; x_wconf 92' lang='lat' dir='ltr'>in</span> <span class='ocrx_word' id='word_1_410' title='bbox 289 4315 538 4370; x_wconf 89' lang='lat' dir='ltr'>Ecclesia</span> <span class='ocrx_word' id='word_1_411' title='bbox 568 4318 846 4374; x_wconf 89' lang='lat' dir='ltr'>catholica</span> <span class='ocrx_word' id='word_1_412' title='bbox 875 4337 942 4374; x_wconf 89' lang='lat' dir='ltr'>ea</span> <span class='ocrx_word' id='word_1_413' title='bbox 971 4320 1280 4392; x_wconf 64' lang='lat' dir='ltr'>praedicare</span> <span class='ocrx_word' id='word_1_414' title='bbox 1308 4326 1678 4393; x_wconf 69' lang='lat' dir='ltr'>praesumeret</span> <span class='ocrx_word' id='word_1_415' title='bbox 1707 4339 1833 4393; x_wconf 63' lang='lat' dir='ltr'>quae</span> 
     </span>
    </p>
   </div>
   <div class='ocr_carea' id='block_1_60' title="bbox 200 4408 1830 4480">
    <p class='ocr_par' dir='ltr' id='par_1_60' title="bbox 200 4408 1830 4480">
     <span class='ocr_line' id='line_1_60' title="bbox 200 4408 1830 4480; baseline 0.005 -18"><span class='ocrx_word' id='word_1_416' title='bbox 200 4408 600 4466; x_wconf 66' lang='lat' dir='ltr'>haereticorum</span> <span class='ocrx_word' id='word_1_417' title='bbox 634 4412 888 4468; x_wconf 88' lang='lat' dir='ltr'>sensibus</span> <span class='ocrx_word' id='word_1_418' title='bbox 916 4415 1303 4470; x_wconf 84' lang='lat' dir='ltr'>convenirent.</span> <span class='ocrx_word' id='word_1_419' title='bbox 1326 4416 1486 4480; x_wconf 86' lang='lat' dir='ltr'>Quod</span> <span class='ocrx_word' id='word_1_420' title='bbox 1510 4419 1704 4470; x_wconf 90' lang='lat' dir='ltr'>utrum</span> <span class='ocrx_word' id='word_1_421' title='bbox 1734 4432 1830 4470; x_wconf 90' lang='lat' dir='ltr'>ve-</span> 
     </span>
    </p>
   </div>
   <div class='ocr_carea' id='block_1_61' title="bbox 200 4502 1833 4581">
    <p class='ocr_par' dir='ltr' id='par_1_61' title="bbox 200 4502 1833 4581">
     <span class='ocr_line' id='line_1_61' title="bbox 200 4502 1833 4581; baseline 0.005 -25"><span class='ocrx_word' id='word_1_422' title='bbox 200 4502 410 4557; x_wconf 87' lang='lat' dir='ltr'>raciter</span> <span class='ocrx_word' id='word_1_423' title='bbox 436 4503 592 4559; x_wconf 85' lang='lat' dir='ltr'>fama</span> <span class='ocrx_word' id='word_1_424' title='bbox 621 4504 866 4576; x_wconf 85' lang='lat' dir='ltr'>jactaret</span> <span class='ocrx_word' id='word_1_425' title='bbox 908 4507 1228 4564; x_wconf 90' lang='lat' dir='ltr'>dilectionis</span> <span class='ocrx_word' id='word_1_426' title='bbox 1266 4513 1378 4563; x_wconf 70' lang='lat' dir='ltr'>tum</span> <span class='ocrx_word' id='word_1_427' title='bbox 1423 4509 1833 4581; x_wconf 87' lang='lat' dir='ltr'>inquirendum</span> 
     </span>
    </p>
   </div>
   <div class='ocr_carea' id='block_1_62' title="bbox 1852 3233 1907 3308">
    <p class='ocr_par' dir='ltr' id='par_1_62' title="bbox 1852 3233 1907 3308">
     <span class='ocr_line' id='line_1_62' title="bbox 1852 3233 1907 3308; baseline 0 0"><span class='ocrx_word' id='word_1_428' title='bbox 1852 3233 1907 3308; x_wconf 88' lang='lat' dir='ltr'><strong>C</strong></span> 
     </span>
    </p>
   </div>
   <div class='ocr_carea' id='block_1_63' title="bbox 1937 1969 3569 2047">
    <p class='ocr_par' dir='ltr' id='par_1_63' title="bbox 1937 1969 3569 2047">
     <span class='ocr_line' id='line_1_63' title="bbox 1937 1969 3569 2047; baseline 0.007 -26"><span class='ocrx_word' id='word_1_429' title='bbox 1937 1973 2215 2038; x_wconf 70' lang='lat' dir='ltr'>praesente</span> <span class='ocrx_word' id='word_1_430' title='bbox 2241 1969 2533 2038; x_wconf 89' lang='lat' dir='ltr'>recitetur,</span> <span class='ocrx_word' id='word_1_431' title='bbox 2565 1973 2627 2023; x_wconf 91' lang='lat' dir='ltr'>ut</span> <span class='ocrx_word' id='word_1_432' title='bbox 2653 1986 2758 2042; x_wconf 92' lang='lat' dir='ltr'>pro</span> <span class='ocrx_word' id='word_1_433' title='bbox 2787 1971 3060 2026; x_wconf 90' lang='lat' dir='ltr'>catholica</span> <span class='ocrx_word' id='word_1_434' title='bbox 3087 1973 3222 2039; x_wconf 87' lang='lat' dir='ltr'>ﬁde,</span> <span class='ocrx_word' id='word_1_435' title='bbox 3251 1990 3440 2047; x_wconf 87' lang='lat' dir='ltr'>neque</span> <span class='ocrx_word' id='word_1_436' title='bbox 3463 1994 3569 2032; x_wconf 88' lang='lat' dir='ltr'>nos</span> 
     </span>
    </p>
   </div>
   <div class='ocr_carea' id='block_1_64' title="bbox 1937 2061 3563 2136">
    <p class='ocr_par' dir='ltr' id='par_1_64' title="bbox 1937 2061 3563 2136">
     <span class='ocr_line' id='line_1_64' title="bbox 1937 2061 3563 2136; baseline 0.007 -21"><span class='ocrx_word' id='word_1_437' title='bbox 1937 2061 2316 2133; x_wconf 87' lang='lat' dir='ltr'>negligentes,</span> <span class='ocrx_word' id='word_1_438' title='bbox 2352 2079 2536 2134; x_wconf 90' lang='lat' dir='ltr'>neque</span> <span class='ocrx_word' id='word_1_439' title='bbox 2566 2062 2691 2134; x_wconf 87' lang='lat' dir='ltr'>ipsa</span> <span class='ocrx_word' id='word_1_440' title='bbox 2722 2065 2927 2119; x_wconf 90' lang='lat' dir='ltr'>umbra</span> <span class='ocrx_word' id='word_1_441' title='bbox 2950 2070 3241 2136; x_wconf 89' lang='lat' dir='ltr'>suspectus</span> <span class='ocrx_word' id='word_1_442' title='bbox 3267 2068 3563 2126; x_wconf 86' lang='lat' dir='ltr'>habeatur.</span> 
     </span>
    </p>
   </div>
   <div class='ocr_carea' id='block_1_65' title="bbox 1934 2154 3563 2233">
    <p class='ocr_par' dir='ltr' id='par_1_65' title="bbox 1934 2154 3563 2233">
     <span class='ocr_line' id='line_1_65' title="bbox 1934 2154 3563 2233; baseline 0.007 -25"><span class='ocrx_word' id='word_1_443' title='bbox 1934 2154 2039 2219; x_wconf 87' lang='lat' dir='ltr'>Qui</span> <span class='ocrx_word' id='word_1_444' title='bbox 2083 2155 2128 2209; x_wconf 92' lang='lat' dir='ltr'>si</span> <span class='ocrx_word' id='word_1_445' title='bbox 2171 2156 2232 2209; x_wconf 91' lang='lat' dir='ltr'>in</span> <span class='ocrx_word' id='word_1_446' title='bbox 2273 2155 2475 2211; x_wconf 90' lang='lat' dir='ltr'>eadem</span> <span class='ocrx_word' id='word_1_447' title='bbox 2501 2157 2772 2227; x_wconf 89' lang='lat' dir='ltr'>pravitate</span> <span class='ocrx_word' id='word_1_448' title='bbox 2803 2158 3123 2229; x_wconf 89' lang='lat' dir='ltr'>perdurans</span> <span class='ocrx_word' id='word_1_449' title='bbox 3152 2163 3453 2233; x_wconf 64' lang='lat' dir='ltr'>praeceptis</span> <span class='ocrx_word' id='word_1_450' title='bbox 3478 2182 3563 2219; x_wconf 81' lang='lat' dir='ltr'>sa-</span> 
     </span>
    </p>
   </div>
   <div class='ocr_carea' id='block_1_66' title="bbox 1934 2243 3569 2321">
    <p class='ocr_par' dir='ltr' id='par_1_66' title="bbox 1934 2243 3569 2321">
     <span class='ocr_line' id='line_1_66' title="bbox 1934 2243 3569 2321; baseline 0.007 -24"><span class='ocrx_word' id='word_1_451' title='bbox 1934 2243 2191 2299; x_wconf 89' lang='lat' dir='ltr'>lubribus</span> <span class='ocrx_word' id='word_1_452' title='bbox 2216 2261 2416 2315; x_wconf 89' lang='lat' dir='ltr'>parere</span> <span class='ocrx_word' id='word_1_453' title='bbox 2448 2246 2717 2313; x_wconf 90' lang='lat' dir='ltr'>noluerit,</span> <span class='ocrx_word' id='word_1_454' title='bbox 2748 2248 3090 2304; x_wconf 91' lang='lat' dir='ltr'>sententiam</span> <span class='ocrx_word' id='word_1_455' title='bbox 3119 2252 3316 2321; x_wconf 81' lang='lat' dir='ltr'>synodi</span> <span class='ocrx_word' id='word_1_456' title='bbox 3342 2254 3569 2310; x_wconf 88' lang='lat' dir='ltr'>Chalce-</span> 
     </span>
    </p>
   </div>
   <div class='ocr_carea' id='block_1_67' title="bbox 1934 2337 3566 2417">
    <p class='ocr_par' dir='ltr' id='par_1_67' title="bbox 1934 2337 3566 2417">
     <span class='ocr_line' id='line_1_67' title="bbox 1934 2337 3566 2417; baseline 0.007 -26"><span class='ocrx_word' id='word_1_457' title='bbox 1934 2337 2220 2406; x_wconf 90' lang='lat' dir='ltr'>donensis,</span> <span class='ocrx_word' id='word_1_458' title='bbox 2248 2338 2409 2409; x_wconf 91' lang='lat' dir='ltr'>cujus</span> <span class='ocrx_word' id='word_1_459' title='bbox 2432 2339 2858 2395; x_wconf 86' lang='lat' dir='ltr'>deﬁnitionibus</span> <span class='ocrx_word' id='word_1_460' title='bbox 2879 2343 3129 2412; x_wconf 88' lang='lat' dir='ltr'>resultat,</span> <span class='ocrx_word' id='word_1_461' title='bbox 3151 2345 3406 2417; x_wconf 91' lang='lat' dir='ltr'>recipiet.</span> <span class='ocrx_word' id='word_1_462' title='bbox 3429 2348 3566 2403; x_wconf 84' lang='lat' dir='ltr'>Data</span> 
     </span>
    </p>
   </div>
   <div class='ocr_carea' id='block_1_68' title="bbox 1933 2432 3565 2511">
    <p class='ocr_par' dir='ltr' id='par_1_68' title="bbox 1933 2432 3565 2511">
     <span class='ocr_line' id='line_1_68' title="bbox 1933 2432 3565 2511; baseline 0.007 -27"><span class='ocrx_word' id='word_1_463' title='bbox 1933 2432 2385 2503; x_wconf 89' lang='lat' dir='ltr'>quinto-decimo</span> <span class='ocrx_word' id='word_1_464' title='bbox 2431 2434 2713 2489; x_wconf 88' lang='lat' dir='ltr'>Kalendas</span> <span class='ocrx_word' id='word_1_465' title='bbox 2756 2435 2993 2506; x_wconf 82' lang='lat' dir='ltr'>Aprilis,</span> <span class='ocrx_word' id='word_1_466' title='bbox 3035 2436 3215 2507; x_wconf 90' lang='lat' dir='ltr'>gloria</span> <span class='ocrx_word' id='word_1_467' title='bbox 3260 2439 3565 2511; x_wconf 79' lang='lat' dir='ltr'>Majoriano</span> 
     </span>
    </p>
   </div>
   <div class='ocr_carea' id='block_1_69' title="bbox 1932 2526 2504 2595">
    <p class='ocr_par' dir='ltr' id='par_1_69' title="bbox 1932 2526 2504 2595">
     <span class='ocr_line' id='line_1_69' title="bbox 1932 2526 2504 2595; baseline 0.005 -16"><span class='ocrx_word' id='word_1_468' title='bbox 1932 2528 2207 2595; x_wconf 85' lang='lat' dir='ltr'>Augusto,</span> <span class='ocrx_word' id='word_1_469' title='bbox 2250 2526 2504 2582; x_wconf 91' lang='lat' dir='ltr'>consule.</span> 
     </span>
    </p>
   </div>
   <div class='ocr_carea' id='block_1_70' title="bbox 2417 2621 3071 2679">
    <p class='ocr_par' dir='ltr' id='par_1_70' title="bbox 2417 2621 3071 2679">
     <span class='ocr_line' id='line_1_70' title="bbox 2417 2621 3071 2679; baseline 0.003 -4"><span class='ocrx_word' id='word_1_470' title='bbox 2417 2621 2566 2675; x_wconf 84' lang='lat' dir='ltr'>XLV.</span> <span class='ocrx_word' id='word_1_471' title='bbox 2596 2650 2664 2660; x_wconf 90' lang='lat'>—</span> <span class='ocrx_word' id='word_1_472' title='bbox 2691 2621 2783 2676; x_wconf 83' lang='lat' dir='ltr'>Ad</span> <span class='ocrx_word' id='word_1_473' title='bbox 2813 2623 3071 2679; x_wconf 82' lang='lat' dir='ltr'>eumdem.</span> 
     </span>
    </p>
   </div>
   <div class='ocr_carea' id='block_1_71' title="bbox 2006 2713 3063 2789">
    <p class='ocr_par' dir='ltr' id='par_1_71' title="bbox 2006 2713 3063 2789">
     <span class='ocr_line' id='line_1_71' title="bbox 2006 2713 3063 2789; baseline 0.005 -22"><span class='ocrx_word' id='word_1_474' title='bbox 2006 2713 2114 2768; x_wconf 69' lang='lat' dir='ltr'>Leo</span> <span class='ocrx_word' id='word_1_475' title='bbox 2142 2714 2442 2785; x_wconf 89' lang='lat' dir='ltr'>episcopus</span> <span class='ocrx_word' id='word_1_476' title='bbox 2472 2717 2747 2769; x_wconf 68' lang='lat' dir='ltr'>Amromo</span> <span class='ocrx_word' id='word_1_477' title='bbox 2776 2714 3063 2789; x_wconf 90' lang='lat' dir='ltr'>episcopo.</span> 
     </span>
    </p>
   </div>
   <div class='ocr_carea' id='block_1_72' title="bbox 2005 2808 3565 2883">
    <p class='ocr_par' dir='ltr' id='par_1_72' title="bbox 2005 2808 3565 2883">
     <span class='ocr_line' id='line_1_72' title="bbox 2005 2808 3565 2883; baseline 0.006 -20"><span class='ocrx_word' id='word_1_478' title='bbox 2005 2808 2060 2863; x_wconf 89' lang='lat' dir='ltr'>Si</span> <span class='ocrx_word' id='word_1_479' title='bbox 2101 2808 2267 2863; x_wconf 89' lang='lat' dir='ltr'>ﬁrmo</span> <span class='ocrx_word' id='word_1_480' title='bbox 2294 2808 2869 2880; x_wconf 88' lang='lat' dir='ltr'>incommutabiliquc</span> <span class='ocrx_word' id='word_1_481' title='bbox 2901 2812 3193 2883; x_wconf 90' lang='lat' dir='ltr'>proposito</span> <span class='ocrx_word' id='word_1_482' title='bbox 3220 2812 3441 2872; x_wconf 91' lang='lat' dir='ltr'>dilectio</span> <span class='ocrx_word' id='word_1_483' title='bbox 3468 2823 3565 2874; x_wconf 85' lang='lat' dir='ltr'>tua</span> 
     </span>
    </p>
   </div>
   <div class='ocr_carea' id='block_1_73' title="bbox 1935 2903 3565 2981">
    <p class='ocr_par' dir='ltr' id='par_1_73' title="bbox 1935 2903 3565 2981">
     <span class='ocr_line' id='line_1_73' title="bbox 1935 2903 3565 2981; baseline 0.006 -26"><span class='ocrx_word' id='word_1_484' title='bbox 1935 2918 2131 2956; x_wconf 90' lang='lat' dir='ltr'>curam</span> <span class='ocrx_word' id='word_1_485' title='bbox 2181 2903 2380 2973; x_wconf 80' lang='lat' dir='ltr'>gratiae</span> <span class='ocrx_word' id='word_1_486' title='bbox 2431 2903 2750 2957; x_wconf 86' lang='lat' dir='ltr'>communis</span> <span class='ocrx_word' id='word_1_487' title='bbox 2789 2903 3098 2976; x_wconf 88' lang='lat' dir='ltr'>habuisset,</span> <span class='ocrx_word' id='word_1_488' title='bbox 3131 2907 3273 2962; x_wconf 90' lang='lat' dir='ltr'>nihil</span> <span class='ocrx_word' id='word_1_489' title='bbox 3308 2911 3565 2981; x_wconf 90' lang='lat' dir='ltr'>profecto</span> 
     </span>
    </p>
   </div>
   <div class='ocr_carea' id='block_1_74' title="bbox 1936 2997 3560 3071">
    <p class='ocr_par' dir='ltr' id='par_1_74' title="bbox 1936 2997 3560 3071">
     <span class='ocr_line' id='line_1_74' title="bbox 1936 2997 3560 3071; baseline 0.007 -21"><span class='ocrx_word' id='word_1_490' title='bbox 1936 2997 2087 3067; x_wconf 89' lang='lat' dir='ltr'>quod</span> <span class='ocrx_word' id='word_1_491' title='bbox 2139 2997 2311 3051; x_wconf 87' lang='lat' dir='ltr'>ullam</span> <span class='ocrx_word' id='word_1_492' title='bbox 2362 2997 2707 3052; x_wconf 82' lang='lat' dir='ltr'>anxietatem</span> <span class='ocrx_word' id='word_1_493' title='bbox 2753 2999 2853 3054; x_wconf 89' lang='lat' dir='ltr'>tibi</span> <span class='ocrx_word' id='word_1_494' title='bbox 2894 2998 3202 3071; x_wconf 85' lang='lat' dir='ltr'>ingereret,</span> <span class='ocrx_word' id='word_1_495' title='bbox 3246 3004 3560 3061; x_wconf 82' lang='lat' dir='ltr'>exstitisset.</span> 
     </span>
    </p>
   </div>
   <div class='ocr_carea' id='block_1_75' title="bbox 1931 3090 3562 3170">
    <p class='ocr_par' dir='ltr' id='par_1_75' title="bbox 1931 3090 3562 3170">
     <span class='ocr_line' id='line_1_75' title="bbox 1931 3090 3562 3170; baseline 0.006 -26"><span class='ocrx_word' id='word_1_496' title='bbox 1931 3090 2056 3145; x_wconf 85' lang='lat' dir='ltr'>Non</span> <span class='ocrx_word' id='word_1_497' title='bbox 2084 3090 2237 3145; x_wconf 88' lang='lat' dir='ltr'>enim</span> <span class='ocrx_word' id='word_1_498' title='bbox 2276 3091 2495 3145; x_wconf 87' lang='lat' dir='ltr'>sinebat</span> <span class='ocrx_word' id='word_1_499' title='bbox 2537 3092 2699 3160; x_wconf 90' lang='lat' dir='ltr'>ratio,</span> <span class='ocrx_word' id='word_1_500' title='bbox 2725 3099 2786 3148; x_wconf 89' lang='lat' dir='ltr'>ut</span> <span class='ocrx_word' id='word_1_501' title='bbox 2820 3094 2941 3165; x_wconf 90' lang='lat' dir='ltr'>ejus</span> <span class='ocrx_word' id='word_1_502' title='bbox 2973 3095 3307 3152; x_wconf 89' lang='lat' dir='ltr'>charitatem</span> <span class='ocrx_word' id='word_1_503' title='bbox 3329 3108 3562 3170; x_wconf 82' lang='lat' dir='ltr'>sperne-</span> 
     </span>
    </p>
   </div>
   <div class='ocr_carea' id='block_1_76' title="bbox 1932 3186 3560 3260">
    <p class='ocr_par' dir='ltr' id='par_1_76' title="bbox 1932 3186 3560 3260">
     <span class='ocr_line' id='line_1_76' title="bbox 1932 3186 3560 3260; baseline 0.007 -22"><span class='ocrx_word' id='word_1_504' title='bbox 1932 3201 2059 3238; x_wconf 90' lang='lat' dir='ltr'>rem</span> <span class='ocrx_word' id='word_1_505' title='bbox 2089 3202 2260 3256; x_wconf 89' lang='lat' dir='ltr'>quam</span> <span class='ocrx_word' id='word_1_506' title='bbox 2299 3202 2493 3240; x_wconf 86' lang='lat' dir='ltr'>amore</span> <span class='ocrx_word' id='word_1_507' title='bbox 2520 3186 2672 3257; x_wconf 87' lang='lat' dir='ltr'>pacis</span> <span class='ocrx_word' id='word_1_508' title='bbox 2701 3190 2758 3241; x_wconf 92' lang='lat' dir='ltr'>et</span> <span class='ocrx_word' id='word_1_509' title='bbox 2787 3188 2972 3242; x_wconf 88' lang='lat' dir='ltr'>studio</span> <span class='ocrx_word' id='word_1_510' title='bbox 3012 3192 3338 3260; x_wconf 75' lang='lat' dir='ltr'>reparandae</span> <span class='ocrx_word' id='word_1_511' title='bbox 3370 3194 3560 3249; x_wconf 89' lang='lat' dir='ltr'>catho-</span> 
     </span>
    </p>
   </div>
   <div class='ocr_carea' id='block_1_77' title="bbox 1933 3278 3560 3358">
    <p class='ocr_par' dir='ltr' id='par_1_77' title="bbox 1933 3278 3560 3358">
     <span class='ocr_line' id='line_1_77' title="bbox 1933 3278 3560 3358; baseline 0.006 -26"><span class='ocrx_word' id='word_1_512' title='bbox 1933 3278 2055 3333; x_wconf 63' lang='lat' dir='ltr'>licas</span> <span class='ocrx_word' id='word_1_513' title='bbox 2075 3278 2208 3333; x_wconf 89' lang='lat' dir='ltr'>ﬁdei</span> <span class='ocrx_word' id='word_1_514' title='bbox 2237 3279 2386 3333; x_wconf 84' lang='lat' dir='ltr'>inter</span> <span class='ocrx_word' id='word_1_515' title='bbox 2406 3279 2527 3349; x_wconf 88' lang='lat' dir='ltr'>ipsa</span> <span class='ocrx_word' id='word_1_516' title='bbox 2550 3280 2903 3351; x_wconf 88' lang='lat' dir='ltr'>episcopatus</span> <span class='ocrx_word' id='word_1_517' title='bbox 2923 3282 3246 3337; x_wconf 85' lang='lat' dir='ltr'>rudimenta</span> <span class='ocrx_word' id='word_1_518' title='bbox 3267 3285 3560 3358; x_wconf 84' lang='lat' dir='ltr'>juvisscm,</span> 
     </span>
    </p>
   </div>
   <div class='ocr_carea' id='block_1_78' title="bbox 1934 3372 3560 3436">
    <p class='ocr_par' dir='ltr' id='par_1_78' title="bbox 1934 3372 3560 3436">
     <span class='ocr_line' id='line_1_78' title="bbox 1934 3372 3560 3436; baseline 0.007 -11"><span class='ocrx_word' id='word_1_519' title='bbox 1934 3372 2163 3426; x_wconf 88' lang='lat' dir='ltr'>obstans</span> <span class='ocrx_word' id='word_1_520' title='bbox 2192 3373 2250 3426; x_wconf 90' lang='lat' dir='ltr'>in</span> <span class='ocrx_word' id='word_1_521' title='bbox 2280 3373 2663 3427; x_wconf 82' lang='lat' dir='ltr'>ecclesiasticis</span> <span class='ocrx_word' id='word_1_522' title='bbox 2698 3374 2844 3428; x_wconf 89' lang='lat' dir='ltr'>curis</span> <span class='ocrx_word' id='word_1_523' title='bbox 2879 3375 3051 3430; x_wconf 88' lang='lat' dir='ltr'>talem</span> <span class='ocrx_word' id='word_1_524' title='bbox 3088 3377 3299 3433; x_wconf 89' lang='lat' dir='ltr'>habere</span> <span class='ocrx_word' id='word_1_525' title='bbox 3330 3397 3560 3436; x_wconf 90' lang='lat' dir='ltr'>consor-</span> 
     </span>
    </p>
   </div>
   <div class='ocr_carea' id='block_1_79' title="bbox 1934 3466 3559 3540">
    <p class='ocr_par' dir='ltr' id='par_1_79' title="bbox 1934 3466 3559 3540">
     <span class='ocr_line' id='line_1_79' title="bbox 1934 3466 3559 3540; baseline 0.007 -21"><span class='ocrx_word' id='word_1_526' title='bbox 1934 3470 2070 3533; x_wconf 90' lang='lat' dir='ltr'>tem,</span> <span class='ocrx_word' id='word_1_527' title='bbox 2086 3469 2151 3520; x_wconf 90' lang='lat' dir='ltr'>ut</span> <span class='ocrx_word' id='word_1_528' title='bbox 2165 3466 2302 3520; x_wconf 93' lang='lat' dir='ltr'>mihi</span> <span class='ocrx_word' id='word_1_529' title='bbox 2326 3467 2392 3521; x_wconf 89' lang='lat' dir='ltr'>de</span> <span class='ocrx_word' id='word_1_530' title='bbox 2410 3466 2619 3521; x_wconf 90' lang='lat' dir='ltr'>sanctis</span> <span class='ocrx_word' id='word_1_531' title='bbox 2642 3469 3090 3539; x_wconf 60' lang='lat' dir='ltr'>praecursoribus</span> <span class='ocrx_word' id='word_1_532' title='bbox 3116 3471 3247 3540; x_wconf 89' lang='lat' dir='ltr'>tuis,</span> <span class='ocrx_word' id='word_1_533' title='bbox 3266 3489 3372 3527; x_wconf 88' lang='lat' dir='ltr'>nec</span> <span class='ocrx_word' id='word_1_534' title='bbox 3392 3474 3559 3529; x_wconf 85' lang='lat' dir='ltr'>Joan-</span> 
     </span>
    </p>
   </div>
   <div class='ocr_carea' id='block_1_80' title="bbox 1935 3559 3562 3633">
    <p class='ocr_par' dir='ltr' id='par_1_80' title="bbox 1935 3559 3562 3633">
     <span class='ocr_line' id='line_1_80' title="bbox 1935 3559 3562 3633; baseline 0.007 -20"><span class='ocrx_word' id='word_1_535' title='bbox 1935 3560 2021 3614; x_wconf 89' lang='lat' dir='ltr'>nis</span> <span class='ocrx_word' id='word_1_536' title='bbox 2041 3559 2344 3631; x_wconf 89' lang='lat' dir='ltr'>specialem</span> <span class='ocrx_word' id='word_1_537' title='bbox 2366 3559 2766 3633; x_wconf 89' lang='lat' dir='ltr'>copiosamque</span> <span class='ocrx_word' id='word_1_538' title='bbox 2795 3562 3140 3630; x_wconf 89' lang='lat' dir='ltr'>doctrinam,</span> <span class='ocrx_word' id='word_1_539' title='bbox 3173 3581 3277 3620; x_wconf 92' lang='lat' dir='ltr'>nec</span> <span class='ocrx_word' id='word_1_540' title='bbox 3310 3568 3562 3623; x_wconf 86' lang='lat' dir='ltr'>auctori-</span> 
     </span>
    </p>
   </div>
   <div class='ocr_carea' id='block_1_81' title="bbox 1932 3653 3563 3724">
    <p class='ocr_par' dir='ltr' id='par_1_81' title="bbox 1932 3653 3563 3724">
     <span class='ocr_line' id='line_1_81' title="bbox 1932 3653 3563 3724; baseline 0.006 -16"><span class='ocrx_word' id='word_1_541' title='bbox 1932 3658 2110 3708; x_wconf 90' lang='lat' dir='ltr'>tatem</span> <span class='ocrx_word' id='word_1_542' title='bbox 2134 3653 2319 3722; x_wconf 85' lang='lat' dir='ltr'>Attici,</span> <span class='ocrx_word' id='word_1_543' title='bbox 2345 3670 2446 3708; x_wconf 90' lang='lat' dir='ltr'>nec</span> <span class='ocrx_word' id='word_1_544' title='bbox 2475 3654 2816 3710; x_wconf 89' lang='lat' dir='ltr'>industriam</span> <span class='ocrx_word' id='word_1_545' title='bbox 2845 3656 3047 3724; x_wconf 90' lang='lat' dir='ltr'>Procli,</span> <span class='ocrx_word' id='word_1_546' title='bbox 3074 3674 3181 3712; x_wconf 90' lang='lat' dir='ltr'>nec</span> <span class='ocrx_word' id='word_1_547' title='bbox 3211 3658 3386 3715; x_wconf 87' lang='lat' dir='ltr'>ﬁdem</span> <span class='ocrx_word' id='word_1_548' title='bbox 3412 3661 3563 3718; x_wconf 89' lang='lat' dir='ltr'>beati</span> 
     </span>
    </p>
   </div>
   <div class='ocr_carea' id='block_1_82' title="bbox 1933 3747 3561 3825">
    <p class='ocr_par' dir='ltr' id='par_1_82' title="bbox 1933 3747 3561 3825">
     <span class='ocr_line' id='line_1_82' title="bbox 1933 3747 3561 3825; baseline 0.006 -23"><span class='ocrx_word' id='word_1_549' title='bbox 1933 3748 2177 3802; x_wconf 83' lang='lat' dir='ltr'>Flaviani</span> <span class='ocrx_word' id='word_1_550' title='bbox 2211 3747 2406 3803; x_wconf 90' lang='lat' dir='ltr'>deesse</span> <span class='ocrx_word' id='word_1_551' title='bbox 2436 3748 2729 3817; x_wconf 90' lang='lat' dir='ltr'>sentirem,</span> <span class='ocrx_word' id='word_1_552' title='bbox 2763 3753 2820 3805; x_wconf 92' lang='lat' dir='ltr'>et</span> <span class='ocrx_word' id='word_1_553' title='bbox 2862 3750 2942 3805; x_wconf 89' lang='lat' dir='ltr'>ita</span> <span class='ocrx_word' id='word_1_554' title='bbox 2986 3751 3186 3807; x_wconf 89' lang='lat' dir='ltr'>studiis</span> <span class='ocrx_word' id='word_1_555' title='bbox 3210 3753 3324 3808; x_wconf 85' lang='lat' dir='ltr'>tuis</span> <span class='ocrx_word' id='word_1_556' title='bbox 3347 3760 3561 3825; x_wconf 84' lang='lat' dir='ltr'>uterer,</span> 
     </span>
    </p>
   </div>
   <div class='ocr_carea' id='block_1_83' title="bbox 1933 3842 3564 3920">
    <p class='ocr_par' dir='ltr' id='par_1_83' title="bbox 1933 3842 3564 3920">
     <span class='ocr_line' id='line_1_83' title="bbox 1933 3842 3564 3920; baseline 0.006 -24"><span class='ocrx_word' id='word_1_557' title='bbox 1933 3848 1998 3897; x_wconf 90' lang='lat' dir='ltr'>ut</span> <span class='ocrx_word' id='word_1_558' title='bbox 2039 3843 2229 3897; x_wconf 91' lang='lat' dir='ltr'>nullus</span> <span class='ocrx_word' id='word_1_559' title='bbox 2279 3842 2516 3898; x_wconf 88' lang='lat' dir='ltr'>auderet</span> <span class='ocrx_word' id='word_1_560' title='bbox 2546 3843 2629 3897; x_wconf 89' lang='lat' dir='ltr'>vel</span> <span class='ocrx_word' id='word_1_561' title='bbox 2668 3843 2800 3899; x_wconf 86' lang='lat' dir='ltr'>ﬁdei</span> <span class='ocrx_word' id='word_1_562' title='bbox 2834 3845 3122 3901; x_wconf 69' lang='lat' dir='ltr'>catholica:</span> <span class='ocrx_word' id='word_1_563' title='bbox 3148 3847 3444 3920; x_wconf 89' lang='lat' dir='ltr'>resultare,</span> <span class='ocrx_word' id='word_1_564' title='bbox 3475 3851 3564 3907; x_wconf 87' lang='lat' dir='ltr'>vel</span> 
     </span>
    </p>
   </div>
   <div class='ocr_carea' id='block_1_84' title="bbox 1934 3936 3563 4011">
    <p class='ocr_par' dir='ltr' id='par_1_84' title="bbox 1934 3936 3563 4011">
     <span class='ocr_line' id='line_1_84' title="bbox 1934 3936 3563 4011; baseline 0.006 -21"><span class='ocrx_word' id='word_1_565' title='bbox 1934 3936 2172 3992; x_wconf 72' lang='lat' dir='ltr'>Nicaanis</span> <span class='ocrx_word' id='word_1_566' title='bbox 2192 3936 2603 3992; x_wconf 89' lang='lat' dir='ltr'>venerabilium</span> <span class='ocrx_word' id='word_1_567' title='bbox 2626 3938 2853 3993; x_wconf 86' lang='lat' dir='ltr'>Patrum</span> <span class='ocrx_word' id='word_1_568' title='bbox 2874 3940 3088 4011; x_wconf 89' lang='lat' dir='ltr'>regulis</span> <span class='ocrx_word' id='word_1_569' title='bbox 3113 3942 3416 3998; x_wconf 88' lang='lat' dir='ltr'>contraire.</span> <span class='ocrx_word' id='word_1_570' title='bbox 3450 3943 3563 4001; x_wconf 91' lang='lat' dir='ltr'>Sed</span> 
     </span>
    </p>
   </div>
   <div class='ocr_carea' id='block_1_85' title="bbox 1935 4030 3565 4106">
    <p class='ocr_par' dir='ltr' id='par_1_85' title="bbox 1935 4030 3565 4106">
     <span class='ocr_line' id='line_1_85' title="bbox 1935 4030 3565 4106; baseline 0.006 -21"><span class='ocrx_word' id='word_1_571' title='bbox 1935 4047 2065 4085; x_wconf 91' lang='lat' dir='ltr'>cum</span> <span class='ocrx_word' id='word_1_572' title='bbox 2090 4032 2150 4085; x_wconf 92' lang='lat' dir='ltr'>in</span> <span class='ocrx_word' id='word_1_573' title='bbox 2178 4030 2453 4102; x_wconf 87' lang='lat' dir='ltr'>injuriam</span> <span class='ocrx_word' id='word_1_574' title='bbox 2480 4048 2785 4102; x_wconf 89' lang='lat' dir='ltr'>canonum,</span> <span class='ocrx_word' id='word_1_575' title='bbox 2811 4036 2877 4088; x_wconf 91' lang='lat' dir='ltr'>ut</span> <span class='ocrx_word' id='word_1_576' title='bbox 2907 4035 3187 4106; x_wconf 88' lang='lat' dir='ltr'>agnoscis,</span> <span class='ocrx_word' id='word_1_577' title='bbox 3223 4036 3321 4092; x_wconf 90' lang='lat' dir='ltr'>illa</span> <span class='ocrx_word' id='word_1_578' title='bbox 3346 4041 3565 4096; x_wconf 87' lang='lat' dir='ltr'>tentata</span> 
     </span>
    </p>
   </div>
   <div class='ocr_carea' id='block_1_86' title="bbox 1935 4126 3563 4197">
    <p class='ocr_par' dir='ltr' id='par_1_86' title="bbox 1935 4126 3563 4197">
     <span class='ocr_line' id='line_1_86' title="bbox 1935 4126 3563 4197; baseline 0.006 -18"><span class='ocrx_word' id='word_1_579' title='bbox 1935 4131 2067 4181; x_wconf 92' lang='lat' dir='ltr'>sunt</span> <span class='ocrx_word' id='word_1_580' title='bbox 2115 4143 2240 4197; x_wconf 84' lang='lat' dir='ltr'>quae</span> <span class='ocrx_word' id='word_1_581' title='bbox 2294 4126 2559 4180; x_wconf 89' lang='lat' dir='ltr'>omnibus</span> <span class='ocrx_word' id='word_1_582' title='bbox 2602 4126 2847 4181; x_wconf 91' lang='lat' dir='ltr'>ecclesiis</span> <span class='ocrx_word' id='word_1_583' title='bbox 2879 4129 3206 4185; x_wconf 87' lang='lat' dir='ltr'>scandalum</span> <span class='ocrx_word' id='word_1_584' title='bbox 3240 4133 3563 4189; x_wconf 78' lang='lat' dir='ltr'>maximum</span> 
     </span>
    </p>
   </div>
   <div class='ocr_carea' id='block_1_87' title="bbox 1936 4220 3562 4299">
    <p class='ocr_par' dir='ltr' id='par_1_87' title="bbox 1936 4220 3562 4299">
     <span class='ocr_line' id='line_1_87' title="bbox 1936 4220 3562 4299; baseline 0.007 -27"><span class='ocrx_word' id='word_1_585' title='bbox 1936 4222 2298 4290; x_wconf 88' lang='lat' dir='ltr'>generarent,</span> <span class='ocrx_word' id='word_1_586' title='bbox 2321 4220 2457 4290; x_wconf 92' lang='lat' dir='ltr'>quid</span> <span class='ocrx_word' id='word_1_587' title='bbox 2478 4220 2665 4290; x_wconf 87' lang='lat' dir='ltr'>aptius</span> <span class='ocrx_word' id='word_1_588' title='bbox 2694 4236 2759 4274; x_wconf 90' lang='lat' dir='ltr'>ac</span> <span class='ocrx_word' id='word_1_589' title='bbox 2782 4220 3097 4277; x_wconf 88' lang='lat' dir='ltr'>modestius</span> <span class='ocrx_word' id='word_1_590' title='bbox 3114 4223 3363 4280; x_wconf 89' lang='lat' dir='ltr'>facerem</span> <span class='ocrx_word' id='word_1_591' title='bbox 3392 4244 3562 4299; x_wconf 87' lang='lat' dir='ltr'>quam</span> 
     </span>
    </p>
   </div>
   <div class='ocr_carea' id='block_1_88' title="bbox 1932 4313 3564 4387">
    <p class='ocr_par' dir='ltr' id='par_1_88' title="bbox 1932 4313 3564 4387">
     <span class='ocr_line' id='line_1_88' title="bbox 1932 4313 3564 4387; baseline 0.006 -20"><span class='ocrx_word' id='word_1_592' title='bbox 1932 4316 1998 4367; x_wconf 91' lang='lat' dir='ltr'>ut</span> <span class='ocrx_word' id='word_1_593' title='bbox 2027 4318 2083 4368; x_wconf 88' lang='lat' dir='ltr'>te</span> <span class='ocrx_word' id='word_1_594' title='bbox 2111 4313 2361 4384; x_wconf 87' lang='lat' dir='ltr'>primum</span> <span class='ocrx_word' id='word_1_595' title='bbox 2391 4316 2452 4366; x_wconf 93' lang='lat' dir='ltr'>ut</span> <span class='ocrx_word' id='word_1_596' title='bbox 2476 4313 2546 4366; x_wconf 90' lang='lat' dir='ltr'>ab</span> <span class='ocrx_word' id='word_1_597' title='bbox 2573 4314 2681 4367; x_wconf 88' lang='lat' dir='ltr'>hac</span> <span class='ocrx_word' id='word_1_598' title='bbox 2720 4313 3040 4370; x_wconf 88' lang='lat' dir='ltr'>intentione</span> <span class='ocrx_word' id='word_1_599' title='bbox 3081 4316 3421 4387; x_wconf 89' lang='lat' dir='ltr'>discederes,</span> <span class='ocrx_word' id='word_1_600' title='bbox 3457 4322 3564 4377; x_wconf 87' lang='lat' dir='ltr'>fra-</span> 
     </span>
    </p>
   </div>
   <div class='ocr_carea' id='block_1_89' title="bbox 1934 4405 3563 4487">
    <p class='ocr_par' dir='ltr' id='par_1_89' title="bbox 1934 4405 3563 4487">
     <span class='ocr_line' id='line_1_89' title="bbox 1934 4405 3563 4487; baseline 0.007 -28"><span class='ocrx_word' id='word_1_601' title='bbox 1934 4410 2099 4461; x_wconf 90' lang='lat' dir='ltr'>terno</span> <span class='ocrx_word' id='word_1_602' title='bbox 2135 4406 2326 4461; x_wconf 90' lang='lat' dir='ltr'>animo</span> <span class='ocrx_word' id='word_1_603' title='bbox 2352 4406 2540 4460; x_wconf 91' lang='lat' dir='ltr'>missis</span> <span class='ocrx_word' id='word_1_604' title='bbox 2579 4405 2782 4461; x_wconf 89' lang='lat' dir='ltr'>litteris</span> <span class='ocrx_word' id='word_1_605' title='bbox 2830 4408 3254 4465; x_wconf 82' lang='lat' dir='ltr'>admonerem?</span> <span class='ocrx_word' id='word_1_606' title='bbox 3298 4413 3380 4467; x_wconf 87' lang='lat' dir='ltr'>Ad</span> <span class='ocrx_word' id='word_1_607' title='bbox 3422 4432 3563 4487; x_wconf 89' lang='lat' dir='ltr'>quas</span> 
     </span>
    </p>
   </div>
   <div class='ocr_carea' id='block_1_90' title="bbox 1934 4499 3561 4574">
    <p class='ocr_par' dir='ltr' id='par_1_90' title="bbox 1934 4499 3561 4574">
     <span class='ocr_line' id='line_1_90' title="bbox 1934 4499 3561 4574; baseline 0.006 -19"><span class='ocrx_word' id='word_1_608' title='bbox 1934 4516 2067 4555; x_wconf 91' lang='lat' dir='ltr'>cum</span> <span class='ocrx_word' id='word_1_609' title='bbox 2095 4517 2211 4555; x_wconf 89' lang='lat' dir='ltr'>non</span> <span class='ocrx_word' id='word_1_610' title='bbox 2242 4499 2599 4568; x_wconf 88' lang='lat' dir='ltr'>rescriberes,</span> <span class='ocrx_word' id='word_1_611' title='bbox 2622 4501 2743 4572; x_wconf 92' lang='lat' dir='ltr'>ipse</span> <span class='ocrx_word' id='word_1_612' title='bbox 2774 4518 2807 4555; x_wconf 89' lang='lat' dir='ltr'>a</span> <span class='ocrx_word' id='word_1_613' title='bbox 2838 4502 3103 4574; x_wconf 89' lang='lat' dir='ltr'>colloquii</span> <span class='ocrx_word' id='word_1_614' title='bbox 3132 4505 3242 4559; x_wconf 90' lang='lat' dir='ltr'>mei</span> <span class='ocrx_word' id='word_1_615' title='bbox 3274 4510 3561 4564; x_wconf 84' lang='lat' dir='ltr'>consortio</span> 
     </span>
    </p>
   </div>
   <div class='ocr_carea' id='block_1_91' title="bbox 191 4592 3561 4681">
    <p class='ocr_par' dir='ltr' id='par_1_91' title="bbox 191 4592 3561 4681">
     <span class='ocr_line' id='line_1_91' title="bbox 191 4592 3561 4681; baseline 0.005 -30"><span class='ocrx_word' id='word_1_616' title='bbox 191 4596 410 4666; x_wconf 85' lang='lat' dir='ltr'>judicio</span> <span class='ocrx_word' id='word_1_617' title='bbox 456 4597 733 4671; x_wconf 85' lang='lat' dir='ltr'>delegavi.</span> <span class='ocrx_word' id='word_1_618' title='bbox 781 4600 973 4673; x_wconf 83' lang='lat' dir='ltr'>Neque</span> <span class='ocrx_word' id='word_1_619' title='bbox 1020 4603 1077 4657; x_wconf 91' lang='lat' dir='ltr'>in</span> <span class='ocrx_word' id='word_1_620' title='bbox 1126 4603 1319 4674; x_wconf 90' lang='lat' dir='ltr'>aliquo</span> <span class='ocrx_word' id='word_1_621' title='bbox 1365 4604 1641 4658; x_wconf 89' lang='lat' dir='ltr'>honorem</span> <span class='ocrx_word' id='word_1_622' title='bbox 1669 4608 1909 4681; x_wconf 85' lang='lat' dir='ltr'>tuumD</span> <span class='ocrx_word' id='word_1_623' title='bbox 1933 4592 2124 4667; x_wconf 82' lang='lat'>205</span> <span class='ocrx_word' id='word_1_624' title='bbox 2158 4592 2448 4665; x_wconf 68' lang='grc' dir='ltr'>δθρθνίιδίὶο</span> <span class='ocrx_word' id='word_1_625' title='bbox 2484 4594 2739 4665; x_wconf 72' lang='lat' dir='ltr'>Denique</span> <span class='ocrx_word' id='word_1_626' title='bbox 2778 4594 2912 4649; x_wconf 72' lang='lat' dir='ltr'>inde</span> <span class='ocrx_word' id='word_1_627' title='bbox 2955 4596 3075 4667; x_wconf 70' lang='lat' dir='ltr'>jam</span> <span class='ocrx_word' id='word_1_628' title='bbox 3122 4597 3290 4668; x_wconf 65' lang='grc' dir='ltr'>ίλοιιί,</span> <span class='ocrx_word' id='word_1_629' title='bbox 3321 4599 3418 4655; x_wconf 75' lang='lat' dir='ltr'>58d</span> <span class='ocrx_word' id='word_1_630' title='bbox 3448 4602 3561 4657; x_wconf 77' lang='lat' dir='ltr'>Cle-</span> 
     </span>
    </p>
   </div>
   <div class='ocr_carea' id='block_1_92' title="bbox 197 4689 1836 4769">
    <p class='ocr_par' dir='ltr' id='par_1_92' title="bbox 197 4689 1836 4769">
     <span class='ocr_line' id='line_1_92' title="bbox 197 4689 1836 4769; baseline 0.005 -24"><span class='ocrx_word' id='word_1_631' title='bbox 197 4689 334 4758; x_wconf 73' lang='lat' dir='ltr'>lazsi,</span> <span class='ocrx_word' id='word_1_632' title='bbox 368 4691 459 4747; x_wconf 90' lang='lat' dir='ltr'>cui</span> <span class='ocrx_word' id='word_1_633' title='bbox 512 4692 863 4749; x_wconf 89' lang='lat' dir='ltr'>discutienda</span> <span class='ocrx_word' id='word_1_634' title='bbox 908 4713 974 4750; x_wconf 90' lang='lat' dir='ltr'>ea</span> <span class='ocrx_word' id='word_1_635' title='bbox 1016 4714 1141 4768; x_wconf 65' lang='lat' dir='ltr'>quae</span> <span class='ocrx_word' id='word_1_636' title='bbox 1187 4698 1255 4751; x_wconf 88' lang='lat' dir='ltr'>ad</span> <span class='ocrx_word' id='word_1_637' title='bbox 1300 4714 1392 4753; x_wconf 90' lang='lat' dir='ltr'>me</span> <span class='ocrx_word' id='word_1_638' title='bbox 1434 4700 1595 4752; x_wconf 89' lang='lat' dir='ltr'>erant</span> <span class='ocrx_word' id='word_1_639' title='bbox 1620 4699 1836 4769; x_wconf 87' lang='lat' dir='ltr'>perlata</span> 
     </span>
    </p>
   </div>
   <div class='ocr_carea' id='block_1_93' title="bbox 199 4785 1834 4863">
    <p class='ocr_par' dir='ltr' id='par_1_93' title="bbox 199 4785 1834 4863">
     <span class='ocr_line' id='line_1_93' title="bbox 199 4785 1834 4863; baseline 0.005 -24"><span class='ocrx_word' id='word_1_640' title='bbox 199 4785 475 4854; x_wconf 85' lang='lat' dir='ltr'>commisi,</span> <span class='ocrx_word' id='word_1_641' title='bbox 510 4788 576 4841; x_wconf 92' lang='lat' dir='ltr'>ut</span> <span class='ocrx_word' id='word_1_642' title='bbox 619 4788 831 4843; x_wconf 90' lang='lat' dir='ltr'>scilicet</span> <span class='ocrx_word' id='word_1_643' title='bbox 869 4790 1084 4845; x_wconf 83' lang='lat' dir='ltr'>Atticus</span> <span class='ocrx_word' id='word_1_644' title='bbox 1134 4790 1447 4863; x_wconf 74' lang='lat' dir='ltr'>presbyter,</span> <span class='ocrx_word' id='word_1_645' title='bbox 1489 4808 1660 4863; x_wconf 92' lang='lat' dir='ltr'>quem</span> <span class='ocrx_word' id='word_1_646' title='bbox 1699 4792 1834 4855; x_wconf 88' lang='lat' dir='ltr'>talia</span> 
     </span>
    </p>
   </div>
   <div class='ocr_carea' id='block_1_94' title="bbox 197 4878 1833 4955">
    <p class='ocr_par' dir='ltr' id='par_1_94' title="bbox 197 4878 1833 4955">
     <span class='ocr_line' id='line_1_94' title="bbox 197 4878 1833 4955; baseline 0.004 -22"><span class='ocrx_word' id='word_1_647' title='bbox 197 4878 408 4935; x_wconf 89' lang='lat' dir='ltr'>audere</span> <span class='ocrx_word' id='word_1_648' title='bbox 460 4897 862 4953; x_wconf 89' lang='lat' dir='ltr'>cognoveram,</span> <span class='ocrx_word' id='word_1_649' title='bbox 896 4884 1004 4938; x_wconf 89' lang='lat' dir='ltr'>nisi</span> <span class='ocrx_word' id='word_1_650' title='bbox 1048 4884 1302 4955; x_wconf 87' lang='lat' dir='ltr'>perfecta</span> <span class='ocrx_word' id='word_1_651' title='bbox 1343 4903 1403 4939; x_wconf 89' lang='lat' dir='ltr'>se</span> <span class='ocrx_word' id='word_1_652' title='bbox 1452 4885 1833 4940; x_wconf 85' lang='lat' dir='ltr'>satisfactione</span> 
     </span>
    </p>
   </div>
   <div class='ocr_carea' id='block_1_95' title="bbox 200 4978 1833 5046">
    <p class='ocr_par' dir='ltr' id='par_1_95' title="bbox 200 4978 1833 5046">
     <span class='ocr_line' id='line_1_95' title="bbox 200 4978 1833 5046; baseline 0.004 -18"><span class='ocrx_word' id='word_1_653' title='bbox 200 4978 515 5045; x_wconf 87' lang='lat' dir='ltr'>purgasset,</span> <span class='ocrx_word' id='word_1_654' title='bbox 556 4980 614 5030; x_wconf 90' lang='lat' dir='ltr'>et</span> <span class='ocrx_word' id='word_1_655' title='bbox 642 4992 754 5031; x_wconf 90' lang='lat' dir='ltr'>non</span> <span class='ocrx_word' id='word_1_656' title='bbox 789 4978 971 5032; x_wconf 89' lang='lat' dir='ltr'>solum</span> <span class='ocrx_word' id='word_1_657' title='bbox 1005 4995 1138 5034; x_wconf 88' lang='lat' dir='ltr'>voce</span> <span class='ocrx_word' id='word_1_658' title='bbox 1168 4979 1481 5046; x_wconf 71' lang='lat' dir='ltr'>haereticos,</span> <span class='ocrx_word' id='word_1_659' title='bbox 1524 4979 1624 5033; x_wconf 90' lang='lat' dir='ltr'>sed</span> <span class='ocrx_word' id='word_1_660' title='bbox 1661 4980 1833 5035; x_wconf 88' lang='lat' dir='ltr'>etiam</span> 
     </span>
    </p>
   </div>
   <div class='ocr_carea' id='block_1_96' title="bbox 201 5067 1835 5144">
    <p class='ocr_par' dir='ltr' id='par_1_96' title="bbox 201 5067 1835 5144">
     <span class='ocr_line' id='line_1_96' title="bbox 201 5067 1835 5144; baseline 0.005 -22"><span class='ocrx_word' id='word_1_661' title='bbox 201 5067 447 5139; x_wconf 74' lang='lat' dir='ltr'>prOprize</span> <span class='ocrx_word' id='word_1_662' title='bbox 474 5084 683 5124; x_wconf 90' lang='lat' dir='ltr'>manus</span> <span class='ocrx_word' id='word_1_663' title='bbox 714 5070 1129 5144; x_wconf 88' lang='lat' dir='ltr'>subscriptione</span> <span class='ocrx_word' id='word_1_664' title='bbox 1161 5072 1504 5139; x_wconf 89' lang='lat' dir='ltr'>damnasset,</span> <span class='ocrx_word' id='word_1_665' title='bbox 1526 5091 1559 5127; x_wconf 90' lang='lat' dir='ltr'>a</span> <span class='ocrx_word' id='word_1_666' title='bbox 1582 5091 1835 5129; x_wconf 80' lang='lat' dir='ltr'>commu-</span> 
     </span>
    </p>
   </div>
   <div class='ocr_carea' id='block_1_97' title="bbox 202 5159 1832 5239">
    <p class='ocr_par' dir='ltr' id='par_1_97' title="bbox 202 5159 1832 5239">
     <span class='ocr_line' id='line_1_97' title="bbox 202 5159 1832 5239; baseline 0.005 -24"><span class='ocrx_word' id='word_1_667' title='bbox 202 5159 386 5216; x_wconf 89' lang='lat' dir='ltr'>nionis</span> <span class='ocrx_word' id='word_1_668' title='bbox 436 5163 621 5232; x_wconf 88' lang='lat' dir='ltr'>gratia</span> <span class='ocrx_word' id='word_1_669' title='bbox 670 5168 821 5219; x_wconf 89' lang='lat' dir='ltr'>esset</span> <span class='ocrx_word' id='word_1_670' title='bbox 870 5166 1107 5221; x_wconf 90' lang='lat' dir='ltr'>alienus.</span> <span class='ocrx_word' id='word_1_671' title='bbox 1156 5167 1263 5233; x_wconf 88' lang='lat' dir='ltr'>Qui</span> <span class='ocrx_word' id='word_1_672' title='bbox 1305 5166 1511 5239; x_wconf 81' lang='lat' dir='ltr'>scripta</span> <span class='ocrx_word' id='word_1_673' title='bbox 1552 5168 1832 5224; x_wconf 84' lang='lat' dir='ltr'>mittendo</span> 
     </span>
    </p>
   </div>
   <div class='ocr_carea' id='block_1_98' title="bbox 201 5253 1829 5330">
    <p class='ocr_par' dir='ltr' id='par_1_98' title="bbox 201 5253 1829 5330">
     <span class='ocr_line' id='line_1_98' title="bbox 201 5253 1829 5330; baseline 0.004 -20"><span class='ocrx_word' id='word_1_674' title='bbox 201 5253 388 5311; x_wconf 65' lang='lat' dir='ltr'>dubiae</span> <span class='ocrx_word' id='word_1_675' title='bbox 421 5253 555 5311; x_wconf 88' lang='lat' dir='ltr'>ﬁdei</span> <span class='ocrx_word' id='word_1_676' title='bbox 588 5261 645 5313; x_wconf 89' lang='lat' dir='ltr'>et</span> <span class='ocrx_word' id='word_1_677' title='bbox 672 5258 1036 5330; x_wconf 86' lang='lat' dir='ltr'>professionis</span> <span class='ocrx_word' id='word_1_678' title='bbox 1064 5261 1297 5316; x_wconf 67' lang='lat' dir='ltr'>incertze</span> <span class='ocrx_word' id='word_1_679' title='bbox 1324 5261 1679 5317; x_wconf 87' lang='lat' dir='ltr'>conﬁrmavit</span> <span class='ocrx_word' id='word_1_680' title='bbox 1708 5280 1829 5317; x_wconf 88' lang='lat' dir='ltr'>ma-</span> 
     </span>
    </p>
   </div>
   <div class='ocr_carea' id='block_1_99' title="bbox 201 5348 1830 5428">
    <p class='ocr_par' dir='ltr' id='par_1_99' title="bbox 201 5348 1830 5428">
     <span class='ocr_line' id='line_1_99' title="bbox 201 5348 1830 5428; baseline 0.005 -25"><span class='ocrx_word' id='word_1_681' title='bbox 201 5348 286 5421; x_wconf 87' lang='lat' dir='ltr'>gis</span> <span class='ocrx_word' id='word_1_682' title='bbox 320 5366 494 5423; x_wconf 89' lang='lat' dir='ltr'>quam</span> <span class='ocrx_word' id='word_1_683' title='bbox 528 5349 694 5406; x_wconf 89' lang='lat' dir='ltr'>diluit</span> <span class='ocrx_word' id='word_1_684' title='bbox 727 5353 1007 5426; x_wconf 87' lang='lat' dir='ltr'>quidquid</span> <span class='ocrx_word' id='word_1_685' title='bbox 1035 5356 1106 5411; x_wconf 91' lang='lat' dir='ltr'>ad</span> <span class='ocrx_word' id='word_1_686' title='bbox 1132 5373 1235 5411; x_wconf 89' lang='lat' dir='ltr'>nos</span> <span class='ocrx_word' id='word_1_687' title='bbox 1259 5356 1327 5411; x_wconf 91' lang='lat' dir='ltr'>de</span> <span class='ocrx_word' id='word_1_688' title='bbox 1357 5373 1424 5412; x_wconf 92' lang='lat' dir='ltr'>eo</span> <span class='ocrx_word' id='word_1_689' title='bbox 1454 5356 1603 5411; x_wconf 86' lang='lat' dir='ltr'>fama</span> <span class='ocrx_word' id='word_1_690' title='bbox 1634 5361 1830 5428; x_wconf 86' lang='lat' dir='ltr'>pertu-</span> 
     </span>
    </p>
   </div>
   <div class='ocr_carea' id='block_1_100' title="bbox 200 5444 1833 5522">
    <p class='ocr_par' dir='ltr' id='par_1_100' title="bbox 200 5444 1833 5522">
     <span class='ocr_line' id='line_1_100' title="bbox 200 5444 1833 5522; baseline 0.004 -24"><span class='ocrx_word' id='word_1_691' title='bbox 200 5444 361 5500; x_wconf 87' lang='lat' dir='ltr'>lerat.</span> <span class='ocrx_word' id='word_1_692' title='bbox 400 5445 545 5499; x_wconf 89' lang='lat' dir='ltr'>Cum</span> <span class='ocrx_word' id='word_1_693' title='bbox 595 5445 641 5500; x_wconf 90' lang='lat' dir='ltr'>si</span> <span class='ocrx_word' id='word_1_694' title='bbox 686 5446 1091 5504; x_wconf 89' lang='lat' dir='ltr'>conscientiam</span> <span class='ocrx_word' id='word_1_695' title='bbox 1113 5468 1273 5506; x_wconf 90' lang='lat' dir='ltr'>suam</span> <span class='ocrx_word' id='word_1_696' title='bbox 1304 5450 1570 5505; x_wconf 90' lang='lat' dir='ltr'>voluisset</span> <span class='ocrx_word' id='word_1_697' title='bbox 1596 5451 1833 5522; x_wconf 88' lang='lat' dir='ltr'>probare</span> 
     </span>
    </p>
   </div>
   <div class='ocr_carea' id='block_1_101' title="bbox 202 5536 1833 5616">
    <p class='ocr_par' dir='ltr' id='par_1_101' title="bbox 202 5536 1833 5616">
     <span class='ocr_line' id='line_1_101' title="bbox 202 5536 1833 5616; baseline 0.006 -26"><span class='ocrx_word' id='word_1_698' title='bbox 202 5536 500 5605; x_wconf 87' lang='lat' dir='ltr'>sinceram,</span> <span class='ocrx_word' id='word_1_699' title='bbox 514 5555 631 5594; x_wconf 90' lang='lat' dir='ltr'>non</span> <span class='ocrx_word' id='word_1_700' title='bbox 654 5540 927 5597; x_wconf 89' lang='lat' dir='ltr'>Eutichen</span> <span class='ocrx_word' id='word_1_701' title='bbox 948 5542 1052 5597; x_wconf 82' lang='lat' dir='ltr'>sibi</span> <span class='ocrx_word' id='word_1_702' title='bbox 1071 5544 1330 5600; x_wconf 89' lang='lat' dir='ltr'>odiosum</span> <span class='ocrx_word' id='word_1_703' title='bbox 1347 5546 1536 5613; x_wconf 85' lang='lat' dir='ltr'>fuisse,</span> <span class='ocrx_word' id='word_1_704' title='bbox 1558 5546 1658 5601; x_wconf 88' lang='lat' dir='ltr'>sed</span> <span class='ocrx_word' id='word_1_705' title='bbox 1679 5545 1833 5616; x_wconf 91' lang='lat' dir='ltr'>quod</span> 
     </span>
    </p>
   </div>
   <div class='ocr_carea' id='block_1_102' title="bbox 205 5630 1831 5709">
    <p class='ocr_par' dir='ltr' id='par_1_102' title="bbox 205 5630 1831 5709">
     <span class='ocr_line' id='line_1_102' title="bbox 205 5630 1831 5709; baseline 0.006 -24"><span class='ocrx_word' id='word_1_706' title='bbox 205 5630 498 5702; x_wconf 86' lang='lat' dir='ltr'>perﬁdiam</span> <span class='ocrx_word' id='word_1_707' title='bbox 531 5630 707 5705; x_wconf 87' lang='lat' dir='ltr'>ipsius</span> <span class='ocrx_word' id='word_1_708' title='bbox 728 5637 1060 5707; x_wconf 86' lang='lat' dir='ltr'>reprobaret</span> <span class='ocrx_word' id='word_1_709' title='bbox 1080 5642 1250 5709; x_wconf 87' lang='lat' dir='ltr'>atque</span> <span class='ocrx_word' id='word_1_710' title='bbox 1275 5639 1596 5708; x_wconf 89' lang='lat' dir='ltr'>damnaret,</span> <span class='ocrx_word' id='word_1_711' title='bbox 1621 5639 1831 5694; x_wconf 86' lang='lat' dir='ltr'>debue-</span> 
     </span>
    </p>
   </div>
   <div class='ocr_carea' id='block_1_103' title="bbox 206 5725 1836 5800">
    <p class='ocr_par' dir='ltr' id='par_1_103' title="bbox 206 5725 1836 5800">
     <span class='ocr_line' id='line_1_103' title="bbox 206 5725 1836 5800; baseline 0.005 -21"><span class='ocrx_word' id='word_1_712' title='bbox 206 5729 288 5780; x_wconf 88' lang='lat' dir='ltr'>rat</span> <span class='ocrx_word' id='word_1_713' title='bbox 315 5725 596 5797; x_wconf 89' lang='lat' dir='ltr'>conﬁteri,</span> <span class='ocrx_word' id='word_1_714' title='bbox 626 5726 760 5800; x_wconf 89' lang='lat' dir='ltr'>quia</span> <span class='ocrx_word' id='word_1_715' title='bbox 803 5729 955 5786; x_wconf 90' lang='lat' dir='ltr'>aliud</span> <span class='ocrx_word' id='word_1_716' title='bbox 1007 5738 1137 5787; x_wconf 90' lang='lat' dir='ltr'>sunt</span> <span class='ocrx_word' id='word_1_717' title='bbox 1180 5733 1442 5789; x_wconf 78' lang='lat' dir='ltr'>humanae</span> <span class='ocrx_word' id='word_1_718' title='bbox 1484 5734 1658 5789; x_wconf 90' lang='lat' dir='ltr'>etiam</span> <span class='ocrx_word' id='word_1_719' title='bbox 1687 5733 1836 5788; x_wconf 88' lang='lat' dir='ltr'>inter</span> 
     </span>
    </p>
   </div>
   <div class='ocr_carea' id='block_1_104' title="bbox 206 5818 1835 5900">
    <p class='ocr_par' dir='ltr' id='par_1_104' title="bbox 206 5818 1835 5900">
     <span class='ocr_line' id='line_1_104' title="bbox 206 5818 1835 5900; baseline 0.005 -28"><span class='ocrx_word' id='word_1_720' title='bbox 206 5818 511 5877; x_wconf 85' lang='lat' dir='ltr'>catholicos</span> <span class='ocrx_word' id='word_1_721' title='bbox 560 5818 900 5892; x_wconf 88' lang='lat' dir='ltr'>simultates,</span> <span class='ocrx_word' id='word_1_722' title='bbox 953 5825 1105 5881; x_wconf 90' lang='lat' dir='ltr'>aliud</span> <span class='ocrx_word' id='word_1_723' title='bbox 1157 5825 1445 5895; x_wconf 88' lang='lat' dir='ltr'>diabolici,</span> <span class='ocrx_word' id='word_1_724' title='bbox 1502 5842 1643 5900; x_wconf 85' lang='lat' dir='ltr'>quos</span> <span class='ocrx_word' id='word_1_725' title='bbox 1696 5826 1835 5881; x_wconf 86' lang='lat' dir='ltr'>ﬁdes</span> 
     </span>
    </p>
   </div>
   <div class='ocr_carea' id='block_1_105' title="bbox 206 5912 1830 5992">
    <p class='ocr_par' dir='ltr' id='par_1_105' title="bbox 206 5912 1830 5992">
     <span class='ocr_line' id='line_1_105' title="bbox 206 5912 1830 5992; baseline 0.002 -21"><span class='ocrx_word' id='word_1_726' title='bbox 206 5912 480 5971; x_wconf 80' lang='lat' dir='ltr'>catholica</span> <span class='ocrx_word' id='word_1_727' title='bbox 525 5914 763 5973; x_wconf 84' lang='lat' dir='ltr'>damnat</span> <span class='ocrx_word' id='word_1_728' title='bbox 805 5935 1044 5975; x_wconf 84' lang='lat' dir='ltr'>errores.</span> <span class='ocrx_word' id='word_1_729' title='bbox 1097 5922 1165 5976; x_wconf 88' lang='lat' dir='ltr'>Et</span> <span class='ocrx_word' id='word_1_730' title='bbox 1219 5920 1365 5992; x_wconf 89' lang='lat' dir='ltr'>ideo,</span> <span class='ocrx_word' id='word_1_731' title='bbox 1408 5922 1583 5977; x_wconf 80' lang='lat' dir='ltr'>frater</span> <span class='ocrx_word' id='word_1_732' title='bbox 1623 5921 1830 5976; x_wconf 86' lang='lat' dir='ltr'>charis-</span> 
     </span>
    </p>
   </div>
   <div class='ocr_carea' id='block_1_106' title="bbox 1934 4686 3563 4762">
    <p class='ocr_par' dir='ltr' id='par_1_106' title="bbox 1934 4686 3563 4762">
     <span class='ocr_line' id='line_1_106' title="bbox 1934 4686 3563 4762; baseline 0.006 -19"><span class='ocrx_word' id='word_1_733' title='bbox 1934 4688 2290 4743; x_wconf 90' lang='lat' dir='ltr'>mentissimo</span> <span class='ocrx_word' id='word_1_734' title='bbox 2308 4686 2553 4760; x_wconf 88' lang='lat' dir='ltr'>principi</span> <span class='ocrx_word' id='word_1_735' title='bbox 2565 4688 2785 4742; x_wconf 86' lang='lat' dir='ltr'>custodi</span> <span class='ocrx_word' id='word_1_736' title='bbox 2798 4688 2931 4744; x_wconf 88' lang='lat' dir='ltr'>ﬁdei</span> <span class='ocrx_word' id='word_1_737' title='bbox 2946 4690 3227 4762; x_wconf 89' lang='lat' dir='ltr'>frequenti</span> <span class='ocrx_word' id='word_1_738' title='bbox 3242 4693 3563 4751; x_wconf 87' lang='lat' dir='ltr'>litterarum</span> 
     </span>
    </p>
   </div>
   <div class='ocr_carea' id='block_1_107' title="bbox 1936 4781 3563 4861">
    <p class='ocr_par' dir='ltr' id='par_1_107' title="bbox 1936 4781 3563 4861">
     <span class='ocr_line' id='line_1_107' title="bbox 1936 4781 3563 4861; baseline 0.005 -23"><span class='ocrx_word' id='word_1_739' title='bbox 1936 4783 2268 4856; x_wconf 87' lang='lat' dir='ltr'>petitionem</span> <span class='ocrx_word' id='word_1_740' title='bbox 2307 4781 2585 4853; x_wconf 89' lang='lat' dir='ltr'>suggessi,</span> <span class='ocrx_word' id='word_1_741' title='bbox 2610 4787 2672 4837; x_wconf 91' lang='lat' dir='ltr'>ut</span> <span class='ocrx_word' id='word_1_742' title='bbox 2705 4798 2809 4854; x_wconf 93' lang='lat' dir='ltr'>pro</span> <span class='ocrx_word' id='word_1_743' title='bbox 2832 4799 2969 4855; x_wconf 89' lang='lat' dir='ltr'>pace</span> <span class='ocrx_word' id='word_1_744' title='bbox 2992 4786 3353 4842; x_wconf 89' lang='lat' dir='ltr'>ecclesiarum</span> <span class='ocrx_word' id='word_1_745' title='bbox 3385 4806 3563 4861; x_wconf 90' lang='lat' dir='ltr'>quam</span> 
     </span>
    </p>
   </div>
   <div class='ocr_carea' id='block_1_108' title="bbox 1937 4876 3566 4952">
    <p class='ocr_par' dir='ltr' id='par_1_108' title="bbox 1937 4876 3566 4952">
     <span class='ocr_line' id='line_1_108' title="bbox 1937 4876 3566 4952; baseline 0.005 -19"><span class='ocrx_word' id='word_1_746' title='bbox 1937 4879 2036 4934; x_wconf 91' lang='lat' dir='ltr'>tibi</span> <span class='ocrx_word' id='word_1_747' title='bbox 2083 4877 2327 4933; x_wconf 84' lang='lat' dir='ltr'>maxime</span> <span class='ocrx_word' id='word_1_748' title='bbox 2368 4876 2636 4948; x_wconf 88' lang='lat' dir='ltr'>prodesse</span> <span class='ocrx_word' id='word_1_749' title='bbox 2683 4878 3009 4949; x_wconf 89' lang='lat' dir='ltr'>cognoscis,</span> <span class='ocrx_word' id='word_1_750' title='bbox 3037 4879 3161 4934; x_wconf 87' lang='lat' dir='ltr'>haec</span> <span class='ocrx_word' id='word_1_751' title='bbox 3194 4898 3321 4952; x_wconf 86' lang='lat' dir='ltr'>quae</span> <span class='ocrx_word' id='word_1_752' title='bbox 3348 4899 3501 4940; x_wconf 90' lang='lat' dir='ltr'>nunc</span> <span class='ocrx_word' id='word_1_753' title='bbox 3530 4903 3566 4941; x_wconf 92' lang='lat' dir='ltr'>a</span> 
     </span>
    </p>
   </div>
   <div class='ocr_carea' id='block_1_109' title="bbox 1934 4970 3564 5043">
    <p class='ocr_par' dir='ltr' id='par_1_109' title="bbox 1934 4970 3564 5043">
     <span class='ocr_line' id='line_1_109' title="bbox 1934 4970 3564 5043; baseline 0.004 -15"><span class='ocrx_word' id='word_1_754' title='bbox 1934 4972 2235 5028; x_wconf 86' lang='lat' dir='ltr'>dilectione</span> <span class='ocrx_word' id='word_1_755' title='bbox 2284 4972 2432 5027; x_wconf 89' lang='lat' dir='ltr'>facta</span> <span class='ocrx_word' id='word_1_756' title='bbox 2476 4974 2610 5025; x_wconf 90' lang='lat' dir='ltr'>sunt</span> <span class='ocrx_word' id='word_1_757' title='bbox 2653 4970 3051 5043; x_wconf 89' lang='lat' dir='ltr'>implerentur.</span> <span class='ocrx_word' id='word_1_758' title='bbox 3101 4974 3201 5030; x_wconf 88' lang='lat' dir='ltr'>Cui</span> <span class='ocrx_word' id='word_1_759' title='bbox 3249 4975 3564 5035; x_wconf 81' lang='lat' dir='ltr'>ineffabiles</span> 
     </span>
    </p>
   </div>
   <div class='ocr_carea' id='block_1_110' title="bbox 1936 5064 3564 5143">
    <p class='ocr_par' dir='ltr' id='par_1_110' title="bbox 1936 5064 3564 5143">
     <span class='ocr_line' id='line_1_110' title="bbox 1936 5064 3564 5143; baseline 0.006 -21"><span class='ocrx_word' id='word_1_760' title='bbox 1936 5067 2147 5140; x_wconf 86' lang='lat' dir='ltr'>gratias</span> <span class='ocrx_word' id='word_1_761' title='bbox 2192 5083 2322 5139; x_wconf 87' lang='lat' dir='ltr'>ago,</span> <span class='ocrx_word' id='word_1_762' title='bbox 2361 5064 2515 5138; x_wconf 90' lang='lat' dir='ltr'>quod</span> <span class='ocrx_word' id='word_1_763' title='bbox 2563 5066 2873 5121; x_wconf 91' lang='lat' dir='ltr'>secundum</span> <span class='ocrx_word' id='word_1_764' title='bbox 2908 5067 3289 5124; x_wconf 88' lang='lat' dir='ltr'>eruditionem</span> <span class='ocrx_word' id='word_1_765' title='bbox 3322 5071 3564 5143; x_wconf 91' lang='lat' dir='ltr'>Spiritus</span> 
     </span>
    </p>
   </div>
   <div class='ocr_carea' id='block_1_111' title="bbox 1934 5155 3562 5228">
    <p class='ocr_par' dir='ltr' id='par_1_111' title="bbox 1934 5155 3562 5228">
     <span class='ocr_line' id='line_1_111' title="bbox 1934 5155 3562 5228; baseline 0.006 -17"><span class='ocrx_word' id='word_1_766' title='bbox 1934 5158 2131 5225; x_wconf 88' lang='lat' dir='ltr'>sancti,</span> <span class='ocrx_word' id='word_1_767' title='bbox 2154 5158 2315 5228; x_wconf 86' lang='lat' dir='ltr'>cujus</span> <span class='ocrx_word' id='word_1_768' title='bbox 2355 5159 2441 5210; x_wconf 91' lang='lat' dir='ltr'>est</span> <span class='ocrx_word' id='word_1_769' title='bbox 2478 5155 2684 5210; x_wconf 88' lang='lat' dir='ltr'>virtute</span> <span class='ocrx_word' id='word_1_770' title='bbox 2724 5155 3089 5227; x_wconf 89' lang='lat' dir='ltr'>plenissimus</span> <span class='ocrx_word' id='word_1_771' title='bbox 3119 5161 3448 5219; x_wconf 85' lang='lat' dir='ltr'>sacerdotali</span> <span class='ocrx_word' id='word_1_772' title='bbox 3479 5166 3562 5220; x_wconf 91' lang='lat' dir='ltr'>di-</span> 
     </span>
    </p>
   </div>
   <div class='ocr_carea' id='block_1_112' title="bbox 1936 5249 3565 5324">
    <p class='ocr_par' dir='ltr' id='par_1_112' title="bbox 1936 5249 3565 5324">
     <span class='ocr_line' id='line_1_112' title="bbox 1936 5249 3565 5324; baseline 0.006 -18"><span class='ocrx_word' id='word_1_773' title='bbox 1936 5258 2142 5324; x_wconf 88' lang='lat' dir='ltr'>gnatur</span> <span class='ocrx_word' id='word_1_774' title='bbox 2191 5251 2414 5305; x_wconf 87' lang='lat' dir='ltr'>studere</span> <span class='ocrx_word' id='word_1_775' title='bbox 2466 5249 2822 5319; x_wconf 76' lang='lat' dir='ltr'>concordiae,</span> <span class='ocrx_word' id='word_1_776' title='bbox 2884 5251 3068 5306; x_wconf 86' lang='lat' dir='ltr'>sciens</span> <span class='ocrx_word' id='word_1_777' title='bbox 3121 5252 3227 5308; x_wconf 90' lang='lat' dir='ltr'>sibi</span> <span class='ocrx_word' id='word_1_778' title='bbox 3285 5258 3565 5315; x_wconf 85' lang='lat' dir='ltr'>orationes</span> 
     </span>
    </p>
   </div>
   <div class='ocr_carea' id='block_1_113' title="bbox 1934 5343 3563 5418">
    <p class='ocr_par' dir='ltr' id='par_1_113' title="bbox 1934 5343 3563 5418">
     <span class='ocr_line' id='line_1_113' title="bbox 1934 5343 3563 5418; baseline 0.005 -17"><span class='ocrx_word' id='word_1_779' title='bbox 1934 5346 2375 5418; x_wconf 87' lang='lat' dir='ltr'>supplicantium</span> <span class='ocrx_word' id='word_1_780' title='bbox 2403 5343 2688 5415; x_wconf 89' lang='lat' dir='ltr'>copiosius</span> <span class='ocrx_word' id='word_1_781' title='bbox 2709 5345 3054 5417; x_wconf 89' lang='lat' dir='ltr'>profuturas,</span> <span class='ocrx_word' id='word_1_782' title='bbox 3079 5347 3124 5403; x_wconf 92' lang='lat' dir='ltr'>si</span> <span class='ocrx_word' id='word_1_783' title='bbox 3160 5348 3362 5406; x_wconf 87' lang='lat' dir='ltr'>famuli</span> <span class='ocrx_word' id='word_1_784' title='bbox 3395 5354 3563 5409; x_wconf 88' lang='lat' dir='ltr'>unius</span> 
     </span>
    </p>
   </div>
   <div class='ocr_carea' id='block_1_114' title="bbox 1934 5438 3560 5513">
    <p class='ocr_par' dir='ltr' id='par_1_114' title="bbox 1934 5438 3560 5513">
     <span class='ocr_line' id='line_1_114' title="bbox 1934 5438 3560 5513; baseline 0.005 -19"><span class='ocrx_word' id='word_1_785' title='bbox 1934 5440 2157 5495; x_wconf 92' lang='lat' dir='ltr'>Domini</span> <span class='ocrx_word' id='word_1_786' title='bbox 2206 5440 2265 5493; x_wconf 93' lang='lat' dir='ltr'>in</span> <span class='ocrx_word' id='word_1_787' title='bbox 2308 5439 2465 5493; x_wconf 89' lang='lat' dir='ltr'>nullo</span> <span class='ocrx_word' id='word_1_788' title='bbox 2511 5438 2625 5492; x_wconf 92' lang='lat' dir='ltr'>sint</span> <span class='ocrx_word' id='word_1_789' title='bbox 2667 5455 2701 5493; x_wconf 87' lang='lat' dir='ltr'>a</span> <span class='ocrx_word' id='word_1_790' title='bbox 2750 5456 2887 5494; x_wconf 90' lang='lat' dir='ltr'>vera</span> <span class='ocrx_word' id='word_1_791' title='bbox 2930 5441 3083 5513; x_wconf 90' lang='lat' dir='ltr'>pacis</span> <span class='ocrx_word' id='word_1_792' title='bbox 3130 5442 3344 5500; x_wconf 89' lang='lat' dir='ltr'>unitate</span> <span class='ocrx_word' id='word_1_793' title='bbox 3380 5447 3560 5503; x_wconf 84' lang='lat' dir='ltr'>divisi.</span> 
     </span>
    </p>
   </div>
   <div class='ocr_carea' id='block_1_115' title="bbox 1933 5533 3564 5611">
    <p class='ocr_par' dir='ltr' id='par_1_115' title="bbox 1933 5533 3564 5611">
     <span class='ocr_line' id='line_1_115' title="bbox 1933 5533 3564 5611; baseline 0.005 -23"><span class='ocrx_word' id='word_1_794' title='bbox 1933 5534 2096 5598; x_wconf 90' lang='lat' dir='ltr'>Quod</span> <span class='ocrx_word' id='word_1_795' title='bbox 2123 5551 2261 5605; x_wconf 88' lang='lat' dir='ltr'>ergo</span> <span class='ocrx_word' id='word_1_796' title='bbox 2299 5533 2356 5587; x_wconf 88' lang='lat' dir='ltr'>in</span> <span class='ocrx_word' id='word_1_797' title='bbox 2391 5534 3009 5605; x_wconf 86' lang='lat' dir='ltr'>Constantinopolitana</span> <span class='ocrx_word' id='word_1_798' title='bbox 3030 5537 3272 5592; x_wconf 88' lang='lat' dir='ltr'>Ecclesia</span> <span class='ocrx_word' id='word_1_799' title='bbox 3300 5539 3564 5611; x_wconf 60' lang='lat' dir='ltr'>quaedam</span> 
     </span>
    </p>
   </div>
   <div class='ocr_carea' id='block_1_116' title="bbox 1936 5611 3561 5701">
    <p class='ocr_par' dir='ltr' id='par_1_116' title="bbox 1936 5611 3561 5701">
     <span class='ocr_line' id='line_1_116' title="bbox 1936 5611 3561 5701; baseline 0.003 -18"><span class='ocrx_word' id='word_1_800' title='bbox 1936 5629 1991 5683; x_wconf 90' lang='lat' dir='ltr'>in</span> <span class='ocrx_word' id='word_1_801' title='bbox 2022 5627 2223 5684; x_wconf 90' lang='lat' dir='ltr'>ofﬁciis</span> <span class='ocrx_word' id='word_1_802' title='bbox 2260 5627 2595 5682; x_wconf 87' lang='lat' dir='ltr'>clericorum</span> <span class='ocrx_word' id='word_1_803' title='bbox 2621 5633 2874 5684; x_wconf 89' lang='lat' dir='ltr'>correcta</span> <span class='ocrx_word' id='word_1_804' title='bbox 2908 5611 3210 5701; x_wconf 81' lang='lat' dir='ltr'>signiﬁcas,</span> <span class='ocrx_word' id='word_1_805' title='bbox 3247 5634 3310 5685; x_wconf 90' lang='lat' dir='ltr'>ut</span> <span class='ocrx_word' id='word_1_806' title='bbox 3344 5635 3561 5691; x_wconf 89' lang='lat' dir='ltr'>etenim</span> 
     </span>
    </p>
   </div>
   <div class='ocr_carea' id='block_1_117' title="bbox 1935 5722 3562 5800">
    <p class='ocr_par' dir='ltr' id='par_1_117' title="bbox 1935 5722 3562 5800">
     <span class='ocr_line' id='line_1_117' title="bbox 1935 5722 3562 5800; baseline 0.004 -22"><span class='ocrx_word' id='word_1_807' title='bbox 1935 5723 2325 5796; x_wconf 84' lang='lat' dir='ltr'>presbyterum</span> <span class='ocrx_word' id='word_1_808' title='bbox 2386 5722 2442 5776; x_wconf 91' lang='lat' dir='ltr'>in</span> <span class='ocrx_word' id='word_1_809' title='bbox 2505 5722 2746 5795; x_wconf 88' lang='lat' dir='ltr'>gratiam</span> <span class='ocrx_word' id='word_1_810' title='bbox 2810 5728 2969 5778; x_wconf 87' lang='lat' dir='ltr'>tuam</span> <span class='ocrx_word' id='word_1_811' title='bbox 3022 5723 3562 5800; x_wconf 84' lang='lat' dir='ltr'>aﬁ‘ectationemque</span> 
     </span>
    </p>
   </div>
   <div class='ocr_carea' id='block_1_118' title="bbox 1935 5816 3563 5885">
    <p class='ocr_par' dir='ltr' id='par_1_118' title="bbox 1935 5816 3563 5885">
     <span class='ocr_line' id='line_1_118' title="bbox 1935 5816 3563 5885; baseline 0.004 -12"><span class='ocrx_word' id='word_1_812' title='bbox 1935 5817 2302 5885; x_wconf 89' lang='lat' dir='ltr'>revocaveris,</span> <span class='ocrx_word' id='word_1_813' title='bbox 2318 5817 2670 5873; x_wconf 84' lang='lat' dir='ltr'>etAndream</span> <span class='ocrx_word' id='word_1_814' title='bbox 2693 5816 3079 5873; x_wconf 90' lang='lat' dir='ltr'>archidiaconi</span> <span class='ocrx_word' id='word_1_815' title='bbox 3098 5816 3317 5873; x_wconf 89' lang='lat' dir='ltr'>actione</span> <span class='ocrx_word' id='word_1_816' title='bbox 3338 5821 3563 5879; x_wconf 90' lang='lat' dir='ltr'>submo-</span> 
     </span>
    </p>
   </div>
   <div class='ocr_carea' id='block_1_119' title="bbox 1936 5909 3563 5986">
    <p class='ocr_par' dir='ltr' id='par_1_119' title="bbox 1936 5909 3563 5986">
     <span class='ocr_line' id='line_1_119' title="bbox 1936 5909 3563 5986; baseline 0.004 -19"><span class='ocrx_word' id='word_1_817' title='bbox 1936 5913 2103 5983; x_wconf 86' lang='lat' dir='ltr'>veris,</span> <span class='ocrx_word' id='word_1_818' title='bbox 2132 5912 2295 5967; x_wconf 86' lang='lat' dir='ltr'>nobis</span> <span class='ocrx_word' id='word_1_819' title='bbox 2342 5912 2616 5986; x_wconf 88' lang='lat' dir='ltr'>placuisse</span> <span class='ocrx_word' id='word_1_820' title='bbox 2663 5911 2931 5981; x_wconf 88' lang='lat' dir='ltr'>rescribo,</span> <span class='ocrx_word' id='word_1_821' title='bbox 2960 5909 3094 5982; x_wconf 88' lang='lat' dir='ltr'>quia</span> <span class='ocrx_word' id='word_1_822' title='bbox 3130 5912 3563 5979; x_wconf 65' lang='lat' dir='ltr'>estimationem</span> 
     </span>
    </p>
   </div>
  </div>
