  <div class='ocr_page' id='page_1' title='image "/cluster/home/n/w/nwhite01/storage/ocr_20150623/130/umn.319510024774230/491.png"; bbox 0 0 4034 6322; ppageno 0'>
   <div class='ocr_carea' id='block_1_1' title="bbox 472 341 3848 407">
    <p class='ocr_par' dir='ltr' id='par_1_1' title="bbox 472 341 3848 407">
     <span class='ocr_line' id='line_1_1' title="bbox 472 341 3848 407; baseline -0.001 0"><span class='ocrx_word' id='word_1_1' title='bbox 472 354 567 407; x_wconf 73' lang='lat' dir='ltr'>ssi</span> <span class='ocrx_word' id='word_1_2' title='bbox 1350 346 1637 407; x_wconf 78' lang='lat' dir='ltr'>APPEND.</span> <span class='ocrx_word' id='word_1_3' title='bbox 1679 348 1769 406; x_wconf 87' lang='lat' dir='ltr'>AD</span> <span class='ocrx_word' id='word_1_4' title='bbox 1807 347 1971 405; x_wconf 53' lang='grc' dir='ltr'>δερ.</span> <span class='ocrx_word' id='word_1_5' title='bbox 2012 341 2100 405; x_wconf 83' lang='lat' dir='ltr'>Ix.</span> <span class='ocrx_word' id='word_1_6' title='bbox 2129 379 2200 389; x_wconf 89' lang='lat'><strong><em>—</em></strong></span> <span class='ocrx_word' id='word_1_7' title='bbox 2235 342 2474 406; x_wconf 81' lang='lat' dir='ltr'><strong>ISIDORI</strong></span> <span class='ocrx_word' id='word_1_8' title='bbox 2510 344 2939 407; x_wconf 75' lang='lat' dir='ltr'>MERCATORIS</span> <span class='ocrx_word' id='word_1_9' title='bbox 3738 355 3848 405; x_wconf 81' lang='lat'>832</span> 
     </span>
    </p>
   </div>
   <div class='ocr_carea' id='block_1_2' title="bbox 475 456 3847 544">
    <p class='ocr_par' dir='ltr' id='par_1_2' title="bbox 475 456 3847 544">
     <span class='ocr_line' id='line_1_2' title="bbox 475 456 3847 544; baseline 0 -31"><span class='ocrx_word' id='word_1_10' title='bbox 475 464 652 528; x_wconf 90' lang='lat' dir='ltr'>tuam,</span> <span class='ocrx_word' id='word_1_11' title='bbox 682 465 744 515; x_wconf 90' lang='lat' dir='ltr'>ut</span> <span class='ocrx_word' id='word_1_12' title='bbox 769 458 1062 532; x_wconf 80' lang='lat' dir='ltr'>optabam,</span> <span class='ocrx_word' id='word_1_13' title='bbox 1079 458 1397 530; x_wconf 90' lang='lat' dir='ltr'>plurimum</span> <span class='ocrx_word' id='word_1_14' title='bbox 1425 459 1597 530; x_wconf 80' lang='lat' dir='ltr'>erigit</span> <span class='ocrx_word' id='word_1_15' title='bbox 1619 463 1789 530; x_wconf 91' lang='lat' dir='ltr'>atque</span> <span class='ocrx_word' id='word_1_16' title='bbox 1816 475 2105 514; x_wconf 90' lang='lat' dir='ltr'>commen-</span> <span class='ocrx_word' id='word_1_17' title='bbox 2125 471 2182 544; x_wconf 79' lang='grc' dir='ltr'><strong>Α</strong></span> <span class='ocrx_word' id='word_1_18' title='bbox 2206 459 2430 514; x_wconf 79' lang='lat' dir='ltr'>sinebat</span> <span class='ocrx_word' id='word_1_19' title='bbox 2458 460 2623 529; x_wconf 86' lang='lat' dir='ltr'>ratio,</span> <span class='ocrx_word' id='word_1_20' title='bbox 2652 463 2717 513; x_wconf 91' lang='lat' dir='ltr'>ut</span> <span class='ocrx_word' id='word_1_21' title='bbox 2740 460 2841 531; x_wconf 91' lang='lat' dir='ltr'>qui</span> <span class='ocrx_word' id='word_1_22' title='bbox 2866 458 3147 513; x_wconf 88' lang='lat' dir='ltr'>unitatem</span> <span class='ocrx_word' id='word_1_23' title='bbox 3179 457 3472 514; x_wconf 86' lang='lat' dir='ltr'>catholica</span> <span class='ocrx_word' id='word_1_24' title='bbox 3510 456 3644 512; x_wconf 89' lang='lat' dir='ltr'>ﬁdei</span> <span class='ocrx_word' id='word_1_25' title='bbox 3682 458 3847 513; x_wconf 88' lang='lat' dir='ltr'>dole-</span> 
     </span>
    </p>
   </div>
   <div class='ocr_carea' id='block_1_3' title="bbox 474 552 2103 624">
    <p class='ocr_par' dir='ltr' id='par_1_3' title="bbox 474 552 2103 624">
     <span class='ocr_line' id='line_1_3' title="bbox 474 552 2103 624; baseline 0 -17"><span class='ocrx_word' id='word_1_26' title='bbox 474 554 591 623; x_wconf 91' lang='lat' dir='ltr'>dat,</span> <span class='ocrx_word' id='word_1_27' title='bbox 613 557 670 608; x_wconf 88' lang='lat' dir='ltr'>et</span> <span class='ocrx_word' id='word_1_28' title='bbox 704 553 912 608; x_wconf 88' lang='lat' dir='ltr'>merito</span> <span class='ocrx_word' id='word_1_29' title='bbox 948 557 1074 624; x_wconf 90' lang='lat' dir='ltr'>post</span> <span class='ocrx_word' id='word_1_30' title='bbox 1096 552 1512 607; x_wconf 75' lang='lat' dir='ltr'>correctionem</span> <span class='ocrx_word' id='word_1_31' title='bbox 1538 552 1600 607; x_wconf 93' lang='lat' dir='ltr'>in</span> <span class='ocrx_word' id='word_1_32' title='bbox 1630 552 1978 608; x_wconf 83' lang='lat' dir='ltr'>oblivionem</span> <span class='ocrx_word' id='word_1_33' title='bbox 2004 552 2103 607; x_wconf 91' lang='lat' dir='ltr'>de-</span> 
     </span>
    </p>
   </div>
   <div class='ocr_carea' id='block_1_4' title="bbox 475 644 2102 718">
    <p class='ocr_par' dir='ltr' id='par_1_4' title="bbox 475 644 2102 718">
     <span class='ocr_line' id='line_1_4' title="bbox 475 644 2102 718; baseline -0.001 -17"><span class='ocrx_word' id='word_1_34' title='bbox 475 645 778 701; x_wconf 89' lang='lat' dir='ltr'>deducitur</span> <span class='ocrx_word' id='word_1_35' title='bbox 803 645 961 717; x_wconf 92' lang='lat' dir='ltr'>quod</span> <span class='ocrx_word' id='word_1_36' title='bbox 985 645 1416 718; x_wconf 87' lang='lat' dir='ltr'>reprehensioni</span> <span class='ocrx_word' id='word_1_37' title='bbox 1442 644 1752 701; x_wconf 90' lang='lat' dir='ltr'>obnoxium</span> <span class='ocrx_word' id='word_1_38' title='bbox 1782 645 2102 713; x_wconf 80' lang='lat' dir='ltr'>videbatur,</span> 
     </span>
    </p>
   </div>
   <div class='ocr_carea' id='block_1_5' title="bbox 474 738 2107 810">
    <p class='ocr_par' dir='ltr' id='par_1_5' title="bbox 474 738 2107 810">
     <span class='ocr_line' id='line_1_5' title="bbox 474 738 2107 810; baseline 0 -16"><span class='ocrx_word' id='word_1_39' title='bbox 474 756 606 795; x_wconf 92' lang='lat' dir='ltr'>cum</span> <span class='ocrx_word' id='word_1_40' title='bbox 636 738 1038 795; x_wconf 81' lang='lat' dir='ltr'>hareticorum</span> <span class='ocrx_word' id='word_1_41' title='bbox 1070 738 1434 810; x_wconf 86' lang='lat' dir='ltr'>provectione</span> <span class='ocrx_word' id='word_1_42' title='bbox 1475 743 1533 795; x_wconf 91' lang='lat' dir='ltr'>et</span> <span class='ocrx_word' id='word_1_43' title='bbox 1571 744 1780 795; x_wconf 85' lang='lat' dir='ltr'>sancta</span> <span class='ocrx_word' id='word_1_44' title='bbox 1806 739 2107 795; x_wconf 90' lang='lat' dir='ltr'>memoria</span> 
     </span>
    </p>
   </div>
   <div class='ocr_carea' id='block_1_6' title="bbox 476 832 2106 904">
    <p class='ocr_par' dir='ltr' id='par_1_6' title="bbox 476 832 2106 904">
     <span class='ocr_line' id='line_1_6' title="bbox 476 832 2106 904; baseline -0.001 -17"><span class='ocrx_word' id='word_1_45' title='bbox 476 832 726 887; x_wconf 83' lang='lat' dir='ltr'>Flaviani</span> <span class='ocrx_word' id='word_1_46' title='bbox 744 832 952 903; x_wconf 88' lang='lat' dir='ltr'>injuria</span> <span class='ocrx_word' id='word_1_47' title='bbox 974 833 1299 904; x_wconf 88' lang='lat' dir='ltr'>gravaveris</span> <span class='ocrx_word' id='word_1_48' title='bbox 1330 849 1459 904; x_wconf 90' lang='lat' dir='ltr'>qua</span> <span class='ocrx_word' id='word_1_49' title='bbox 1486 850 1643 888; x_wconf 90' lang='lat' dir='ltr'>nunc</span> <span class='ocrx_word' id='word_1_50' title='bbox 1664 832 1835 887; x_wconf 88' lang='lat' dir='ltr'>simul</span> <span class='ocrx_word' id='word_1_51' title='bbox 1854 832 1925 888; x_wconf 90' lang='lat' dir='ltr'>ab</span> <span class='ocrx_word' id='word_1_52' title='bbox 1947 832 2106 888; x_wconf 91' lang='lat' dir='ltr'>omni</span> 
     </span>
    </p>
   </div>
   <div class='ocr_carea' id='block_1_7' title="bbox 476 925 2107 997">
    <p class='ocr_par' dir='ltr' id='par_1_7' title="bbox 476 925 2107 997">
     <span class='ocr_line' id='line_1_7' title="bbox 476 925 2107 997; baseline -0.001 -17"><span class='ocrx_word' id='word_1_53' title='bbox 476 925 793 981; x_wconf 78' lang='lat' dir='ltr'>offensione</span> <span class='ocrx_word' id='word_1_54' title='bbox 822 943 954 981; x_wconf 92' lang='lat' dir='ltr'>cum</span> <span class='ocrx_word' id='word_1_55' title='bbox 980 926 1083 995; x_wconf 92' lang='lat' dir='ltr'>tui,</span> <span class='ocrx_word' id='word_1_56' title='bbox 1123 930 1185 981; x_wconf 90' lang='lat' dir='ltr'>ut</span> <span class='ocrx_word' id='word_1_57' title='bbox 1221 926 1397 994; x_wconf 88' lang='lat' dir='ltr'>volui,</span> <span class='ocrx_word' id='word_1_58' title='bbox 1435 926 1604 981; x_wconf 85' lang='lat' dir='ltr'>laude</span> <span class='ocrx_word' id='word_1_59' title='bbox 1630 931 1944 994; x_wconf 84' lang='lat' dir='ltr'>cessarunt,</span> <span class='ocrx_word' id='word_1_60' title='bbox 1971 926 2107 997; x_wconf 89' lang='lat' dir='ltr'>quia</span> 
     </span>
    </p>
   </div>
   <div class='ocr_carea' id='block_1_8' title="bbox 476 1020 2103 1093">
    <p class='ocr_par' dir='ltr' id='par_1_8' title="bbox 476 1020 2103 1093">
     <span class='ocr_line' id='line_1_8' title="bbox 476 1020 2103 1093; baseline 0.001 -19"><span class='ocrx_word' id='word_1_61' title='bbox 476 1020 534 1074; x_wconf 90' lang='lat' dir='ltr'>in</span> <span class='ocrx_word' id='word_1_62' title='bbox 562 1020 824 1075; x_wconf 89' lang='lat' dir='ltr'>ordinem</span> <span class='ocrx_word' id='word_1_63' title='bbox 869 1036 1037 1076; x_wconf 91' lang='lat' dir='ltr'>suum</span> <span class='ocrx_word' id='word_1_64' title='bbox 1085 1037 1216 1093; x_wconf 90' lang='lat' dir='ltr'>qua</span> <span class='ocrx_word' id='word_1_65' title='bbox 1256 1020 1484 1075; x_wconf 86' lang='lat' dir='ltr'>fuerant</span> <span class='ocrx_word' id='word_1_66' title='bbox 1526 1021 1752 1076; x_wconf 83' lang='lat' dir='ltr'>turbata</span> <span class='ocrx_word' id='word_1_67' title='bbox 1786 1020 2103 1076; x_wconf 91' lang='lat' dir='ltr'>redierunt.</span> 
     </span>
    </p>
   </div>
   <div class='ocr_carea' id='block_1_9' title="bbox 475 1113 2108 1186">
    <p class='ocr_par' dir='ltr' id='par_1_9' title="bbox 475 1113 2108 1186">
     <span class='ocr_line' id='line_1_9' title="bbox 475 1113 2108 1186; baseline 0 -17"><span class='ocrx_word' id='word_1_68' title='bbox 475 1113 760 1169; x_wconf 81' lang='lat' dir='ltr'>Andream</span> <span class='ocrx_word' id='word_1_69' title='bbox 809 1130 943 1169; x_wconf 85' lang='lat' dir='ltr'>sane</span> <span class='ocrx_word' id='word_1_70' title='bbox 989 1113 1088 1186; x_wconf 88' lang='lat' dir='ltr'>qui</span> <span class='ocrx_word' id='word_1_71' title='bbox 1130 1113 1547 1169; x_wconf 79' lang='lat' dir='ltr'>rationabiliter</span> <span class='ocrx_word' id='word_1_72' title='bbox 1590 1113 1980 1169; x_wconf 76' lang='lat' dir='ltr'>archidiaconi</span> <span class='ocrx_word' id='word_1_73' title='bbox 2024 1119 2108 1169; x_wconf 92' lang='lat' dir='ltr'>est</span> 
     </span>
    </p>
   </div>
   <div class='ocr_carea' id='block_1_10' title="bbox 473 1207 2105 1280">
    <p class='ocr_par' dir='ltr' id='par_1_10' title="bbox 473 1207 2105 1280">
     <span class='ocr_line' id='line_1_10' title="bbox 473 1207 2105 1280; baseline 0.001 -19"><span class='ocrx_word' id='word_1_74' title='bbox 473 1207 725 1280; x_wconf 88' lang='lat' dir='ltr'>privatus</span> <span class='ocrx_word' id='word_1_75' title='bbox 769 1207 977 1278; x_wconf 92' lang='lat' dir='ltr'>ofﬁcio,</span> <span class='ocrx_word' id='word_1_76' title='bbox 1009 1211 1068 1262; x_wconf 92' lang='lat' dir='ltr'>et</span> <span class='ocrx_word' id='word_1_77' title='bbox 1096 1208 1387 1263; x_wconf 89' lang='lat' dir='ltr'>Eufratem</span> <span class='ocrx_word' id='word_1_78' title='bbox 1428 1207 1525 1278; x_wconf 89' lang='lat' dir='ltr'>qui</span> <span class='ocrx_word' id='word_1_79' title='bbox 1570 1211 1778 1262; x_wconf 77' lang='lat' dir='ltr'>sancta</span> <span class='ocrx_word' id='word_1_80' title='bbox 1805 1207 2105 1262; x_wconf 88' lang='lat' dir='ltr'>memoria</span> 
     </span>
    </p>
   </div>
   <div class='ocr_carea' id='block_1_11' title="bbox 476 1299 2103 1374">
    <p class='ocr_par' dir='ltr' id='par_1_11' title="bbox 476 1299 2103 1374">
     <span class='ocr_line' id='line_1_11' title="bbox 476 1299 2103 1374; baseline 0 -20"><span class='ocrx_word' id='word_1_81' title='bbox 476 1300 745 1368; x_wconf 84' lang='lat' dir='ltr'>Flaviani,</span> <span class='ocrx_word' id='word_1_82' title='bbox 792 1304 859 1355; x_wconf 91' lang='lat' dir='ltr'>ut</span> <span class='ocrx_word' id='word_1_83' title='bbox 894 1300 1172 1374; x_wconf 89' lang='lat' dir='ltr'>comperi,</span> <span class='ocrx_word' id='word_1_84' title='bbox 1198 1299 1496 1372; x_wconf 90' lang='lat' dir='ltr'>improbus</span> <span class='ocrx_word' id='word_1_85' title='bbox 1539 1300 1750 1356; x_wconf 81' lang='lat' dir='ltr'>exstitit</span> <span class='ocrx_word' id='word_1_86' title='bbox 1788 1303 2103 1367; x_wconf 88' lang='lat' dir='ltr'>accusator,</span> 
     </span>
    </p>
   </div>
   <div class='ocr_carea' id='block_1_12' title="bbox 475 1393 2102 1467">
    <p class='ocr_par' dir='ltr' id='par_1_12' title="bbox 475 1393 2102 1467">
     <span class='ocr_line' id='line_1_12' title="bbox 475 1393 2102 1467; baseline -0.001 -19"><span class='ocrx_word' id='word_1_87' title='bbox 475 1394 520 1449; x_wconf 89' lang='lat' dir='ltr'>si</span> <span class='ocrx_word' id='word_1_88' title='bbox 540 1395 991 1465; x_wconf 86' lang='lat' dir='ltr'>professionibus</span> <span class='ocrx_word' id='word_1_89' title='bbox 1014 1394 1347 1467; x_wconf 87' lang='lat' dir='ltr'>plenissime</span> <span class='ocrx_word' id='word_1_90' title='bbox 1367 1393 1613 1466; x_wconf 88' lang='lat' dir='ltr'>scriptis,</span> <span class='ocrx_word' id='word_1_91' title='bbox 1630 1410 1749 1449; x_wconf 92' lang='lat' dir='ltr'>non</span> <span class='ocrx_word' id='word_1_92' title='bbox 1776 1393 1964 1448; x_wconf 90' lang='lat' dir='ltr'>minus</span> <span class='ocrx_word' id='word_1_93' title='bbox 1992 1395 2102 1448; x_wconf 90' lang='lat' dir='ltr'>Eu-</span> 
     </span>
    </p>
   </div>
   <div class='ocr_carea' id='block_1_13' title="bbox 475 1487 2105 1561">
    <p class='ocr_par' dir='ltr' id='par_1_13' title="bbox 475 1487 2105 1561">
     <span class='ocr_line' id='line_1_13' title="bbox 475 1487 2105 1561; baseline -0.001 -18"><span class='ocrx_word' id='word_1_94' title='bbox 475 1488 789 1543; x_wconf 90' lang='lat' dir='ltr'>tichianam</span> <span class='ocrx_word' id='word_1_95' title='bbox 821 1489 1085 1544; x_wconf 87' lang='lat' dir='ltr'>haresim</span> <span class='ocrx_word' id='word_1_96' title='bbox 1123 1505 1300 1561; x_wconf 90' lang='lat' dir='ltr'>quam</span> <span class='ocrx_word' id='word_1_97' title='bbox 1338 1487 1738 1544; x_wconf 86' lang='lat' dir='ltr'>Nestorianum</span> <span class='ocrx_word' id='word_1_98' title='bbox 1764 1487 2105 1543; x_wconf 82' lang='lat' dir='ltr'>exsecrabile</span> 
     </span>
    </p>
   </div>
   <div class='ocr_carea' id='block_1_14' title="bbox 475 1580 2107 1654">
    <p class='ocr_par' dir='ltr' id='par_1_14' title="bbox 475 1580 2107 1654">
     <span class='ocr_line' id='line_1_14' title="bbox 475 1580 2107 1654; baseline -0.001 -19"><span class='ocrx_word' id='word_1_99' title='bbox 475 1582 684 1653; x_wconf 83' lang='lat' dir='ltr'>dogma</span> <span class='ocrx_word' id='word_1_100' title='bbox 710 1583 1117 1653; x_wconf 87' lang='lat' dir='ltr'>condemnant,</span> <span class='ocrx_word' id='word_1_101' title='bbox 1148 1581 1424 1654; x_wconf 89' lang='lat' dir='ltr'>quoniam</span> <span class='ocrx_word' id='word_1_102' title='bbox 1454 1581 1614 1636; x_wconf 89' lang='lat' dir='ltr'>venia</span> <span class='ocrx_word' id='word_1_103' title='bbox 1657 1585 1742 1636; x_wconf 90' lang='lat' dir='ltr'>est</span> <span class='ocrx_word' id='word_1_104' title='bbox 1782 1580 2107 1653; x_wconf 82' lang='lat' dir='ltr'>prastanda</span> 
     </span>
    </p>
   </div>
   <div class='ocr_carea' id='block_1_15' title="bbox 477 1674 2106 1748">
    <p class='ocr_par' dir='ltr' id='par_1_15' title="bbox 477 1674 2106 1748">
     <span class='ocr_line' id='line_1_15' title="bbox 477 1674 2106 1748; baseline 0 -19"><span class='ocrx_word' id='word_1_105' title='bbox 477 1676 1141 1748; x_wconf 85' lang='lat' dir='ltr'>correctis,presbyteros</span> <span class='ocrx_word' id='word_1_106' title='bbox 1166 1675 1550 1743; x_wconf 88' lang='lat' dir='ltr'>consecrabis,</span> <span class='ocrx_word' id='word_1_107' title='bbox 1564 1678 1629 1731; x_wconf 89' lang='lat' dir='ltr'>ut</span> <span class='ocrx_word' id='word_1_108' title='bbox 1655 1675 1759 1730; x_wconf 88' lang='lat' dir='ltr'>sibi</span> <span class='ocrx_word' id='word_1_109' title='bbox 1786 1674 2106 1730; x_wconf 88' lang='lat' dir='ltr'>remedium</span> 
     </span>
    </p>
   </div>
   <div class='ocr_carea' id='block_1_16' title="bbox 476 1768 2109 1841">
    <p class='ocr_par' dir='ltr' id='par_1_16' title="bbox 476 1768 2109 1841">
     <span class='ocr_line' id='line_1_16' title="bbox 476 1768 2109 1841; baseline 0 -18"><span class='ocrx_word' id='word_1_110' title='bbox 476 1769 773 1824; x_wconf 83' lang='lat' dir='ltr'>catholica</span> <span class='ocrx_word' id='word_1_111' title='bbox 815 1769 952 1825; x_wconf 91' lang='lat' dir='ltr'>ﬁdei</span> <span class='ocrx_word' id='word_1_112' title='bbox 996 1769 1243 1825; x_wconf 88' lang='lat' dir='ltr'>sentiant</span> <span class='ocrx_word' id='word_1_113' title='bbox 1284 1769 1583 1840; x_wconf 88' lang='lat' dir='ltr'>profuisse,</span> <span class='ocrx_word' id='word_1_114' title='bbox 1626 1769 1803 1825; x_wconf 90' lang='lat' dir='ltr'>electo</span> <span class='ocrx_word' id='word_1_115' title='bbox 1844 1768 2109 1841; x_wconf 83' lang='lat' dir='ltr'>primitus</span> 
     </span>
    </p>
   </div>
   <div class='ocr_carea' id='block_1_17' title="bbox 2204 551 3850 608">
    <p class='ocr_par' dir='ltr' id='par_1_17' title="bbox 2204 551 3850 608">
     <span class='ocr_line' id='line_1_17' title="bbox 2204 551 3850 608; baseline -0.001 -1"><span class='ocrx_word' id='word_1_116' title='bbox 2204 553 2342 607; x_wconf 85' lang='lat' dir='ltr'>bant</span> <span class='ocrx_word' id='word_1_117' title='bbox 2357 553 2427 607; x_wconf 90' lang='lat' dir='ltr'>ab</span> <span class='ocrx_word' id='word_1_118' title='bbox 2447 553 2729 608; x_wconf 87' lang='lat' dir='ltr'>hareticis</span> <span class='ocrx_word' id='word_1_119' title='bbox 2749 553 2919 608; x_wconf 89' lang='lat' dir='ltr'>fuisse</span> <span class='ocrx_word' id='word_1_120' title='bbox 2940 552 3231 608; x_wconf 85' lang='lat' dir='ltr'>turbatam</span> <span class='ocrx_word' id='word_1_121' title='bbox 3262 568 3377 606; x_wconf 92' lang='lat' dir='ltr'>non</span> <span class='ocrx_word' id='word_1_122' title='bbox 3407 552 3761 606; x_wconf 87' lang='lat' dir='ltr'>exsultanter</span> <span class='ocrx_word' id='word_1_123' title='bbox 3787 551 3850 606; x_wconf 91' lang='lat' dir='ltr'>in</span> 
     </span>
    </p>
   </div>
   <div class='ocr_carea' id='block_1_18' title="bbox 2206 645 3851 718">
    <p class='ocr_par' dir='ltr' id='par_1_18' title="bbox 2206 645 3851 718">
     <span class='ocr_line' id='line_1_18' title="bbox 2206 645 3851 718; baseline -0.002 -17"><span class='ocrx_word' id='word_1_124' title='bbox 2206 646 2495 715; x_wconf 84' lang='lat' dir='ltr'>integrum</span> <span class='ocrx_word' id='word_1_125' title='bbox 2522 646 2758 703; x_wconf 90' lang='lat' dir='ltr'>rediisse</span> <span class='ocrx_word' id='word_1_126' title='bbox 2791 646 3123 718; x_wconf 80' lang='lat' dir='ltr'>gauderem.</span> <span class='ocrx_word' id='word_1_127' title='bbox 3153 647 3265 700; x_wconf 86' lang='lat' dir='ltr'>Hoc</span> <span class='ocrx_word' id='word_1_128' title='bbox 3293 650 3485 701; x_wconf 89' lang='lat' dir='ltr'>autem</span> <span class='ocrx_word' id='word_1_129' title='bbox 3512 662 3627 700; x_wconf 91' lang='lat' dir='ltr'>non</span> <span class='ocrx_word' id='word_1_130' title='bbox 3656 645 3851 700; x_wconf 91' lang='lat' dir='ltr'>solum</span> 
     </span>
    </p>
   </div>
   <div class='ocr_carea' id='block_1_19' title="bbox 2205 738 3849 811">
    <p class='ocr_par' dir='ltr' id='par_1_19' title="bbox 2205 738 3849 811">
     <span class='ocr_line' id='line_1_19' title="bbox 2205 738 3849 811; baseline -0.001 -17"><span class='ocrx_word' id='word_1_131' title='bbox 2205 740 2275 794; x_wconf 88' lang='lat' dir='ltr'>ab</span> <span class='ocrx_word' id='word_1_132' title='bbox 2306 739 2427 811; x_wconf 89' lang='lat' dir='ltr'>ipso</span> <span class='ocrx_word' id='word_1_133' title='bbox 2451 740 2797 795; x_wconf 85' lang='lat' dir='ltr'>beatissima</span> <span class='ocrx_word' id='word_1_134' title='bbox 2841 738 3212 795; x_wconf 87' lang='lat' dir='ltr'>confessionis</span> <span class='ocrx_word' id='word_1_135' title='bbox 3259 738 3483 807; x_wconf 80' lang='lat' dir='ltr'>effectu,</span> <span class='ocrx_word' id='word_1_136' title='bbox 3522 738 3623 793; x_wconf 87' lang='lat' dir='ltr'>sed</span> <span class='ocrx_word' id='word_1_137' title='bbox 3666 739 3849 794; x_wconf 86' lang='lat' dir='ltr'>etiam</span> 
     </span>
    </p>
   </div>
   <div class='ocr_carea' id='block_1_20' title="bbox 2208 833 3849 906">
    <p class='ocr_par' dir='ltr' id='par_1_20' title="bbox 2208 833 3849 906">
     <span class='ocr_line' id='line_1_20' title="bbox 2208 833 3849 906; baseline -0.001 -17"><span class='ocrx_word' id='word_1_138' title='bbox 2208 850 2277 889; x_wconf 88' lang='lat' dir='ltr'>ex</span> <span class='ocrx_word' id='word_1_139' title='bbox 2300 834 2552 905; x_wconf 88' lang='lat' dir='ltr'>epistolis</span> <span class='ocrx_word' id='word_1_140' title='bbox 2579 834 2721 888; x_wconf 89' lang='lat' dir='ltr'>meis</span> <span class='ocrx_word' id='word_1_141' title='bbox 2737 851 2874 906; x_wconf 91' lang='lat' dir='ltr'>quas</span> <span class='ocrx_word' id='word_1_142' title='bbox 2895 838 3020 906; x_wconf 91' lang='lat' dir='ltr'>post</span> <span class='ocrx_word' id='word_1_143' title='bbox 3041 833 3289 889; x_wconf 90' lang='lat' dir='ltr'>reditum</span> <span class='ocrx_word' id='word_1_144' title='bbox 3308 849 3576 888; x_wconf 89' lang='lat' dir='ltr'>meorum</span> <span class='ocrx_word' id='word_1_145' title='bbox 3601 833 3673 888; x_wconf 88' lang='lat' dir='ltr'>ad</span> <span class='ocrx_word' id='word_1_146' title='bbox 3692 833 3849 889; x_wconf 83' lang='lat' dir='ltr'>Con-</span> 
     </span>
    </p>
   </div>
   <div class='ocr_carea' id='block_1_21' title="bbox 2206 926 3852 999">
    <p class='ocr_par' dir='ltr' id='par_1_21' title="bbox 2206 926 3852 999">
     <span class='ocr_line' id='line_1_21' title="bbox 2206 926 3852 999; baseline -0.001 -17"><span class='ocrx_word' id='word_1_147' title='bbox 2206 928 2725 999; x_wconf 85' lang='lat' dir='ltr'>stantinOpolitana</span> <span class='ocrx_word' id='word_1_148' title='bbox 2768 928 2929 982; x_wconf 87' lang='lat' dir='ltr'>urbis</span> <span class='ocrx_word' id='word_1_149' title='bbox 2972 927 3286 983; x_wconf 88' lang='lat' dir='ltr'>antistitem</span> <span class='ocrx_word' id='word_1_150' title='bbox 3330 926 3481 997; x_wconf 89' lang='lat' dir='ltr'>dedi,</span> <span class='ocrx_word' id='word_1_151' title='bbox 3522 926 3852 998; x_wconf 86' lang='lat' dir='ltr'>potuissetis</span> 
     </span>
    </p>
   </div>
   <div class='ocr_carea' id='block_1_22' title="bbox 2205 1020 3849 1093">
    <p class='ocr_par' dir='ltr' id='par_1_22' title="bbox 2205 1020 3849 1093">
     <span class='ocr_line' id='line_1_22' title="bbox 2205 1020 3849 1093; baseline -0.001 -17"><span class='ocrx_word' id='word_1_152' title='bbox 2205 1037 2538 1093; x_wconf 80' lang='lat' dir='ltr'>agnoscere,</span> <span class='ocrx_word' id='word_1_153' title='bbox 2569 1021 2613 1076; x_wconf 91' lang='lat' dir='ltr'>si</span> <span class='ocrx_word' id='word_1_154' title='bbox 2657 1021 2812 1076; x_wconf 83' lang='lat' dir='ltr'>vobis</span> <span class='ocrx_word' id='word_1_155' title='bbox 2852 1022 3287 1093; x_wconf 89' lang='lat' dir='ltr'>responsionem</span> <span class='ocrx_word' id='word_1_156' title='bbox 3332 1020 3479 1075; x_wconf 88' lang='lat' dir='ltr'>sedis</span> <span class='ocrx_word' id='word_1_157' title='bbox 3515 1020 3849 1092; x_wconf 75' lang='lat' dir='ltr'>apostolica</span> 
     </span>
    </p>
   </div>
   <div class='ocr_carea' id='block_1_23' title="bbox 2206 1114 3849 1186">
    <p class='ocr_par' dir='ltr' id='par_1_23' title="bbox 2206 1114 3849 1186">
     <span class='ocr_line' id='line_1_23' title="bbox 2206 1114 3849 1186; baseline -0.001 -17"><span class='ocrx_word' id='word_1_158' title='bbox 2206 1114 2571 1170; x_wconf 88' lang='lat' dir='ltr'>manifestare</span> <span class='ocrx_word' id='word_1_159' title='bbox 2598 1114 2879 1170; x_wconf 88' lang='lat' dir='ltr'>voluisset.</span> <span class='ocrx_word' id='word_1_160' title='bbox 2908 1115 2987 1169; x_wconf 88' lang='lat' dir='ltr'>Ne</span> <span class='ocrx_word' id='word_1_161' title='bbox 3035 1131 3175 1186; x_wconf 87' lang='lat' dir='ltr'>ergo</span> <span class='ocrx_word' id='word_1_162' title='bbox 3223 1130 3327 1186; x_wconf 90' lang='lat' dir='ltr'>per</span> <span class='ocrx_word' id='word_1_163' title='bbox 3359 1114 3646 1186; x_wconf 90' lang='lat' dir='ltr'>malignos</span> <span class='ocrx_word' id='word_1_164' title='bbox 3666 1114 3849 1169; x_wconf 87' lang='lat' dir='ltr'>inter-</span> 
     </span>
    </p>
   </div>
   <div class='ocr_carea' id='block_1_24' title="bbox 2205 1206 3851 1280">
    <p class='ocr_par' dir='ltr' id='par_1_24' title="bbox 2205 1206 3851 1280">
     <span class='ocr_line' id='line_1_24' title="bbox 2205 1206 3851 1280; baseline 0 -19"><span class='ocrx_word' id='word_1_165' title='bbox 2205 1213 2392 1279; x_wconf 89' lang='lat' dir='ltr'>pretes</span> <span class='ocrx_word' id='word_1_166' title='bbox 2434 1208 2747 1263; x_wconf 84' lang='lat' dir='ltr'>dubitabile</span> <span class='ocrx_word' id='word_1_167' title='bbox 2795 1208 3068 1277; x_wconf 90' lang='lat' dir='ltr'>videatur,</span> <span class='ocrx_word' id='word_1_168' title='bbox 3112 1213 3305 1262; x_wconf 90' lang='lat' dir='ltr'>utrum</span> <span class='ocrx_word' id='word_1_169' title='bbox 3345 1224 3475 1279; x_wconf 84' lang='lat' dir='ltr'>qua</span> <span class='ocrx_word' id='word_1_170' title='bbox 3517 1208 3578 1262; x_wconf 91' lang='lat' dir='ltr'>in</span> <span class='ocrx_word' id='word_1_171' title='bbox 3622 1206 3851 1280; x_wconf 87' lang='lat' dir='ltr'>synodo</span> 
     </span>
    </p>
   </div>
   <div class='ocr_carea' id='block_1_25' title="bbox 2205 1301 3847 1373">
    <p class='ocr_par' dir='ltr' id='par_1_25' title="bbox 2205 1301 3847 1373">
     <span class='ocr_line' id='line_1_25' title="bbox 2205 1301 3847 1373; baseline -0.002 -15"><span class='ocrx_word' id='word_1_172' title='bbox 2205 1302 2657 1358; x_wconf 85' lang='lat' dir='ltr'>Chalcedonensi</span> <span class='ocrx_word' id='word_1_173' title='bbox 2682 1318 2789 1373; x_wconf 90' lang='lat' dir='ltr'>per</span> <span class='ocrx_word' id='word_1_174' title='bbox 2814 1302 3094 1357; x_wconf 90' lang='lat' dir='ltr'>unitatem</span> <span class='ocrx_word' id='word_1_175' title='bbox 3125 1305 3371 1357; x_wconf 85' lang='lat' dir='ltr'>vestram</span> <span class='ocrx_word' id='word_1_176' title='bbox 3394 1301 3465 1356; x_wconf 90' lang='lat' dir='ltr'>de</span> <span class='ocrx_word' id='word_1_177' title='bbox 3490 1301 3604 1355; x_wconf 90' lang='lat' dir='ltr'>ﬁde</span> <span class='ocrx_word' id='word_1_178' title='bbox 3631 1304 3847 1356; x_wconf 78' lang='lat' dir='ltr'>statuta</span> 
     </span>
    </p>
   </div>
   <div class='ocr_carea' id='block_1_26' title="bbox 2207 1394 3845 1467">
    <p class='ocr_par' dir='ltr' id='par_1_26' title="bbox 2207 1394 3845 1467">
     <span class='ocr_line' id='line_1_26' title="bbox 2207 1394 3845 1467; baseline -0.001 -16"><span class='ocrx_word' id='word_1_179' title='bbox 2207 1401 2358 1466; x_wconf 90' lang='lat' dir='ltr'>sunt,</span> <span class='ocrx_word' id='word_1_180' title='bbox 2390 1396 2725 1467; x_wconf 89' lang='lat' dir='ltr'>approbem.</span> <span class='ocrx_word' id='word_1_181' title='bbox 2756 1397 2870 1450; x_wconf 86' lang='lat' dir='ltr'>Hoc</span> <span class='ocrx_word' id='word_1_182' title='bbox 2898 1395 2971 1450; x_wconf 91' lang='lat' dir='ltr'>ad</span> <span class='ocrx_word' id='word_1_183' title='bbox 3000 1412 3206 1450; x_wconf 91' lang='lat' dir='ltr'>omnes</span> <span class='ocrx_word' id='word_1_184' title='bbox 3243 1397 3445 1450; x_wconf 88' lang='lat' dir='ltr'>fratres</span> <span class='ocrx_word' id='word_1_185' title='bbox 3472 1398 3529 1450; x_wconf 88' lang='lat' dir='ltr'>et</span> <span class='ocrx_word' id='word_1_186' title='bbox 3553 1394 3845 1467; x_wconf 87' lang='lat' dir='ltr'>coepisco-</span> 
     </span>
    </p>
   </div>
   <div class='ocr_carea' id='block_1_27' title="bbox 2206 1488 3844 1560">
    <p class='ocr_par' dir='ltr' id='par_1_27' title="bbox 2206 1488 3844 1560">
     <span class='ocr_line' id='line_1_27' title="bbox 2206 1488 3844 1560; baseline 0 -16"><span class='ocrx_word' id='word_1_187' title='bbox 2206 1506 2310 1560; x_wconf 91' lang='lat' dir='ltr'>pos</span> <span class='ocrx_word' id='word_1_188' title='bbox 2369 1492 2594 1544; x_wconf 89' lang='lat' dir='ltr'>nostros</span> <span class='ocrx_word' id='word_1_189' title='bbox 2660 1489 2756 1560; x_wconf 91' lang='lat' dir='ltr'>qui</span> <span class='ocrx_word' id='word_1_190' title='bbox 2813 1489 3088 1560; x_wconf 83' lang='lat' dir='ltr'>praedicto</span> <span class='ocrx_word' id='word_1_191' title='bbox 3139 1488 3376 1544; x_wconf 90' lang='lat' dir='ltr'>concilio</span> <span class='ocrx_word' id='word_1_192' title='bbox 3436 1488 3844 1556; x_wconf 88' lang='lat' dir='ltr'>interfuerunt,</span> 
     </span>
    </p>
   </div>
   <div class='ocr_carea' id='block_1_28' title="bbox 2207 1582 3849 1654">
    <p class='ocr_par' dir='ltr' id='par_1_28' title="bbox 2207 1582 3849 1654">
     <span class='ocr_line' id='line_1_28' title="bbox 2207 1582 3849 1654; baseline -0.001 -17"><span class='ocrx_word' id='word_1_193' title='bbox 2207 1583 2417 1654; x_wconf 88' lang='lat' dir='ltr'>scripta</span> <span class='ocrx_word' id='word_1_194' title='bbox 2442 1582 2644 1650; x_wconf 83' lang='lat' dir='ltr'>direxi,</span> <span class='ocrx_word' id='word_1_195' title='bbox 2662 1599 2791 1654; x_wconf 84' lang='lat' dir='ltr'>qua</span> <span class='ocrx_word' id='word_1_196' title='bbox 2822 1583 3264 1653; x_wconf 89' lang='lat' dir='ltr'>gloriosissimus</span> <span class='ocrx_word' id='word_1_197' title='bbox 3285 1586 3343 1637; x_wconf 89' lang='lat' dir='ltr'>et</span> <span class='ocrx_word' id='word_1_198' title='bbox 3362 1583 3849 1638; x_wconf 88' lang='lat' dir='ltr'>clementissimus</span> 
     </span>
    </p>
   </div>
   <div class='ocr_carea' id='block_1_29' title="bbox 2208 1675 3847 1748">
    <p class='ocr_par' dir='ltr' id='par_1_29' title="bbox 2208 1675 3847 1748">
     <span class='ocr_line' id='line_1_29' title="bbox 2208 1675 3847 1748; baseline 0.001 -17"><span class='ocrx_word' id='word_1_199' title='bbox 2208 1677 2651 1748; x_wconf 87' lang='lat' dir='ltr'>princeps,sicut</span> <span class='ocrx_word' id='word_1_200' title='bbox 2672 1675 2925 1748; x_wconf 91' lang='lat' dir='ltr'>poposci,</span> <span class='ocrx_word' id='word_1_201' title='bbox 2949 1676 3006 1732; x_wconf 90' lang='lat' dir='ltr'>in</span> <span class='ocrx_word' id='word_1_202' title='bbox 3038 1676 3307 1731; x_wconf 86' lang='lat' dir='ltr'>notitiam</span> <span class='ocrx_word' id='word_1_203' title='bbox 3337 1680 3583 1731; x_wconf 88' lang='lat' dir='ltr'>vestram</span> <span class='ocrx_word' id='word_1_204' title='bbox 3612 1677 3847 1733; x_wconf 84' lang='lat' dir='ltr'>mittere</span> 
     </span>
    </p>
   </div>
   <div class='ocr_carea' id='block_1_30' title="bbox 2206 1770 3849 1842">
    <p class='ocr_par' dir='ltr' id='par_1_30' title="bbox 2206 1770 3849 1842">
     <span class='ocr_line' id='line_1_30' title="bbox 2206 1770 3849 1842; baseline 0 -17"><span class='ocrx_word' id='word_1_205' title='bbox 2206 1787 2311 1842; x_wconf 89' lang='lat' dir='ltr'>pro</span> <span class='ocrx_word' id='word_1_206' title='bbox 2337 1770 2632 1824; x_wconf 86' lang='lat' dir='ltr'>catholica</span> <span class='ocrx_word' id='word_1_207' title='bbox 2656 1770 2789 1825; x_wconf 89' lang='lat' dir='ltr'>ﬁdei</span> <span class='ocrx_word' id='word_1_208' title='bbox 2815 1786 3007 1824; x_wconf 90' lang='lat' dir='ltr'>amore</span> <span class='ocrx_word' id='word_1_209' title='bbox 3035 1770 3389 1842; x_wconf 86' lang='lat' dir='ltr'>dignabitur,</span> <span class='ocrx_word' id='word_1_210' title='bbox 3415 1774 3479 1825; x_wconf 87' lang='lat' dir='ltr'>ut</span> <span class='ocrx_word' id='word_1_211' title='bbox 3505 1774 3562 1824; x_wconf 91' lang='lat' dir='ltr'>et</span> <span class='ocrx_word' id='word_1_212' title='bbox 3585 1770 3849 1825; x_wconf 87' lang='lat' dir='ltr'>fraterna</span> 
     </span>
    </p>
   </div>
   <div class='ocr_carea' id='block_1_31' title="bbox 477 1840 3847 1935">
    <p class='ocr_par' dir='ltr' id='par_1_31' title="bbox 477 1840 3847 1935">
     <span class='ocr_line' id='line_1_31' title="bbox 477 1840 3847 1935; baseline 0.001 -19"><span class='ocrx_word' id='word_1_213' title='bbox 477 1868 534 1916; x_wconf 88' lang='lat' dir='ltr'>et</span> <span class='ocrx_word' id='word_1_214' title='bbox 560 1863 793 1933; x_wconf 87' lang='lat' dir='ltr'>probato</span> <span class='ocrx_word' id='word_1_215' title='bbox 812 1863 910 1934; x_wconf 89' lang='lat' dir='ltr'>qui</span> <span class='ocrx_word' id='word_1_216' title='bbox 930 1863 1315 1918; x_wconf 89' lang='lat' dir='ltr'>archidiaconi</span> <span class='ocrx_word' id='word_1_217' title='bbox 1349 1863 1605 1918; x_wconf 91' lang='lat' dir='ltr'>ofﬁcium</span> <span class='ocrx_word' id='word_1_218' title='bbox 1637 1863 1813 1935; x_wconf 90' lang='lat' dir='ltr'>possit</span> <span class='ocrx_word' id='word_1_219' title='bbox 1839 1840 2184 1934; x_wconf 43' lang='lat' dir='ltr'>implere,-B</span> <span class='ocrx_word' id='word_1_220' title='bbox 2208 1840 2568 1930; x_wconf 78' lang='lat' dir='ltr'>universitas,</span> <span class='ocrx_word' id='word_1_221' title='bbox 2598 1867 2657 1917; x_wconf 89' lang='lat' dir='ltr'>et</span> <span class='ocrx_word' id='word_1_222' title='bbox 2697 1864 2956 1918; x_wconf 90' lang='lat' dir='ltr'>omnium</span> <span class='ocrx_word' id='word_1_223' title='bbox 3004 1840 3259 1918; x_wconf 80' lang='lat' dir='ltr'>ﬁdelium</span> <span class='ocrx_word' id='word_1_224' title='bbox 3299 1864 3471 1918; x_wconf 91' lang='lat' dir='ltr'>corda</span> <span class='ocrx_word' id='word_1_225' title='bbox 3496 1868 3847 1935; x_wconf 87' lang='lat' dir='ltr'>cognoscant</span> 
     </span>
    </p>
   </div>
   <div class='ocr_carea' id='block_1_32' title="bbox 478 1956 2104 2029">
    <p class='ocr_par' dir='ltr' id='par_1_32' title="bbox 478 1956 2104 2029">
     <span class='ocr_line' id='line_1_32' title="bbox 478 1956 2104 2029; baseline 0 -19"><span class='ocrx_word' id='word_1_226' title='bbox 478 1956 537 2010; x_wconf 93' lang='lat' dir='ltr'>id</span> <span class='ocrx_word' id='word_1_227' title='bbox 575 1961 678 2024; x_wconf 88' lang='lat' dir='ltr'>est,</span> <span class='ocrx_word' id='word_1_228' title='bbox 709 1973 879 2029; x_wconf 86' lang='lat' dir='ltr'>quem</span> <span class='ocrx_word' id='word_1_229' title='bbox 914 1957 1069 2011; x_wconf 91' lang='lat' dir='ltr'>nulla</span> <span class='ocrx_word' id='word_1_230' title='bbox 1111 1973 1367 2029; x_wconf 89' lang='lat' dir='ltr'>unquam</span> <span class='ocrx_word' id='word_1_231' title='bbox 1407 1956 1877 2028; x_wconf 84' lang='lat' dir='ltr'>pradictatarum</span> <span class='ocrx_word' id='word_1_232' title='bbox 1905 1956 2104 2028; x_wconf 90' lang='lat' dir='ltr'>impie-</span> 
     </span>
    </p>
   </div>
   <div class='ocr_carea' id='block_1_33' title="bbox 476 2050 2105 2122">
    <p class='ocr_par' dir='ltr' id='par_1_33' title="bbox 476 2050 2105 2122">
     <span class='ocr_line' id='line_1_33' title="bbox 476 2050 2105 2122; baseline 0.001 -18"><span class='ocrx_word' id='word_1_233' title='bbox 476 2055 660 2105; x_wconf 86' lang='lat' dir='ltr'>tatum</span> <span class='ocrx_word' id='word_1_234' title='bbox 701 2050 852 2105; x_wconf 91' lang='lat' dir='ltr'>fama</span> <span class='ocrx_word' id='word_1_235' title='bbox 898 2051 1250 2122; x_wconf 88' lang='lat' dir='ltr'>resperserit.</span> <span class='ocrx_word' id='word_1_236' title='bbox 1278 2051 1481 2107; x_wconf 89' lang='lat' dir='ltr'>Cateri</span> <span class='ocrx_word' id='word_1_237' title='bbox 1507 2066 1641 2105; x_wconf 91' lang='lat' dir='ltr'>vero</span> <span class='ocrx_word' id='word_1_238' title='bbox 1674 2067 1820 2122; x_wconf 92' lang='lat' dir='ltr'>quos</span> <span class='ocrx_word' id='word_1_239' title='bbox 1847 2067 1950 2122; x_wconf 89' lang='lat' dir='ltr'>par</span> <span class='ocrx_word' id='word_1_240' title='bbox 1978 2067 2105 2105; x_wconf 84' lang='lat' dir='ltr'>rea-</span> 
     </span>
    </p>
   </div>
   <div class='ocr_carea' id='block_1_34' title="bbox 480 2143 2104 2216">
    <p class='ocr_par' dir='ltr' id='par_1_34' title="bbox 480 2143 2104 2216">
     <span class='ocr_line' id='line_1_34' title="bbox 480 2143 2104 2216; baseline 0.001 -19"><span class='ocrx_word' id='word_1_241' title='bbox 480 2147 568 2198; x_wconf 90' lang='lat' dir='ltr'>tus</span> <span class='ocrx_word' id='word_1_242' title='bbox 602 2143 935 2212; x_wconf 82' lang='lat' dir='ltr'>involverat,</span> <span class='ocrx_word' id='word_1_243' title='bbox 964 2144 1011 2197; x_wconf 89' lang='lat' dir='ltr'>si</span> <span class='ocrx_word' id='word_1_244' title='bbox 1034 2143 1264 2199; x_wconf 90' lang='lat' dir='ltr'>veniam</span> <span class='ocrx_word' id='word_1_245' title='bbox 1290 2143 1458 2199; x_wconf 88' lang='lat' dir='ltr'>simili</span> <span class='ocrx_word' id='word_1_246' title='bbox 1486 2143 1834 2216; x_wconf 88' lang='lat' dir='ltr'>professione</span> <span class='ocrx_word' id='word_1_247' title='bbox 1861 2160 1991 2199; x_wconf 91' lang='lat' dir='ltr'>cum</span> <span class='ocrx_word' id='word_1_248' title='bbox 2015 2159 2104 2198; x_wconf 91' lang='lat' dir='ltr'>sa-</span> 
     </span>
    </p>
   </div>
   <div class='ocr_carea' id='block_1_35' title="bbox 477 2236 2104 2308">
    <p class='ocr_par' dir='ltr' id='par_1_35' title="bbox 477 2236 2104 2308">
     <span class='ocr_line' id='line_1_35' title="bbox 477 2236 2104 2308; baseline 0 -17"><span class='ocrx_word' id='word_1_249' title='bbox 477 2236 793 2292; x_wconf 78' lang='lat' dir='ltr'>tisfactione</span> <span class='ocrx_word' id='word_1_250' title='bbox 825 2237 1161 2308; x_wconf 88' lang='lat' dir='ltr'>deposcunt,</span> <span class='ocrx_word' id='word_1_251' title='bbox 1198 2237 1313 2292; x_wconf 91' lang='lat' dir='ltr'>suis</span> <span class='ocrx_word' id='word_1_252' title='bbox 1357 2237 1651 2297; x_wconf 89' lang='lat' dir='ltr'>ordinibus</span> <span class='ocrx_word' id='word_1_253' title='bbox 1696 2237 2104 2304; x_wconf 89' lang='lat' dir='ltr'>reformentur,</span> 
     </span>
    </p>
   </div>
   <div class='ocr_carea' id='block_1_36' title="bbox 477 2330 2108 2403">
    <p class='ocr_par' dir='ltr' id='par_1_36' title="bbox 477 2330 2108 2403">
     <span class='ocr_line' id='line_1_36' title="bbox 477 2330 2108 2403; baseline 0 -18"><span class='ocrx_word' id='word_1_254' title='bbox 477 2331 567 2385; x_wconf 90' lang='lat' dir='ltr'>his</span> <span class='ocrx_word' id='word_1_255' title='bbox 592 2335 817 2386; x_wconf 85' lang='lat' dir='ltr'>tantum</span> <span class='ocrx_word' id='word_1_256' title='bbox 857 2333 926 2387; x_wconf 91' lang='lat' dir='ltr'>ad</span> <span class='ocrx_word' id='word_1_257' title='bbox 978 2331 1297 2386; x_wconf 89' lang='lat' dir='ltr'>ofﬁciorum</span> <span class='ocrx_word' id='word_1_258' title='bbox 1339 2331 1652 2403; x_wconf 89' lang='lat' dir='ltr'>primatum</span> <span class='ocrx_word' id='word_1_259' title='bbox 1682 2330 1944 2386; x_wconf 89' lang='lat' dir='ltr'>admissis</span> <span class='ocrx_word' id='word_1_260' title='bbox 1968 2347 2108 2403; x_wconf 89' lang='lat' dir='ltr'>quos</span> 
     </span>
    </p>
   </div>
   <div class='ocr_carea' id='block_1_37' title="bbox 479 2424 2104 2481">
    <p class='ocr_par' dir='ltr' id='par_1_37' title="bbox 479 2424 2104 2481">
     <span class='ocr_line' id='line_1_37' title="bbox 479 2424 2104 2481; baseline 0 -2"><span class='ocrx_word' id='word_1_261' title='bbox 479 2424 722 2480; x_wconf 89' lang='lat' dir='ltr'>abomni</span> <span class='ocrx_word' id='word_1_262' title='bbox 735 2441 927 2481; x_wconf 90' lang='lat' dir='ltr'>errore</span> <span class='ocrx_word' id='word_1_263' title='bbox 940 2425 1148 2480; x_wconf 91' lang='lat' dir='ltr'>liberos</span> <span class='ocrx_word' id='word_1_264' title='bbox 1171 2424 1343 2481; x_wconf 89' lang='lat' dir='ltr'>fuisse</span> <span class='ocrx_word' id='word_1_265' title='bbox 1365 2424 1699 2481; x_wconf 88' lang='lat' dir='ltr'>constiterit.</span> <span class='ocrx_word' id='word_1_266' title='bbox 1730 2424 1888 2479; x_wconf 86' lang='lat' dir='ltr'>illam</span> <span class='ocrx_word' id='word_1_267' title='bbox 1914 2427 2104 2479; x_wconf 89' lang='lat' dir='ltr'>autem</span> 
     </span>
    </p>
   </div>
   <div class='ocr_carea' id='block_1_38' title="bbox 478 2518 2105 2591">
    <p class='ocr_par' dir='ltr' id='par_1_38' title="bbox 478 2518 2105 2591">
     <span class='ocr_line' id='line_1_38' title="bbox 478 2518 2105 2591; baseline 0.001 -19"><span class='ocrx_word' id='word_1_268' title='bbox 478 2520 703 2590; x_wconf 89' lang='lat' dir='ltr'>culpam</span> <span class='ocrx_word' id='word_1_269' title='bbox 727 2535 904 2590; x_wconf 91' lang='lat' dir='ltr'>quam</span> <span class='ocrx_word' id='word_1_270' title='bbox 925 2518 994 2574; x_wconf 92' lang='lat' dir='ltr'>de</span> <span class='ocrx_word' id='word_1_271' title='bbox 1009 2519 1269 2591; x_wconf 87' lang='lat' dir='ltr'>augenda</span> <span class='ocrx_word' id='word_1_272' title='bbox 1307 2522 1589 2591; x_wconf 87' lang='lat' dir='ltr'>potestate</span> <span class='ocrx_word' id='word_1_273' title='bbox 1629 2518 1839 2587; x_wconf 90' lang='lat' dir='ltr'>aliena,</span> <span class='ocrx_word' id='word_1_274' title='bbox 1861 2521 1927 2573; x_wconf 91' lang='lat' dir='ltr'>ut</span> <span class='ocrx_word' id='word_1_275' title='bbox 1953 2535 2105 2573; x_wconf 88' lang='lat' dir='ltr'>asse-</span> 
     </span>
    </p>
   </div>
   <div class='ocr_carea' id='block_1_39' title="bbox 478 2611 2105 2684">
    <p class='ocr_par' dir='ltr' id='par_1_39' title="bbox 478 2611 2105 2684">
     <span class='ocr_line' id='line_1_39' title="bbox 478 2611 2105 2684; baseline -0.001 -17"><span class='ocrx_word' id='word_1_276' title='bbox 478 2612 575 2681; x_wconf 91' lang='lat' dir='ltr'>ris,</span> <span class='ocrx_word' id='word_1_277' title='bbox 598 2612 999 2668; x_wconf 88' lang='lat' dir='ltr'>adhortatione</span> <span class='ocrx_word' id='word_1_278' title='bbox 1023 2617 1387 2668; x_wconf 86' lang='lat' dir='ltr'>contraxeras</span> <span class='ocrx_word' id='word_1_279' title='bbox 1411 2612 1692 2668; x_wconf 88' lang='lat' dir='ltr'>efﬁcacius</span> <span class='ocrx_word' id='word_1_280' title='bbox 1722 2615 1893 2684; x_wconf 91' lang='lat' dir='ltr'>atque</span> <span class='ocrx_word' id='word_1_281' title='bbox 1919 2611 2105 2667; x_wconf 87' lang='lat' dir='ltr'>since-</span> 
     </span>
    </p>
   </div>
   <div class='ocr_carea' id='block_1_40' title="bbox 480 2705 2109 2778">
    <p class='ocr_par' dir='ltr' id='par_1_40' title="bbox 480 2705 2109 2778">
     <span class='ocr_line' id='line_1_40' title="bbox 480 2705 2109 2778; baseline 0.001 -18"><span class='ocrx_word' id='word_1_282' title='bbox 480 2707 595 2760; x_wconf 88' lang='lat' dir='ltr'>rius</span> <span class='ocrx_word' id='word_1_283' title='bbox 624 2711 725 2761; x_wconf 91' lang='lat' dir='ltr'>tua</span> <span class='ocrx_word' id='word_1_284' title='bbox 751 2706 995 2762; x_wconf 89' lang='lat' dir='ltr'>charitas</span> <span class='ocrx_word' id='word_1_285' title='bbox 1021 2706 1295 2774; x_wconf 85' lang='lat' dir='ltr'>diluisset,</span> <span class='ocrx_word' id='word_1_286' title='bbox 1335 2706 1381 2760; x_wconf 91' lang='lat' dir='ltr'>si</span> <span class='ocrx_word' id='word_1_287' title='bbox 1425 2706 1577 2778; x_wconf 91' lang='lat' dir='ltr'>quod</span> <span class='ocrx_word' id='word_1_288' title='bbox 1621 2705 1830 2761; x_wconf 84' lang='lat' dir='ltr'>tentari</span> <span class='ocrx_word' id='word_1_289' title='bbox 1864 2705 1986 2761; x_wconf 91' lang='lat' dir='ltr'>sine</span> <span class='ocrx_word' id='word_1_290' title='bbox 2010 2711 2109 2761; x_wconf 88' lang='lat' dir='ltr'>tua</span> 
     </span>
    </p>
   </div>
   <div class='ocr_carea' id='block_1_41' title="bbox 480 2799 2109 2872">
    <p class='ocr_par' dir='ltr' id='par_1_41' title="bbox 480 2799 2109 2872">
     <span class='ocr_line' id='line_1_41' title="bbox 480 2799 2109 2872; baseline 0 -19"><span class='ocrx_word' id='word_1_291' title='bbox 480 2800 769 2855; x_wconf 88' lang='lat' dir='ltr'>voluntate</span> <span class='ocrx_word' id='word_1_292' title='bbox 782 2816 899 2856; x_wconf 92' lang='lat' dir='ltr'>non</span> <span class='ocrx_word' id='word_1_293' title='bbox 917 2800 1121 2872; x_wconf 90' lang='lat' dir='ltr'>potuit,</span> <span class='ocrx_word' id='word_1_294' title='bbox 1140 2818 1255 2855; x_wconf 90' lang='lat' dir='ltr'>non</span> <span class='ocrx_word' id='word_1_295' title='bbox 1276 2800 1350 2855; x_wconf 92' lang='lat' dir='ltr'>ad</span> <span class='ocrx_word' id='word_1_296' title='bbox 1375 2817 1481 2855; x_wconf 90' lang='lat' dir='ltr'>sua</span> <span class='ocrx_word' id='word_1_297' title='bbox 1512 2799 1844 2854; x_wconf 90' lang='lat' dir='ltr'>clericorum</span> <span class='ocrx_word' id='word_1_298' title='bbox 1874 2800 2109 2855; x_wconf 90' lang='lat' dir='ltr'>consilia</span> 
     </span>
    </p>
   </div>
   <div class='ocr_carea' id='block_1_42' title="bbox 478 2892 2106 2975">
    <p class='ocr_par' dir='ltr' id='par_1_42' title="bbox 478 2892 2106 2975">
     <span class='ocr_line' id='line_1_42' title="bbox 478 2892 2106 2975; baseline -0.001 -27"><span class='ocrx_word' id='word_1_299' title='bbox 478 2892 897 2975; x_wconf 62' lang='lat' dir='ltr'>transtulisses}t</span> <span class='ocrx_word' id='word_1_300' title='bbox 919 2894 1054 2966; x_wconf 89' lang='lat' dir='ltr'>quia</span> <span class='ocrx_word' id='word_1_301' title='bbox 1085 2894 1230 2948; x_wconf 90' lang='lat' dir='ltr'>sicut</span> <span class='ocrx_word' id='word_1_302' title='bbox 1253 2893 1313 2948; x_wconf 90' lang='lat' dir='ltr'>in</span> <span class='ocrx_word' id='word_1_303' title='bbox 1340 2894 1496 2948; x_wconf 89' lang='lat' dir='ltr'>mala</span> <span class='ocrx_word' id='word_1_304' title='bbox 1527 2892 1786 2948; x_wconf 90' lang='lat' dir='ltr'>suasione</span> <span class='ocrx_word' id='word_1_305' title='bbox 1821 2892 2106 2964; x_wconf 86' lang='lat' dir='ltr'>delinqui-</span> 
     </span>
    </p>
   </div>
   <div class='ocr_carea' id='block_1_43' title="bbox 478 2986 2106 3058">
    <p class='ocr_par' dir='ltr' id='par_1_43' title="bbox 478 2986 2106 3058">
     <span class='ocr_line' id='line_1_43' title="bbox 478 2986 2106 3058; baseline -0.001 -17"><span class='ocrx_word' id='word_1_306' title='bbox 478 2992 595 3056; x_wconf 91' lang='lat' dir='ltr'>tur,</span> <span class='ocrx_word' id='word_1_307' title='bbox 624 2986 699 3040; x_wconf 91' lang='lat' dir='ltr'>ita</span> <span class='ocrx_word' id='word_1_308' title='bbox 741 2991 798 3042; x_wconf 91' lang='lat' dir='ltr'>et</span> <span class='ocrx_word' id='word_1_309' title='bbox 836 2987 896 3041; x_wconf 90' lang='lat' dir='ltr'>in</span> <span class='ocrx_word' id='word_1_310' title='bbox 940 2988 1089 3042; x_wconf 89' lang='lat' dir='ltr'>mala</span> <span class='ocrx_word' id='word_1_311' title='bbox 1118 2987 1488 3042; x_wconf 89' lang='lat' dir='ltr'>consensione</span> <span class='ocrx_word' id='word_1_312' title='bbox 1517 2990 1798 3058; x_wconf 87' lang='lat' dir='ltr'>peccatur.</span> <span class='ocrx_word' id='word_1_313' title='bbox 1833 2986 1947 3041; x_wconf 90' lang='lat' dir='ltr'>Sed</span> <span class='ocrx_word' id='word_1_314' title='bbox 1979 3003 2106 3058; x_wconf 90' lang='lat' dir='ltr'>gra-</span> 
     </span>
    </p>
   </div>
   <div class='ocr_carea' id='block_1_44' title="bbox 479 3079 2111 3151">
    <p class='ocr_par' dir='ltr' id='par_1_44' title="bbox 479 3079 2111 3151">
     <span class='ocr_line' id='line_1_44' title="bbox 479 3079 2111 3151; baseline 0 -17"><span class='ocrx_word' id='word_1_315' title='bbox 479 3086 605 3135; x_wconf 89' lang='lat' dir='ltr'>tum</span> <span class='ocrx_word' id='word_1_316' title='bbox 637 3079 802 3146; x_wconf 90' lang='lat' dir='ltr'>mihi,</span> <span class='ocrx_word' id='word_1_317' title='bbox 830 3081 1005 3135; x_wconf 88' lang='lat' dir='ltr'>frater</span> <span class='ocrx_word' id='word_1_318' title='bbox 1029 3079 1384 3147; x_wconf 90' lang='lat' dir='ltr'>charissime,</span> <span class='ocrx_word' id='word_1_319' title='bbox 1415 3083 1519 3147; x_wconf 90' lang='lat' dir='ltr'>est,</span> <span class='ocrx_word' id='word_1_320' title='bbox 1552 3081 1700 3151; x_wconf 89' lang='lat' dir='ltr'>quod</span> <span class='ocrx_word' id='word_1_321' title='bbox 1747 3079 1972 3135; x_wconf 89' lang='lat' dir='ltr'>dilectio</span> <span class='ocrx_word' id='word_1_322' title='bbox 2011 3083 2111 3134; x_wconf 92' lang='lat' dir='ltr'>tua</span> 
     </span>
    </p>
   </div>
   <div class='ocr_carea' id='block_1_45' title="bbox 480 3173 2111 3246">
    <p class='ocr_par' dir='ltr' id='par_1_45' title="bbox 480 3173 2111 3246">
     <span class='ocr_line' id='line_1_45' title="bbox 480 3173 2111 3246; baseline 0.001 -19"><span class='ocrx_word' id='word_1_323' title='bbox 480 3174 783 3246; x_wconf 86' lang='lat' dir='ltr'>proﬁtetur</span> <span class='ocrx_word' id='word_1_324' title='bbox 826 3173 931 3228; x_wconf 89' lang='lat' dir='ltr'>sibi</span> <span class='ocrx_word' id='word_1_325' title='bbox 978 3173 1290 3245; x_wconf 89' lang='lat' dir='ltr'>displicere,</span> <span class='ocrx_word' id='word_1_326' title='bbox 1321 3173 1475 3245; x_wconf 92' lang='lat' dir='ltr'>quod</span> <span class='ocrx_word' id='word_1_327' title='bbox 1509 3177 1644 3229; x_wconf 84' lang='lat' dir='ltr'>tunc</span> <span class='ocrx_word' id='word_1_328' title='bbox 1680 3173 1856 3228; x_wconf 88' lang='lat' dir='ltr'>etiam</span> <span class='ocrx_word' id='word_1_329' title='bbox 1885 3174 2111 3245; x_wconf 90' lang='lat' dir='ltr'>placere</span> 
     </span>
    </p>
   </div>
   <div class='ocr_carea' id='block_1_46' title="bbox 481 3227 2186 3339">
    <p class='ocr_par' dir='ltr' id='par_1_46' title="bbox 481 3227 2186 3339">
     <span class='ocr_line' id='line_1_46' title="bbox 481 3227 2186 3339; baseline -0.001 -16"><span class='ocrx_word' id='word_1_330' title='bbox 481 3284 597 3323; x_wconf 92' lang='lat' dir='ltr'>non</span> <span class='ocrx_word' id='word_1_331' title='bbox 625 3267 841 3323; x_wconf 89' lang='lat' dir='ltr'>debuit.</span> <span class='ocrx_word' id='word_1_332' title='bbox 870 3267 1091 3323; x_wconf 88' lang='lat' dir='ltr'>Sufﬁcit</span> <span class='ocrx_word' id='word_1_333' title='bbox 1121 3267 1182 3322; x_wconf 91' lang='lat' dir='ltr'>in</span> <span class='ocrx_word' id='word_1_334' title='bbox 1213 3267 1409 3339; x_wconf 86' lang='lat' dir='ltr'>gratia</span> <span class='ocrx_word' id='word_1_335' title='bbox 1433 3268 1760 3323; x_wconf 89' lang='lat' dir='ltr'>communis</span> <span class='ocrx_word' id='word_1_336' title='bbox 1785 3283 2109 3339; x_wconf 88' lang='lat' dir='ltr'>regressum</span> <span class='ocrx_word' id='word_1_337' title='bbox 2131 3227 2186 3303; x_wconf 78' lang='lat' dir='ltr'>C</span> 
     </span>
    </p>
   </div>
   <div class='ocr_carea' id='block_1_47' title="bbox 477 3361 2110 3435">
    <p class='ocr_par' dir='ltr' id='par_1_47' title="bbox 477 3361 2110 3435">
     <span class='ocr_line' id='line_1_47' title="bbox 477 3361 2110 3435; baseline -0.001 -18"><span class='ocrx_word' id='word_1_338' title='bbox 477 3362 750 3435; x_wconf 85' lang='lat' dir='ltr'>professio</span> <span class='ocrx_word' id='word_1_339' title='bbox 802 3362 1118 3417; x_wconf 86' lang='lat' dir='ltr'>dilectionis</span> <span class='ocrx_word' id='word_1_340' title='bbox 1176 3366 1324 3430; x_wconf 88' lang='lat' dir='ltr'>tua,</span> <span class='ocrx_word' id='word_1_341' title='bbox 1373 3366 1429 3416; x_wconf 88' lang='lat' dir='ltr'>et</span> <span class='ocrx_word' id='word_1_342' title='bbox 1489 3361 1776 3417; x_wconf 90' lang='lat' dir='ltr'>attestatio</span> <span class='ocrx_word' id='word_1_343' title='bbox 1842 3361 2110 3433; x_wconf 89' lang='lat' dir='ltr'>principis</span> 
     </span>
    </p>
   </div>
   <div class='ocr_carea' id='block_1_48' title="bbox 479 3455 2109 3524">
    <p class='ocr_par' dir='ltr' id='par_1_48' title="bbox 479 3455 2109 3524">
     <span class='ocr_line' id='line_1_48' title="bbox 479 3455 2109 3524; baseline -0.001 -13"><span class='ocrx_word' id='word_1_344' title='bbox 479 3455 807 3524; x_wconf 84' lang='lat' dir='ltr'>Christiani,</span> <span class='ocrx_word' id='word_1_345' title='bbox 854 3472 927 3511; x_wconf 90' lang='lat' dir='ltr'>ne</span> <span class='ocrx_word' id='word_1_346' title='bbox 973 3456 1066 3510; x_wconf 89' lang='lat' dir='ltr'>cui</span> <span class='ocrx_word' id='word_1_347' title='bbox 1115 3455 1283 3511; x_wconf 90' lang='lat' dir='ltr'>detur</span> <span class='ocrx_word' id='word_1_348' title='bbox 1325 3455 1493 3511; x_wconf 85' lang='lat' dir='ltr'>tarda</span> <span class='ocrx_word' id='word_1_349' title='bbox 1535 3456 1832 3524; x_wconf 87' lang='lat' dir='ltr'>correctio,</span> <span class='ocrx_word' id='word_1_350' title='bbox 1864 3456 1957 3510; x_wconf 90' lang='lat' dir='ltr'>cui</span> <span class='ocrx_word' id='word_1_351' title='bbox 1992 3459 2109 3509; x_wconf 84' lang='lat' dir='ltr'>tam</span> 
     </span>
    </p>
   </div>
   <div class='ocr_carea' id='block_1_49' title="bbox 480 3549 2106 3621">
    <p class='ocr_par' dir='ltr' id='par_1_49' title="bbox 480 3549 2106 3621">
     <span class='ocr_line' id='line_1_49' title="bbox 480 3549 2106 3621; baseline 0 -18"><span class='ocrx_word' id='word_1_352' title='bbox 480 3550 819 3607; x_wconf 87' lang='lat' dir='ltr'>venerabilis</span> <span class='ocrx_word' id='word_1_353' title='bbox 850 3555 1099 3606; x_wconf 86' lang='lat' dir='ltr'>assertor</span> <span class='ocrx_word' id='word_1_354' title='bbox 1123 3549 1374 3605; x_wconf 89' lang='lat' dir='ltr'>accessit.</span> <span class='ocrx_word' id='word_1_355' title='bbox 1410 3549 1724 3620; x_wconf 87' lang='lat' dir='ltr'>Abjiciatur</span> <span class='ocrx_word' id='word_1_356' title='bbox 1758 3549 1984 3621; x_wconf 89' lang='lat' dir='ltr'>penitus</span> <span class='ocrx_word' id='word_1_357' title='bbox 2020 3549 2106 3603; x_wconf 90' lang='lat' dir='ltr'>in-</span> 
     </span>
    </p>
   </div>
   <div class='ocr_carea' id='block_1_50' title="bbox 479 3643 2106 3716">
    <p class='ocr_par' dir='ltr' id='par_1_50' title="bbox 479 3643 2106 3716">
     <span class='ocr_line' id='line_1_50' title="bbox 479 3643 2106 3716; baseline -0.001 -17"><span class='ocrx_word' id='word_1_358' title='bbox 479 3644 724 3701; x_wconf 89' lang='lat' dir='ltr'>concessi</span> <span class='ocrx_word' id='word_1_359' title='bbox 761 3644 907 3716; x_wconf 87' lang='lat' dir='ltr'>juris</span> <span class='ocrx_word' id='word_1_360' title='bbox 953 3643 1055 3716; x_wconf 86' lang='lat' dir='ltr'>qui</span> <span class='ocrx_word' id='word_1_361' title='bbox 1103 3643 1513 3699; x_wconf 91' lang='lat' dir='ltr'>dissensionem</span> <span class='ocrx_word' id='word_1_362' title='bbox 1554 3643 1767 3699; x_wconf 88' lang='lat' dir='ltr'>fecerat</span> <span class='ocrx_word' id='word_1_363' title='bbox 1803 3643 2106 3715; x_wconf 86' lang='lat' dir='ltr'>appetitus.</span> 
     </span>
    </p>
   </div>
   <div class='ocr_carea' id='block_1_51' title="bbox 480 3736 2108 3809">
    <p class='ocr_par' dir='ltr' id='par_1_51' title="bbox 480 3736 2108 3809">
     <span class='ocr_line' id='line_1_51' title="bbox 480 3736 2108 3809; baseline -0.002 -15"><span class='ocrx_word' id='word_1_364' title='bbox 480 3737 777 3795; x_wconf 89' lang='lat' dir='ltr'>Sufﬁciant</span> <span class='ocrx_word' id='word_1_365' title='bbox 802 3738 1012 3793; x_wconf 87' lang='lat' dir='ltr'>limites</span> <span class='ocrx_word' id='word_1_366' title='bbox 1037 3754 1182 3809; x_wconf 91' lang='lat' dir='ltr'>quos</span> <span class='ocrx_word' id='word_1_367' title='bbox 1202 3742 1528 3792; x_wconf 90' lang='lat' dir='ltr'>sanctorum</span> <span class='ocrx_word' id='word_1_368' title='bbox 1544 3738 1777 3792; x_wconf 87' lang='lat' dir='ltr'>Patrum</span> <span class='ocrx_word' id='word_1_369' title='bbox 1801 3736 2108 3809; x_wconf 86' lang='lat' dir='ltr'>providen-</span> 
     </span>
    </p>
   </div>
   <div class='ocr_carea' id='block_1_52' title="bbox 478 3829 2111 3902">
    <p class='ocr_par' dir='ltr' id='par_1_52' title="bbox 478 3829 2111 3902">
     <span class='ocr_line' id='line_1_52' title="bbox 478 3829 2111 3902; baseline -0.001 -16"><span class='ocrx_word' id='word_1_370' title='bbox 478 3832 695 3886; x_wconf 89' lang='lat' dir='ltr'>tissima</span> <span class='ocrx_word' id='word_1_371' title='bbox 715 3832 938 3886; x_wconf 88' lang='lat' dir='ltr'>decreta</span> <span class='ocrx_word' id='word_1_372' title='bbox 967 3836 1302 3901; x_wconf 90' lang='lat' dir='ltr'>posuerunt,</span> <span class='ocrx_word' id='word_1_373' title='bbox 1331 3833 1394 3884; x_wconf 90' lang='lat' dir='ltr'>ut</span> <span class='ocrx_word' id='word_1_374' title='bbox 1421 3830 1612 3902; x_wconf 87' lang='lat' dir='ltr'>quieta</span> <span class='ocrx_word' id='word_1_375' title='bbox 1647 3830 1719 3885; x_wconf 86' lang='lat' dir='ltr'>sit</span> <span class='ocrx_word' id='word_1_376' title='bbox 1755 3829 1869 3884; x_wconf 90' lang='lat' dir='ltr'>suis</span> <span class='ocrx_word' id='word_1_377' title='bbox 1893 3829 2111 3884; x_wconf 87' lang='lat' dir='ltr'>meritis</span> 
     </span>
    </p>
   </div>
   <div class='ocr_carea' id='block_1_53' title="bbox 480 3922 2110 3996">
    <p class='ocr_par' dir='ltr' id='par_1_53' title="bbox 480 3922 2110 3996">
     <span class='ocr_line' id='line_1_53' title="bbox 480 3922 2110 3996; baseline -0.001 -17"><span class='ocrx_word' id='word_1_378' title='bbox 480 3931 536 3979; x_wconf 90' lang='lat' dir='ltr'>et</span> <span class='ocrx_word' id='word_1_379' title='bbox 561 3924 810 3996; x_wconf 89' lang='lat' dir='ltr'>antiquis</span> <span class='ocrx_word' id='word_1_380' title='bbox 835 3922 1143 3995; x_wconf 89' lang='lat' dir='ltr'>privilegiis</span> <span class='ocrx_word' id='word_1_381' title='bbox 1171 3923 1419 3994; x_wconf 89' lang='lat' dir='ltr'>dignitas</span> <span class='ocrx_word' id='word_1_382' title='bbox 1456 3923 1718 3978; x_wconf 90' lang='lat' dir='ltr'>omnium</span> <span class='ocrx_word' id='word_1_383' title='bbox 1749 3923 2110 3978; x_wconf 86' lang='lat' dir='ltr'>sacerdotum</span> 
     </span>
    </p>
   </div>
   <div class='ocr_carea' id='block_1_54' title="bbox 482 4016 2106 4088">
    <p class='ocr_par' dir='ltr' id='par_1_54' title="bbox 482 4016 2106 4088">
     <span class='ocr_line' id='line_1_54' title="bbox 482 4016 2106 4088; baseline -0.001 -16"><span class='ocrx_word' id='word_1_384' title='bbox 482 4023 804 4088; x_wconf 85' lang='lat' dir='ltr'>renovetur,</span> <span class='ocrx_word' id='word_1_385' title='bbox 833 4021 890 4072; x_wconf 92' lang='lat' dir='ltr'>et</span> <span class='ocrx_word' id='word_1_386' title='bbox 914 4020 1142 4072; x_wconf 90' lang='lat' dir='ltr'>maneat</span> <span class='ocrx_word' id='word_1_387' title='bbox 1179 4016 1239 4071; x_wconf 92' lang='lat' dir='ltr'>in</span> <span class='ocrx_word' id='word_1_388' title='bbox 1277 4023 1334 4072; x_wconf 87' lang='lat' dir='ltr'>te</span> <span class='ocrx_word' id='word_1_389' title='bbox 1372 4016 1683 4071; x_wconf 82' lang='lat' dir='ltr'>Dominica</span> <span class='ocrx_word' id='word_1_390' title='bbox 1709 4016 2001 4071; x_wconf 78' lang='lat' dir='ltr'>charitatis</span> <span class='ocrx_word' id='word_1_391' title='bbox 2025 4016 2106 4071; x_wconf 91' lang='lat' dir='ltr'>af-</span> 
     </span>
    </p>
   </div>
   <div class='ocr_carea' id='block_1_55' title="bbox 482 4109 2110 4183">
    <p class='ocr_par' dir='ltr' id='par_1_55' title="bbox 482 4109 2110 4183">
     <span class='ocr_line' id='line_1_55' title="bbox 482 4109 2110 4183; baseline -0.001 -16"><span class='ocrx_word' id='word_1_392' title='bbox 482 4111 673 4178; x_wconf 90' lang='lat' dir='ltr'>fectio,</span> <span class='ocrx_word' id='word_1_393' title='bbox 705 4111 775 4166; x_wconf 91' lang='lat' dir='ltr'>ad</span> <span class='ocrx_word' id='word_1_394' title='bbox 807 4128 979 4183; x_wconf 89' lang='lat' dir='ltr'>quam</span> <span class='ocrx_word' id='word_1_395' title='bbox 1009 4110 1374 4166; x_wconf 91' lang='lat' dir='ltr'>dilectionem</span> <span class='ocrx_word' id='word_1_396' title='bbox 1413 4114 1575 4164; x_wconf 88' lang='lat' dir='ltr'>tuam</span> <span class='ocrx_word' id='word_1_397' title='bbox 1610 4109 1818 4181; x_wconf 89' lang='lat' dir='ltr'>sapius</span> <span class='ocrx_word' id='word_1_398' title='bbox 1842 4110 2110 4166; x_wconf 88' lang='lat' dir='ltr'>cohorta-</span> 
     </span>
    </p>
   </div>
   <div class='ocr_carea' id='block_1_56' title="bbox 482 4203 2108 4275">
    <p class='ocr_par' dir='ltr' id='par_1_56' title="bbox 482 4203 2108 4275">
     <span class='ocr_line' id='line_1_56' title="bbox 482 4203 2108 4275; baseline -0.001 -15"><span class='ocrx_word' id='word_1_399' title='bbox 482 4212 572 4261; x_wconf 88' lang='lat' dir='ltr'>tus</span> <span class='ocrx_word' id='word_1_400' title='bbox 613 4221 740 4260; x_wconf 90' lang='lat' dir='ltr'>sum</span> <span class='ocrx_word' id='word_1_401' title='bbox 785 4222 915 4260; x_wconf 91' lang='lat' dir='ltr'>cum</span> <span class='ocrx_word' id='word_1_402' title='bbox 959 4206 1134 4260; x_wconf 87' lang='lat' dir='ltr'>fratre</span> <span class='ocrx_word' id='word_1_403' title='bbox 1179 4209 1236 4259; x_wconf 92' lang='lat' dir='ltr'>et</span> <span class='ocrx_word' id='word_1_404' title='bbox 1277 4203 1612 4275; x_wconf 91' lang='lat' dir='ltr'>coepiscopo</span> <span class='ocrx_word' id='word_1_405' title='bbox 1642 4209 1840 4259; x_wconf 92' lang='lat' dir='ltr'>nostro</span> <span class='ocrx_word' id='word_1_406' title='bbox 1865 4203 2108 4272; x_wconf 71' lang='lat' dir='ltr'>Iuliano,</span> 
     </span>
    </p>
   </div>
   <div class='ocr_carea' id='block_1_57' title="bbox 481 4297 2108 4372">
    <p class='ocr_par' dir='ltr' id='par_1_57' title="bbox 481 4297 2108 4372">
     <span class='ocr_line' id='line_1_57' title="bbox 481 4297 2108 4372; baseline -0.001 -19"><span class='ocrx_word' id='word_1_407' title='bbox 481 4298 579 4372; x_wconf 88' lang='lat' dir='ltr'>qui</span> <span class='ocrx_word' id='word_1_408' title='bbox 606 4315 973 4354; x_wconf 90' lang='lat' dir='ltr'>communem</span> <span class='ocrx_word' id='word_1_409' title='bbox 1001 4298 1243 4370; x_wconf 88' lang='lat' dir='ltr'>gratiam</span> <span class='ocrx_word' id='word_1_410' title='bbox 1287 4313 1515 4369; x_wconf 90' lang='lat' dir='ltr'>semper</span> <span class='ocrx_word' id='word_1_411' title='bbox 1560 4297 1791 4369; x_wconf 88' lang='lat' dir='ltr'>optavit,</span> <span class='ocrx_word' id='word_1_412' title='bbox 1820 4297 1980 4369; x_wconf 89' lang='lat' dir='ltr'>cujus</span> <span class='ocrx_word' id='word_1_413' title='bbox 2016 4298 2108 4352; x_wconf 92' lang='lat' dir='ltr'>in-</span> 
     </span>
    </p>
   </div>
   <div class='ocr_carea' id='block_1_58' title="bbox 480 4390 2111 4460">
    <p class='ocr_par' dir='ltr' id='par_1_58' title="bbox 480 4390 2111 4460">
     <span class='ocr_line' id='line_1_58' title="bbox 480 4390 2111 4460; baseline -0.002 -11"><span class='ocrx_word' id='word_1_414' title='bbox 480 4394 693 4449; x_wconf 88' lang='lat' dir='ltr'>dustria</span> <span class='ocrx_word' id='word_1_415' title='bbox 723 4399 779 4449; x_wconf 90' lang='lat' dir='ltr'>et</span> <span class='ocrx_word' id='word_1_416' title='bbox 805 4393 1209 4449; x_wconf 90' lang='lat' dir='ltr'>sollicitudines</span> <span class='ocrx_word' id='word_1_417' title='bbox 1248 4396 1361 4446; x_wconf 84' lang='lat' dir='ltr'>tua</span> <span class='ocrx_word' id='word_1_418' title='bbox 1406 4391 1830 4460; x_wconf 89' lang='lat' dir='ltr'>relevabuntur,</span> <span class='ocrx_word' id='word_1_419' title='bbox 1868 4397 1924 4447; x_wconf 92' lang='lat' dir='ltr'>et</span> <span class='ocrx_word' id='word_1_420' title='bbox 1972 4390 2111 4448; x_wconf 87' lang='lat' dir='ltr'>ﬁdes</span> 
     </span>
    </p>
   </div>
   <div class='ocr_carea' id='block_1_59' title="bbox 480 4484 2111 4556">
    <p class='ocr_par' dir='ltr' id='par_1_59' title="bbox 480 4484 2111 4556">
     <span class='ocr_line' id='line_1_59' title="bbox 480 4484 2111 4556; baseline -0.001 -13"><span class='ocrx_word' id='word_1_421' title='bbox 480 4488 753 4544; x_wconf 89' lang='lat' dir='ltr'>catholica</span> <span class='ocrx_word' id='word_1_422' title='bbox 783 4486 1098 4543; x_wconf 89' lang='lat' dir='ltr'>munietur.</span> <span class='ocrx_word' id='word_1_423' title='bbox 1151 4486 1332 4556; x_wconf 89' lang='lat' dir='ltr'>Super</span> <span class='ocrx_word' id='word_1_424' title='bbox 1381 4484 1576 4540; x_wconf 89' lang='lat' dir='ltr'>omnia</span> <span class='ocrx_word' id='word_1_425' title='bbox 1616 4489 1810 4541; x_wconf 89' lang='lat' dir='ltr'>autem</span> <span class='ocrx_word' id='word_1_426' title='bbox 1854 4486 2111 4541; x_wconf 87' lang='lat' dir='ltr'>fraterna</span> 
     </span>
    </p>
   </div>
   <div class='ocr_carea' id='block_1_60' title="bbox 481 4579 2189 4676">
    <p class='ocr_par' dir='ltr' id='par_1_60' title="bbox 481 4579 2189 4676">
     <span class='ocr_line' id='line_1_60' title="bbox 481 4579 2189 4676; baseline -0.002 -39"><span class='ocrx_word' id='word_1_427' title='bbox 481 4582 751 4638; x_wconf 87' lang='lat' dir='ltr'>charitate</span> <span class='ocrx_word' id='word_1_428' title='bbox 794 4583 995 4637; x_wconf 88' lang='lat' dir='ltr'>hortor</span> <span class='ocrx_word' id='word_1_429' title='bbox 1044 4583 1101 4634; x_wconf 86' lang='lat' dir='ltr'>et</span> <span class='ocrx_word' id='word_1_430' title='bbox 1142 4596 1372 4647; x_wconf 86' lang='lat' dir='ltr'>moneo,</span> <span class='ocrx_word' id='word_1_431' title='bbox 1403 4585 1465 4635; x_wconf 90' lang='lat' dir='ltr'>ut</span> <span class='ocrx_word' id='word_1_432' title='bbox 1509 4596 1574 4635; x_wconf 91' lang='lat' dir='ltr'>ea</span> <span class='ocrx_word' id='word_1_433' title='bbox 1612 4596 1739 4652; x_wconf 83' lang='lat' dir='ltr'>qua</span> <span class='ocrx_word' id='word_1_434' title='bbox 1766 4579 1839 4635; x_wconf 92' lang='lat' dir='ltr'>ad</span> <span class='ocrx_word' id='word_1_435' title='bbox 1871 4580 2189 4676; x_wconf 87' lang='lat' dir='ltr'>gloriamD</span> 
     </span>
    </p>
   </div>
   <div class='ocr_carea' id='block_1_61' title="bbox 479 4673 2107 4745">
    <p class='ocr_par' dir='ltr' id='par_1_61' title="bbox 479 4673 2107 4745">
     <span class='ocr_line' id='line_1_61' title="bbox 479 4673 2107 4745; baseline -0.003 -13"><span class='ocrx_word' id='word_1_436' title='bbox 479 4677 567 4732; x_wconf 84' lang='lat' dir='ltr'>vel</span> <span class='ocrx_word' id='word_1_437' title='bbox 602 4676 676 4731; x_wconf 90' lang='lat' dir='ltr'>ad</span> <span class='ocrx_word' id='word_1_438' title='bbox 713 4675 1018 4731; x_wconf 88' lang='lat' dir='ltr'>munimen</span> <span class='ocrx_word' id='word_1_439' title='bbox 1058 4674 1351 4745; x_wconf 89' lang='lat' dir='ltr'>pertinent</span> <span class='ocrx_word' id='word_1_440' title='bbox 1395 4674 1761 4730; x_wconf 86' lang='lat' dir='ltr'>sacerdotalis</span> <span class='ocrx_word' id='word_1_441' title='bbox 1804 4673 1978 4729; x_wconf 87' lang='lat' dir='ltr'>ofﬁcii</span> <span class='ocrx_word' id='word_1_442' title='bbox 2015 4674 2107 4727; x_wconf 87' lang='lat' dir='ltr'>Ni-</span> 
     </span>
    </p>
   </div>
   <div class='ocr_carea' id='block_1_62' title="bbox 482 4767 2109 4839">
    <p class='ocr_par' dir='ltr' id='par_1_62' title="bbox 482 4767 2109 4839">
     <span class='ocr_line' id='line_1_62' title="bbox 482 4767 2109 4839; baseline -0.004 -13"><span class='ocrx_word' id='word_1_443' title='bbox 482 4786 771 4826; x_wconf 85' lang='lat' dir='ltr'>canorum</span> <span class='ocrx_word' id='word_1_444' title='bbox 802 4784 1083 4824; x_wconf 87' lang='lat' dir='ltr'>canonum</span> <span class='ocrx_word' id='word_1_445' title='bbox 1119 4767 1447 4823; x_wconf 88' lang='lat' dir='ltr'>universalis</span> <span class='ocrx_word' id='word_1_446' title='bbox 1474 4768 1734 4822; x_wconf 88' lang='lat' dir='ltr'>Ecclesia</span> <span class='ocrx_word' id='word_1_447' title='bbox 1763 4784 1964 4839; x_wconf 90' lang='lat' dir='ltr'>pacem</span> <span class='ocrx_word' id='word_1_448' title='bbox 1991 4783 2109 4821; x_wconf 91' lang='lat' dir='ltr'>ser-</span> 
     </span>
    </p>
   </div>
   <div class='ocr_carea' id='block_1_63' title="bbox 482 4860 2109 4920">
    <p class='ocr_par' dir='ltr' id='par_1_63' title="bbox 482 4860 2109 4920">
     <span class='ocr_line' id='line_1_63' title="bbox 482 4860 2109 4920; baseline -0.001 -3"><span class='ocrx_word' id='word_1_449' title='bbox 482 4864 670 4920; x_wconf 85' lang='lat' dir='ltr'>vantia</span> <span class='ocrx_word' id='word_1_450' title='bbox 695 4865 925 4919; x_wconf 89' lang='lat' dir='ltr'>decreta</span> <span class='ocrx_word' id='word_1_451' title='bbox 959 4861 1261 4917; x_wconf 86' lang='lat' dir='ltr'>custodias.</span> <span class='ocrx_word' id='word_1_452' title='bbox 1291 4861 1380 4917; x_wconf 90' lang='lat' dir='ltr'>Sic</span> <span class='ocrx_word' id='word_1_453' title='bbox 1410 4861 1563 4917; x_wconf 91' lang='lat' dir='ltr'>enim</span> <span class='ocrx_word' id='word_1_454' title='bbox 1591 4862 1741 4916; x_wconf 89' lang='lat' dir='ltr'>inter</span> <span class='ocrx_word' id='word_1_455' title='bbox 1765 4860 1989 4914; x_wconf 91' lang='lat' dir='ltr'>Domini</span> <span class='ocrx_word' id='word_1_456' title='bbox 2019 4877 2109 4915; x_wconf 90' lang='lat' dir='ltr'>sa-</span> 
     </span>
    </p>
   </div>
   <div class='ocr_carea' id='block_1_64' title="bbox 482 4953 2112 5027">
    <p class='ocr_par' dir='ltr' id='par_1_64' title="bbox 482 4953 2112 5027">
     <span class='ocr_line' id='line_1_64' title="bbox 482 4953 2112 5027; baseline -0.004 -13"><span class='ocrx_word' id='word_1_457' title='bbox 482 4960 736 5014; x_wconf 89' lang='lat' dir='ltr'>cerdotes</span> <span class='ocrx_word' id='word_1_458' title='bbox 780 4957 1049 5012; x_wconf 90' lang='lat' dir='ltr'>inviolata</span> <span class='ocrx_word' id='word_1_459' title='bbox 1096 4956 1347 5011; x_wconf 89' lang='lat' dir='ltr'>charitas</span> <span class='ocrx_word' id='word_1_460' title='bbox 1394 4954 1775 5027; x_wconf 88' lang='lat' dir='ltr'>permanebit,</span> <span class='ocrx_word' id='word_1_461' title='bbox 1810 4954 1857 5008; x_wconf 92' lang='lat' dir='ltr'>si</span> <span class='ocrx_word' id='word_1_462' title='bbox 1886 4953 2112 5025; x_wconf 87' lang='lat' dir='ltr'>paribus</span> 
     </span>
    </p>
   </div>
   <div class='ocr_carea' id='block_1_65' title="bbox 482 5047 2111 5124">
    <p class='ocr_par' dir='ltr' id='par_1_65' title="bbox 482 5047 2111 5124">
     <span class='ocr_line' id='line_1_65' title="bbox 482 5047 2111 5124; baseline -0.003 -16"><span class='ocrx_word' id='word_1_463' title='bbox 482 5052 684 5109; x_wconf 87' lang='lat' dir='ltr'>studiis</span> <span class='ocrx_word' id='word_1_464' title='bbox 711 5068 839 5124; x_wconf 83' lang='lat' dir='ltr'>qua</span> <span class='ocrx_word' id='word_1_465' title='bbox 868 5055 1002 5106; x_wconf 89' lang='lat' dir='ltr'>sunt</span> <span class='ocrx_word' id='word_1_466' title='bbox 1042 5067 1073 5105; x_wconf 89' lang='lat' dir='ltr'>a</span> <span class='ocrx_word' id='word_1_467' title='bbox 1113 5050 1320 5105; x_wconf 89' lang='lat' dir='ltr'>sanctis</span> <span class='ocrx_word' id='word_1_468' title='bbox 1348 5050 1610 5104; x_wconf 90' lang='lat' dir='ltr'>Patribus</span> <span class='ocrx_word' id='word_1_469' title='bbox 1638 5047 1962 5117; x_wconf 87' lang='lat' dir='ltr'>constituta,</span> <span class='ocrx_word' id='word_1_470' title='bbox 1992 5064 2111 5103; x_wconf 91' lang='lat' dir='ltr'>ser-</span> 
     </span>
    </p>
   </div>
   <div class='ocr_carea' id='block_1_66' title="bbox 482 5140 2113 5217">
    <p class='ocr_par' dir='ltr' id='par_1_66' title="bbox 482 5140 2113 5217">
     <span class='ocr_line' id='line_1_66' title="bbox 482 5140 2113 5217; baseline -0.002 -17"><span class='ocrx_word' id='word_1_471' title='bbox 482 5152 702 5202; x_wconf 79' lang='lat' dir='ltr'>ventur.</span> <span class='ocrx_word' id='word_1_472' title='bbox 737 5147 872 5200; x_wconf 82' lang='lat' dir='ltr'>IJata</span> <span class='ocrx_word' id='word_1_473' title='bbox 916 5148 1121 5217; x_wconf 89' lang='lat' dir='ltr'>quarto</span> <span class='ocrx_word' id='word_1_474' title='bbox 1165 5144 1452 5199; x_wconf 89' lang='lat' dir='ltr'>Kalendas</span> <span class='ocrx_word' id='word_1_475' title='bbox 1479 5142 1655 5209; x_wconf 86' lang='lat' dir='ltr'>Junii,</span> <span class='ocrx_word' id='word_1_476' title='bbox 1685 5140 1806 5195; x_wconf 89' lang='lat' dir='ltr'>Etio</span> <span class='ocrx_word' id='word_1_477' title='bbox 1835 5145 1891 5195; x_wconf 91' lang='lat' dir='ltr'>et</span> <span class='ocrx_word' id='word_1_478' title='bbox 1916 5141 2113 5197; x_wconf 91' lang='lat' dir='ltr'>Studio</span> 
     </span>
    </p>
   </div>
   <div class='ocr_carea' id='block_1_67' title="bbox 481 5239 1345 5295">
    <p class='ocr_par' dir='ltr' id='par_1_67' title="bbox 481 5239 1345 5295">
     <span class='ocr_line' id='line_1_67' title="bbox 481 5239 1345 5295; baseline -0.003 0"><span class='ocrx_word' id='word_1_479' title='bbox 481 5241 616 5295; x_wconf 87' lang='lat' dir='ltr'>viris</span> <span class='ocrx_word' id='word_1_480' title='bbox 646 5239 967 5294; x_wconf 88' lang='lat' dir='ltr'>clarissimis</span> <span class='ocrx_word' id='word_1_481' title='bbox 994 5239 1345 5293; x_wconf 89' lang='lat' dir='ltr'>consulibus.</span> 
     </span>
    </p>
   </div>
   <div class='ocr_carea' id='block_1_68' title="bbox 481 5357 2113 5426">
    <p class='ocr_par' dir='ltr' id='par_1_68' title="bbox 481 5357 2113 5426">
     <span class='ocr_line' id='line_1_68' title="bbox 481 5357 2113 5426; baseline -0.002 -9"><span class='ocrx_word' id='word_1_482' title='bbox 481 5363 654 5418; x_wconf 83' lang='lat' dir='ltr'><strong>XLVI.</strong></span> <span class='ocrx_word' id='word_1_483' title='bbox 685 5391 754 5402; x_wconf 89' lang='lat'>—-</span> <span class='ocrx_word' id='word_1_484' title='bbox 782 5362 872 5418; x_wconf 84' lang='lat' dir='ltr'>Ad</span> <span class='ocrx_word' id='word_1_485' title='bbox 909 5361 1221 5417; x_wconf 81' lang='lat' dir='ltr'>Juvenalem</span> <span class='ocrx_word' id='word_1_486' title='bbox 1251 5357 1801 5426; x_wconf 79' lang='lat' dir='ltr'>Hierosolymitanum</span> <span class='ocrx_word' id='word_1_487' title='bbox 1827 5362 1877 5412; x_wconf 85' lang='lat' dir='ltr'>et</span> <span class='ocrx_word' id='word_1_488' title='bbox 1901 5362 2113 5414; x_wconf 72' lang='lat' dir='ltr'>caeteros</span> 
     </span>
    </p>
   </div>
   <div class='ocr_carea' id='block_1_69' title="bbox 552 5428 2109 5506">
    <p class='ocr_par' dir='ltr' id='par_1_69' title="bbox 552 5428 2109 5506">
     <span class='ocr_line' id='line_1_69' title="bbox 552 5428 2109 5506; baseline -0.003 -17"><span class='ocrx_word' id='word_1_489' title='bbox 552 5436 823 5506; x_wconf 80' lang='lat' dir='ltr'>episcopos</span> <span class='ocrx_word' id='word_1_490' title='bbox 868 5437 964 5503; x_wconf 79' lang='lat' dir='ltr'>qui</span> <span class='ocrx_word' id='word_1_491' title='bbox 1000 5436 1059 5487; x_wconf 79' lang='lat' dir='ltr'>in</span> <span class='ocrx_word' id='word_1_492' title='bbox 1097 5435 1289 5486; x_wconf 84' lang='lat' dir='ltr'>sancta</span> <span class='ocrx_word' id='word_1_493' title='bbox 1311 5428 1515 5498; x_wconf 83' lang='lat' dir='ltr'>synodo</span> <span class='ocrx_word' id='word_1_494' title='bbox 1543 5428 1959 5486; x_wconf 78' lang='lat' dir='ltr'>Chalcedonensi</span> <span class='ocrx_word' id='word_1_495' title='bbox 1983 5445 2109 5485; x_wconf 84' lang='lat' dir='ltr'>con-</span> 
     </span>
    </p>
   </div>
   <div class='ocr_carea' id='block_1_70' title="bbox 550 5506 1034 5576">
    <p class='ocr_par' dir='ltr' id='par_1_70' title="bbox 550 5506 1034 5576">
     <span class='ocr_line' id='line_1_70' title="bbox 550 5506 1034 5576; baseline -0.008 -14"><span class='ocrx_word' id='word_1_496' title='bbox 550 5507 763 5576; x_wconf 78' lang='lat' dir='ltr'>gregati</span> <span class='ocrx_word' id='word_1_497' title='bbox 786 5506 1034 5573; x_wconf 82' lang='lat' dir='ltr'>fuerunt.</span> 
     </span>
    </p>
   </div>
   <div class='ocr_carea' id='block_1_71' title="bbox 552 5612 2109 5688">
    <p class='ocr_par' dir='ltr' id='par_1_71' title="bbox 552 5612 2109 5688">
     <span class='ocr_line' id='line_1_71' title="bbox 552 5612 2109 5688; baseline -0.003 -13"><span class='ocrx_word' id='word_1_498' title='bbox 552 5620 797 5675; x_wconf 91' lang='lat' dir='ltr'>Omnem</span> <span class='ocrx_word' id='word_1_499' title='bbox 829 5615 1064 5688; x_wconf 88' lang='lat' dir='ltr'>quidem</span> <span class='ocrx_word' id='word_1_500' title='bbox 1089 5612 1507 5668; x_wconf 88' lang='lat' dir='ltr'>fraternitatem</span> <span class='ocrx_word' id='word_1_501' title='bbox 1536 5618 1783 5668; x_wconf 88' lang='lat' dir='ltr'>vestram</span> <span class='ocrx_word' id='word_1_502' title='bbox 1807 5630 1973 5669; x_wconf 90' lang='lat' dir='ltr'>nosse</span> <span class='ocrx_word' id='word_1_503' title='bbox 1995 5632 2109 5671; x_wconf 90' lang='lat' dir='ltr'>non</span> 
     </span>
    </p>
   </div>
   <div class='ocr_carea' id='block_1_72' title="bbox 479 5707 2112 5783">
    <p class='ocr_par' dir='ltr' id='par_1_72' title="bbox 479 5707 2112 5783">
     <span class='ocr_line' id='line_1_72' title="bbox 479 5707 2112 5783; baseline -0.003 -15"><span class='ocrx_word' id='word_1_504' title='bbox 479 5714 710 5783; x_wconf 86' lang='lat' dir='ltr'>ambigo</span> <span class='ocrx_word' id='word_1_505' title='bbox 733 5708 1125 5766; x_wconf 89' lang='lat' dir='ltr'>deﬁnitionem</span> <span class='ocrx_word' id='word_1_506' title='bbox 1156 5712 1367 5762; x_wconf 88' lang='lat' dir='ltr'>sancta</span> <span class='ocrx_word' id='word_1_507' title='bbox 1406 5707 1622 5779; x_wconf 86' lang='lat' dir='ltr'>synodi,</span> <span class='ocrx_word' id='word_1_508' title='bbox 1653 5723 1783 5779; x_wconf 89' lang='lat' dir='ltr'>qua</span> <span class='ocrx_word' id='word_1_509' title='bbox 1811 5708 1883 5763; x_wconf 87' lang='lat' dir='ltr'>ob</span> <span class='ocrx_word' id='word_1_510' title='bbox 1910 5708 2112 5764; x_wconf 88' lang='lat' dir='ltr'>conﬁr-</span> 
     </span>
    </p>
   </div>
   <div class='ocr_carea' id='block_1_73' title="bbox 484 5800 2113 5861">
    <p class='ocr_par' dir='ltr' id='par_1_73' title="bbox 484 5800 2113 5861">
     <span class='ocr_line' id='line_1_73' title="bbox 484 5800 2113 5861; baseline -0.002 0"><span class='ocrx_word' id='word_1_511' title='bbox 484 5807 797 5861; x_wconf 89' lang='lat' dir='ltr'>mationem</span> <span class='ocrx_word' id='word_1_512' title='bbox 820 5802 957 5857; x_wconf 88' lang='lat' dir='ltr'>ﬁdei</span> <span class='ocrx_word' id='word_1_513' title='bbox 985 5801 1042 5857; x_wconf 89' lang='lat' dir='ltr'>in</span> <span class='ocrx_word' id='word_1_514' title='bbox 1070 5800 1520 5856; x_wconf 88' lang='lat' dir='ltr'>Chalcedonensi</span> <span class='ocrx_word' id='word_1_515' title='bbox 1560 5801 1788 5856; x_wconf 79' lang='lat' dir='ltr'>civitate</span> <span class='ocrx_word' id='word_1_516' title='bbox 1831 5802 2113 5857; x_wconf 89' lang='lat' dir='ltr'>celebrata</span> 
     </span>
    </p>
   </div>
   <div class='ocr_carea' id='block_1_74' title="bbox 486 5893 2112 5968">
    <p class='ocr_par' dir='ltr' id='par_1_74' title="bbox 486 5893 2112 5968">
     <span class='ocr_line' id='line_1_74' title="bbox 486 5893 2112 5968; baseline -0.001 -17"><span class='ocrx_word' id='word_1_517' title='bbox 486 5903 589 5966; x_wconf 76' lang='lat' dir='ltr'>est,</span> <span class='ocrx_word' id='word_1_518' title='bbox 631 5899 751 5950; x_wconf 87' lang='lat' dir='ltr'>toto</span> <span class='ocrx_word' id='word_1_519' title='bbox 796 5895 965 5950; x_wconf 90' lang='lat' dir='ltr'>corde</span> <span class='ocrx_word' id='word_1_520' title='bbox 1013 5911 1102 5950; x_wconf 91' lang='lat' dir='ltr'>me</span> <span class='ocrx_word' id='word_1_521' title='bbox 1143 5893 1315 5949; x_wconf 90' lang='lat' dir='ltr'>fuisse</span> <span class='ocrx_word' id='word_1_522' title='bbox 1359 5896 1733 5968; x_wconf 88' lang='lat' dir='ltr'>complexum.</span> <span class='ocrx_word' id='word_1_523' title='bbox 1775 5895 1917 5959; x_wconf 84' lang='lat' dir='ltr'>Quia</span> <span class='ocrx_word' id='word_1_524' title='bbox 1957 5895 2112 5950; x_wconf 87' lang='lat' dir='ltr'>nulla</span> 
     </span>
    </p>
   </div>
   <div class='ocr_carea' id='block_1_75' title="bbox 2208 1957 3847 2029">
    <p class='ocr_par' dir='ltr' id='par_1_75' title="bbox 2208 1957 3847 2029">
     <span class='ocr_line' id='line_1_75' title="bbox 2208 1957 3847 2029; baseline -0.001 -18"><span class='ocrx_word' id='word_1_525' title='bbox 2208 1974 2302 2011; x_wconf 90' lang='lat' dir='ltr'>me</span> <span class='ocrx_word' id='word_1_526' title='bbox 2331 1973 2443 2011; x_wconf 92' lang='lat' dir='ltr'>non</span> <span class='ocrx_word' id='word_1_527' title='bbox 2477 1957 2660 2011; x_wconf 90' lang='lat' dir='ltr'>solum</span> <span class='ocrx_word' id='word_1_528' title='bbox 2682 1973 2785 2028; x_wconf 89' lang='lat' dir='ltr'>per</span> <span class='ocrx_word' id='word_1_529' title='bbox 2809 1957 3015 2011; x_wconf 85' lang='lat' dir='ltr'>fratres</span> <span class='ocrx_word' id='word_1_530' title='bbox 3035 1958 3132 2029; x_wconf 91' lang='lat' dir='ltr'>qui</span> <span class='ocrx_word' id='word_1_531' title='bbox 3159 1957 3343 2011; x_wconf 89' lang='lat' dir='ltr'>vicem</span> <span class='ocrx_word' id='word_1_532' title='bbox 3369 1974 3559 2011; x_wconf 89' lang='lat' dir='ltr'>meam</span> <span class='ocrx_word' id='word_1_533' title='bbox 3591 1958 3847 2012; x_wconf 82' lang='lat' dir='ltr'>exsecuti</span> 
     </span>
    </p>
   </div>
   <div class='ocr_carea' id='block_1_76' title="bbox 2209 2050 3848 2123">
    <p class='ocr_par' dir='ltr' id='par_1_76' title="bbox 2209 2050 3848 2123">
     <span class='ocr_line' id='line_1_76' title="bbox 2209 2050 3848 2123; baseline 0.001 -19"><span class='ocrx_word' id='word_1_534' title='bbox 2209 2055 2359 2118; x_wconf 86' lang='lat' dir='ltr'>sunt,</span> <span class='ocrx_word' id='word_1_535' title='bbox 2395 2051 2495 2105; x_wconf 89' lang='lat' dir='ltr'>sed</span> <span class='ocrx_word' id='word_1_536' title='bbox 2528 2050 2699 2105; x_wconf 89' lang='lat' dir='ltr'>etiam</span> <span class='ocrx_word' id='word_1_537' title='bbox 2726 2067 2828 2122; x_wconf 92' lang='lat' dir='ltr'>per</span> <span class='ocrx_word' id='word_1_538' title='bbox 2853 2050 3325 2122; x_wconf 84' lang='lat' dir='ltr'>approbationem</span> <span class='ocrx_word' id='word_1_539' title='bbox 3355 2054 3647 2122; x_wconf 86' lang='lat' dir='ltr'>gestorum</span> <span class='ocrx_word' id='word_1_540' title='bbox 3671 2067 3848 2123; x_wconf 77' lang='lat' dir='ltr'>syno-</span> 
     </span>
    </p>
   </div>
   <div class='ocr_carea' id='block_1_77' title="bbox 2210 2144 3845 2216">
    <p class='ocr_par' dir='ltr' id='par_1_77' title="bbox 2210 2144 3845 2216">
     <span class='ocr_line' id='line_1_77' title="bbox 2210 2144 3845 2216; baseline 0 -17"><span class='ocrx_word' id='word_1_541' title='bbox 2210 2144 2424 2199; x_wconf 88' lang='lat' dir='ltr'>dalium</span> <span class='ocrx_word' id='word_1_542' title='bbox 2474 2144 2769 2216; x_wconf 90' lang='lat' dir='ltr'>propriam</span> <span class='ocrx_word' id='word_1_543' title='bbox 2810 2144 3102 2200; x_wconf 89' lang='lat' dir='ltr'>vobiscum</span> <span class='ocrx_word' id='word_1_544' title='bbox 3140 2144 3335 2199; x_wconf 90' lang='lat' dir='ltr'>iniisse</span> <span class='ocrx_word' id='word_1_545' title='bbox 3386 2145 3723 2199; x_wconf 89' lang='lat' dir='ltr'>sententiam</span> <span class='ocrx_word' id='word_1_546' title='bbox 3785 2145 3845 2199; x_wconf 88' lang='lat' dir='ltr'>iu</span> 
     </span>
    </p>
   </div>
   <div class='ocr_carea' id='block_1_78' title="bbox 2210 2237 3846 2310">
    <p class='ocr_par' dir='ltr' id='par_1_78' title="bbox 2210 2237 3846 2310">
     <span class='ocr_line' id='line_1_78' title="bbox 2210 2237 3846 2310; baseline 0.001 -18"><span class='ocrx_word' id='word_1_547' title='bbox 2210 2239 2330 2293; x_wconf 92' lang='lat' dir='ltr'>sola</span> <span class='ocrx_word' id='word_1_548' title='bbox 2353 2237 2615 2293; x_wconf 91' lang='lat' dir='ltr'>videlicet</span> <span class='ocrx_word' id='word_1_549' title='bbox 2657 2237 2791 2292; x_wconf 88' lang='lat' dir='ltr'>ﬁdei</span> <span class='ocrx_word' id='word_1_550' title='bbox 2834 2255 3001 2293; x_wconf 89' lang='lat' dir='ltr'>causa</span> <span class='ocrx_word' id='word_1_551' title='bbox 3029 2238 3180 2309; x_wconf 89' lang='lat' dir='ltr'>quod</span> <span class='ocrx_word' id='word_1_552' title='bbox 3214 2255 3367 2310; x_wconf 89' lang='lat' dir='ltr'>sape</span> <span class='ocrx_word' id='word_1_553' title='bbox 3394 2239 3699 2293; x_wconf 90' lang='lat' dir='ltr'>dicendum</span> <span class='ocrx_word' id='word_1_554' title='bbox 3735 2245 3846 2301; x_wconf 86' lang='lat' dir='ltr'>est,</span> 
     </span>
    </p>
   </div>
   <div class='ocr_carea' id='block_1_79' title="bbox 2210 2333 3850 2404">
    <p class='ocr_par' dir='ltr' id='par_1_79' title="bbox 2210 2333 3850 2404">
     <span class='ocr_line' id='line_1_79' title="bbox 2210 2333 3850 2404; baseline 0 -18"><span class='ocrx_word' id='word_1_555' title='bbox 2210 2336 2444 2403; x_wconf 87' lang='lat' dir='ltr'>propter</span> <span class='ocrx_word' id='word_1_556' title='bbox 2489 2348 2660 2403; x_wconf 91' lang='lat' dir='ltr'>quam</span> <span class='ocrx_word' id='word_1_557' title='bbox 2705 2333 2969 2403; x_wconf 89' lang='lat' dir='ltr'>generale</span> <span class='ocrx_word' id='word_1_558' title='bbox 3013 2333 3312 2387; x_wconf 91' lang='lat' dir='ltr'>concilium</span> <span class='ocrx_word' id='word_1_559' title='bbox 3351 2336 3409 2386; x_wconf 90' lang='lat' dir='ltr'>et</span> <span class='ocrx_word' id='word_1_560' title='bbox 3456 2350 3521 2386; x_wconf 89' lang='lat' dir='ltr'>ex</span> <span class='ocrx_word' id='word_1_561' title='bbox 3558 2339 3850 2404; x_wconf 87' lang='lat' dir='ltr'>pracepto</span> 
     </span>
    </p>
   </div>
   <div class='ocr_carea' id='block_1_80' title="bbox 2209 2425 3848 2498">
    <p class='ocr_par' dir='ltr' id='par_1_80' title="bbox 2209 2425 3848 2498">
     <span class='ocr_line' id='line_1_80' title="bbox 2209 2425 3848 2498; baseline 0 -17"><span class='ocrx_word' id='word_1_562' title='bbox 2209 2425 2658 2481; x_wconf 79' lang='lat' dir='ltr'>Christianorum</span> <span class='ocrx_word' id='word_1_563' title='bbox 2682 2426 3027 2498; x_wconf 87' lang='lat' dir='ltr'>principum,</span> <span class='ocrx_word' id='word_1_564' title='bbox 3051 2431 3107 2481; x_wconf 88' lang='lat' dir='ltr'>et</span> <span class='ocrx_word' id='word_1_565' title='bbox 3128 2442 3195 2481; x_wconf 87' lang='lat' dir='ltr'>ex</span> <span class='ocrx_word' id='word_1_566' title='bbox 3217 2442 3499 2481; x_wconf 88' lang='lat' dir='ltr'>consensu</span> <span class='ocrx_word' id='word_1_567' title='bbox 3521 2427 3848 2498; x_wconf 68' lang='lat' dir='ltr'>apostolica:</span> 
     </span>
    </p>
   </div>
   <div class='ocr_carea' id='block_1_81' title="bbox 2209 2519 3851 2592">
    <p class='ocr_par' dir='ltr' id='par_1_81' title="bbox 2209 2519 3851 2592">
     <span class='ocr_line' id='line_1_81' title="bbox 2209 2519 3851 2592; baseline -0.001 -17"><span class='ocrx_word' id='word_1_568' title='bbox 2209 2520 2369 2575; x_wconf 90' lang='lat' dir='ltr'>Sedis</span> <span class='ocrx_word' id='word_1_569' title='bbox 2405 2519 2614 2591; x_wconf 87' lang='lat' dir='ltr'>placuit</span> <span class='ocrx_word' id='word_1_570' title='bbox 2656 2520 3015 2592; x_wconf 89' lang='lat' dir='ltr'>congregari,</span> <span class='ocrx_word' id='word_1_571' title='bbox 3043 2519 3330 2575; x_wconf 88' lang='lat' dir='ltr'>damnatis</span> <span class='ocrx_word' id='word_1_572' title='bbox 3356 2519 3635 2575; x_wconf 88' lang='lat' dir='ltr'>hareticis</span> <span class='ocrx_word' id='word_1_573' title='bbox 3662 2521 3765 2592; x_wconf 89' lang='lat' dir='ltr'>qui</span> <span class='ocrx_word' id='word_1_574' title='bbox 3798 2522 3851 2574; x_wconf 91' lang='lat' dir='ltr'>si</span> 
     </span>
    </p>
   </div>
   <div class='ocr_carea' id='block_1_82' title="bbox 2210 2613 3850 2685">
    <p class='ocr_par' dir='ltr' id='par_1_82' title="bbox 2210 2613 3850 2685">
     <span class='ocr_line' id='line_1_82' title="bbox 2210 2613 3850 2685; baseline 0.001 -18"><span class='ocrx_word' id='word_1_575' title='bbox 2210 2613 2448 2685; x_wconf 86' lang='lat' dir='ltr'>congrui</span> <span class='ocrx_word' id='word_1_576' title='bbox 2487 2629 2607 2669; x_wconf 90' lang='lat' dir='ltr'>esse</span> <span class='ocrx_word' id='word_1_577' title='bbox 2647 2614 2977 2684; x_wconf 89' lang='lat' dir='ltr'>voluissent,</span> <span class='ocrx_word' id='word_1_578' title='bbox 3011 2614 3170 2668; x_wconf 90' lang='lat' dir='ltr'>nulla</span> <span class='ocrx_word' id='word_1_579' title='bbox 3204 2614 3430 2685; x_wconf 80' lang='lat' dir='ltr'>penitus</span> <span class='ocrx_word' id='word_1_580' title='bbox 3465 2614 3745 2668; x_wconf 87' lang='lat' dir='ltr'>resideret</span> <span class='ocrx_word' id='word_1_581' title='bbox 3774 2615 3850 2669; x_wconf 86' lang='lat' dir='ltr'>de</span> 
     </span>
    </p>
   </div>
   <div class='ocr_carea' id='block_1_83' title="bbox 2209 2706 3853 2763">
    <p class='ocr_par' dir='ltr' id='par_1_83' title="bbox 2209 2706 3853 2763">
     <span class='ocr_line' id='line_1_83' title="bbox 2209 2706 3853 2763; baseline 0.001 -3"><span class='ocrx_word' id='word_1_582' title='bbox 2209 2723 2344 2761; x_wconf 90' lang='lat' dir='ltr'>vera</span> <span class='ocrx_word' id='word_1_583' title='bbox 2370 2706 2591 2761; x_wconf 88' lang='lat' dir='ltr'>Domini</span> <span class='ocrx_word' id='word_1_584' title='bbox 2621 2707 2798 2762; x_wconf 90' lang='lat' dir='ltr'>nostri</span> <span class='ocrx_word' id='word_1_585' title='bbox 2836 2708 2966 2761; x_wconf 83' lang='lat' dir='ltr'>Jesu</span> <span class='ocrx_word' id='word_1_586' title='bbox 3008 2707 3217 2762; x_wconf 86' lang='lat' dir='ltr'>Christi</span> <span class='ocrx_word' id='word_1_587' title='bbox 3257 2707 3651 2763; x_wconf 89' lang='lat' dir='ltr'>incarnatione</span> <span class='ocrx_word' id='word_1_588' title='bbox 3683 2707 3853 2762; x_wconf 89' lang='lat' dir='ltr'>dubi-</span> 
     </span>
    </p>
   </div>
   <div class='ocr_carea' id='block_1_84' title="bbox 2209 2800 3852 2872">
    <p class='ocr_par' dir='ltr' id='par_1_84' title="bbox 2209 2800 3852 2872">
     <span class='ocr_line' id='line_1_84' title="bbox 2209 2800 3852 2872; baseline 0 -16"><span class='ocrx_word' id='word_1_589' title='bbox 2209 2800 2372 2857; x_wconf 90' lang='lat' dir='ltr'>tatio.</span> <span class='ocrx_word' id='word_1_590' title='bbox 2405 2800 2561 2855; x_wconf 90' lang='lat' dir='ltr'>Unde</span> <span class='ocrx_word' id='word_1_591' title='bbox 2601 2801 2645 2854; x_wconf 93' lang='lat' dir='ltr'>si</span> <span class='ocrx_word' id='word_1_592' title='bbox 2690 2800 2817 2872; x_wconf 89' lang='lat' dir='ltr'>quis</span> <span class='ocrx_word' id='word_1_593' title='bbox 2857 2817 3109 2872; x_wconf 91' lang='lat' dir='ltr'>unquam</span> <span class='ocrx_word' id='word_1_594' title='bbox 3146 2818 3318 2856; x_wconf 90' lang='lat' dir='ltr'>ausus</span> <span class='ocrx_word' id='word_1_595' title='bbox 3346 2802 3516 2856; x_wconf 87' lang='lat' dir='ltr'>fuerit</span> <span class='ocrx_word' id='word_1_596' title='bbox 3539 2802 3625 2856; x_wconf 88' lang='lat' dir='ltr'>vel</span> <span class='ocrx_word' id='word_1_597' title='bbox 3654 2802 3852 2857; x_wconf 84' lang='lat' dir='ltr'>Nesto-</span> 
     </span>
    </p>
   </div>
   <div class='ocr_carea' id='block_1_85' title="bbox 2208 2893 3848 2965">
    <p class='ocr_par' dir='ltr' id='par_1_85' title="bbox 2208 2893 3848 2965">
     <span class='ocr_line' id='line_1_85' title="bbox 2208 2893 3848 2965; baseline 0.001 -17"><span class='ocrx_word' id='word_1_598' title='bbox 2208 2894 2354 2949; x_wconf 91' lang='lat' dir='ltr'>riani</span> <span class='ocrx_word' id='word_1_599' title='bbox 2406 2893 2708 2965; x_wconf 88' lang='lat' dir='ltr'>perﬁdiam</span> <span class='ocrx_word' id='word_1_600' title='bbox 2754 2895 2920 2964; x_wconf 90' lang='lat' dir='ltr'>tueri,</span> <span class='ocrx_word' id='word_1_601' title='bbox 2974 2895 3061 2949; x_wconf 90' lang='lat' dir='ltr'>vel</span> <span class='ocrx_word' id='word_1_602' title='bbox 3116 2895 3422 2951; x_wconf 90' lang='lat' dir='ltr'>Eutichetis</span> <span class='ocrx_word' id='word_1_603' title='bbox 3476 2912 3541 2950; x_wconf 90' lang='lat' dir='ltr'>ac</span> <span class='ocrx_word' id='word_1_604' title='bbox 3593 2896 3848 2951; x_wconf 89' lang='lat' dir='ltr'>Dioscori</span> 
     </span>
    </p>
   </div>
   <div class='ocr_carea' id='block_1_86' title="bbox 2210 2988 3848 3060">
    <p class='ocr_par' dir='ltr' id='par_1_86' title="bbox 2210 2988 3848 3060">
     <span class='ocr_line' id='line_1_86' title="bbox 2210 2988 3848 3060; baseline 0.002 -18"><span class='ocrx_word' id='word_1_605' title='bbox 2210 2989 2451 3059; x_wconf 91' lang='lat' dir='ltr'>impium</span> <span class='ocrx_word' id='word_1_606' title='bbox 2483 2988 2696 3060; x_wconf 88' lang='lat' dir='ltr'>dogma</span> <span class='ocrx_word' id='word_1_607' title='bbox 2721 2989 3046 3060; x_wconf 89' lang='lat' dir='ltr'>defendere,</span> <span class='ocrx_word' id='word_1_608' title='bbox 3081 2995 3139 3045; x_wconf 90' lang='lat' dir='ltr'>et</span> <span class='ocrx_word' id='word_1_609' title='bbox 3176 3007 3210 3044; x_wconf 90' lang='lat' dir='ltr'>a</span> <span class='ocrx_word' id='word_1_610' title='bbox 3247 2989 3653 3045; x_wconf 89' lang='lat' dir='ltr'>catholicorum</span> <span class='ocrx_word' id='word_1_611' title='bbox 3685 3006 3848 3045; x_wconf 91' lang='lat' dir='ltr'>com-</span> 
     </span>
    </p>
   </div>
   <div class='ocr_carea' id='block_1_87' title="bbox 2210 3081 3846 3155">
    <p class='ocr_par' dir='ltr' id='par_1_87' title="bbox 2210 3081 3846 3155">
     <span class='ocr_line' id='line_1_87' title="bbox 2210 3081 3846 3155; baseline 0.001 -19"><span class='ocrx_word' id='word_1_612' title='bbox 2210 3081 2484 3137; x_wconf 89' lang='lat' dir='ltr'>munione</span> <span class='ocrx_word' id='word_1_613' title='bbox 2510 3085 2817 3153; x_wconf 89' lang='lat' dir='ltr'>resecetur,</span> <span class='ocrx_word' id='word_1_614' title='bbox 2849 3099 2953 3138; x_wconf 91' lang='lat' dir='ltr'>nec</span> <span class='ocrx_word' id='word_1_615' title='bbox 2980 3083 3188 3139; x_wconf 88' lang='lat' dir='ltr'>habeat</span> <span class='ocrx_word' id='word_1_616' title='bbox 3220 3083 3343 3154; x_wconf 92' lang='lat' dir='ltr'>ejus</span> <span class='ocrx_word' id='word_1_617' title='bbox 3384 3084 3635 3155; x_wconf 91' lang='lat' dir='ltr'>corporis</span> <span class='ocrx_word' id='word_1_618' title='bbox 3664 3083 3846 3155; x_wconf 87' lang='lat' dir='ltr'>parti-</span> 
     </span>
    </p>
   </div>
   <div class='ocr_carea' id='block_1_88' title="bbox 2210 3174 3853 3248">
    <p class='ocr_par' dir='ltr' id='par_1_88' title="bbox 2210 3174 3853 3248">
     <span class='ocr_line' id='line_1_88' title="bbox 2210 3174 3853 3248; baseline 0.003 -19"><span class='ocrx_word' id='word_1_619' title='bbox 2210 3174 2578 3246; x_wconf 90' lang='lat' dir='ltr'>cipationem,</span> <span class='ocrx_word' id='word_1_620' title='bbox 2611 3175 2770 3247; x_wconf 88' lang='lat' dir='ltr'>cujus</span> <span class='ocrx_word' id='word_1_621' title='bbox 2800 3176 3050 3248; x_wconf 85' lang='lat' dir='ltr'>abnegat</span> <span class='ocrx_word' id='word_1_622' title='bbox 3074 3177 3392 3233; x_wconf 87' lang='lat' dir='ltr'>veritatem.</span> <span class='ocrx_word' id='word_1_623' title='bbox 3421 3178 3501 3231; x_wconf 92' lang='lat' dir='ltr'>De</span> <span class='ocrx_word' id='word_1_624' title='bbox 3528 3177 3853 3234; x_wconf 88' lang='lat' dir='ltr'>custodien-</span> 
     </span>
    </p>
   </div>
   <div class='ocr_carea' id='block_1_89' title="bbox 2211 3269 3852 3343">
    <p class='ocr_par' dir='ltr' id='par_1_89' title="bbox 2211 3269 3852 3343">
     <span class='ocr_line' id='line_1_89' title="bbox 2211 3269 3852 3343; baseline -0.001 -19"><span class='ocrx_word' id='word_1_625' title='bbox 2211 3269 2296 3324; x_wconf 89' lang='lat' dir='ltr'>dis</span> <span class='ocrx_word' id='word_1_626' title='bbox 2332 3286 2561 3341; x_wconf 88' lang='lat' dir='ltr'>quoque</span> <span class='ocrx_word' id='word_1_627' title='bbox 2603 3276 2934 3325; x_wconf 89' lang='lat' dir='ltr'>sanctorum</span> <span class='ocrx_word' id='word_1_628' title='bbox 2971 3272 3205 3325; x_wconf 88' lang='lat' dir='ltr'>Patrum</span> <span class='ocrx_word' id='word_1_629' title='bbox 3247 3271 3489 3340; x_wconf 89' lang='lat' dir='ltr'>statutis,</span> <span class='ocrx_word' id='word_1_630' title='bbox 3516 3288 3645 3343; x_wconf 87' lang='lat' dir='ltr'>qua</span> <span class='ocrx_word' id='word_1_631' title='bbox 3672 3271 3733 3326; x_wconf 92' lang='lat' dir='ltr'>in</span> <span class='ocrx_word' id='word_1_632' title='bbox 3762 3289 3852 3343; x_wconf 72' lang='lat' dir='ltr'>sy-</span> 
     </span>
    </p>
   </div>
   <div class='ocr_carea' id='block_1_90' title="bbox 2211 3362 3847 3421">
    <p class='ocr_par' dir='ltr' id='par_1_90' title="bbox 2211 3362 3847 3421">
     <span class='ocr_line' id='line_1_90' title="bbox 2211 3362 3847 3421; baseline 0.002 -3"><span class='ocrx_word' id='word_1_633' title='bbox 2211 3363 2358 3418; x_wconf 91' lang='lat' dir='ltr'>nodo</span> <span class='ocrx_word' id='word_1_634' title='bbox 2383 3363 2609 3418; x_wconf 86' lang='lat' dir='ltr'>Nicana</span> <span class='ocrx_word' id='word_1_635' title='bbox 2640 3362 3057 3419; x_wconf 89' lang='lat' dir='ltr'>inviolabilibus</span> <span class='ocrx_word' id='word_1_636' title='bbox 3087 3370 3219 3419; x_wconf 90' lang='lat' dir='ltr'>sunt</span> <span class='ocrx_word' id='word_1_637' title='bbox 3242 3364 3349 3419; x_wconf 83' lang='lat' dir='ltr'>ﬁxa</span> <span class='ocrx_word' id='word_1_638' title='bbox 3375 3364 3615 3421; x_wconf 89' lang='lat' dir='ltr'>decretis</span> <span class='ocrx_word' id='word_1_639' title='bbox 3646 3364 3847 3421; x_wconf 89' lang='lat' dir='ltr'>obser-</span> 
     </span>
    </p>
   </div>
   <div class='ocr_carea' id='block_1_91' title="bbox 2212 3457 3846 3529">
    <p class='ocr_par' dir='ltr' id='par_1_91' title="bbox 2212 3457 3846 3529">
     <span class='ocr_line' id='line_1_91' title="bbox 2212 3457 3846 3529; baseline 0.002 -18"><span class='ocrx_word' id='word_1_640' title='bbox 2212 3457 2464 3512; x_wconf 90' lang='lat' dir='ltr'>vantiam</span> <span class='ocrx_word' id='word_1_641' title='bbox 2503 3462 2704 3512; x_wconf 85' lang='lat' dir='ltr'>vestra</span> <span class='ocrx_word' id='word_1_642' title='bbox 2740 3458 3053 3512; x_wconf 88' lang='lat' dir='ltr'>sanctitatis</span> <span class='ocrx_word' id='word_1_643' title='bbox 3089 3459 3391 3526; x_wconf 90' lang='lat' dir='ltr'>admoneo,</span> <span class='ocrx_word' id='word_1_644' title='bbox 3417 3461 3483 3512; x_wconf 90' lang='lat' dir='ltr'>ut</span> <span class='ocrx_word' id='word_1_645' title='bbox 3505 3459 3638 3529; x_wconf 91' lang='lat' dir='ltr'>jura</span> <span class='ocrx_word' id='word_1_646' title='bbox 3663 3459 3846 3515; x_wconf 90' lang='lat' dir='ltr'>eccle-</span> 
     </span>
    </p>
   </div>
   <div class='ocr_carea' id='block_1_92' title="bbox 2211 3550 3851 3624">
    <p class='ocr_par' dir='ltr' id='par_1_92' title="bbox 2211 3550 3851 3624">
     <span class='ocr_line' id='line_1_92' title="bbox 2211 3550 3851 3624; baseline 0.004 -21"><span class='ocrx_word' id='word_1_647' title='bbox 2211 3550 2425 3606; x_wconf 86' lang='lat' dir='ltr'>siarum</span> <span class='ocrx_word' id='word_1_648' title='bbox 2456 3551 2599 3606; x_wconf 92' lang='lat' dir='ltr'>sicut</span> <span class='ocrx_word' id='word_1_649' title='bbox 2625 3551 2696 3605; x_wconf 90' lang='lat' dir='ltr'>ab</span> <span class='ocrx_word' id='word_1_650' title='bbox 2726 3551 2835 3606; x_wconf 91' lang='lat' dir='ltr'>illis</span> <span class='ocrx_word' id='word_1_651' title='bbox 2859 3555 2962 3607; x_wconf 86' lang='grc'>318</span> <span class='ocrx_word' id='word_1_652' title='bbox 2990 3551 3251 3607; x_wconf 90' lang='lat' dir='ltr'>Patribus</span> <span class='ocrx_word' id='word_1_653' title='bbox 3272 3552 3539 3607; x_wconf 89' lang='lat' dir='ltr'>divinitus</span> <span class='ocrx_word' id='word_1_654' title='bbox 3565 3554 3851 3624; x_wconf 89' lang='lat' dir='ltr'>inspirata</span> 
     </span>
    </p>
   </div>
   <div class='ocr_carea' id='block_1_93' title="bbox 2211 3646 3852 3719">
    <p class='ocr_par' dir='ltr' id='par_1_93' title="bbox 2211 3646 3852 3719">
     <span class='ocr_line' id='line_1_93' title="bbox 2211 3646 3852 3719; baseline 0.001 -20"><span class='ocrx_word' id='word_1_655' title='bbox 2211 3650 2345 3700; x_wconf 91' lang='lat' dir='ltr'>sunt</span> <span class='ocrx_word' id='word_1_656' title='bbox 2371 3646 2625 3701; x_wconf 87' lang='lat' dir='ltr'>ordinata</span> <span class='ocrx_word' id='word_1_657' title='bbox 2655 3649 3052 3718; x_wconf 87' lang='lat' dir='ltr'>permaneant.</span> <span class='ocrx_word' id='word_1_658' title='bbox 3082 3646 3231 3701; x_wconf 90' lang='lat' dir='ltr'>Nihil</span> <span class='ocrx_word' id='word_1_659' title='bbox 3258 3646 3512 3701; x_wconf 90' lang='lat' dir='ltr'>alienum</span> <span class='ocrx_word' id='word_1_660' title='bbox 3547 3647 3852 3719; x_wconf 83' lang='lat' dir='ltr'>improbus</span> 
     </span>
    </p>
   </div>
   <div class='ocr_carea' id='block_1_94' title="bbox 2212 3722 3846 3811">
    <p class='ocr_par' dir='ltr' id='par_1_94' title="bbox 2212 3739 3846 3811">
     <span class='ocr_line' id='line_1_94' title="bbox 2212 3739 3846 3811; baseline 0.002 -17"><span class='ocrx_word' id='word_1_661' title='bbox 2212 3739 2458 3794; x_wconf 90' lang='lat' dir='ltr'>ambitus</span> <span class='ocrx_word' id='word_1_662' title='bbox 2484 3739 2870 3811; x_wconf 84' lang='lat' dir='ltr'>concupiscat,</span> <span class='ocrx_word' id='word_1_663' title='bbox 2912 3757 3016 3795; x_wconf 91' lang='lat' dir='ltr'>nec</span> <span class='ocrx_word' id='word_1_664' title='bbox 3063 3757 3165 3811; x_wconf 90' lang='lat' dir='ltr'>per</span> <span class='ocrx_word' id='word_1_665' title='bbox 3209 3740 3441 3796; x_wconf 88' lang='lat' dir='ltr'>alterius</span> <span class='ocrx_word' id='word_1_666' title='bbox 3482 3742 3846 3798; x_wconf 89' lang='lat' dir='ltr'>immunitio-</span> 
     </span>
    </p>
   </div>
   <div class='ocr_carea' id='block_1_95' title="bbox 2211 3833 3854 3906">
    <p class='ocr_par' dir='ltr' id='par_1_95' title="bbox 2211 3833 3854 3906">
     <span class='ocr_line' id='line_1_95' title="bbox 2211 3833 3854 3906; baseline 0.002 -19"><span class='ocrx_word' id='word_1_667' title='bbox 2211 3849 2347 3888; x_wconf 90' lang='lat' dir='ltr'>nem</span> <span class='ocrx_word' id='word_1_668' title='bbox 2375 3850 2542 3888; x_wconf 89' lang='lat' dir='ltr'>suum</span> <span class='ocrx_word' id='word_1_669' title='bbox 2573 3833 2779 3906; x_wconf 88' lang='lat' dir='ltr'>aliquis</span> <span class='ocrx_word' id='word_1_670' title='bbox 2810 3838 3027 3906; x_wconf 69' lang='lat' dir='ltr'>quaerat</span> <span class='ocrx_word' id='word_1_671' title='bbox 3064 3838 3462 3905; x_wconf 88' lang='lat' dir='ltr'>augmentum.</span> <span class='ocrx_word' id='word_1_672' title='bbox 3492 3836 3854 3900; x_wconf 86' lang='lat' dir='ltr'>Quantumli-</span> 
     </span>
    </p>
   </div>
   <div class='ocr_carea' id='block_1_96' title="bbox 2210 3927 3849 3986">
    <p class='ocr_par' dir='ltr' id='par_1_96' title="bbox 2210 3927 3849 3986">
     <span class='ocr_line' id='line_1_96' title="bbox 2210 3927 3849 3986; baseline 0.003 -5"><span class='ocrx_word' id='word_1_673' title='bbox 2210 3928 2308 3982; x_wconf 91' lang='lat' dir='ltr'>bet</span> <span class='ocrx_word' id='word_1_674' title='bbox 2336 3928 2491 3982; x_wconf 88' lang='lat' dir='ltr'>enim</span> <span class='ocrx_word' id='word_1_675' title='bbox 2531 3927 2739 3982; x_wconf 89' lang='lat' dir='ltr'>exortis</span> <span class='ocrx_word' id='word_1_676' title='bbox 2767 3928 3183 3983; x_wconf 87' lang='lat' dir='ltr'>assensionibus</span> <span class='ocrx_word' id='word_1_677' title='bbox 3221 3946 3279 3984; x_wconf 84' lang='lat' dir='ltr'>se</span> <span class='ocrx_word' id='word_1_678' title='bbox 3318 3928 3557 3984; x_wconf 90' lang='lat' dir='ltr'>instruat</span> <span class='ocrx_word' id='word_1_679' title='bbox 3581 3929 3849 3986; x_wconf 86' lang='lat' dir='ltr'>vanitatis</span> 
     </span>
    </p>
   </div>
   <div class='ocr_carea' id='block_1_97' title="bbox 2212 4021 3848 4092">
    <p class='ocr_par' dir='ltr' id='par_1_97' title="bbox 2212 4021 3848 4092">
     <span class='ocr_line' id='line_1_97' title="bbox 2212 4021 3848 4092; baseline 0.002 -18"><span class='ocrx_word' id='word_1_680' title='bbox 2212 4021 2396 4086; x_wconf 83' lang='lat' dir='ltr'>elatio,</span> <span class='ocrx_word' id='word_1_681' title='bbox 2415 4024 2472 4075; x_wconf 91' lang='lat' dir='ltr'>et</span> <span class='ocrx_word' id='word_1_682' title='bbox 2486 4021 2772 4092; x_wconf 90' lang='lat' dir='ltr'>appetitus</span> <span class='ocrx_word' id='word_1_683' title='bbox 2793 4039 2924 4077; x_wconf 89' lang='lat' dir='ltr'>suos</span> <span class='ocrx_word' id='word_1_684' title='bbox 2946 4022 3317 4077; x_wconf 90' lang='lat' dir='ltr'>conciliorum</span> <span class='ocrx_word' id='word_1_685' title='bbox 3338 4023 3581 4078; x_wconf 71' lang='lat' dir='ltr'>aestimet</span> <span class='ocrx_word' id='word_1_686' title='bbox 3607 4024 3848 4078; x_wconf 89' lang='lat' dir='ltr'>nomine</span> 
     </span>
    </p>
   </div>
   <div class='ocr_carea' id='block_1_98' title="bbox 2213 4114 3846 4190">
    <p class='ocr_par' dir='ltr' id='par_1_98' title="bbox 2213 4114 3846 4190">
     <span class='ocr_line' id='line_1_98' title="bbox 2213 4114 3846 4190; baseline 0.003 -22"><span class='ocrx_word' id='word_1_687' title='bbox 2213 4115 2584 4183; x_wconf 86' lang='lat' dir='ltr'>roborandos,</span> <span class='ocrx_word' id='word_1_688' title='bbox 2613 4114 2906 4171; x_wconf 88' lang='lat' dir='ltr'>inﬁrmum</span> <span class='ocrx_word' id='word_1_689' title='bbox 2935 4121 3107 4188; x_wconf 87' lang='lat' dir='ltr'>atque</span> <span class='ocrx_word' id='word_1_690' title='bbox 3152 4117 3375 4172; x_wconf 89' lang='lat' dir='ltr'>irritum</span> <span class='ocrx_word' id='word_1_691' title='bbox 3419 4117 3527 4172; x_wconf 91' lang='lat' dir='ltr'>erit</span> <span class='ocrx_word' id='word_1_692' title='bbox 3566 4118 3846 4190; x_wconf 90' lang='lat' dir='ltr'>quidquid</span> 
     </span>
    </p>
   </div>
   <div class='ocr_carea' id='block_1_99' title="bbox 2213 4208 3846 4284">
    <p class='ocr_par' dir='ltr' id='par_1_99' title="bbox 2213 4208 3846 4284">
     <span class='ocr_line' id='line_1_99' title="bbox 2213 4208 3846 4284; baseline 0.002 -21"><span class='ocrx_word' id='word_1_693' title='bbox 2213 4208 2673 4280; x_wconf 85' lang='lat' dir='ltr'>apradictorum</span> <span class='ocrx_word' id='word_1_694' title='bbox 2716 4210 3028 4265; x_wconf 89' lang='lat' dir='ltr'>canonibus</span> <span class='ocrx_word' id='word_1_695' title='bbox 3068 4210 3418 4282; x_wconf 90' lang='lat' dir='ltr'>discreparit,</span> <span class='ocrx_word' id='word_1_696' title='bbox 3459 4228 3705 4284; x_wconf 88' lang='lat' dir='ltr'>quorum</span> <span class='ocrx_word' id='word_1_697' title='bbox 3753 4230 3846 4267; x_wconf 87' lang='lat' dir='ltr'>re-</span> 
     </span>
    </p>
   </div>
   <div class='ocr_carea' id='block_1_100' title="bbox 2212 4303 3850 4377">
    <p class='ocr_par' dir='ltr' id='par_1_100' title="bbox 2212 4303 3850 4377">
     <span class='ocr_line' id='line_1_100' title="bbox 2212 4303 3850 4377; baseline 0.003 -21"><span class='ocrx_word' id='word_1_698' title='bbox 2212 4303 2360 4374; x_wconf 91' lang='lat' dir='ltr'>gulis</span> <span class='ocrx_word' id='word_1_699' title='bbox 2384 4303 2698 4374; x_wconf 89' lang='lat' dir='ltr'>apostolica</span> <span class='ocrx_word' id='word_1_700' title='bbox 2722 4304 2890 4360; x_wconf 90' lang='lat' dir='ltr'>Sedes</span> <span class='ocrx_word' id='word_1_701' title='bbox 2922 4321 3098 4377; x_wconf 88' lang='lat' dir='ltr'>quam</span> <span class='ocrx_word' id='word_1_702' title='bbox 3136 4309 3465 4360; x_wconf 84' lang='lat' dir='ltr'>reverenter</span> <span class='ocrx_word' id='word_1_703' title='bbox 3487 4311 3685 4361; x_wconf 91' lang='lat' dir='ltr'>utatur</span> <span class='ocrx_word' id='word_1_704' title='bbox 3712 4307 3850 4362; x_wconf 84' lang='lat' dir='ltr'>scri-</span> 
     </span>
    </p>
   </div>
   <div class='ocr_carea' id='block_1_101' title="bbox 2211 4398 3844 4471">
    <p class='ocr_par' dir='ltr' id='par_1_101' title="bbox 2211 4398 3844 4471">
     <span class='ocr_line' id='line_1_101' title="bbox 2211 4398 3844 4471; baseline 0.002 -20"><span class='ocrx_word' id='word_1_705' title='bbox 2211 4400 2439 4468; x_wconf 90' lang='lat' dir='ltr'>ptorum</span> <span class='ocrx_word' id='word_1_706' title='bbox 2466 4414 2745 4466; x_wconf 90' lang='lat' dir='ltr'>meorum,</span> <span class='ocrx_word' id='word_1_707' title='bbox 2786 4398 2989 4471; x_wconf 90' lang='lat' dir='ltr'>quibus</span> <span class='ocrx_word' id='word_1_708' title='bbox 3030 4399 3640 4471; x_wconf 85' lang='lat' dir='ltr'>ConstantinOpolitani</span> <span class='ocrx_word' id='word_1_709' title='bbox 3691 4401 3844 4456; x_wconf 90' lang='lat' dir='ltr'>anti-</span> 
     </span>
    </p>
   </div>
   <div class='ocr_carea' id='block_1_102' title="bbox 2213 4491 3849 4565">
    <p class='ocr_par' dir='ltr' id='par_1_102' title="bbox 2213 4491 3849 4565">
     <span class='ocr_line' id='line_1_102' title="bbox 2213 4491 3849 4565; baseline 0.003 -20"><span class='ocrx_word' id='word_1_710' title='bbox 2213 4491 2356 4546; x_wconf 89' lang='lat' dir='ltr'>stitis</span> <span class='ocrx_word' id='word_1_711' title='bbox 2387 4497 2621 4547; x_wconf 88' lang='lat' dir='ltr'>conatus</span> <span class='ocrx_word' id='word_1_712' title='bbox 2649 4493 2831 4565; x_wconf 90' lang='lat' dir='ltr'>repuli</span> <span class='ocrx_word' id='word_1_713' title='bbox 2862 4493 3073 4564; x_wconf 89' lang='lat' dir='ltr'>poterit</span> <span class='ocrx_word' id='word_1_714' title='bbox 3101 4493 3362 4548; x_wconf 82' lang='lat' dir='ltr'>sanctitas</span> <span class='ocrx_word' id='word_1_715' title='bbox 3387 4497 3571 4549; x_wconf 88' lang='lat' dir='ltr'>vestra</span> <span class='ocrx_word' id='word_1_716' title='bbox 3596 4494 3849 4550; x_wconf 88' lang='lat' dir='ltr'>lectione</span> 
     </span>
    </p>
   </div>
   <div class='ocr_carea' id='block_1_103' title="bbox 2212 4587 3854 4659">
    <p class='ocr_par' dir='ltr' id='par_1_103' title="bbox 2212 4587 3854 4659">
     <span class='ocr_line' id='line_1_103' title="bbox 2212 4587 3854 4659; baseline 0.003 -19"><span class='ocrx_word' id='word_1_717' title='bbox 2212 4602 2573 4656; x_wconf 87' lang='lat' dir='ltr'>cognoscere,</span> <span class='ocrx_word' id='word_1_718' title='bbox 2605 4603 2700 4642; x_wconf 90' lang='lat' dir='ltr'>me</span> <span class='ocrx_word' id='word_1_719' title='bbox 2729 4587 3034 4642; x_wconf 81' lang='lat' dir='ltr'>auxiliante</span> <span class='ocrx_word' id='word_1_720' title='bbox 3060 4587 3304 4643; x_wconf 88' lang='lat' dir='ltr'>Domino</span> <span class='ocrx_word' id='word_1_721' title='bbox 3329 4594 3546 4659; x_wconf 88' lang='lat' dir='ltr'>nostro,</span> <span class='ocrx_word' id='word_1_722' title='bbox 3573 4594 3631 4646; x_wconf 89' lang='lat' dir='ltr'>et</span> <span class='ocrx_word' id='word_1_723' title='bbox 3654 4590 3854 4645; x_wconf 90' lang='lat' dir='ltr'>catho-</span> 
     </span>
    </p>
   </div>
   <div class='ocr_carea' id='block_1_104' title="bbox 2212 4678 3855 4753">
    <p class='ocr_par' dir='ltr' id='par_1_104' title="bbox 2212 4678 3855 4753">
     <span class='ocr_line' id='line_1_104' title="bbox 2212 4678 3855 4753; baseline 0.004 -20"><span class='ocrx_word' id='word_1_724' title='bbox 2212 4678 2333 4734; x_wconf 85' lang='lat' dir='ltr'>lica</span> <span class='ocrx_word' id='word_1_725' title='bbox 2376 4678 2509 4734; x_wconf 91' lang='lat' dir='ltr'>ﬁdei</span> <span class='ocrx_word' id='word_1_726' title='bbox 2557 4684 2615 4734; x_wconf 92' lang='lat' dir='ltr'>et</span> <span class='ocrx_word' id='word_1_727' title='bbox 2661 4685 3028 4753; x_wconf 91' lang='lat' dir='ltr'>paternarum</span> <span class='ocrx_word' id='word_1_728' title='bbox 3077 4682 3450 4738; x_wconf 89' lang='lat' dir='ltr'>traditionum</span> <span class='ocrx_word' id='word_1_729' title='bbox 3496 4699 3614 4738; x_wconf 89' lang='lat' dir='ltr'>esse</span> <span class='ocrx_word' id='word_1_730' title='bbox 3661 4690 3855 4739; x_wconf 91' lang='lat' dir='ltr'>custo-</span> 
     </span>
    </p>
   </div>
   <div class='ocr_carea' id='block_1_105' title="bbox 2212 4773 3852 4848">
    <p class='ocr_par' dir='ltr' id='par_1_105' title="bbox 2212 4773 3852 4848">
     <span class='ocr_line' id='line_1_105' title="bbox 2212 4773 3852 4848; baseline 0.004 -21"><span class='ocrx_word' id='word_1_731' title='bbox 2212 4773 2363 4829; x_wconf 89' lang='lat' dir='ltr'>dem.</span> <span class='ocrx_word' id='word_1_732' title='bbox 2417 4775 2558 4829; x_wconf 86' lang='lat' dir='ltr'>Data</span> <span class='ocrx_word' id='word_1_733' title='bbox 2607 4775 2948 4831; x_wconf 90' lang='lat' dir='ltr'>duodecimo</span> <span class='ocrx_word' id='word_1_734' title='bbox 3006 4776 3287 4832; x_wconf 88' lang='lat' dir='ltr'>Kalendas</span> <span class='ocrx_word' id='word_1_735' title='bbox 3335 4776 3559 4848; x_wconf 87' lang='lat' dir='ltr'>Aprilis,</span> <span class='ocrx_word' id='word_1_736' title='bbox 3602 4776 3852 4848; x_wconf 87' lang='lat' dir='ltr'>Opilone</span> 
     </span>
    </p>
   </div>
   <div class='ocr_carea' id='block_1_106' title="bbox 2213 4866 2952 4925">
    <p class='ocr_par' dir='ltr' id='par_1_106' title="bbox 2213 4866 2952 4925">
     <span class='ocr_line' id='line_1_106' title="bbox 2213 4866 2952 4925; baseline 0.007 -5"><span class='ocrx_word' id='word_1_737' title='bbox 2213 4866 2331 4922; x_wconf 88' lang='lat' dir='ltr'>viro</span> <span class='ocrx_word' id='word_1_738' title='bbox 2358 4868 2668 4924; x_wconf 88' lang='lat' dir='ltr'>clarissimo</span> <span class='ocrx_word' id='word_1_739' title='bbox 2701 4871 2952 4925; x_wconf 89' lang='lat' dir='ltr'>consule.</span> 
     </span>
    </p>
   </div>
   <div class='ocr_carea' id='block_1_107' title="bbox 2292 4984 3767 5072">
    <p class='ocr_par' dir='ltr' id='par_1_107' title="bbox 2292 4984 3767 5072">
     <span class='ocr_line' id='line_1_107' title="bbox 2292 4984 3767 5072; baseline 0.003 -34"><span class='ocrx_word' id='word_1_740' title='bbox 2292 4984 2486 5040; x_wconf 84' lang='lat' dir='ltr'>XLVII.</span> <span class='ocrx_word' id='word_1_741' title='bbox 2554 5017 2621 5027; x_wconf 88' lang='lat'>-—</span> <span class='ocrx_word' id='word_1_742' title='bbox 2688 4988 2781 5042; x_wconf 87' lang='lat' dir='ltr'>Ad</span> <span class='ocrx_word' id='word_1_743' title='bbox 2838 4989 3151 5072; x_wconf 66' lang='lat' dir='ltr'>Iuvenalem</span> <span class='ocrx_word' id='word_1_744' title='bbox 3213 4990 3767 5058; x_wconf 73' lang='lat' dir='ltr'>Hierosolymitanum</span> 
     </span>
    </p>
   </div>
   <div class='ocr_carea' id='block_1_108' title="bbox 2867 5076 3189 5132">
    <p class='ocr_par' dir='ltr' id='par_1_108' title="bbox 2867 5076 3189 5132">
     <span class='ocr_line' id='line_1_108' title="bbox 2867 5076 3189 5132; baseline 0.003 -17"><span class='ocrx_word' id='word_1_745' title='bbox 2867 5076 3189 5132; x_wconf 64' lang='lat' dir='ltr'>episcopum.</span> 
     </span>
    </p>
   </div>
   <div class='ocr_carea' id='block_1_109' title="bbox 2283 5151 3854 5227">
    <p class='ocr_par' dir='ltr' id='par_1_109' title="bbox 2283 5151 3854 5227">
     <span class='ocr_line' id='line_1_109' title="bbox 2283 5151 3854 5227; baseline 0.005 -24"><span class='ocrx_word' id='word_1_746' title='bbox 2283 5151 2537 5222; x_wconf 83' lang='lat' dir='ltr'>Acceptis</span> <span class='ocrx_word' id='word_1_747' title='bbox 2577 5151 2897 5208; x_wconf 87' lang='lat' dir='ltr'>dilectionis</span> <span class='ocrx_word' id='word_1_748' title='bbox 2929 5158 3042 5209; x_wconf 86' lang='lat' dir='ltr'>tua</span> <span class='ocrx_word' id='word_1_749' title='bbox 3071 5153 3277 5210; x_wconf 82' lang='lat' dir='ltr'>litteris</span> <span class='ocrx_word' id='word_1_750' title='bbox 3313 5171 3454 5227; x_wconf 90' lang='lat' dir='ltr'>quas</span> <span class='ocrx_word' id='word_1_751' title='bbox 3492 5155 3564 5210; x_wconf 92' lang='lat' dir='ltr'>ad</span> <span class='ocrx_word' id='word_1_752' title='bbox 3603 5170 3697 5209; x_wconf 89' lang='lat' dir='ltr'>me</span> <span class='ocrx_word' id='word_1_753' title='bbox 3744 5155 3854 5211; x_wconf 86' lang='lat' dir='ltr'>ﬁlii</span> 
     </span>
    </p>
   </div>
   <div class='ocr_carea' id='block_1_110' title="bbox 2212 5243 3852 5319">
    <p class='ocr_par' dir='ltr' id='par_1_110' title="bbox 2212 5243 3852 5319">
     <span class='ocr_line' id='line_1_110' title="bbox 2212 5243 3852 5319; baseline 0.005 -22"><span class='ocrx_word' id='word_1_754' title='bbox 2212 5243 2393 5298; x_wconf 91' lang='lat' dir='ltr'>nostri</span> <span class='ocrx_word' id='word_1_755' title='bbox 2416 5245 2670 5300; x_wconf 86' lang='lat' dir='ltr'>Andreas</span> <span class='ocrx_word' id='word_1_756' title='bbox 2695 5247 3009 5319; x_wconf 84' lang='lat' dir='ltr'>presbyter,</span> <span class='ocrx_word' id='word_1_757' title='bbox 3043 5254 3097 5303; x_wconf 85' lang='lat' dir='ltr'>et</span> <span class='ocrx_word' id='word_1_758' title='bbox 3140 5250 3336 5303; x_wconf 90' lang='lat' dir='ltr'>Petrus</span> <span class='ocrx_word' id='word_1_759' title='bbox 3378 5249 3651 5305; x_wconf 90' lang='lat' dir='ltr'>diaconus</span> <span class='ocrx_word' id='word_1_760' title='bbox 3679 5248 3852 5305; x_wconf 89' lang='lat' dir='ltr'>detu-</span> 
     </span>
    </p>
   </div>
   <div class='ocr_carea' id='block_1_111' title="bbox 2213 5337 3855 5415">
    <p class='ocr_par' dir='ltr' id='par_1_111' title="bbox 2213 5337 3855 5415">
     <span class='ocr_line' id='line_1_111' title="bbox 2213 5337 3855 5415; baseline 0.004 -24"><span class='ocrx_word' id='word_1_761' title='bbox 2213 5337 2421 5407; x_wconf 89' lang='lat' dir='ltr'>lerunt,</span> <span class='ocrx_word' id='word_1_762' title='bbox 2467 5339 2697 5410; x_wconf 90' lang='lat' dir='ltr'>gavisus</span> <span class='ocrx_word' id='word_1_763' title='bbox 2723 5341 2958 5413; x_wconf 90' lang='lat' dir='ltr'>quidem</span> <span class='ocrx_word' id='word_1_764' title='bbox 3007 5358 3154 5412; x_wconf 88' lang='lat' dir='ltr'>sum,</span> <span class='ocrx_word' id='word_1_765' title='bbox 3186 5344 3340 5414; x_wconf 90' lang='lat' dir='ltr'>quod</span> <span class='ocrx_word' id='word_1_766' title='bbox 3382 5343 3455 5398; x_wconf 92' lang='lat' dir='ltr'>ad</span> <span class='ocrx_word' id='word_1_767' title='bbox 3490 5342 3855 5415; x_wconf 86' lang='lat' dir='ltr'>episcopatus</span> 
     </span>
    </p>
   </div>
   <div class='ocr_carea' id='block_1_112' title="bbox 2213 5431 3850 5506">
    <p class='ocr_par' dir='ltr' id='par_1_112' title="bbox 2213 5431 3850 5506">
     <span class='ocr_line' id='line_1_112' title="bbox 2213 5431 3850 5506; baseline 0.005 -21"><span class='ocrx_word' id='word_1_768' title='bbox 2213 5431 2295 5486; x_wconf 91' lang='lat' dir='ltr'>tui</span> <span class='ocrx_word' id='word_1_769' title='bbox 2324 5432 2517 5488; x_wconf 90' lang='lat' dir='ltr'>sedem</span> <span class='ocrx_word' id='word_1_770' title='bbox 2545 5434 2729 5489; x_wconf 91' lang='lat' dir='ltr'>redire</span> <span class='ocrx_word' id='word_1_771' title='bbox 2765 5434 3050 5506; x_wconf 82' lang='lat' dir='ltr'>licuisset;</span> <span class='ocrx_word' id='word_1_772' title='bbox 3082 5436 3183 5491; x_wconf 92' lang='lat' dir='ltr'>sed</span> <span class='ocrx_word' id='word_1_773' title='bbox 3211 5437 3632 5493; x_wconf 88' lang='lat' dir='ltr'>conﬂuentibus</span> <span class='ocrx_word' id='word_1_774' title='bbox 3658 5437 3721 5493; x_wconf 92' lang='lat' dir='ltr'>in</span> <span class='ocrx_word' id='word_1_775' title='bbox 3750 5455 3850 5493; x_wconf 86' lang='lat' dir='ltr'>re-</span> 
     </span>
    </p>
   </div>
   <div class='ocr_carea' id='block_1_113' title="bbox 2212 5525 3855 5602">
    <p class='ocr_par' dir='ltr' id='par_1_113' title="bbox 2212 5525 3855 5602">
     <span class='ocr_line' id='line_1_113' title="bbox 2212 5525 3855 5602; baseline 0.005 -23"><span class='ocrx_word' id='word_1_776' title='bbox 2212 5525 2600 5582; x_wconf 89' lang='lat' dir='ltr'>cordationem</span> <span class='ocrx_word' id='word_1_777' title='bbox 2628 5528 2894 5584; x_wconf 89' lang='lat' dir='ltr'>omnibus</span> <span class='ocrx_word' id='word_1_778' title='bbox 2915 5546 3044 5600; x_wconf 87' lang='lat' dir='ltr'>qua</span> <span class='ocrx_word' id='word_1_779' title='bbox 3080 5534 3135 5585; x_wconf 91' lang='lat' dir='ltr'>te</span> <span class='ocrx_word' id='word_1_780' title='bbox 3166 5547 3270 5602; x_wconf 91' lang='lat' dir='ltr'>per</span> <span class='ocrx_word' id='word_1_781' title='bbox 3289 5530 3571 5602; x_wconf 87' lang='lat' dir='ltr'>quosdam</span> <span class='ocrx_word' id='word_1_782' title='bbox 3591 5547 3855 5588; x_wconf 89' lang='lat' dir='ltr'>excessus</span> 
     </span>
    </p>
   </div>
   <div class='ocr_carea' id='block_1_114' title="bbox 2213 5618 3852 5692">
    <p class='ocr_par' dir='ltr' id='par_1_114' title="bbox 2213 5618 3852 5692">
     <span class='ocr_line' id='line_1_114' title="bbox 2213 5618 3852 5692; baseline 0.005 -20"><span class='ocrx_word' id='word_1_783' title='bbox 2213 5618 2471 5674; x_wconf 87' lang='lat' dir='ltr'>laborare</span> <span class='ocrx_word' id='word_1_784' title='bbox 2525 5621 2800 5692; x_wconf 90' lang='lat' dir='ltr'>fecerunt,</span> <span class='ocrx_word' id='word_1_785' title='bbox 2843 5622 2995 5677; x_wconf 91' lang='lat' dir='ltr'>dolui</span> <span class='ocrx_word' id='word_1_786' title='bbox 3043 5624 3446 5680; x_wconf 87' lang='lat' dir='ltr'>adversitatum</span> <span class='ocrx_word' id='word_1_787' title='bbox 3489 5628 3718 5680; x_wconf 87' lang='lat' dir='ltr'>tuarum</span> <span class='ocrx_word' id='word_1_788' title='bbox 3761 5631 3852 5680; x_wconf 85' lang='lat' dir='ltr'>te-</span> 
     </span>
    </p>
   </div>
   <div class='ocr_carea' id='block_1_115' title="bbox 2212 5713 3857 5788">
    <p class='ocr_par' dir='ltr' id='par_1_115' title="bbox 2212 5713 3857 5788">
     <span class='ocr_line' id='line_1_115' title="bbox 2212 5713 3857 5788; baseline 0.005 -21"><span class='ocrx_word' id='word_1_789' title='bbox 2212 5713 2519 5784; x_wconf 90' lang='lat' dir='ltr'>metipsum</span> <span class='ocrx_word' id='word_1_790' title='bbox 2557 5713 2661 5769; x_wconf 88' lang='lat' dir='ltr'>tibi</span> <span class='ocrx_word' id='word_1_791' title='bbox 2695 5715 2868 5771; x_wconf 91' lang='lat' dir='ltr'>fuisse</span> <span class='ocrx_word' id='word_1_792' title='bbox 2899 5717 3220 5788; x_wconf 85' lang='lat' dir='ltr'>materiam,</span> <span class='ocrx_word' id='word_1_793' title='bbox 3253 5724 3312 5775; x_wconf 89' lang='lat' dir='ltr'>et</span> <span class='ocrx_word' id='word_1_794' title='bbox 3334 5718 3636 5775; x_wconf 85' lang='lat' dir='ltr'>resistendi</span> <span class='ocrx_word' id='word_1_795' title='bbox 3664 5718 3857 5775; x_wconf 41' lang='lat' dir='ltr'>hare‘</span> 
     </span>
    </p>
   </div>
   <div class='ocr_carea' id='block_1_116' title="bbox 2211 5805 3851 5886">
    <p class='ocr_par' dir='ltr' id='par_1_116' title="bbox 2211 5805 3851 5886">
     <span class='ocr_line' id='line_1_116' title="bbox 2211 5805 3851 5886; baseline 0.005 -25"><span class='ocrx_word' id='word_1_796' title='bbox 2211 5805 2335 5861; x_wconf 91' lang='lat' dir='ltr'>ticis</span> <span class='ocrx_word' id='word_1_797' title='bbox 2369 5808 2748 5865; x_wconf 89' lang='lat' dir='ltr'>constantiam</span> <span class='ocrx_word' id='word_1_798' title='bbox 2776 5810 3112 5884; x_wconf 89' lang='lat' dir='ltr'>perdidisse,</span> <span class='ocrx_word' id='word_1_799' title='bbox 3134 5813 3233 5886; x_wconf 89' lang='lat' dir='ltr'>qui</span> <span class='ocrx_word' id='word_1_800' title='bbox 3259 5814 3549 5870; x_wconf 88' lang='lat' dir='ltr'>astimant</span> <span class='ocrx_word' id='word_1_801' title='bbox 3579 5829 3698 5869; x_wconf 89' lang='lat' dir='ltr'>non</span> <span class='ocrx_word' id='word_1_802' title='bbox 3724 5830 3851 5870; x_wconf 88' lang='lat' dir='ltr'>esse</span> 
     </span>
    </p>
   </div>
   <div class='ocr_carea' id='block_1_117' title="bbox 2213 5898 3852 5982">
    <p class='ocr_par' dir='ltr' id='par_1_117' title="bbox 2213 5898 3852 5982">
     <span class='ocr_line' id='line_1_117' title="bbox 2213 5898 3852 5982; baseline 0.008 -27"><span class='ocrx_word' id='word_1_803' title='bbox 2213 5898 2318 5955; x_wconf 88' lang='lat' dir='ltr'>tibi</span> <span class='ocrx_word' id='word_1_804' title='bbox 2368 5899 2617 5957; x_wconf 91' lang='lat' dir='ltr'>liberum</span> <span class='ocrx_word' id='word_1_805' title='bbox 2660 5908 2726 5958; x_wconf 90' lang='lat' dir='ltr'>ut</span> <span class='ocrx_word' id='word_1_806' title='bbox 2768 5920 2865 5959; x_wconf 90' lang='lat' dir='ltr'>eos</span> <span class='ocrx_word' id='word_1_807' title='bbox 2905 5905 3114 5962; x_wconf 89' lang='lat' dir='ltr'>audeas</span> <span class='ocrx_word' id='word_1_808' title='bbox 3156 5908 3525 5982; x_wconf 87' lang='lat' dir='ltr'>redarguere,</span> <span class='ocrx_word' id='word_1_809' title='bbox 3553 5924 3696 5982; x_wconf 86' lang='lat' dir='ltr'>quos</span> <span class='ocrx_word' id='word_1_810' title='bbox 3742 5909 3852 5969; x_wconf 88' lang='lat' dir='ltr'>tibi</span> 
     </span>
    </p>
   </div>
  </div>
