4034 6328
157 340 256 396 833

1404 334 1879 396 DECRETALIUM
1915 334 2301 396 COLLECTIO.

3419 342 3522 401 834

154 450 404 505 liberum
428 452 496 503 nt
523 464 620 503 eos
645 448 856 504 audeas
880 449 1252 521 redarguere,
1281 465 1426 522 quos
1454 449 1556 503 tibi
1586 450 1795 520 profes-
1814 464 1873 536 Α
1893 450 2152 504 omnium
2191 449 2388 517 vitam,
2435 447 2651 521 recepit
2699 446 2956 505 omnium
3015 464 3266 519 causam,
3316 456 3372 506 et
3412 452 3527 509 vim

153 561 246 597 sus
266 542 344 597 sis
363 542 427 597 in
451 558 555 597 suo
574 558 769 597 errore
784 544 1077 614 placuisse.
1108 545 1293 599 Beatse
1318 544 1473 599 enim
1499 544 1792 598 memoriae

153 635 405 690 Flaviani
434 635 838 690 condemnatio
854 639 912 691 et
937 636 1264 708 impiissimi
1302 636 1626 708 Eutychetis
1645 653 1798 691 rece-

152 729 290 800 ptio,
317 729 479 800 quod
509 729 619 783 nisi
646 729 876 783 Domini
907 730 1088 785 nostri
1105 731 1235 785 Jesu
1254 729 1459 785 Christi
1484 729 1795 784 secundum

151 838 388 878 carnem
409 821 642 892 negatio
660 821 814 877 fuit?
839 838 1009 893 quam
1038 823 1159 895 ipse
1186 822 1387 894 grandi
1406 822 1797 877 misericordia

152 932 251 970 sua
278 915 419 970 fecit
462 915 665 970 resolvi
715 931 846 970 cum
886 916 1284 972 detestandum
1322 915 1464 971 illud
1493 915 1797 988 Ephesinae

152 1008 355 1081 synodi
387 1008 672 1079 judicium
719 1009 798 1065 ita
848 1014 1041 1066 sancta
1078 1009 1548 1065 Chalcedonensis
1595 1008 1797 1081 synodi

156 1102 502 1157 auctoritate
548 1102 846 1172 destruxit,
902 1107 965 1158 ut
1004 1104 1224 1159 nullum
1275 1103 1707 1175 depravatorum
1764 1120 1796 1156 a

157 1195 419 1250 remedio
442 1188 812 1251 correctionis
839 1202 1076 1252 arceret.
1111 1197 1268 1252 Unde
1292 1197 1427 1270 quia
1458 1196 1517 1251 in
1536 1201 1795 1267 tempore

156 1288 535 1360 indulgentias
560 1289 1003 1361 resipiscentiam
1024 1291 1208 1362 magis
1229 1306 1400 1362 quam
1417 1290 1795 1362 pertinaciam

157 1381 443 1453 delegisti,
478 1383 554 1438 ita
599 1383 821 1454 gaudeo
859 1388 913 1439 te
951 1384 1238 1439 caelestem
1286 1384 1560 1455 expetisse
1609 1383 1793 1438 medi-

156 1475 364 1545 cinam,
392 1479 457 1530 ut
483 1474 618 1530 ﬁdei
639 1476 711 1530 ab
736 1476 1013 1532 haereticis
1038 1477 1387 1549 impugnatae
1406 1476 1643 1532 tandem
1666 1493 1793 1548 pos-

157 1568 231 1622 sis
260 1585 387 1624 esse
419 1568 708 1624 defensor.
762 1569 1031 1634 Quamvis
1060 1570 1214 1625 enim
1251 1570 1392 1625 nulli
1441 1570 1795 1625 sacerdotum

156 1663 330 1716 liceat
360 1662 577 1718 nescire
607 1663 765 1735 quod
792 1663 1086 1734 praedicat.
1125 1665 1403 1728 Quoniam
1442 1664 1539 1736 qui
1566 1664 1795 1735 ignorat

157 1756 537 1826 ignorabitur,
579 1756 1020 1812 inexcusabilior
1048 1762 1239 1812 tamen
1279 1760 1364 1812 est
1387 1757 1651 1812 omnibus
1682 1758 1789 1811 im-

1895 543 2100 598 veteris
2145 542 2535 614 chirographi,
2582 543 2737 614 quod
2781 543 2935 598 solus
2982 543 3138 598 inter
3170 561 3368 600 omnes
3415 562 3529 600 non

1895 636 2107 705 debuit,
2130 652 2233 707 pro
2270 636 2533 691 omnibus
2559 636 2827 690 solvendo
2856 637 3110 691 vacuavit
3135 655 3149 691 :
3178 641 3237 691 ut
3266 638 3409 693 sicut
3428 655 3532 710 per

1894 728 2066 783 unius
2105 733 2325 783 reatum
2373 745 2572 784 omnes
2619 730 2755 784 facti
2790 730 3019 784 fuerant
3061 737 3403 801 peccatores,
3450 733 3531 787 ita

1896 839 1998 893 per
2042 822 2212 877 unius
2254 822 2636 878 innocentiam
2682 840 2882 878 omnes
2924 824 3133 877 ﬁerent
3176 825 3525 880 innocentes.

1895 916 2027 970 lnde
2071 916 2132 970 in
2162 916 2423 970 homines
2469 919 2736 970 manante
2758 916 2981 987 justitia
3027 916 3119 971 ubi
3164 925 3248 972 est
3276 919 3529 973 humana

1896 1012 2154 1079 suscepta
2179 1013 2405 1064 natura.
2438 1010 2602 1064 Nulla
2631 1008 2786 1064 enim
2811 1011 3032 1065 ratione
3057 1015 3214 1066 extra
3238 1011 3419 1066 nostri
3445 1016 3529 1066 est

1897 1101 2151 1174 corporis
2164 1103 2481 1172 veritatem,
2499 1102 2568 1158 de
2581 1120 2692 1174 quo
2709 1104 3059 1173 evangelista
3070 1105 3530 1175 praedicationem

1896 1195 2171 1251 inchoans
2215 1196 2384 1251 dicit:
2440 1218 2466 1245 ‹‹
2512 1196 2677 1251 Liber
2720 1197 3103 1267 generationis
3151 1199 3282 1252 Jesu
3320 1198 3529 1253 Christi

1896 1288 1998 1341 lilii
2047 1288 2243 1356 David,
2286 1289 2385 1342 ﬁlii
2429 1289 2714 1345 Abraham
2763 1290 2974 1359 (Matth.
3022 1307 3056 1357 ι,
3113 1292 3179 1361 l).
3231 1312 3257 1338 ››
3315 1292 3383 1344 Et
3431 1293 3529 1362 qui

1897 1381 2263 1437 Samaritana:
2310 1383 2536 1437 mulieri
2576 1387 2943 1454 protestatur,
2995 1383 3266 1454 quoniam
3294 1384 3439 1438 salus
3463 1400 3529 1438 ex

1893 1474 2101 1529 Judaeis
2128 1479 2233 1545 est,
2263 1476 2414 1530 beati
2437 1476 2593 1530 Pauli
2628 1476 2869 1547 apostoli
2896 1482 3238 1532 consonante
3269 1476 3529 1533 doctrina

1895 1584 2024 1622 cum
2052 1569 2185 1623 dicit
2210 1585 2222 1622 :
2270 1592 2295 1617 ‹‹
2328 1568 2587 1633 Quorum
2618 1575 2806 1640 patres
2853 1576 2909 1625 et
2940 1586 3003 1623 ex
3044 1570 3248 1641 quibus
3276 1571 3529 1627 Christus

1894 1662 2209 1716 secundum
2238 1679 2491 1732 carnem,
2525 1662 2624 1734 qui
2645 1667 2730 1717 est
2755 1679 2928 1734 super
2948 1664 3138 1717 omnia
3171 1664 3318 1718 Deus
3349 1664 3527 1719 bene-

1896 1754 2080 1809 dictus
2125 1755 2184 1809 in
2216 1756 2422 1834 saecula
2449 1758 2615 1825 (Rom.
2645 1772 2717 1822 ix,
2767 1761 2839 1826 5).
2870 1776 2897 1808 »
2938 1758 3190 1827 Itemque
3234 1758 3304 1812 ad
3333 1756 3529 1811 Timo-
3634 1776 3641 1783 κ

158 1850 362 1920 peritis
409 1849 646 1922 quilibet
698 1850 1104 1923 Hierosolymis
1132 1851 1397 1906 habitans
1422 1851 1790 1919 Christianus,
1816 1836 1871 1909 Β
1894 1848 2089 1903 theum
2118 1865 2130 1902 :
2167 1868 2195 1901 ί(
2222 1849 2528 1916 Memento,
2559 1849 2762 1921 inquit,
2791 1851 2984 1904 Jesum
3014 1850 3302 1905 Christum
3338 1867 3528 1906 resur-

156 1944 254 2014 qni
281 1942 356 1997 ad
376 1944 832 2014 cognoscendam
858 1944 1123 1999 virtutem
1151 1945 1437 2017 Evangelii
1469 1962 1585 2000 non
1611 1946 1794 2000 solum

158 2037 504 2108 paginarum
541 2037 804 2110 eloquiis,
832 2039 927 2093 sed
955 2039 1211 2110 ipsorum
1250 2040 1507 2094 locorum
1541 2040 1790 2094 testimo-

157 2130 269 2185 niis
298 2129 589 2198 eruditur;
619 2134 677 2186 et
699 2132 853 2202 quod
881 2132 1013 2187 alibi
1049 2149 1167 2188 non
1195 2133 1326 2189 licet
1370 2150 1484 2187 non
1510 2134 1684 2202 credi,
1715 2133 1793 2187 ibi

157 2239 271 2278 non
303 2226 495 2295 potest
521 2240 640 2279 non
676 2223 873 2280 videri.
906 2225 1051 2289 Quid
1076 2226 1301 2280 laborat
1334 2225 1666 2294 intellectus,
1698 2227 1795 2281 ubi

159 2322 245 2372 est
270 2317 550 2389 magister
574 2322 835 2389 aspectus
857 2319 884 2373 ?
922 2319 992 2372 Et
1016 2335 1117 2373 cur
1146 2320 1292 2373 lecta
1323 2319 1405 2374 vel
1441 2321 1633 2375 audita
1663 2324 1795 2376 sunt

159 2410 351 2479 dubia,
408 2411 508 2465 ubi
573 2428 633 2465 se
682 2411 767 2466 vel
814 2411 958 2466 visui
1021 2416 1077 2466 et
1141 2414 1319 2468 tactui
1382 2418 1465 2469 tot
1525 2415 1795 2469 humanas

159 2505 354 2560 salutis
404 2505 679 2576 ingerunt
729 2508 1129 2561 sacramenta?
1193 2507 1363 2571 Quasi
1415 2508 1484 2563 ad
1539 2509 1795 2580 singulos

160 2614 419 2671 quosque
493 2604 819 2655 cunctantes
879 2600 1145 2655 Dominus
1208 2601 1395 2656 adhuc
1476 2618 1609 2658 voce
1668 2618 1784 2658 cor.

158 2708 338 2763 porea
386 2695 587 2748 utatur
635 2696 691 2747 et
739 2693 933 2748 dicat:
980 2717 1007 2744 ι(
1055 2694 1199 2758 Quid
1252 2696 1463 2750 turbati
1528 2696 1682 2764 estis,
1739 2703 1796 2752 et

162 2802 338 2857 quare
409 2786 778 2858 cogitationes
845 2787 1164 2843 ascendunt
1215 2787 1273 2843 in
1339 2790 1506 2845 corda
1559 2795 1742 2846 vestra
1767 2791 1795 2845 ?

160 2880 356 2934 Videte
410 2895 612 2935 manus
663 2896 839 2949 meas,
923 2886 981 2937 et
1035 2881 1208 2953 pedes
1261 2898 1438 2953 meos,
1489 2884 1624 2956 quia
1674 2885 1795 2956 ipse

160 2988 270 3043 ego
315 2989 467 3028 sum.
514 2974 744 3045 Palpate
794 2977 850 3029 et
885 2976 1090 3047 videte,
1141 2975 1275 3048 quia
1316 2977 1546 3048 spiritus
1585 2995 1712 3033 ossa
1743 2983 1799 3033 et

160 3083 391 3122 carnem
431 3082 549 3122 non
592 3068 764 3123 habet
804 3069 948 3124 sicut
992 3087 1084 3124 me
1138 3069 1338 3125 videtis
1392 3071 1603 3127 habere
1649 3074 1826 3145 (Luc,

157 3176 307 3226 ΗΠ,
362 3163 451 3231 38,
509 3161 618 3233 39).
677 3183 705 3211 »
772 3164 935 3218 Utere
1003 3180 1160 3234 ergo,
1213 3164 1391 3219 frater
1444 3154 1873 3280 charissime,’C

160 3254 541 3280 ;_..;-.:--;...:-
573 3255 855 3280 --n-..l:.._
900 3257 1028 3280 .23-:
1068 3258 1412 3280 J-____-_.:_
1470 3263 1519 3280 ,ι
1553 3276 1759 3280 -_-___-

159 3254 544 3309 invictissimis
569 3255 859 3311 catholicas
898 3257 1034 3313 ﬁdei
1063 3258 1433 3325 documentis,
1465 3263 1522 3314 et
1547 3254 1795 3332 evangel

154 3348 417 3403 listarum
434 3348 901 3419 praedicationem
928 3354 1255 3406 sanctorum
1280 3352 1560 3421 locorum,
1582 3353 1639 3407 in
1671 3355 1796 3425 qui-

158 3442 264 3496 bus
291 3442 473 3513 degis,
512 3441 907 3500 testiﬁcatione
938 3444 1207 3499 defende.
1239 3446 1399 3517 Apud
1426 3451 1480 3501 te
1511 3452 1594 3501 est
1627 3447 1797 3502 Beth-

156 3535 373 3604 lehem,
405 3536 465 3591 in
492 3552 608 3608 qua
636 3537 893 3594 salutifer
923 3538 1199 3594 Davidicae
1234 3539 1477 3611 virginis
1505 3544 1702 3611 partus
1732 3542 1795 3595 il-

156 3630 317 3698 luxit,
370 3646 544 3702 quem
585 3632 917 3687 obvolutum
959 3634 1163 3706 pannis
1206 3633 1356 3689 inter
1395 3634 1685 3705 angustias
1713 3634 1795 3690 di-

156 3724 401 3779 versorii
430 3740 687 3797 praesepe
715 3726 977 3799 suscepit.
1007 3728 1171 3799 Apud
1210 3732 1263 3782 te
1295 3734 1380 3784 est
1415 3728 1700 3783 declarata
1728 3729 1797 3783 ab

159 3818 406 3890 angelis,
427 3818 661 3875 adorata
680 3836 715 3874 a
735 3820 939 3892 magis,
960 3825 1018 3876 et
1036 3838 1137 3893 per
1156 3822 1472 3877 multorum
1490 3822 1795 3877 infantium

160 3918 378 3968 mortes
407 3913 479 3967 ab
503 3913 727 3969 Herode
755 3914 991 3986 quaesita
1012 3915 1310 3971 Salvatoris
1335 3916 1598 3972 infantia.
1622 3916 1799 3988 ,Apud

160 4013 213 4061 te
242 4010 329 4062 est
357 4007 455 4062 ubi
474 4007 716 4079 pueritia
740 4009 861 4080 ejus
879 4009 1137 4080 adolevit,
1160 4010 1258 4065 ubi
1283 4010 1665 4066 adolescentia
1685 4027 1801 4065 ma-

162 4102 362 4173 turuit,
406 4106 466 4163 et
490 4117 594 4172 per
622 4103 819 4157 omnia
841 4102 1193 4159 incrementa
1221 4121 1491 4176 corporea
1526 4105 1587 4159 in
1614 4104 1797 4160 virum

163 4196 482 4267 perfectum
508 4196 628 4252 veri
646 4196 892 4252 hominis
918 4203 1121 4253 natura
1144 4199 1388 4271 proﬁcit,
1406 4216 1520 4254 non
1537 4199 1656 4254 sine
1675 4199 1799 4254 cibo

164 4289 523 4361 eruditionis,
557 4307 672 4346 non
709 4291 827 4347 sine
868 4309 1068 4347 somno
1101 4293 1325 4364 quietis,
1368 4310 1484 4348 non
1515 4293 1635 4349 sine
1663 4293 1799 4349 ﬂetu

164 4384 571 4453 miserationis,
622 4401 729 4445 nec
778 4386 900 4441 sine
965 4403 1170 4458 pavore
1231 4387 1577 4442 formidinis.
1648 4389 1800 4442 Unus

168 4477 324 4532 enim
360 4481 532 4550 atque
556 4478 712 4533 idem
739 4484 822 4534 est
862 4480 963 4551 qui
988 4484 1045 4535 et
1086 4481 1148 4535 in
1184 4480 1283 4536 Dei
1312 4481 1496 4536 forma
1534 4484 1801 4552 operatus

1893 1942 2107 1997 rexisse
2133 1960 2167 1998 a
2187 1942 2428 1998 mortuis
2454 1959 2520 1998 ex
2540 1943 2755 1997 semine
2772 1943 2949 1998 David
2964 1944 3275 1999 secundum
3295 1961 3528 1999 carnem

1894 2036 1968 2104 (II
2005 2039 2139 2091 Tim.
2175 2054 2233 2104 ιι,
2282 2038 2358 2108 8).
2401 2058 2429 2086 ››
2482 2038 2609 2090 Haec
2662 2040 2853 2091 autem
2904 2037 3151 2092 charitas
3198 2038 3429 2109 quantis
3476 2045 3532 2094 et

1896 2130 2024 2184 novi
2050 2136 2104 2184 et
2120 2130 2333 2185 Veteris
2360 2130 2705 2185 Testamenti
2723 2130 3158 2185 auctoritatibus
3182 2131 3524 2201 declaretur,

1895 2240 1998 2294 pro
2044 2224 2381 2296 antiquitate
2432 2223 2736 2278 sacerdotii
2782 2224 2863 2279 tui
2913 2224 3199 2280 evidenter
3242 2226 3526 2296 agnoscis,

1894 2332 2023 2370 cum
2040 2317 2181 2371 ﬁdes
2207 2318 2440 2372 Patrum
2458 2320 2515 2372 et
2533 2317 2741 2388 scripta
2763 2333 2895 2371 mea
2917 2317 2987 2372 ad
3004 2322 3215 2373 sanctae
3234 2318 3530 2374 memorias

1898 2409 2221 2465 Flavianum
2263 2411 2414 2478 data,
2459 2427 2709 2482 quorum
2746 2411 3106 2466 mentionem
3148 2411 3271 2483 ipse
3325 2413 3524 2480 fecisti,

1895 2502 2117 2573 adjecta
2154 2503 2489 2557 universalis
2515 2503 2722 2575 synodi
2756 2503 3188 2559 conﬁrmatione
3225 2504 3527 2562 suﬂiciant.

1895 2597 2054 2651 Unde
2082 2598 2407 2668 prospicere
2426 2600 2646 2668 oportet
2672 2596 3035 2652 dilectionem
3056 2604 3214 2653 tuam
3233 2614 3307 2653 ne
3333 2604 3529 2655 contra

1894 2690 2305 2762 redemptionis
2324 2707 2386 2744 ac
2408 2690 2529 2762 spei
2556 2696 2765 2745 nostrae
2785 2690 3073 2746 ineffabile
3100 2696 3528 2748 sacramentum

1894 2784 2045 2838 ullus
2073 2784 2485 2840 obmurmuret.
2519 2785 2646 2855 Sed,
2691 2786 2737 2839 si
2764 2785 2862 2857 qui
2888 2791 3020 2840 sunt
3054 2786 3153 2857 qui
3189 2786 3395 2857 adhuc,
3428 2792 3529 2842 aut

1897 2877 2219 2947 ignorantia
2247 2878 2514 2950 caligant,
2537 2882 2635 2934 aut
2664 2879 3032 2950 perversitate
3060 2878 3406 2948 discordant,
3437 2897 3529 2936 eo-

1899 2988 2027 3025 rum
2070 2988 2316 3043 quorum
2346 2972 2404 3026 in
2449 2973 2691 3027 Ecclesia
2719 2973 2819 3028 Dei
2866 2973 3175 3045 apostolica
3212 2973 3319 3029 fuit
3349 2978 3405 3029 et
3446 2978 3531 3029 est

1897 3067 2047 3119 clara
2094 3065 2351 3121 doctrina
2377 3066 2805 3122 auctoritatibus
2847 3067 3222 3136 instruantur,
3259 3072 3316 3123 et
3339 3067 3410 3122 de
3438 3068 3530 3123 in-

1899 3160 2223 3215 carnatione
2250 3161 2413 3215 Verbi
2442 3161 2541 3215 Dei
2584 3161 2704 3216 haec
2736 3178 2838 3216 nos
2868 3162 3095 3217 credere
3119 3162 3275 3234 quod
3301 3161 3383 3237 illi
3410 3179 3530 3220 cre-

1900 3252 2095 3308 didere
2124 3259 2492 3325 cognoscant,
2524 3271 2713 3326 neque
2744 3271 2803 3310 se
2831 3259 2989 3311 extra
3013 3271 3217 3327 corpus
3242 3256 3453 3312 Christi
3473 3257 3534 3312 in

1900 3363 2012 3417 quo
2036 3348 2379 3402 commortui
2421 3354 2477 3403 et
2506 3349 2953 3404 comresuscitati
2999 3365 3195 3403 sumus
3225 3366 3327 3404 sua
3350 3350 3530 3406 obdu-

1900 3440 2121 3495 ratione
2143 3441 2510 3511 constituant,
2539 3442 2673 3514 quia
2703 3458 2807 3497 nec
2844 3441 3027 3513 pietas
3066 3442 3219 3511 ﬁdei,
3249 3459 3352 3498 nec
3391 3445 3533 3500 ratio

1900 3534 2099 3604 recipit
2135 3535 2491 3604 sacramenti,
2537 3540 2602 3590 ut
2628 3541 2726 3590 aut
2755 3536 2813 3590 in
2841 3552 2945 3590 sua
2974 3537 3216 3590 essentia
3255 3537 3533 3607 passibilis

1898 3628 2069 3683 fuerit
2113 3628 2311 3698 deitas,
2367 3633 2466 3683 aut
2510 3628 2567 3683 in
2621 3633 2829 3684 nostra:
2892 3634 3110 3684 natura:
3171 3631 3530 3701 susceptione

1900 3717 2137 3774 mentita
2166 3717 2240 3772 sit
2260 3718 2835 3773 veritas.Particulam
2866 3718 3174 3774 Dominicae
3193 3720 3375 3775 crucis
3398 3737 3531 3775 cum

1901 3807 2141 3879 eulogiis
2178 3808 2497 3862 dilectionis
2527 3811 2727 3863 vestrae
2762 3814 3110 3864 veneranter
3147 3810 3357 3882 accepi.
3398 3812 3534 3865 Data

1901 3901 2082 3973 pridie
2123 3903 2309 3957 Nonas
2348 3902 2717 3974 Septembris,
2752 3903 2875 3958 Etio
2918 3908 2973 3958 et
3015 3902 3213 3958 Studio
3254 3903 3387 3960 viris
3416 3905 3529 3959 cla-

1899 3995 2136 4050 rissimis
2163 3996 2509 4052 consulibus.

1901 4111 2095 4186 206
2126 4114 2669 4184 XLVlll.—Epistola
2696 4116 2964 4170 Ravenm’i
2982 4116 3319 4186 aliorumque
3342 4117 3536 4186 episco-

1966 4202 2164 4255 porum
2187 4186 2467 4241 Gallorum
2491 4186 2565 4240 ad
2589 4188 2809 4240 Leonem
2832 4201 3061 4256 papam,
3088 4187 3216 4255 ﬁdei
3234 4188 3345 4257 ejus
3370 4203 3532 4257 quam

1971 4258 2046 4311 ad
2074 4259 2342 4313 Orientem
2379 4258 2583 4311 direxit
2612 4257 2799 4311 laudes
2828 4258 3140 4311 dicentium.

1972 4373 2217 4428 Domino
2250 4388 2380 4427 vere
2406 4374 2623 4441 sancto,
2648 4370 2851 4426 merito
2882 4371 2940 4426 in
2968 4371 3532 4428 Christo-beatissimo

1903 4473 1958 4523 et
2003 4466 2309 4539 apostolico
2353 4466 2572 4520 honore
2611 4466 2936 4521 venerando
2989 4482 3152 4537 papas
3193 4466 3388 4535 Leoni,
3418 4468 3530 4523 Ra-

168 4577 252 4627 est
297 4572 576 4627 miracula
632 4589 847 4645 magna
895 4575 1136 4643 virtutis,
1195 4582 1250 4630 et
1312 4575 1371 4629 in
1426 4576 1610 4630 forma
1656 4561 2156 4652 serviDVBnniUS:
2220 4559 2499 4625 Βυδῖίαυδν
2547 4558 2839 4629 Venerius:
2890 4559 3308 4629 consul-nullus;
3360 4561 3527 4616 Μακί-

165 4666 337 4721 subiit
361 4666 633 4721 saevitiam
658 4668 955 4739 passionis.
997 4670 1109 4724 Hoc
1147 4669 1246 4724 tibi
1272 4669 1397 4740 ipsa
1427 4686 1565 4724 crux
1587 4669 1792 4724 indesi—

163 4766 368 4817 nenter
392 4761 667 4833 loquitur,
716 4762 820 4816 hoc
863 4763 1006 4835 lapis
1035 4763 1245 4818 clamat
1297 4763 1559 4834 sepulcri,
1593 4764 1651 4817 in
1683 4779 1796 4834 quo

165 4855 437 4910 Dominus
466 4855 719 4911 humana
735 4856 1063 4913 conditione
1083 4857 1285 4929 jacuit,
1311 4863 1367 4913 et
1390 4858 1461 4912 de
1479 4874 1590 4929 quo
1610 4856 1797 4913 divina

160 4942 410 5020 potentia
431 4949 829 5018 resurrexit,et
853 4967 984 5006 cum
1009 4952 1081 5006 ad
1106 4954 1363 5006 montem
1387 4951 1588 5006 Oliveti
1607 4951 1796 5006 locum

162 5043 510 5099 ascensionis
536 5047 912 5100 veneraturus
934 5046 1174 5114 accedis,
1210 5062 1285 5100 an
1311 5061 1429 5100 non
1456 5044 1552 5099 illa
1578 5062 1681 5100 vox
1702 5062 1799 5099 an-

167 5137 347 5207 gelica
375 5137 435 5193 in
463 5141 562 5193 tuo
586 5138 819 5193 resultat
848 5139 1067 5209 auditu,
1100 5155 1213 5212 qua
1240 5138 1554 5195 elevatione
1574 5138 1797 5194 Domini

169 5232 525 5303 stupentibus
552 5232 796 5288 dicitur:
836 5255 863 5283 ‹‹
890 5234 1004 5288 Viri
1032 5234 1271 5303 Galilaei,
1301 5233 1439 5306 quid
1459 5232 1617 5289 statis
1645 5234 1797 5305 aspi-

168 5325 379 5381 cientes
415 5325 475 5381 in
524 5326 751 5395 caelum,
794 5326 887 5382 hic
929 5329 1087 5383 Jesus
1130 5328 1228 5401 qui
1270 5332 1593 5399 assumptus
1638 5330 1725 5382 est
1770 5343 1802 5381 a

170 5419 342 5487 vobis,
375 5419 455 5474 sic
494 5420 683 5476 veniet
706 5421 1193 5492 quemadmodum
1235 5421 1451 5477 vidistis
1477 5424 1708 5477 euntem
1742 5421 1799 5475 in

170 5514 374 5579 oculum
400 5515 543 5585 (Act.
576 5530 614 5582 1,
651 5516 733 5586 11)
758 5514 786 5569 ‘I
816 5536 843 5564 »
875 5516 1079 5571 Veram
1119 5515 1297 5585 igitur
1320 5515 1525 5572 Christi
1556 5530 1798 5586 genera~

172 5607 382 5663 tionem
409 5624 550 5663 crux
575 5623 711 5663 vera
739 5609 1057 5677 conﬁrmat,
1077 5608 1351 5679 quoniam
1380 5609 1499 5681 ipse
1529 5608 1588 5663 in
1607 5612 1804 5664 nostra

173 5717 340 5757 carne
364 5702 619 5758 nascitur
647 5702 746 5774 qui
772 5701 832 5758 in
859 5706 1055 5758 nostra
1089 5702 1458 5775 cruciﬁgitur,
1491 5720 1619 5776 quas
1649 5702 1804 5758 nullo

172 5795 584 5851 interveniente
626 5799 880 5868 peccato,
931 5796 1038 5852 nisi
1082 5796 1279 5852 fuisset
1327 5797 1508 5853 nostri
1559 5795 1801 5869 generis,

173 5905 286 5945 non
337 5889 621 5963 potuisset
660 5906 780 5946 esse
824 5890 1103 5947 mortalis.
1159 5892 1228 5947 Ut
1271 5895 1461 5947 autem
1519 5893 1807 5963 repararet

575 5990 845 6056 ΡΑτιιοι..
894 5989 1122 6055 CXXX.

1897 4676 2044 4721 mus,
2072 4660 2421 4721 Armatarus,
2454 4652 2669 4721 Florus,
2706 4652 2967 4723 Gavinus,
3002 4653 3344 4725 Valerianus,
3377 4657 3526 4711 Con—

1897 4754 2153 4818 stantius,
2194 4746 2503 4816 Nestorius,
2534 4745 2832 4815 Maximus,
2861 4746 3169 4818 Asclepius.
3193 4748 3333 4802 Item
3354 4749 3526 4804 Maxi-

1896 4866 2044 4918 mus,
2090 4847 2281 4913 Ursus,
2338 4840 2668 4912 Ingenulus,
2713 4842 2924 4911 Justus,
2990 4840 3263 4908 Valerius,
3318 4843 3526 4914 Super-

1896 4948 2116 5010 ventus,
2146 4936 2490 5009 Crisaphius,
2538 4936 2824 5006 Fonteius,
2870 4935 3184 5007 Petronius,
3226 4937 3529 5009 Hydacius,

1900 5036 2180 5103 Etherius,
2235 5032 2469 5099 Glalius,
2522 5030 2792 5100 Euticius,
2850 5030 3170 5099 Fraternus,
3227 5032 3530 5101 Venturus,

1901 5128 2209 5203 Eugenius,
2254 5125 2520 5193 Hilarius,
2574 5125 2772 5194 Verus,
2834 5125 3147 5194 Amandus,
3211 5125 3531 5195 Gerontius,

1898 5222 2322 5291 Proculeianus,
2354 5217 2967 5296 Julianus,pHelladius,
3004 5221 3388 5291 Amentarius,
3421 5223 3531 5278 Ho-

1902 5320 2155 5385 noratus,
2188 5314 2507 5386 Herpatius,
2549 5311 2840 5378 Amenius,
2875 5310 3146 5381 Dinatius,
3182 5314 3453 5371 Maximus
3481 5322 3535 5373 et

1903 5410 2264 5479 Hernantius,
2292 5406 2589 5463 Palladius.
2872 5460 2877 5465 ,

1972 5506 2192 5561 Perlata
2213 5502 2284 5557 ad
2322 5518 2425 5556 nos
2451 5498 2687 5572 epistola
2721 5497 3089 5556 beatitudinis
3119 5506 3321 5558 vestra:
3357 5520 3531 5575 quam

1901 5599 1975 5655 ad
2001 5598 2290 5654 Orientem
2310 5611 2413 5667 pro
2443 5593 2737 5649 catholicas
2767 5592 2897 5648 ﬁdei
2927 5596 3236 5651 assertione
3276 5596 3527 5664 misistis,

1904 5695 2260 5766 optassemus
2290 5682 2360 5745 et
2404 5687 2598 5743 statim
2644 5688 2988 5759 apostolatui
3030 5694 3213 5744 vestro
3259 5705 3362 5759 pro
3411 5692 3529 5744 tam

1904 5789 2184 5843 immenso
2213 5799 2451 5840 munere
2487 5781 2795 5854 gratiarum
2842 5782 3124 5837 actionem
3159 5782 3391 5853 referre,
3424 5785 3535 5840 nisi

1904 5886 2063 5943 nobis
2109 5882 2500 5939 difﬁcultatem
2543 5897 2659 5953 qua
2687 5881 2747 5935 in
2774 5896 2951 5935 unum
2999 5878 3259 5935 celeriter
3281 5896 3399 5935 non
3425 5899 3533 5955 po-

3096 5983 3168 6043 '27
