4034 6308
486 331 590 386 835

1376 317 1658 376 APPEND.
1698 314 1788 373 AD
1823 313 1982 371 SEO.
2024 309 2111 365 1X.
2144 335 2214 351 -
2251 305 2495 364 ISIDORI
2536 296 2963 367 MERCATORIS

3747 287 3857 342 836

484 437 703 493 tuimus
725 430 1051 503 convenire,
1093 427 1182 486 vel
1209 426 1387 500 spatia
1435 427 1643 498 quibus
1679 441 1713 479 a
1742 421 1906 479 nobis
1934 420 2119 491 dispa-
2144 428 2203 503 Α
2222 417 2344 472 licae
2371 414 2521 483 Sedi,
2548 412 2702 468 unde
2740 405 3034 479 religionis
3075 404 3305 470 nostrae,
3332 395 3579 472 propitio
3610 392 3858 462 Christo,

487 530 596 585 rati
625 546 819 583 sumus
842 529 1015 598 longa
1040 530 1325 580 terrarum
1344 526 1670 577 nostrarum
1699 534 1827 590 quae
1852 516 1912 570 in
1940 513 2120 585 regio—

487 624 658 679 nibus
672 622 1110 691 nostris,praeter
1124 612 1736 681 consuetudinem,fuit
1758 606 2123 680 intemperies

489 717 785 772 attulisset.
807 715 907 768 Det
933 729 1069 783 ergo
1097 711 1444 783 apostolatus
1458 711 1644 762 vester
1669 709 1879 760 nostra:
1901 700 2124 757 veniam

491 808 764 874 tarditati,
799 823 927 878 quae
968 822 1084 860 non
1116 804 1231 859 otio
1271 807 1371 858 aut
1408 798 1877 866 dissimulatione,
1910 795 2012 850 sed
2052 794 2123 848 de

491 906 647 960 certa
670 900 1002 956 necessitate
1030 896 1339 965 descendit,
1382 910 1621 966 quaeque
1653 910 1687 947 a
1712 890 1878 946 nobis
1905 888 2009 943 etsi
2039 902 2121 942 ce-

487 996 724 1053 leritatis
767 994 1006 1066 gratiam
1053 991 1305 1058 abstulit,
1352 985 1673 1043 exsultandi
1715 990 1911 1040 tamen
1949 985 2127 1035 mate-

489 1090 638 1146 riam
684 1089 911 1143 auferre
957 1103 1072 1141 non
1116 1084 1321 1156 potuit.
1347 1081 1710 1137 Exsultamus
1739 1079 1930 1149 itaque
1972 1073 2127 1131 Chri-

490 1184 648 1239 tiano
687 1181 896 1253 populo
940 1180 1100 1235 lectis
1142 1175 1513 1232 beatitudinis
1553 1176 1754 1229 vestrae
1796 1169 2017 1236 litteris,
2073 1171 2129 1222 et

495 1277 750 1332 omnium
781 1273 1158 1329 instructione
1184 1271 1485 1342 patefacta,
1519 1283 1720 1323 omnes
1743 1266 1893 1320 intra
1921 1260 2129 1318 Gallias

496 1370 828 1426 constitutos
854 1368 1137 1423 exsultare
1160 1380 1290 1420 mox
1329 1362 1586 1428 fecimus,
1623 1360 1881 1414 dolentes
1917 1354 2131 1427 pariter

495 1481 598 1536 pro
628 1463 716 1518 his
741 1462 1038 1517 nobiscum
1058 1459 1176 1532 qui,
1210 1457 1499 1513 catholica:
1528 1453 1660 1509 ﬁdei
1683 1452 1900 1507 lumine
1921 1447 2128 1504 dereli-

495 1564 607 1628 cto,
640 1572 897 1612 errorum
923 1554 1183 1610 tenebras
1225 1551 1572 1606 inciderunt.
1616 1547 1752 1611 Qum
1783 1543 2131 1616 apostolatus

498 1651 667 1707 vestri
717 1650 946 1720 scripta,
979 1649 1060 1703 ita
1092 1652 1152 1702 ut
1199 1644 1523 1717 symbolum
1572 1640 1705 1696 ﬁdei
1745 1637 2001 1710 quisquis
2035 1652 2129 1690 re-

2221 511 2347 566 fons
2372 512 2430 564 et
2457 506 2620 579 origo
2654 502 2927 569 manavit,
2961 497 3277 555 antistitem
3303 492 3563 549 dederit:
3596 492 3864 561 petentes

2223 604 2396 659 etiam
2441 607 2507 658 ut
2556 601 2754 655 datum
2815 605 3263 662 concessumque
3319 603 3528 641 munus
3581 580 3865 655 pontiﬁcii

2223 695 2394 753 vestri
2425 693 2762 765 longissima
2787 690 2859 745 ad
2885 684 3320 743 aediﬁcationem
3339 678 3706 736 ecclesiarum
3736 691 3868 729 sua-

2223 808 2355 847 rum
2388 793 2553 845 aetate
2588 784 2884 842 custodiat.
2931 782 3043 835 Nos
3084 781 3279 833 autem
3323 773 3429 828 etsi
3456 772 3701 842 impares
3737 784 3861 822 me-

2224 884 2368 952 ritis,
2400 882 2554 955 paris
2590 884 2785 934 tamen
2826 875 2984 944 ﬁdei,
3016 873 3060 927 si
3088 870 3228 943 quid
3256 868 3428 940 (quod
3453 865 3612 935 absit)
3661 866 3869 918 contra

2226 977 2534 1036 Ecclesiam
2560 972 2895 1029 catholicam
2921 967 3160 1040 profana
3189 960 3549 1018 infestatione
3586 959 3866 1018 tentetur,

2225 1071 2411 1144 parati
2435 1085 2651 1135 sumus,
2680 1065 3030 1121 confortante
3061 1057 3318 1125 Domino,
3346 1070 3477 1109 cum
3504 1048 3869 1106 beatitudine

2227 1170 2428 1233 vestra,
2459 1180 2564 1235 pro
2593 1160 2831 1216 veritate
2866 1155 2999 1211 ﬁdei
3031 1154 3257 1209 animas
3294 1148 3513 1205 'nostras
3542 1158 3777 1217 ponere,
3811 1145 3872 1195 et

2227 1259 2403 1315 vitam
2462 1234 2620 1311 hanc
2696 1250 2913 1308 auctori
2966 1247 3163 1304 salutis
3229 1248 3435 1298 nostrae
3495 1243 3554 1293 et
3608 1234 3867 1308 largitori

2229 1350 2561 1409 aeternitatis
2601 1346 2954 1419 impendere.
2996 1346 3065 1399 Et
3089 1341 3207 1396 alia
3229 1353 3431 1393 manu:
3475 1334 3584 1389 Ora
3617 1347 3721 1402 pro
3747 1344 3867 1395 me,

2229 1445 2460 1501 domine
2488 1441 2812 1498 beatissime
2852 1438 3056 1493 merito
3094 1439 3150 1489 et
3177 1428 3480 1503 apostolico
3520 1427 3738 1481 honore
3765 1439 3865 1475 ve-

2230 1538 2488 1596 nerande
2536 1552 2717 1608 papa:
2777 1532 3039 1589 Rusticus
3096 1526 3414 1599 episcopus,
3482 1518 3871 1591 apostolatum

2230 1634 2395 1689 tuum
2422 1632 2483 1686 in
2514 1630 2770 1698 Domino,
2814 1622 3154 1689 venerande,
3197 1619 3396 1683 saluto,
3427 1619 3484 1670 et
3526 1616 3591 1668 ut
3614 1608 3873 1682 digneris

501 1743 844 1815 demptionis
874 1743 1231 1796 sacramenta
1259 1755 1375 1793 non
1416 1734 1677 1807 negligit,
1719 1731 1923 1787 tabulis
1950 1729 2133 1785 cordis
2151 1804 2203 1815 ﬁ
2232 1744 2337 1800 pro
2365 1743 2460 1781 me
2481 1740 2645 1780 orare
2674 1721 2914 1793 supplex
2942 1733 3102 1787 rogo.
3128 1711 3401 1768 Venerius
3426 1726 3439 1763 :
3461 1710 3535 1763 Te
3567 1704 3873 1761 dominum

500 1837 780 1910 ascripsit,
809 1840 866 1892 et
895 1835 1081 1891 tenaci
1107 1832 1263 1905 quod
1286 1832 1357 1887 ad
1383 1826 1817 1885 confundendos
1845 1804 2210 1880 haereticO-B
2233 1822 2293 1877 in
2327 1820 2552 1876 Christo
2584 1832 2799 1884 meum,
2833 1807 3324 1874 reverendissime,
3361 1804 3566 1868 saluto,
3594 1805 3650 1856 et
3687 1803 3750 1852 ut
3789 1796 3875 1850 di-

499 1949 631 1988 rum
672 1946 891 1986 errores
936 1927 1186 2000 paratior
1236 1927 1300 1981 ﬁt
1351 1923 1647 1979 memoria
1695 1917 2130 1974 commendavit.

499 2025 654 2082 Multi
696 2025 885 2096 itaque
933 2022 991 2076 in
1041 2038 1109 2076 ea
1156 2020 1369 2091 pariter
1428 2016 1744 2089 gaudentes
1791 2012 2135 2091 exsultantes

501 2120 955 2190 recognoverunt
992 2113 1126 2170 ﬁdei
1155 2130 1274 2169 sua:
1320 2126 1572 2175 sensum,
1622 2111 1679 2163 et
1708 2108 1787 2162 ita
1824 2123 1882 2162 se
1911 2088 2136 2174 semper

498 2230 568 2269 ex
595 2211 902 2268 traditione
920 2212 1159 2281 paterna
1182 2205 1455 2272 tenuisse,
1488 2207 1550 2258 ut
1572 2207 1757 2256 vester
1783 2198 2135 2271 apostolatus

504 2305 768 2378 exposuit
790 2304 921 2375 jure
962 2303 1247 2356 laetantur.
1287 2295 1555 2354 Nonnulli
1598 2293 1949 2351 sollicitiores
1984 2290 2135 2359 facti,

504 2396 874 2455 beatitudinis
922 2399 1122 2450 vestrae
1163 2390 1556 2449 admonitione
1612 2390 1894 2460 percepta,
1958 2383 2140 2440 modis

505 2492 774 2550 omnibus
812 2506 871 2545 se
908 2488 1268 2561 gratulantur
1315 2485 1640 2549 instructos,
1683 2482 1988 2551 datamque
2035 2477 2141 2532 sibi

503 2582 863 2640 occasionem
894 2578 1162 2651 gaudent,
1193 2593 1305 2648 qua
1329 2575 1506 2630 libere
1534 2590 1599 2628 ac
1630 2570 1994 2637 ﬁducialiter,
2023 2568 2139 2623 suf-

504 2679 767 2749 fragante
811 2673 985 2729 etiam
1027 2670 1345 2744 apostolicae
1400 2667 1562 2724 Sedis
1616 2664 1973 2731 auctoritate,
2021 2662 2139 2717 elO-

504 2775 776 2845 quantur,
823 2772 881 2823 et
913 2766 1115 2822 asserit
1155 2762 1544 2836 unusquisque
1574 2760 1727 2832 quod
1770 2757 1967 2813 credit.
2011 2755 2145 2820 Quis

506 2870 700 2921 autem
725 2860 1063 2933 apostolatui
1081 2861 1270 2913 vestro
1291 2873 1395 2928 pro
1418 2856 1527 2910 hoc
1552 2859 1709 2909 tanto
1729 2867 1971 2907 munere
1994 2850 2143 2922 quod

508 2975 626 3014 non
647 2957 832 3011 solum
857 2952 1197 3023 Gallias,sed
1223 2956 1409 3006 totum
1437 2947 1720 3003 mundum
1749 2947 1900 3000 velut
1921 2944 2146 3016 quibus-

507 3053 638 3107 dam
670 3046 1096 3122 pretiosissimis
1137 3042 1379 3116 gemmis
1406 3041 1646 3109 ornavit,
1674 3039 1881 3111 dignas
1904 3038 2148 3092 aestimet

506 3145 725 3218 gratias
748 3159 911 3214 posse
940 3139 1228 3212 persolvi?
1272 3136 1557 3192 Doctrina:
1584 3139 1709 3207 post
1736 3134 1919 3188 Deum
1946 3134 2145 3187 vestrm

2235 1914 2427 1989 gneris
2466 1930 2570 1985 pro
2610 1927 2705 1965 me
2748 1924 2908 1963 orare
2957 1902 3196 1975 supplex
3250 1915 3408 1969 rogo.
3460 1891 3874 1951 Constantinus

2234 1985 2569 2082 episcopus:
2618 2001 3034 2059 Beatitudinem
3078 1999 3326 2051 vestram
3369 1990 3568 2046 saluto.
3600 1985 3879 2043 Similiter

2236 2109 2294 2160 et
2321 2118 2523 2157 omnes
2543 2097 2792 2171 episcopi
2818 2090 3189 2165 suprascripti
3218 2086 3616 2142 salutaverunt.

2237 2220 2408 2275 XLIX.
2458 2248 2527 2257 —-
2570 2214 2819 2285 Epistola
2849 2207 3168 2285 iLeom'sad
3207 2219 3388 2285 omnes
3423 2203 3694 2271 episcopos
3740 2196 3876 2252 GaI-

2507 2276 2707 2344 liarilm
2733 2286 2797 2339 de
2827 2283 3174 2337 damnatione
3202 2276 3591 2331 haereticorum.

2311 2386 2418 2441 ΙαΕο
2468 2384 2775 2445 RAVENNIO,
2838 2377 3096 2441 RUSTICO,
3152 2372 3418 2436 VENERIO,
3478 2367 3880 2425 CONSTANTLNO,

2239 2476 2497 2547 MAXIMO,
2542 2478 2911 2537 ARMENTARIO,
2992 2469 3197 2535 FLORO,
3264 2464 3457 2528 SAMIO,
3536 2459 3881 2521 VALERIANO,

2242 2577 2640 2638 CONSTANTINO,
2686 2569 2980 2631 NECTARIO,
3018 2562 3259 2626 MAXIMO,
3308 2560 3580 2622 Ascumo,
3626 2551 3880 2615 MAXIMO,

2244 2671 2404 2737 Unso,
2478 2668 2768 2729 INGENULO,
2841 2662 3026 2723 Jusro,
3102 2656 3437 2719 VALERIANO,
3508 2647 3881 2709 SUPERVENTO,

2244 2764 2562 2827 CRISAPHIO,
2616 2758 2871 2821 FONTEIO,
2931 2754 3228 2816 PETRONIO,
3285 2746 3543 2809 HYDACIO,
3610 2740 3883 2801 Ernsmo,

2243 2860 2505 2924 EULALIO,
2579 2853 2834 2916 EUTICEO,
2901 2847 3209 2909 FRATERNO,
3280 2841 3556 2904 VENTURO,
3609 2835 3883 2899 EUGENIO,

2246 2954 2498 3017 HILAmO,
2573 2947 2740 3013 VERO,
2797 2945 3053 3008 AMANDO,
3132 2937 3427 2998 GERONTIO,
3481 2932 3885 2992 PROCULEIANO,

2243 3048 2490 3112 JULIANO,
2577 3041 2869 3102 HELLADIO,
2934 3037 3308 3095 ARMENTARIO,
3386 3027 3699 3088 HONORATO,
3777 3021 3883 3073 H1;—

2248 3154 2463 3205 PARTIO,
2512 3139 2749 3197 AMENIO,
2807 3131 3054 3193 DINATIO,
3103 3125 3424 3187 MAXIMINIO,
3476 3118 3788 3173 HERNANTIO
3831 3114 3889 3166 et

512 3180 725 3218 διαυιασ
749 3180 911 3214 γυιων
942 3180 1183 3212 γυιυνυ-
1209 3181 1220 3192 ·
1273 3180 1557 3192 "vv-«mw
1585 3180 1709 3207 ιυνυ-
1737 3180 1919 3188 -ν--κ
1956 3180 2126 3187 -ν---τ
2250 3180 2463 3205 unum,
2512 3180 2749 3197 .--..---ν,
2809 3180 3021 3184 η--η--ν
3042 3180 3054 3193 ,
3411 3180 3421 3187 ,

512 3239 683 3296 debet
705 3236 908 3304 ﬁdelis»
954 3238 1021 3290 ιιι
1059 3234 1385 3290 constanter
1420 3235 1613 3286 teneat
1655 3228 1803 3300 (111οά
1839 3226 2141 3295 credebat;
2167 3180 2223 3255 Ο
2246 3237 2513 3290 PALLADIO
2547 3225 2825 3299 episcOpis
2860 3239 2962 3295 per
2990 3219 3193 3276 Gallias
3220 3211 3559 3271 constitutis.

511 3333 684 3390 debet
706 3331 877 3387 etiam
920 3328 1183 3397 inﬁdelis,
1214 3328 1281 3381 ut
1309 3343 1343 3381 a
1372 3322 1611 3396 perﬁdia
1639 3339 1739 3377 sua
1775 3321 1969 3392 agnita
1995 3318 2144 3373 veri-

511 3430 631 3483 tate
657 3424 927 3492 discedat,
960 3428 1014 3478 et
1039 3419 1367 3494 apostolicze
1392 3415 1768 3472 institutionis
1795 3415 1920 3469 luce
1950 3412 2144 3485 perfu-

513 3538 607 3577 sus
639 3518 848 3575 erroris
884 3516 973 3572 sui
996 3515 1259 3571 tenebras
1296 3511 1678 3583 derelinquat,
1726 3508 2027 3580 magisque
2056 3524 2145 3562 se-

514 3618 725 3690 quatur
768 3618 824 3668 et
862 3610 1053 3666 credat
1099 3608 1252 3680 quod
1314 3623 1418 3679 per
1481 3623 1544 3661 os
1582 3608 1833 3660 vestrum
1876 3602 2151 3658 Dominus

517 3716 710 3765 noster
752 3710 912 3762 .lesus
952 3703 1205 3758 Christus
1245 3701 1315 3756 de
1360 3703 1710 3757 sacramento
1751 3695 2153 3752 incarnationis

515 3821 631 3860 suae
659 3803 846 3868 docet,
877 3814 1055 3871 quam
1083 3797 1143 3851 id
1170 3800 1369 3850 teneat
1411 3794 1566 3865 quod
1602 3792 1860 3847 diabolus
1882 3792 2153 3845 humanae

519 3896 718 3953 salutis
743 3898 801 3949 et
824 3891 1077 3947 veritatis
1098 3889 1364 3944 inimicus
1389 3888 1581 3942 stillat.
1604 3887 1965 3957 Optassemus
1982 3885 2154 3939 etiam

521 3990 596 4045 ad
635 3987 818 4042 ﬁlium
863 3986 1116 4039 vestrum
1164 3981 1639 4054 gloriosissimum
1667 3997 1731 4034 ac
1759 3979 2155 4033 ﬁdelissimum

524 4081 844 4155 principem
860 4092 1030 4148 super
1045 4075 1313 4131 eamdem
1325 4090 1557 4130 causam
1572 4073 1789 4128 litteras
1801 4073 1937 4127 dare
1955 4072 2158 4144 quibus

526 4174 992 4247 congratulantes
1034 4170 1167 4225 ﬁdei
1197 4170 1391 4241 ipsius,
1437 4166 1775 4222 humilitatis
1801 4183 2026 4239 quoque
2054 4184 2154 4247 no-

526 4240 669 4326 strze
709 4264 1143 4323 sollicitudinem
1187 4280 1303 4336 qua
1344 4279 1441 4317 vos
1481 4261 1541 4316 in
1586 4261 1809 4317 Christo
1861 4240 2161 4333 sequimur

526 4364 921 4438 proderemus,
951 4359 1061 4414 nisi
1084 4359 1155 4414 ad
1179 4374 1283 4413 nos
1313 4357 1381 4413 de
1404 4356 1775 4412 orientalibus
1801 4356 2003 4411 nuntio
2031 4372 2156 4428 per-

527 4460 644 4516 lato
674 4456 797 4513 ﬁeri
825 4456 933 4510 hoc
976 4452 1215 4507 minime
1246 4450 1627 4507 necessarium
1669 4456 2018 4522 putaremus.
2045 4452 2158 4505 Me-

2319 3327 2687 3397 Optassemus
2735 3318 2972 3391 quidem
3014 3307 3382 3369 fraternitatis
3427 3307 3628 3361 vestrae
3666 3301 3891 3356 litteras

2249 3439 2314 3477 eo
2343 3426 2600 3490 tempore
2624 3430 2737 3487 quo
2755 3407 3148 3485 promiseratis
3165 3403 3440 3475 accipere,
3465 3404 3525 3454 ut
3546 3393 3892 3470 profecturis

2248 3517 2321 3571 ad
2346 3514 2640 3570 Orientem
2668 3507 2939 3563 fratribus
2970 3501 3195 3567 nostris,
3237 3514 3378 3570 quos
3406 3495 3477 3550 ad
3510 3495 3768 3547 sanctam
3796 3505 3890 3560 sy-

2250 3610 2473 3666 nodum
2513 3606 2633 3661 vice
2678 3606 2871 3658 nostra
2910 3614 3013 3671 pro
3056 3593 3350 3650 catholicae
3398 3588 3530 3643 ﬁdei
3556 3582 3894 3641 defensione

2253 3703 2589 3768 direximus,
2623 3697 2796 3754 etiam
2826 3696 3029 3749 vestrae
3061 3686 3355 3745 sententiae
3384 3680 3659 3756 professio
3683 3679 3896 3750 junge-

2253 3802 2431 3854 retur.
2463 3794 2577 3851 Sed
2622 3808 2755 3847 cum
2798 3790 2979 3845 multa
3012 3782 3301 3841 obstacula
3331 3776 3687 3849 inopinatam
3723 3770 3896 3826 nobis

2255 3889 2554 3947 intulerint
2579 3886 2928 3953 tarditatem,
2957 3877 3273 3953 quamlibet
3304 3889 3457 3928 seras
3484 3874 3542 3925 et
3570 3868 3671 3923 diu
3696 3881 3899 3937 exspe-

2257 3991 2431 4042 ctatas
2457 3981 2720 4054 epistolas
2744 3995 2846 4051 per
2863 3978 3101 4033 fratrem
3122 3976 3178 4027 et
3201 3968 3601 4039 coepiscopum
3626 3965 3897 4017 nostrum

2259 4078 2601 4151 lngenulum
2632 4075 2923 4146 gratanter
2935 4067 3276 4140 accepimus,
3314 4075 3524 4132 easque
3539 4072 3669 4112 cum
3682 4053 3896 4125 gaudio

2260 4174 2619 4229 recensentes
2639 4165 3022 4241 probavimus,
3056 4162 3200 4217 sicut
3233 4154 3673 4220 conﬁdebamus,
3699 4147 3897 4203 erudi-

2261 4268 2416 4323 tione
2456 4265 2699 4336 Spiritus
2743 4260 2925 4316 sancti
2953 4257 3238 4312 coelestem
3276 4253 3337 4306 in
3372 4248 3530 4305 vobis
3566 4246 3757 4316 vigere
3791 4242 3897 4297 do-

2261 4362 2521 4431 ctrinam,
2575 4374 2745 4431 quam
2795 4355 2855 4410 in
2911 4349 3276 4408 orientalibus
3340 4342 3586 4400 ecclesiis
3647 4336 3907 4393 versutia

2263 4456 2437 4511 hostis
2464 4451 2705 4524 antiqui,
2754 4465 2855 4521 per
2891 4464 2985 4502 eos
3019 4461 3160 4517 quos
3203 4456 3471 4513 sequaces
3518 4450 3651 4490 suos
3685 4430 3910 4502 reperit

527 4553 650 4609 ritis
665 4557 861 4607 autem
887 4548 1238 4620 apostolatus
1260 4545 1433 4600 vestri
1449 4544 1578 4617 pius
1593 4545 1859 4600 dominus
1879 4545 2159 4617 praestitit,
2183 4549 2480 4630 Dfalsitas
2518 4546 2757 4617 fatigare
2802 4547 3000 4597 conata
3063 4541 3169 4606 est,
3223 4550 3356 4590 cum
3402 4528 3674 4587 catholica
3736 4524 3911 4589 ﬁdes,

535 4652 596 4703 ut
622 4645 884 4701 haeresim
908 4643 1034 4714 jam
1063 4641 1161 4695 diu
1186 4640 1403 4695 occulte
1428 4639 1706 4695 nutritam
1726 4639 1925 4695 vestris
1951 4619 2236 4710 tempO-f'
2270 4660 2397 4717 quae
2423 4642 2584 4697 nulla
2618 4639 2707 4695 sui
2736 4641 2823 4693 est
2850 4640 3015 4709 parte
3058 4628 3368 4693 mutabilis,
3400 4640 3502 4697 per
3527 4624 3675 4695 ipsas
3701 4619 3911 4674 adver-

535 4742 691 4797 ribus
708 4739 994 4812 proderet.
1023 4736 1106 4791 Ad
1124 4735 1357 4791 laudem
1377 4730 1529 4790 enim
1558 4734 1953 4789 sollicitudinis
1969 4738 2170 4789 vestras
2271 4738 2521 4794 gantiam
2557 4731 2991 4789 exercitationes
3026 4732 3084 4782 et
3110 4723 3349 4780 validior
3373 4718 3650 4775 efﬁciatur
3677 4729 3917 4785 semper

536 4835 806 4909 pertinet,
838 4831 990 4904 quod
1020 4831 1307 4886 malorum
1336 4844 1499 4884 error
1522 4830 1701 4883 latere
1728 4845 1843 4882 non
1878 4828 2081 4899 potuit,
2108 4845 2172 4882 ac

539 4929 806 5002 gloriosae
832 4925 966 4980 ﬁdei
988 4923 1274 4980 redundat
1300 4922 1456 4995 quod
1479 4939 1646 4993 prava
1675 4921 1965 4992 persuasio
1991 4923 2170 4992 parti-

542 5023 718 5094 cipes,
752 5023 854 5076 aut
882 5036 996 5074 non
1021 5017 1257 5085 invenit,
1277 5016 1652 5072 autinventos
1683 5015 2176 5088 amisit.Respiciat

544 5117 733 5187 itaque
759 5112 1146 5170 conservando
1172 5113 1555 5182 apostolatum
1579 5119 1830 5164 vestrum
1855 5110 2176 5167 misericors

547 5210 821 5268 Dominus
852 5206 1156 5263 Ecclesiam
1181 5222 1341 5261 suam
1372 5209 1495 5260 toto
1528 5203 1665 5259 orbe
1700 5203 1983 5261 diffusam.
2010 5206 2177 5261 Vobis

548 5305 704 5363 enim
731 5303 809 5359 ita
828 5299 1273 5374 invigilantibus,
1304 5301 1363 5354 et
1391 5297 1453 5352 hi
1483 5297 1581 5369 qui
1608 5313 1801 5352 curam
1826 5297 2035 5355 animae
2060 5317 2178 5356 sum

552 5401 763 5473 gerunt
810 5395 1164 5451 sollicitiores
1210 5394 1268 5447 in
1324 5390 1436 5446 ﬁde
1490 5390 1825 5460 redduntur,
1866 5396 1923 5448 et
1973 5393 2033 5449 hi
2082 5395 2179 5466 qui

550 5494 723 5568 paulo
752 5489 976 5547 desides
1008 5491 1160 5554 sunt,
1192 5490 1354 5542 tanto
1391 5484 1460 5539 ad
1505 5485 1938 5543 sollicitudinem
1980 5506 2175 5545 accen-

554 5589 770 5645 duntur
794 5583 1077 5654 exemplo.
1109 5578 1272 5644 Quod
1298 5596 1401 5633 nos
1439 5583 1572 5634 ante
1605 5581 1794 5637 oculos
1819 5599 2047 5655 semper
2075 5584 2177 5639 ha-

555 5684 777 5748 bentes,
800 5693 918 5732 non
939 5674 1265 5729 desinemus
1289 5675 1402 5729 Deo
1414 5690 1476 5729 ac
1500 5675 1738 5731 Domino
1758 5682 1952 5733 nostro
1973 5679 2182 5750 gratias

558 5789 751 5844 agere,
781 5776 838 5824 et
868 5768 1081 5840 pariter
1110 5766 1808 5839 supplicaregratulantes
1830 5773 1981 5843 quod
2006 5776 2182 5827 tantae

559 5864 886 5929 sanctitatis,
916 5864 1086 5917 tantae
1124 5859 1275 5929 ﬁdei,
1306 5865 1589 5935 tantaeque
1619 5864 1914 5934 doctrinae,
1953 5868 2181 5936 aposto-

2274 4838 2332 4888 et
2368 4831 2571 4887 clarior
2621 4830 2895 4900 operante
2933 4824 3057 4879 haec
3088 4819 3267 4893 gratia
3290 4816 3414 4883 Dei,
3460 4819 3523 4868 ut
3551 4812 3596 4867 si
3633 4808 3731 4882 qui
3755 4808 3915 4863 forte

2273 4927 2343 4982 ad
2391 4927 2512 4980 haec
2552 4921 2777 4978 subtilia
2825 4916 3043 4975 inimici
3094 4914 3284 4987 jacula
3336 4906 3664 4966 declinanda
3715 4903 3920 4959 minus

2276 5024 2438 5076 erant
2461 5016 2719 5073 instructi
2745 5015 3052 5084 minusque
3073 5008 3320 5075 solliciti,
3346 5001 3628 5078 perceptis
3653 5002 3921 5056 veritatis

2274 5112 2468 5179 armis,
2499 5112 2704 5167 ﬁerent
2732 5112 2929 5165 contra
2950 5104 3261 5177 impiorum
3294 5096 3594 5155 mendacia
3619 5094 3915 5150 fortiores.

2278 5207 2424 5272 Quid
2455 5221 2592 5277 ergo
2640 5204 2783 5259 sicut
2820 5217 2985 5257 causa
3026 5197 3292 5272 poscebat
3341 5191 3609 5249 ﬁduciam
3655 5192 3917 5244 nostram

2277 5318 2450 5374 quam
2495 5300 2566 5355 de
2592 5298 2752 5354 vobis
2792 5296 3072 5352 habemus
3101 5293 3161 5347 in
3194 5288 3437 5345 Domino
3467 5284 3711 5341 ﬁdeliter
3734 5286 3916 5354 atque

2279 5395 2612 5450 obedienter
2640 5390 2872 5448 auxistis
2900 5389 3083 5445 multa
3110 5383 3484 5441 exsultatione
3509 5378 3919 5451 gaudemus,et

2281 5490 2486 5545 merito
2517 5503 2619 5543 nos
2665 5483 3056 5558 cognoscimus
3109 5481 3312 5535 fratres
3340 5481 3396 5532 et
3432 5472 3789 5545 coepiscopis
3814 5489 3920 5530 no-

2279 5584 2382 5639 tris
2410 5580 2779 5638 orientalibus
2816 5578 3126 5639 intimasse,
3174 5572 3331 5646 quod
3378 5569 3696 5625 secundum
3745 5583 3919 5621 evan-

2283 5679 2527 5749 gelicam
2555 5679 2613 5731 et
2641 5673 3012 5746 apostolicam
3033 5669 3398 5725 traditionem
3431 5664 3500 5719 de
3519 5661 3919 5717 incarnatione

2280 5770 2505 5829 Domini
2534 5769 2712 5831 nostri
2757 5770 2889 5823 Jesu
2934 5764 3141 5822 Christi
3187 5780 3298 5819 una
3323 5763 3472 5817 esset
3512 5756 3771 5813 omnium
3810 5771 3915 5809 no-

2286 5870 2467 5921 strum
2508 5868 2567 5919 et
2596 5862 2897 5918 indiscreta
2946 5858 3270 5929 confessio;
3330 5869 3511 5926 neque
3557 5851 3685 5906 ullis
3712 5866 3919 5906 eorum
