4034 6316
156 345 246 398 837

1379 345 1849 402 DECRETALTUM
1885 345 2270 402 COLLECTIO.

3401 349 3501 404 838

156 449 622 521 disputationibus
655 449 915 518 detineri,
950 455 1014 506 ut
1039 450 1202 508 aliter
1226 451 1440 524 aliquid
1466 456 1535 509 de
1567 456 1776 510 summi
1799 454 2154 543 Aprincipia
2195 454 2424 508 beatum
2461 453 2707 510 Marcum
2734 452 3048 508 beatissimi
3083 452 3234 508 Petri
3264 455 3504 524 apostoli

156 551 206 598 et
228 544 508 598 salutiferi
541 545 880 600 sacramenti
916 544 1148 602 veritate
1183 546 1486 618 sapiamus,
1515 565 1686 620 quam
1713 567 1774 604 ex

153 638 552 708 praedicatione
590 641 912 694 sanctorum
951 641 1204 706 Patrum,
1238 646 1294 696 et
1339 658 1408 696 ex
1446 643 1776 696 auctoritate

153 731 640 786 incommutabilis
659 731 898 804 symboli
919 732 1220 788 didicimus
1241 737 1298 790 et
1315 735 1603 804 docemus,
1626 737 1780 791 dam-

155 825 374 879 natisab
391 824 698 879 universali
715 825 955 880 Ecclesia
978 831 1034 880 et
1053 843 1204 882 nunc
1221 829 1512 900 Eutycheti
1535 833 1592 884 et
1608 831 1779 884 antea

153 917 422 987 Nestorio,
456 935 702 988 quorum
733 919 778 972 si
809 919 934 988 quis
961 936 1076 974 non
1104 920 1352 976 ferendis
1392 921 1778 994 impietatibus

153 1012 430 1066 inhaerere
457 1011 748 1082 delegerit,
770 1012 888 1084 ipse
911 1029 968 1068 se
994 1031 1026 1067 a
1051 1031 1284 1085 corpore
1305 995 1635 1071 Christianae
1657 1017 1779 1071 uni-

153 1105 276 1158 tatis
305 1105 570 1159 abscidit.
595 1106 718 1160 Non
745 1105 898 1160 enim
934 1108 1082 1162 ultra
1101 1108 1220 1178 jam
1255 1108 1524 1180 cuiquam
1556 1127 1779 1165 excusa-

157 1199 316 1252 tionis
362 1198 656 1269 refugium
697 1199 768 1252 de
811 1199 1136 1270 ignorantia
1165 1205 1222 1256 et
1251 1203 1564 1272 inscientia,
1591 1205 1679 1258 vel
1711 1205 1780 1260 de

155 1292 550 1363 intelligentiae
595 1292 925 1347 difficultate
955 1295 1306 1364 conceditur,
1337 1313 1466 1351 cum
1515 1298 1618 1352 hoc
1659 1298 1779 1369 ipso

155 1389 550 1440 sexcentorum
591 1385 712 1440 fere
755 1387 996 1441 fratrum
1042 1388 1624 1462 coepiscoporumque
1672 1409 1777 1446 no-

155 1483 402 1534 strorum
421 1479 672 1550 synodus
700 1485 1052 1552 congregata
1083 1482 1302 1537 nullam
1327 1487 1514 1538 artem
1547 1486 1775 1540 ratioci—

157 1573 346 1642 nandi,
383 1573 604 1628 nullum
644 1573 936 1645 eloquium
984 1575 1294 1631 disserendi
1340 1583 1534 1632 contra
1567 1579 1779 1634 funda-

155 1669 414 1720 mentum
441 1667 578 1720 fidei
603 1666 875 1738 inspirare
899 1668 1243 1740 promiserit,
1269 1671 1538 1742 quoniam
1571 1673 1776 1727 admit-

155 1761 404 1814 tentibus
447 1776 550 1832 per
592 1760 864 1816 auxilium
910 1762 1106 1834 gratiae
1137 1765 1234 1817 Dei
1261 1765 1532 1820 fratribus
1561 1766 1781 1822 vicariis

1877 549 2216 619 discipulum
2247 547 2304 602 in
2331 547 2596 602 omnibus
2624 547 2822 618 utique
2854 546 3127 602 doctrinis
3155 546 3242 602 sui
3269 546 3508 602 doctoris

1877 641 2203 714 magisterio
2222 644 2627 694 consonantem
2647 639 2846 694 habuit
2861 641 3248 708 fundatorem,
3265 633 3508 712 quasque

1875 738 2073 807 postea
2093 734 2502 790 recentioribus
2520 751 2552 788 a
2573 737 2764 788 nostra
2783 736 2950 788 aetate
2971 733 3324 805 temporibus
3342 735 3510 788 Atha-

1877 829 2121 896 nasium,
2159 828 2558 898 The0philum,
2599 832 2656 882 et
2697 827 2954 898 proxime
2992 827 3264 898 Cyrillum
3297 828 3503 899 proba-

1879 922 2119 976 tissimos
2137 921 2408 993 praesules
2429 921 2652 988 habuit,
2679 920 2972 992 indignam
2999 919 3380 991 captivitatem
3405 921 3507 974 sub

1879 1015 2131 1071 hmretici
2179 1013 2570 1069 dominatione
2621 1017 2931 1086 pateretur.
2985 1014 3145 1068 Unde
3196 1014 3506 1068 secundum

1879 1124 2150 1180 magnam
2178 1107 2628 1162 misericordiam
2651 1107 2750 1162 Dei
2775 1107 3066 1161 universos
3094 1107 3308 1160 diaboli
3332 1123 3506 1160 cona-

1881 1206 1991 1273 tus,
2024 1203 2232 1274 quibus
2277 1201 2584 1256 Ecclesiam
2625 1201 2852 1255 Domini
2896 1200 3238 1254 conturbare
3277 1200 3509 1254 molitus

1881 1301 1984 1364 est,
2031 1295 2299 1350 noveritis
2343 1312 2465 1348 esse
2511 1295 2840 1350 destructos.
2890 1294 3126 1350 Reddite
3177 1293 3351 1364 igitur
3393 1296 3508 1349 Deo

1883 1390 2109 1460 gratias,
2133 1389 2335 1442 fratres
2361 1387 2697 1454 charissimi,
2721 1387 2955 1458 dignam
2996 1387 3306 1458 gratiarum
3335 1387 3506 1440 actio-

1882 1499 2036 1549 nem,
2077 1487 2134 1536 ct
2176 1487 2298 1536 oret
2347 1481 2644 1536 nobiscum
2685 1486 2870 1536 vestra
2909 1480 3158 1546 dilectio,
3200 1484 3265 1534 ut
3311 1481 3512 1534 fratres

1882 1582 2120 1644 nostros,
2153 1593 2297 1646 quos
2345 1575 2688 1646 exspectatio
2733 1579 2925 1629 nostra
2965 1575 3264 1643 desiderat,
3293 1573 3512 1628 incolu-

1881 1687 2002 1725 mes
2029 1686 2200 1742 quam
2231 1669 2484 1740 primum
2519 1667 2751 1723 rediisse
2778 1667 3062 1737 laetemur,
3088 1673 3144 1722 et
3161 1667 3230 1722 de
3252 1667 3514 1722 omnibus

1881 1781 2028 1836 quae,
2046 1764 2285 1818 Domino
2319 1763 2646 1833 adjuvante,
2668 1766 2800 1816 sunt
2834 1766 2996 1833 gesta
3029 1761 3251 1832 plenius
3273 1777 3371 1815 vos
3395 1777 3518 1832 pos-

157 1855 382 1924 nostris,
413 1870 658 1926 quorum
693 1855 1019 1926 plenissima
1054 1858 1268 1913 exstitit
1291 1859 1351 1912 in
1378 1860 1532 1914 omni
1562 1862 1782 1916 actione
1803 1856 1858 1928 B
1883 1875 2073 1912 semus
2101 1857 2404 1912 instruere.
2438 1858 2578 1910 Nam
2614 1857 2848 1910 fratrem
2885 1855 3226 1925 lngenulum
3251 1854 3518 1908 nolumus

157 1947 398 2014 devotio,
433 1965 550 2002 non
593 1949 779 2003 solum
819 1950 1200 2006 sacerdotibus
1236 1953 1459 2022 Christi,
1489 1955 1588 2009 sed
1615 1955 1780 2010 etiam

157 2042 508 2113 principibus
551 2045 608 2096 et
650 2043 1020 2114 potestatibus
1065 2045 1418 2116 Christianis,
1455 2049 1779 2121 cunctisque

158 2135 394 2204 clericis,
425 2135 709 2206 plebibus,
739 2136 1052 2206 ordinibus,
1089 2138 1256 2209 plene
1286 2143 1456 2210 atque
1493 2141 1785 2196 evidenter

159 2229 422 2299 apparuit
465 2230 610 2284 hanc
655 2246 775 2284 esse
813 2247 945 2284 vere
978 2232 1340 2302 apostolicam
1379 2233 1550 2289 ﬁdem
1591 2252 1658 2290 ex
1696 2236 1780 2290 di-

158 2323 298 2376 vinae
325 2321 552 2393 pietatis
575 2323 731 2377 fonte
759 2327 1110 2393 manantem,
1133 2343 1308 2397 quam
1329 2326 1604 2383 sinceram
1633 2332 1690 2384 et
1717 2330 1784 2385 ab

161 2415 318 2470 omni
361 2416 488 2470 fece
535 2417 705 2471 totius
737 2418 942 2472 erroris
971 2419 1216 2474 alienam
1249 2421 1412 2490 (sicut
1447 2422 1784 2493 accepimus)

159 2509 556 2581 praedicamus,
587 2513 644 2564 et
669 2511 930 2566 universo
967 2512 1094 2583 jam
1136 2515 1352 2568 mundo
1394 2516 1786 2571 consentiente

163 2605 546 2674 defendimus,
577 2607 862 2662 exstinctis
881 2610 1000 2662 toto
1020 2609 1156 2663 orbe
1178 2609 1544 2682 dogmatibus
1558 2628 1684 2684 quae
1699 2614 1786 2668 vel

161 2700 489 2770 praecedens
536 2701 834 2756 haereticus
879 2718 1047 2756 ausus
1090 2707 1174 2758 est
1217 2703 1426 2759 inferre
1461 2707 1548 2761 vel
1589 2707 1784 2761 subse-

160 2810 358 2864 quens,
393 2793 656 2848 dissimili
700 2794 930 2865 quidem
976 2802 1316 2868 commento,
1351 2800 1451 2853 sed
1491 2799 1786 2872 impietate

159 2888 434 2958 compari.
477 2888 619 2942 Nam
675 2888 818 2942 sicut
863 2890 1152 2945 Nestorius
1204 2909 1317 2946 non
1370 2899 1456 2948 est
1496 2896 1785 2964 toleratus,

159 2982 453 3036 afﬁrmans
507 2981 733 3036 beatam
790 2983 1024 3038 Mariam
1088 2986 1338 3040 hominis
1391 2990 1786 3044 tantummodo

161 3071 328 3125 fuisse
351 3071 694 3142 genitricem
721 3073 818 3146 qui
855 3075 1218 3145 postmodum
1250 3077 1320 3130 sit
1347 3092 1380 3130 a
1409 3077 1590 3132 Verbo
1612 3079 1786 3132 deita-

161 3161 230 3214 tis
282 3166 592 3232 susceptus,
641 3161 861 3218 duabus
906 3163 1116 3218 scilicet
1158 3165 1373 3220 naturis
1419 3183 1484 3221 ex
1535 3169 1790 3237 personis

162 3229 464 3323 distinctis,
507 3229 586 3309 ut.
615 3272 804 3327 neque
847 3257 966 3328 ipse
1016 3263 1163 3312 esset
1210 3258 1361 3314 ﬁlius
1411 3229 1654 3315 hominis
1695 3229 1866 3332 qui(1

161 3347 331 3402 Filius
363 3349 483 3416 Dei,
517 3365 621 3404 nec
645 3365 794 3404 unus
817 3351 1069 3406 Christus
1093 3352 1153 3407 in
1183 3355 1425 3424 utraque
1451 3361 1671 3424 natura,
1695 3357 1792 3410 sed

158 3441 306 3496 alter
333 3442 714 3514 sempiternus
743 3461 808 3499 ex
834 3446 1017 3515 Patre,
1049 3447 1192 3502 alter
1215 3448 1545 3519 temporalis
1577 3465 1646 3503 ex
1673 3465 1793 3502 ma-

159 3541 269 3604 tre,
301 3553 436 3590 cum
461 3538 786 3608 evangelica
816 3541 1120 3594 auctoritas
1145 3541 1224 3596 ita
1251 3542 1496 3596 Verbum
1521 3542 1794 3614 praedicet

159 3646 400 3684 carnem
453 3631 691 3699 factum,
741 3639 800 3688 ut
853 3650 966 3688 non
1015 3635 1154 3688 duos
1197 3635 1446 3691 Christos
1499 3653 1601 3692 nec
1651 3637 1794 3691 duos

159 3723 324 3790 ﬁlios,
367 3725 471 3780 sed
511 3725 574 3780 in
625 3743 736 3780 uno
776 3727 1018 3782 Domino
1066 3731 1197 3784 Jesu
1237 3730 1457 3785 Christo
1497 3734 1554 3784 et
1599 3731 1696 3785 Dei
1739 3737 1796 3787 et

157 3818 414 3872 hominis
441 3819 608 3874 nobis
635 3821 886 3876 insinuet
915 3822 1230 3891 veritatem,
1258 3827 1325 3878 ut
1349 3825 1642 3897 utriusque
1670 3825 1796 3880 sub-

159 3913 410 3980 stantiae,
445 3913 502 3967 id
549 3918 651 3982 est,
689 3915 949 3970 salvantis
997 3922 1168 3988 atque
1218 3920 1466 3987 salvatte,
1515 3936 1620 3974 nec
1661 3937 1790 3991 pro-

157 4006 374 4077 prietas
399 4007 575 4078 possit
600 4009 896 4078 confundi,
924 4027 1030 4065 nec
1045 4027 1290 4082 persona
1313 4013 1616 4084 geminari.
1639 4013 1796 4068 Sicut

161 4115 303 4170 ergo
345 4100 632 4156 Nestorius
657 4102 716 4156 in
744 4119 845 4157 suo
877 4104 1144 4174 dogmate
1189 4107 1574 4174 exsecrabilis,
1618 4107 1696 4161 sic
1742 4113 1796 4162 et

159 4194 444 4266 Eutyches
485 4195 820 4251 damnatum
871 4198 1008 4252 olim
1062 4203 1306 4254 sectatus
1351 4217 1638 4268 errorem,
1685 4201 1796 4255 alia

159 4287 504 4357 profanitate
519 4288 925 4361 blasphemans
947 4308 980 4344 a
1006 4293 1301 4348 catholicae
1322 4293 1620 4348 soliditatis
1647 4311 1796 4349 com-

161 4396 308 4452 page
361 4385 647 4437 resecatus
695 4389 796 4453 est,
843 4385 980 4456 quia
1029 4385 1270 4441 indoctis
1315 4389 1654 4458 quibusdam
1705 4389 1791 4442 ni-

157 4475 458 4546 miumque
483 4476 827 4547 simplicibus
845 4481 1190 4550 persuadere
1211 4482 1453 4536 tentavit
1474 4483 1628 4554 quod
1657 4484 1790 4537 Ver-

1884 1953 1990 2006 hac
2046 1950 2462 2022 exspectatione
2508 1949 2745 2016 tardari,
2779 1966 2908 2002 cum
2938 1949 3008 2002 ob
3038 1949 3145 2002 hoc
3173 1949 3362 2018 ipsum
3389 1965 3518 2019 pro-

1884 2045 2136 2117 peratius
2178 2059 2434 2099 remeare
2474 2042 2754 2108 debuerit,
2784 2057 2888 2096 nec
2927 2041 3139 2096 diutius
3178 2042 3334 2096 vobis
3373 2047 3517 2096 esset

1885 2139 2176 2209 incognita
2201 2137 2456 2192 omnium
2477 2135 2718 2190 materia
2741 2135 3102 2206 gaudiorum,
3117 2151 3243 2206 quae
3257 2135 3516 2190 volumus

1885 2250 1989 2305 per
2009 2249 2206 2287 curam
2232 2230 2550 2286 dilectionis
2570 2233 2769 2284 vestrae
2791 2229 2962 2283 etiam
2977 2229 3047 2283 ad
3062 2230 3268 2283 fratres
3295 2232 3520 2283 nostros

1887 2327 2170 2398 Hispaniae
2211 2327 2504 2396 epiSCOpos
2539 2323 2857 2395 pervenire,
2888 2327 2951 2377 ut
2977 2323 3128 2394 quod
3153 2325 3295 2378 Deus
3315 2340 3516 2394 opera-

1887 2424 1978 2475 tus
2004 2424 2106 2488 est,
2139 2419 2282 2474 nulli
2313 2437 2436 2473 esse
2467 2419 2644 2490 possit
2667 2416 3051 2488 incognitum.
3083 2418 3224 2470 Data
3250 2417 3519 2472 Kalendis

1889 2513 2196 2582 Februarii,
2226 2513 2542 2567 Herculano
2575 2512 2694 2565 viro
2715 2510 3029 2564 clarissimo
3057 2511 3301 2564 consule.

1924 2607 2111 2680 207
2159 2607 2219 2662 L.
2247 2638 2314 2646 —-
2345 2607 2435 2661 Ad
2460 2608 2796 2661 Martianu-m
2822 2605 3130 2673 Augustum
3163 2606 3228 2658 de
3255 2605 3479 2659 Pascha.

1957 2704 2092 2756 Tam
2121 2701 2314 2754 multis
2341 2699 2699 2754 documentis
2739 2714 2838 2768 per
2878 2714 3077 2752 omnes
3107 2697 3312 2752 Christi
3341 2699 3518 2752 eccle-

1888 2797 1997 2850 sias
2022 2795 2164 2849 ﬁdes
2190 2799 2389 2849 vestrae
2416 2793 2644 2865 pietatis
2673 2792 2944 2860 innotuit,
2983 2797 3042 2846 ut
3078 2792 3123 2846 si
3149 2793 3288 2863 quid
3313 2793 3520 2846 sollici—

1889 2890 2152 2944 tudinum
2187 2905 2291 2961 pro
2324 2887 2612 2942 communi
2650 2885 2929 2957 religione
2961 2889 3284 2957 generatur,
3313 2887 3521 2942 merito

1889 2988 2138 3038 vestrum
2183 2985 2398 3054 quaerat
2436 2981 2732 3036 auxilium.
2767 2981 2834 3034 Et
2875 2979 3011 3052 quia
3048 2996 3269 3036 memor
3294 2979 3520 3051 dispen-

1890 3077 2141 3146 sationis,
2177 3077 2318 3130 mihi
2363 3077 2593 3143 credite,
2643 3091 2874 3129 necesse
2916 3074 3102 3128 habeo
3143 3091 3307 3129 curas
3343 3091 3522 3142 meas,

1893 3173 2066 3228 etiam
2093 3172 2152 3225 in
2184 3187 2251 3226 ea
2281 3187 2410 3242 quae
2439 3173 2568 3224 sunt
2595 3169 2809 3239 futura,
2852 3168 3222 3240 praemittere,
3264 3185 3380 3224 non
3411 3170 3521 3224 im-

1893 3267 2066 3338 probe
2096 3266 2260 3336 cupio
2283 3263 2594 3319 clementia:
2621 3267 2820 3316 vestra!
2843 3262 3044 3316 studiis
3065 3261 3341 3332 adjuvari,
3375 3266 3439 3317 ut
3465 3263 3524 3316 in

1894 3378 1959 3415 ca
1992 3358 2367 3428 observantia,
2401 3374 2528 3428 qua:
2562 3362 2713 3411 certa
2749 3371 2973 3425 semper
3002 3354 3224 3410 ratione
3251 3355 3520 3424 variatur,

1893 3453 2035 3510 nihil
2065 3452 2242 3524 possit
2271 3451 2478 3507 erroris
2511 3449 2742 3504 incurri.
2775 3448 3036 3503 Paschale
3070 3449 3282 3502 etenim
3313 3448 3522 3503 festum

1894 3566 2006 3621 quo
2034 3549 2458 3602 sacramentum
2479 3543 2674 3598 salutis
2697 3545 2964 3597 humanae
2990 3541 3236 3596 maxime
3265 3542 3520 3596 contine-

1893 3647 2006 3712 tur,
2041 3639 2301 3714 quamvis
2331 3639 2388 3693 in
2414 3637 2600 3710 primo
2633 3653 2864 3708 semper
2893 3651 3090 3690 mense
3121 3636 3522 3691 celebrandum

1897 3738 1984 3805 sit,
2013 3737 2091 3790 ita
2119 3741 2312 3790 tamen
2353 3737 2437 3788 est
2481 3731 2697 3786 lunaris
2743 3747 2940 3785 cursus
2983 3729 3310 3784 conditione
3335 3735 3522 3785 muta-

1893 3832 2028 3902 bile,
2051 3833 2117 3885 ut
2145 3831 2481 3901 plerumque
2507 3825 2872 3880 sacratissimi
2902 3824 3012 3880 diei
3039 3823 3308 3894 ambigua
3333 3827 3526 3879 currat

1895 3926 2119 3994 electio,
2148 3928 2300 3979 etex
2325 3923 2430 3976 hoc
2455 3921 2557 3975 ﬁat
2580 3921 2920 3992 plerumque
2950 3918 3102 3991 quod
3133 3935 3252 3974 non
3283 3918 3437 3988 licet,
3467 3923 3527 3974 ut

1893 4037 2008 4076 non
2037 4019 2208 4074 simul
2235 4017 2422 4073 omnis
2448 4015 2709 4084 Ecclesia,
2733 4014 2887 4086 quod
2913 4029 3028 4068 non
3054 4012 3162 4067 nisi
3191 4029 3376 4068 unum
3407 4029 3527 4068 esse

1897 4116 2143 4186 oportet,
2173 4113 2450 4167 observet.
2481 4109 2877 4178 Studuereque
2914 4107 3090 4162 sancti
3129 4109 3324 4162 Patres
3362 4124 3524 4162 occa-

1896 4209 2114 4263 sionem
2144 4206 2315 4276 hujus
2353 4203 2558 4258 erroris
2589 4203 2812 4257 auferre
2839 4219 2852 4268 ;
2895 4217 3124 4256 omnem
3159 4201 3306 4255 hanc
3331 4217 3526 4255 curam

1894 4300 2275 4356 Alexandrino
2336 4298 2599 4368 episcopo
2653 4295 3004 4364 delegantes,
3047 4293 3318 4363 quoniam
3375 4294 3524 4364 apud

1895 4393 2181 4465 ngyptios
2209 4391 2377 4461 hujus
2406 4387 2822 4460 supputationis
2841 4386 3154 4456 antiquitus
3183 4385 3388 4440 tradita
3405 4403 3524 4441 esse

1894 4488 2188 4542 videbatur
2217 4483 2438 4556 peritia,
2469 4499 2570 4554 per
2605 4498 2781 4552 quam
2811 4480 2910 4552 qui
2947 4479 3108 4534 annis
3135 4478 3373 4550 singulis
3407 4479 3526 4534 dies

157 4567 300 4622 bum
337 4569 436 4624 Dei
480 4569 562 4624 ita
603 4587 736 4626 caro
781 4573 851 4627 sit
888 4574 1122 4642 factum,
1145 4577 1210 4628 ut
1239 4591 1432 4630 veram
1467 4592 1696 4631 carnem
1724 4577 1794 4631 de
1814 4611 1874 4682 D
1895 4581 2182 4654 praedictae
2213 4576 2580 4632 solemnitatis
2612 4575 2883 4643 eveniret,
2920 4573 3054 4628 Sedi
3096 4573 3420 4642 apostolicus
3446 4573 3528 4627 in-

161 4669 358 4718 ventre
409 4664 654 4736 Virginis
703 4683 820 4721 non
873 4669 1200 4740 sumpserit,
1257 4686 1359 4724 nec
1405 4671 1580 4726 nostri
1635 4671 1794 4725 illum

159 4757 390 4827 generis
417 4774 625 4830 corpus
650 4760 930 4830 habuisse,
959 4763 1061 4817 sed
1090 4763 1397 4818 divinitatis
1431 4765 1555 4834 ejus
1591 4769 1647 4819 et
1682 4782 1796 4820 car-

161 4851 250 4904 nis
293 4869 408 4906 una
449 4856 597 4908 esset
640 4857 861 4926 natura,
888 4859 954 4911 ut
987 4875 1164 4912 unum
1201 4858 1504 4913 Dominum
1537 4865 1792 4914 nostrum

155 4945 352 5000 Iesum
401 4949 460 5000 et
501 4947 708 5003 falsum
755 4949 1050 5006 hominem
1095 4957 1151 5007 et
1199 4953 1376 5007 Deum
1427 4953 1636 5008 diceret
1676 4971 1794 5009 esse

159 5039 508 5108 passibilem.
549 5042 710 5106 Quod
743 5059 846 5098 nec
876 5045 1052 5115 pietas
1081 5046 1236 5116 ﬁdei,
1273 5063 1378 5102 nec
1417 5047 1561 5102 ratio
1599 5049 1798 5120 recipit

159 5134 524 5204 sacramenti,
571 5141 634 5191 ut
676 5143 774 5192 aut
819 5138 878 5193 in
921 5157 1020 5194 sua
1065 5145 1268 5196 natura
1312 5141 1590 5213 passibilis
1627 5143 1799 5197 fuerit

160 5225 364 5296 deitas,
384 5235 484 5284 aut
517 5231 576 5284 in
602 5233 962 5304 susceptione
991 5235 1247 5290 humana
1285 5237 1522 5292 mentita
1554 5237 1624 5292 sit
1650 5237 1794 5291 veri-

159 5329 264 5381 tas.
307 5327 448 5391 Quae
492 5325 906 5382 diabolicorum
946 5345 1216 5384 sensuum
1267 5331 1592 5402 prodigiosa
1637 5349 1796 5386 com-

161 5425 398 5490 menta,
451 5425 644 5476 sancta
700 5438 854 5476 nunc
907 5425 1154 5494 synodus
1203 5425 1539 5480 humilitatis
1589 5429 1796 5480 nostrae

162 5513 388 5586 scriptis
451 5516 786 5570 auctoritate
851 5517 1070 5572 domini
1125 5519 1238 5573 mei
1288 5519 1601 5574 beatissimi
1651 5520 1798 5574 Petri

165 5609 428 5679 apostoli,
464 5611 522 5664 et
565 5611 772 5664 merito
807 5612 1084 5668 roboretis
1123 5613 1388 5682 religiosa
1424 5614 1799 5670 unanimitate

165 5703 526 5758 consentiens
546 5703 928 5760 abominanda
959 5707 1030 5760 ab
1058 5707 1304 5762 Ecclesia
1330 5708 1427 5763 Dei
1465 5709 1799 5780 amputavit.

167 5795 496 5852 Dioscorum
527 5815 754 5872 quoque
779 5801 1224 5858 Alexandrinum
1263 5803 1322 5859 in
1361 5821 1462 5860 sua
1507 5806 1802 5878 impietate

169 5896 524 5962 manentem,
543 5909 614 5949 ne
635 5894 730 5950 illa
751 5896 998 5952 Ecclesia
1034 5915 1162 5970 quae
1191 5899 1341 5954 inter
1374 5901 1492 5972 ipsa
1521 5901 1804 5973 Evangelii

1897 4677 2198 4744 dicaretur,
2241 4672 2408 4743 hujus
2458 4669 2652 4741 scripti
2693 4669 2762 4723 ad
2807 4665 3237 4738 longinquiores
3266 4667 3526 4720 ecclesias

1890 4770 2170 4843 judicium
2191 4765 2532 4839 generaliter
2553 4762 2827 4834 percurri.
2861 4761 2970 4816 Sed
2999 4765 3204 4814 sanctae.
3231 4759 3526 4815 memoriae

1895 4863 2240 4935 Theophilus
2286 4858 2676 4915 Alexandrina:
2722 4854 2968 4911 ecclesias
3019 4853 3174 4908 urbis
3228 4853 3528 4926 episcopus

1897 4977 2028 5015 cum
2057 4958 2226 5028 hujus
2254 4953 2661 5010 observationis
2681 4968 2862 5007 annos
2883 4954 3112 5005 centum
3135 4963 3376 5003 numero
3417 4949 3530 5003 col-

1897 5055 2144 5125 legisset,
2177 5047 2598 5122 septuagesimo
2628 5047 2788 5101 sexto
2819 5044 3086 5116 paschale
3119 5043 3329 5098 festum
3353 5043 3528 5114 longe

1897 5149 2060 5204 aliter
2075 5163 2248 5218 quam
2261 5143 2354 5199 alii
2369 5143 2738 5199 decreverant
2749 5139 3066 5194 tenendum
3079 5154 3200 5193 esse
3215 5137 3526 5204 constituit,

1899 5261 1932 5299 a
1961 5242 2150 5315 primo
2180 5241 2438 5310 augustae
2477 5235 2774 5291 memoria:
2810 5231 3105 5288 Theodosii
3132 5232 3373 5286 senioris
3403 5249 3532 5286 con-

1899 5339 2102 5404 sulatu,
2136 5333 2507 5390 succedentes
2540 5329 2642 5384 sibi
2686 5343 2858 5383 sacrm
2900 5327 3274 5381 observantia:
3303 5326 3532 5381 ordines

1899 5447 2139 5504 ponens,
2173 5433 2238 5484 ut
2273 5424 2546 5497 longioris
2591 5421 2865 5493 temporis
2889 5421 3031 5475 ratio
3063 5420 3186 5492 ejus
3219 5419 3419 5476 litteris
3445 5423 3526 5474 te-

1899 5528 2134 5581 neretur
2159 5522 2421 5592 ascripta,
2459 5519 2618 5590 cujus
2655 5515 3058 5587 complexionis
3083 5513 3533 5586 septuagesimus

1901 5623 1956 5676 et
1976 5623 2212 5692 quartus
2243 5619 2326 5672 est
2349 5629 2561 5680 annus;
2585 5613 2644 5666 in
2672 5627 2784 5682 qua
2809 5609 2992 5681 pridie
3024 5609 3150 5664 Idus
3170 5607 3372 5678 Aprilis
3399 5622 3526 5658 san-

1902 5717 2054 5769 ctum
2089 5711 2300 5767 Pascha
2334 5707 2760 5774 celebravimus,
2787 5703 3044 5776 sequenti
3071 5717 3205 5757 vero
3232 5715 3384 5754 anno
3411 5697 3533 5768 pri-

1905 5810 1996 5864 die
2027 5809 2212 5863 Nonas
2228 5804 2434 5877 Aprilis
2457 5803 2682 5872 eadem,
2701 5799 2951 5872 propitio
2981 5799 3114 5864 Deo,
3143 5793 3252 5848 erit
3273 5792 3540 5847 habenda

1905 5903 2194 5966 festivitas,
2226 5899 2364 5954 sicut
2409 5897 2744 5966 regulariter
2770 5889 3110 5948 centenariae
3141 5903 3422 5942 annorum
3457 5903 3546 5942 ra-
