4034 6332
481 380 583 434 839
1357 370 1641 430 APPEND.
1681 375 1771 429 AD
1807 375 1965 431 SAEC.
2007 376 2094 430 IX.
2124 404 2193 415 —-
2230 376 2468 433 lSlDORl
2509 375 2933 433 MERCATORIS
3733 377 3843 430 840

480 484 654 540 tionis
676 484 815 538 ordo
854 483 1121 538 declarat.
1150 482 1260 539 Sed
1298 483 1357 537 in
1386 499 1536 538 anno
1557 483 1653 555 qui
1679 482 1786 537 erit
1812 486 2107 555 septuage-
2129 497 2188 569 Α
2208 486 2385 541 cultui
2410 487 2714 559 dignanter
2742 484 3054 557 impendat,
3075 488 3141 540 ut
3167 500 3264 538 eos
3294 483 3391 555 qui
3426 483 3594 554 hujus
3620 499 3842 555 suppu-

482 577 657 631 simus
673 582 865 631 sextus
884 578 1113 632 Pascha
1135 577 1255 632 dies
1274 577 1595 631 invenietur
1615 577 1915 649 ascriptus,
1936 593 2107 649 quem
2209 580 2440 636 tationis
2457 581 2767 652 perfectam
2781 579 3047 634 videntur
3059 578 3269 632 habere
3281 578 3567 645 notitiam,
3582 576 3639 631 in
3654 593 3847 631 unum

483 687 515 725 a
541 670 798 741 passione
825 671 1044 726 Domini
1075 671 1285 725 nullius
1307 671 1570 741 exempli,
1600 670 1807 724 nullius
1833 671 2108 726 constitu-

480 763 652 818 tionis
701 764 950 819 admittit
986 764 1309 820 auctoritas.
1346 765 1489 818 Nam
1525 764 1680 818 diem
1708 770 1969 819 octavum
2001 766 2108 819 Ka-

432 857 774 929 /lendarum
804 858 1081 913 Maiarum
1113 858 1182 913 ab
1217 875 1282 913 eo
1323 858 1720 928 cognoscimus
1739 857 2109 929 praﬁnitum,

429 938 433 943 ’
479 950 576 1022 qui
622 951 754 1005 anni
805 951 1046 1005 limitem
1093 950 1408 1022 antiquitus
1449 950 1817 1005 constitutum
1869 950 2108 1018 excedit,

479 1059 611 1097 cum
652 1044 745 1097 alii
775 1044 977 1115 quinto
1019 1044 1239 1099 decimo
1270 1043 1658 1099 Kalendarum
1686 1044 1955 1099 Maiarum
1977 1043 2111 1099 huic

478 1136 767 1191 festivitati
788 1137 1187 1208 deputaverint
1209 1138 1377 1194 diem.
1401 1137 1690 1208 Siquidem
1714 1137 1784 1191 ab
1809 1137 2110 1193 undecimo

480 1230 864 1285 Kalendarum
884 1231 1165 1302 Aprilium
1185 1248 1364 1303 usque
1391 1231 1450 1285 in
1480 1230 1703 1286 decimo
1726 1230 2110 1286 Kalendarum

477 1324 750 1378 Maiarum
787 1324 1116 1395 legitimum
1160 1326 1403 1396 spatium
1445 1324 1523 1379 sit'
1557 1323 1927 1396 praﬁnitum.
1958 1325 2111 1378 Intra

479 1417 635 1488 quod
668 1418 922 1471 omnium
951 1418 1288 1473 varietatum
1317 1417 1619 1473 necessitas
1637 1417 2024 1485 concludatur,
2046 1420 2111 1471 ut

478 1510 694 1565 Pascha
716 1510 1094 1581 Dominicum,
1118 1528 1221 1566 nec
1264 1511 1422 1582 prius
1454 1510 1738 1582 possimus
1767 1509 1977 1565 habere
2008 1526 2110 1564 nec

478 1605 713 1658 tardius.
736 1604 900 1669 Quod
925 1605 1079 1659 enim
1110 1604 1169 1659 in
1197 1604 1484 1660 decimum
1509 1607 1566 1658 et
1584 1604 1643 1658 in
1670 1620 1885 1658 nonum
1910 1604 2110 1657 Kalen-

480 1698 679 1752 darum
709 1698 981 1753 Maiarum
1024 1698 1290 1754 videntur
1330 1714 1749 1769 nonnunquam
1786 1697 2109 1769 pervenisse

480 1791 772 1860 festivitas,
807 1792 1057 1863 quadam
1076 1792 1300 1847 ratione
1326 1791 1675 1847 defenditur.
1698 1790 1842 1855 Quia
1869 1791 1972 1847 etsi
1993 1790 2108 1845 dies

2202 674 2404 745 jubeat
2442 674 2764 741 convenire,
2801 678 2857 728 et
2902 672 3207 743 diligenter
3252 671 3564 742 inquirere,
3594 687 3666 725 ne
3691 671 3847 724 forte

2210 768 2333 822 hac
2359 767 2611 822 deﬁnitio
2633 770 2915 836 teneatur,
2949 770 3006 820 et
3035 766 3127 819 hic
3154 781 3411 821 excessus
3435 765 3533 836 qui
3552 764 3849 836 prioribus

2210 861 2433 916 videtur
2456 876 2784 933 repugnare
2818 860 3175 931 temporibus
3213 862 3424 914 nostra
3463 857 3850 913 conniventia

2209 955 2296 1009 vel
2323 954 2690 1026 negligentia
2723 954 3048 1024 deputetur,
3083 958 3139 1007 et
3178 953 3280 1007 ﬁat
3314 953 3373 1006 in
3408 951 3614 1005 nostris
3644 951 3848 1005 diebus

2210 1048 2360 1120 quod
2407 1064 2701 1118 nunquam
2750 1052 2881 1102 ante
2924 1049 3339 1118 prasumptum
3371 1048 3472 1099 est.
3517 1043 3661 1109 Quia
3704 1060 3845 1098 vero

2211 1145 2433 1213 oportet
2458 1141 2870 1197 fraternitatem
2904 1145 3061 1195 tuam
3093 1156 3242 1195 cura
3270 1138 3429 1193 istius
3457 1154 3682 1193 mecum
3717 1154 3845 1192 esse

2209 1235 2563 1307 participem,
2601 1238 2658 1289 et
2693 1251 2767 1288 ne
2801 1232 2939 1305 quid
2964 1234 3079 1288 tale
3105 1233 3320 1288 accidat
3348 1248 3688 1303 praecavere,
3718 1247 3843 1285 cre-

2208 1328 2366 1383 brius
2392 1327 2813 1399 religiosissimo
2861 1332 2919 1382 et
2963 1326 3291 1381 ﬁdelissimo
3331 1325 3574 1397 principi
3601 1325 3845 1396 dignare

2210 1438 2539 1494 suggerere,
2569 1424 2632 1475 ut
2672 1421 3157 1475 indissimulanter
3187 1421 3389 1491 jubeat
3422 1418 3711 1489 Egyptios
3739 1418 3841 1471 ad-

2210 1531 2467 1581 monere,
2498 1531 2569 1568 ne
2616 1515 2675 1569 in
2710 1531 2953 1569 summa
2990 1513 3310 1570 festivitatis
3349 1513 3463 1581 die,
3492 1516 3591 1565 aut
3618 1511 3841 1565 dissen-

2210 1609 2366 1663 sione
2398 1609 2607 1680 aliqua,
2636 1611 2735 1662 aut
2758 1608 3210 1678 transgressione
3238 1611 3518 1678 peccetur.
3555 1604 3844 1675 Quidquid

2208 1708 2399 1758 autem
2429 1702 2500 1755 de
2531 1702 2635 1756 hac
2678 1717 2739 1756 re
2783 1701 3112 1772 diligentius
3142 1701 3482 1771 investigare
3514 1697 3842 1753 sollicitudo

2210 1800 2395 1852 vestra
2425 1796 2693 1866 potuerit,
2723 1795 2833 1850 cito
2859 1795 2927 1850 ad
2960 1794 3225 1849 notitiam
3268 1809 3453 1849 meam
3499 1791 3839 1864 gloriosissi-

480 1884 908 1941 resurrectionis
946 1887 1094 1941 ultra
1122 1886 1433 1940 terminum
1480 1884 1706 1940 videtur
1748 1884 1946 1951 exisse,
1989 1878 2185 1950 diesB
2208 1907 2338 1945 mus
2368 1890 2681 1961 imperator
2708 1888 2912 1959 jubeat
2948 1888 3263 1959 pervenire,
3298 1887 3430 1958 quia
3457 1891 3512 1941 et
3539 1886 3610 1940 ad
3637 1884 3839 1956 ipsius,

481 1982 675 2032 tamen
724 1979 1002 2049 passionis
1044 1978 1285 2033 limitem
1332 1979 1580 2050 positum
1629 1994 1743 2032 non
1788 1977 2107 2033 invenietur

478 2088 758 2143 egressus.
790 2072 872 2129 Ad
910 2076 1173 2127 octavum
1201 2075 1393 2127 autem
1428 2071 1810 2126 Kalendarum
1837 2070 2105 2126 Maiarum

477 2166 791 2237 paschalem
812 2165 1231 2245 observantiam
1246 2166 1556 2237 perducere
1577 2164 1751 2220 nimis
1777 2164 2026 2219 insolens
2053 2170 2108 2219 et

476 2263 676 2332 aperta
718 2260 1091 2331 transgressio
1135 2265 1238 2314 est.
1280 2259 1423 2323 Quia
1451 2275 1588 2330 ergo
1631 2258 1690 2313 in
1732 2259 1843 2329 illa,
1875 2263 1937 2313 ut
1966 2258 2103 2324 dixi,

479 2354 806 2408 centenaria
851 2353 1257 2426 supputatione
1304 2352 1601 2423 Theophili
1656 2351 2107 2423 septuagesimus

478 2451 666 2503 sextus
694 2463 878 2501 annus
919 2447 1068 2502 diem
1108 2447 1337 2502 Pascha
1364 2448 1565 2502 contra
1590 2462 1815 2501 morem
1846 2446 2103 2500 ecclesia-

477 2541 682 2596 sticum
704 2540 967 2595 statuisse
994 2544 1361 2610 monstratur,
1390 2545 1446 2596 et
1470 2556 1586 2594 non
1607 2540 1810 2595 leviter
1828 2539 2109 2611 delinqui-

476 2640 573 2691 tur
601 2635 731 2690 siin
764 2635 1043 2707 principio
1081 2634 1423 2689 sacramenti
1469 2634 1671 2689 veritas
1714 2638 1772 2689 et
1819 2633 2001 2688 unitas
2037 2632 2106 2686 ab

477 2728 780 2785 universali
812 2729 1058 2784 Ecclesia
1084 2745 1199 2784 non
1223 2733 1471 2796 tenetur,
1494 2727 1725 2782 obsecro
1748 2726 2108 2781 clementiam

478 2827 740 2890 vestram,
771 2826 839 2876 ut
885 2822 1134 2877 studium
1177 2826 1431 2877 vestrum
1470 2825 1736 2893 praestare
1768 2820 2103 2892 dignemini,

476 2921 755 2988 quatenus
800 2914 1066 2987 Egyptii,
1104 2902 1192 2970 vel
1231 2915 1276 2969 si
1319 2915 1416 2986 qui
1465 2918 1598 2969 sunt
1643 2914 1735 2969 alii
1768 2914 1862 2985 qui
1895 2919 2106 2969 certam

478 3009 648 3080 hujus
670 3008 1089 3080 supputationis
1107 3007 1376 3063 videntur
1396 3007 1605 3061 habere
1634 3007 1915 3074 notitiam,
1957 3023 2108 3062 scru-

478 3104 679 3175 pulum
718 3102 888 3173 hujus
927 3101 1320 3156 sollicitudinis
1353 3100 1669 3171 absolvant,
1701 3104 1765 3155 ut
1791 3117 1922 3156 eum
1952 3101 2105 3155 diem

478 3182 764 3268 generalis
804 3195 1160 3250 observantia
1191 3194 1420 3267 dirigat,
1451 3194 1549 3266 qui
1591 3211 1695 3249 nec
1735 3198 2104 3266 paternarum

478 3246 761 3268 o___-_____
810 3246 1159 3250 -_-__.w__-___
1197 3246 1420 3267 wnow,
1458 3246 1548 3266 Γ,
1591 3246 1689 3249 __-

477 3290 937 3346 constitutionem
982 3306 1251 3345 normam
1299 3288 1601 3361 relinquat,
1631 3304 1734 3342 nec
1776 3288 1920 3342 ultra
1955 3304 2101 3359 pra-
2124 3246 2180 3321 Ο

475 3385 612 3439 lixos
642 3384 914 3439 terminos
940 3386 1232 3455 evagetur.
1260 3382 1545 3455 Quidquid
1572 3384 1768 3437 autem
1796 3382 1978 3453 pietas
2005 3399 2102 3436 ve-

476 3481 592 3533 stra
628 3478 698 3533 de
744 3479 847 3533 hac
881 3478 1291 3534 consultatione
1324 3476 1669 3548 cognoverit,
1702 3476 1772 3531 ad
1797 3492 1985 3530 meam
2009 3476 2103 3547 ju-

474 3574 606 3628 beat
631 3589 759 3627 mox
801 3572 1063 3628 notitiam
1088 3571 1408 3643 pervenire,
1435 3573 1497 3624 ut
1515 3570 1574 3624 in
1600 3569 1804 3624 divinis
1824 3569 2105 3641 mysteriis

475 3667 630 3722 nulla
652 3666 1014 3721 dissonantia
1047 3666 1215 3737 culpa
1247 3666 1530 3720 nascatur.
1553 3664 1685 3718 Data
1703 3667 1858 3717 sexto
1880 3663 2102 3718 decimo

477 3760 757 3816 Kalendas
785 3760 933 3831 Julii,
970 3759 1231 3832 Opilione
1254 3759 1372 3813 viro
1399 3756 1710 3812 clarissimo
1737 3757 1983 3812 consule.

696 3855 775 3907 LI.
809 3885 875 3892 —
914 3854 1006 3908 Ad
1034 3853 1369 3907 Eudochiam
1395 3852 1537 3918 Aug.
1564 3851 1629 3905 de
1659 3852 1886 3906 Pascha.

550 3950 660 4002 Leo
690 3948 983 4002 Eunocma
1010 3948 1297 4017 Augusta.

551 4042 773 4096 Sancta
798 4038 1093 4095 memoria
1116 4037 1459 4108 TheOphilus
1481 4036 1559 4107 ad
1572 4038 1893 4107 Augustum
1920 4037 2101 4091 Theo-

481 4135 703 4190 dosium
724 4132 1006 4188 seniorem
1024 4132 1405 4202 scribens,per
1424 4135 1653 4185 centum
1675 4146 1853 4185 annos
1869 4147 1902 4184 a
1923 4129 2105 4202 primo

483 4227 734 4302 pradicti
770 4226 1043 4299 principis
1079 4225 1370 4281 consulatu
1404 4223 1640 4295 digessit
1673 4222 1930 4279 ordinem
1955 4224 2101 4279 festi.

477 4324 648 4395 Cujus
666 4321 1054 4377 instructionis
1082 4318 1538 4392 septuagesimus
1556 4322 1791 4391 quartus
1818 4335 1970 4373 nunc
1999 4335 2102 4373 an-

479 4434 585 4473 nus
601 4416 875 4472 evolvitur
886 4414 1143 4487 Opilione
1155 4412 1599 4469 consule.Pridie
1611 4413 1739 4467 ldus
1749 4412 1956 4484 Aprilis
1967 4412 2106 4468 cele-

476 4514 641 4568 brata
653 4515 740 4566 est
759 4526 918 4565 sacra
939 4507 1286 4577 solemnitas,
1313 4506 1463 4562 unde
1481 4507 1738 4578 sequenti
1752 4523 1904 4562 anno
1924 4506 2105 4578 pridie

2209 1990 2266 2040 et
2293 1984 2362 2039 ad
2390 1983 2647 2038 omnium
2675 1982 2917 2037 salutem
2955 1981 3221 2053 pertinet,
3251 1986 3315 2036 ut
3346 1981 3441 2036 Dei
3468 1979 3652 2035 cultus
3682 1978 3842 2032 nullo

2208 2094 2402 2133 errore
2447 2076 2702 2131 ladatur.
2741 2079 2881 2132 Data
2920 2080 3078 2131 sexto
3116 2075 3335 2130 decimo
3373 2073 3657 2129 Kalendas
3682 2072 3839 2137 Julii,

2209 2171 2463 2243 Opilione
2492 2170 2803 2224 clarissimo
2836 2171 3085 2224 consule.
3277 2177 3280 2180 ’

2182 2213 2291 2359 >γ
2539 2265 2643 2319 Lll.
2678 2296 2744 2303 ——
2784 2264 2874 2319 Ad
2910 2265 3135 2319 Leonem
3174 2264 3500 2333 Augustum.

2279 2360 2386 2413 Leo
2413 2358 2708 2429 episcopus
2735 2358 2895 2412 Leom
2917 2358 3188 2427 Augusto.

2277 2453 2449 2508 Multo
2496 2451 2704 2523 gaudio
2753 2467 2916 2506 mens
2962 2466 3090 2505 mea
3135 2449 3379 2504 exsultat
3405 2448 3463 2502 in
3490 2448 3752 2519 Domino,
3787 2454 3848 2503 et

2208 2563 2415 2619 magna
2442 2548 2527 2600 est
2552 2544 2696 2599 mihi
2726 2545 2869 2599 ratio
2903 2542 3204 2615 gloriandi,
3237 2558 3367 2596 cum
3407 2542 3727 2596 clementia
3753 2559 3847 2596 ve-

2208 2645 2339 2696 stra
2360 2637 2894 2695 excellentissimam
2922 2637 3092 2692 ﬁdem
3112 2636 3310 2707 augeri
3335 2651 3440 2707 per
3462 2635 3653 2690 omnia
3676 2635 3844 2689 donis

2209 2733 2404 2805 gratia
2427 2732 2662 2787 calestis
2676 2748 2921 2803 agnosco
2942 2734 2999 2785 et
3016 2747 3120 2802 per
3138 2729 3491 2784 incrementa
3518 2728 3843 2799 diligentia:

2206 2826 2566 2882 devotionem
2621 2826 2679 2879 in
2733 2824 2886 2878 vobis
2923 2823 3101 2878 animi
3141 2821 3505 2878 sacerdotalis
3553 2822 3839 2893 experior.

2206 2921 2342 2975 Nam
2377 2920 2435 2974 in
2473 2923 2673 2976 vestra
2726 2917 2951 2989 pietatis
2999 2916 3259 2988 alloquiis
3299 2932 3415 2970 non
3464 2915 3634 2970 dubie
3680 2919 3845 2986 patet

2207 3013 2362 3085 quod
2388 3030 2495 3085 per
2516 3029 2613 3068 vos
2639 3014 2698 3067 in
2730 3012 2904 3067 totius
2933 3010 3189 3065 Ecclesia
3221 3010 3395 3064 salute
3427 3009 3669 3080 Spiritus
3707 3026 3839 3062 san-

2206 3111 2326 3162 ctus
2346 3110 2635 3178 operetur,
2655 3110 2712 3160 et
2731 3110 3005 3177 quantum
3027 3103 3419 3158 universorum
3440 3102 3691 3157 ﬁdelium
3716 3118 3842 3172 pre-

2206 3202 2363 3256 cibus
2402 3201 2474 3255 sit
2496 3200 2829 3272 optandum,
2858 3203 2921 3253 ut
2955 3198 3012 3252 in
3045 3213 3277 3252 omnem
3314 3194 3555 3267 gloriam
3585 3200 3839 3250 vestrum

2206 3295 2545 3349 extendatur
2569 3293 2898 3364 imperium,
2921 3292 3020 3363 qui
3047 3308 3219 3362 supra
3247 3306 3441 3345 curam
3464 3305 3656 3343 rerum
3687 3293 3837 3343 tem-

2206 3387 2486 3460 poralium
2506 3387 2790 3457 religiosa
2811 3384 3177 3457 providentia
3197 3383 3535 3438 famulatum
3558 3381 3769 3436 divinis
3786 3386 3842 3436 et

2205 3482 2432 3537 aternis
2457 3480 2917 3551 dispositionibus
2943 3483 3370 3550 perseveranter
3394 3474 3746 3547 impenditis,
3779 3479 3841 3529 ut

2205 3576 2413 3631 scilicet
2460 3574 2735 3629 catholica
2772 3573 2934 3641 ﬁdes,
2981 3589 3109 3644 qua
3149 3573 3464 3626 humanum
3508 3585 3688 3641 genus
3718 3570 3843 3624 sola

2207 3669 2463 3738 viviﬁcat,
2493 3668 2611 3723 sola
2633 3666 2963 3732 sanctiﬁcat,
2992 3666 3050 3720 in
3082 3682 3196 3720 una
3223 3663 3579 3719 confessione
3610 3678 3843 3734 perma-

2206 3767 2368 3832 neat;
2404 3767 2457 3817 et
2507 3761 2883 3816 dissensiones
2927 3776 3055 3831 qua
3103 3760 3172 3814 de
3216 3763 3574 3813 terrenarum
3609 3756 3839 3827 opinio-

2204 3873 2344 3910 num
2388 3855 2658 3910 varietate
2702 3857 3030 3923 nascuntur,
3063 3870 3095 3907 a
3139 3851 3421 3906 soliditate
3465 3850 3618 3904 illius
3654 3853 3842 3919 petra

2204 3965 2379 4022 supra
2406 3965 2577 4020 quam
2618 3947 2814 4002 civitas
2849 3947 2950 4001 Dei
2987 3946 3320 4012 aediﬁcatur,
3354 3943 3678 4015 abigantur.
3710 3943 3841 3997 Hac

2206 4046 2402 4098 autem
2426 4041 2519 4096 Dei
2537 4057 2777 4095 munera
2797 4040 2873 4095 ita
2902 4039 3169 4095 divinitus
3198 4038 3432 4094 demum
3459 4036 3624 4091 nobis
3647 4037 3844 4091 confe-

2205 4141 2422 4205 rentur,
2447 4135 2493 4189 si
2515 4135 2584 4190 de
2614 4135 2702 4189 his
2733 4150 2861 4206 qua
2889 4133 3142 4205 prastita
3170 4135 3303 4186 sunt
3333 4147 3447 4185 non
3476 4129 3844 4184 inveniamur

2204 4229 2436 4301 ingrati,
2481 4231 2537 4284 et
2580 4233 2850 4300 tanquam
2900 4228 3060 4282 nulla
3101 4227 3213 4281 sint
3257 4242 3387 4297 qua
3420 4224 3608 4294 adepti
3636 4240 3841 4277 sumus

2205 4322 2483 4380 contraria
2518 4323 2711 4395 potius
2740 4324 3150 4393 exspectemus.
3195 4320 3336 4374 Nam
3383 4334 3511 4389 qua
3554 4316 3843 4388 patefacta

2205 4423 2336 4473 sunt
2363 4433 2643 4489 quarere,
2676 4432 2801 4488 qua
2830 4416 3084 4487 perfecta
3112 4415 3244 4468 sunt
3271 4416 3598 4477 retractare,
3628 4415 3683 4464 et
3707 4427 3841 4481 qua

2206 4517 2337 4566 sunt
2379 4510 2612 4566 deﬁnita
2658 4509 2998 4578 convellere,
3045 4507 3184 4579 quid
3229 4506 3381 4560 aliud
3427 4508 3511 4558 est
3548 4520 3719 4575 quam
3766 4503 3840 4560 de

477 4607 662 4661 Nonas
698 4603 906 4676 Aprilis
932 4602 1137 4658 eadem
1168 4600 1440 4655 festivitas
1469 4599 1879 4655 rationabiliter
1903 4617 2101 4656 conse-
2122 4622 2182 4694 D
2204 4604 2420 4677 adeptis
2453 4604 2690 4675 gratiam
2704 4620 2821 4659 non
2846 4602 3083 4668 referre,
3100 4604 3156 4655 et
3184 4600 3254 4654 ad
3276 4598 3589 4653 interdicta
3617 4596 3846 4652 arboris

477 4699 694 4773 quitur.
725 4698 835 4754 Sed
885 4713 1067 4751 annus
1109 4695 1205 4767 qui
1256 4698 1380 4749 erat
1423 4694 1871 4766 septuagesimus
1916 4699 2105 4751 sextus

479 4792 778 4849 memorati
797 4790 1045 4862 episcopi
1060 4788 1483 4844 annotationem
1502 4788 1708 4842 habere
1721 4789 2103 4859 cognoscitur,

477 4904 605 4959 qua
630 4903 663 4940 a
683 4886 852 4941 totius
874 4882 1225 4954 antiquitatis
1248 4881 1529 4953 exemplo,
1556 4885 1614 4936 et
1635 4883 1704 4937 ab
1734 4882 1892 4936 omni
1919 4887 2107 4938 aucto-

478 4984 647 5040 ritate
683 4983 917 5037 Patrum
954 4977 1253 5035 discordat.
1297 4976 1586 5050 Siquidem
1615 4977 1675 5031 in
1704 4981 1969 5031 octavum
1996 4978 2102 5031 Ka-

478 5076 776 5133 lendarum
794 5073 1067 5129 Maiarum
1087 5070 1445 5127 Dominicum
1477 5070 1693 5125 Pascha
1738 5070 2103 5138 transtulerit,

482 5168 793 5242 prafinitos
818 5166 1170 5238 antiquitatis
1197 5165 1405 5220 limites
1434 5161 1604 5217 nimis
1632 5162 1912 5217 audenter
1939 5180 2104 5218 exce-

481 5265 642 5331 dens,
675 5278 803 5317 cum
830 5262 919 5317 die
952 5261 1152 5332 quinto
1181 5258 1403 5314 decimo
1424 5255 1808 5311 Kalendarum
1835 5256 2107 5313 Maiarum

480 5357 799 5435 paschalem
828 5354 1245 5412 solemnitatem
1284 5351 1452 5424 (sicut
1491 5349 1830 5405 constituere
1857 5350 1968 5421 alii)
2001 5368 2101 5423 po-

480 5452 652 5508 tuerit
679 5454 969 5507 annotare.
994 5448 1154 5503 Unde
1182 5444 1316 5516 quia
1337 5460 1450 5498 non
1472 5442 1769 5499 mediocris
1787 5444 1931 5500 mihi
1950 5446 2103 5502 solli-

478 5546 669 5603 citudo
701 5544 1029 5616 generatur,
1061 5555 1135 5595 ne
1173 5537 1323 5609 apud
1349 5536 1642 5608 Egyptios
1667 5537 1788 5593 hac
1816 5540 2105 5611 persuasio

480 5641 839 5714 probaretur,
862 5635 933 5690 ad
958 5630 1503 5689 Christianissimum
1524 5635 1580 5687 et
1599 5633 2103 5691 clementissimum

482 5733 799 5806 principem
839 5727 1049 5799 scripta
1086 5725 1412 5793 direximus,
1445 5726 1648 5798 quibus
1677 5744 1909 5784 causam
1949 5746 2103 5785 scru-

483 5826 599 5895 pnli
629 5823 932 5891 diligenter
961 5818 1221 5890 exposui,
1250 5822 1310 5872 et
1343 5819 1669 5890 suppliciter
1710 5823 2010 5892 postulavi,
2045 5826 2107 5877 ut

486 5931 722 5986 operam
750 5930 930 5979 suam,
958 5910 1440 5985 quemadmodum
1474 5914 1779 5979 consuevit,
1814 5914 2106 5984 religionis

2207 4698 2395 4754 cibum
2420 4696 2716 4769 improbos
2737 4696 3021 4769 appetitus
3048 4693 3356 4749 mortifera
3386 4689 3712 4763 cupiditatis
3753 4708 3848 4745 ex-

2206 4792 2482 4849 tendere?
2508 4790 2668 4846 Unde
2699 4790 2832 4862 quia
2880 4789 2949 4844 ad
2990 4804 3191 4860 pacem
3218 4784 3548 4841 universalis
3574 4785 3845 4839 Ecclesia

2207 4891 2265 4942 et
2289 4885 2363 4941 ad
2389 4884 2705 4940 custodiam
2736 4882 3029 4938 catholica
3058 4881 3192 4936 fidei
3219 4896 3355 4935 cura
3382 4877 3699 4950 dignemini
3728 4879 3845 4932 sol-

2206 4980 2445 5035 licitiore
2483 4979 2783 5050 respicere,
2813 4976 3103 5033 evidenter
3137 4973 3443 5047 agnoscitis
3474 4972 3622 5044 quod
3653 4972 3847 5042 magis

2205 5073 2606 5129 hareticorum
2651 5071 2896 5126 audetur
2942 5069 3181 5138 insidiis,
3211 5074 3274 5124 ut
3318 5068 3467 5123 inter
3510 5065 3845 5137 Eutychetis

2208 5167 2567 5239 Dioscorique
2592 5165 2897 5236 discipulos
2919 5167 2977 5220 et
2998 5180 3130 5218 eum
3148 5179 3321 5235 quem
3349 5159 3656 5233 apostolica
3677 5160 3847 5216 sedes

2206 5260 2478 5317 direxerit
2507 5259 2861 5332 diligentior,
2892 5262 3171 5329 tanquam
3202 5256 3347 5310 nihil
3374 5254 3547 5309 fuerit
3576 5258 3705 5307 ante
3735 5253 3842 5307 de-

2204 5356 2450 5424 ﬁnitum,
2470 5358 2741 5410 tractatus
2768 5353 3063 5419 habeatur,
3082 5355 3139 5406 et
3155 5350 3310 5423 quod
3325 5348 3497 5404 totius
3516 5346 3721 5402 mundi
3744 5364 3844 5402 ca-

2205 5449 2399 5506 tholici
2430 5447 2752 5503 sacerdotes
2783 5450 2971 5501 sancta
2990 5441 3437 5499 Chalcedonensi
3459 5440 3676 5512 synodo
3701 5458 3843 5512 pro-

2204 5544 2340 5599 bant
2353 5542 2715 5615 gaudentque
2728 5541 3016 5595 ﬁrmatum
3026 5538 3104 5605 ,in
3116 5537 3191 5608 inj
3201 5537 3383 5591 uriam
3397 5535 3573 5589 etiam
3588 5535 3848 5589 sacratis-

2205 5638 2332 5693 simi
2359 5635 2581 5692 concilii
2601 5634 2813 5690 Nicani
2844 5633 3126 5688 efﬁciatur
3153 5630 3470 5685 inﬁrmum.
3492 5628 3654 5692 Quod
3679 5629 3846 5684 enim

2206 5730 2413 5786 nostris
2434 5728 2787 5800 temporibus
2807 5727 2960 5798 apud
2973 5724 3391 5783 Chalcedonam
3414 5722 3482 5777 de
3498 5722 3718 5777 Domini
3742 5739 3846 5777 no-

2204 5825 2306 5879 stri
2360 5825 2489 5878 Jesu
2536 5821 2741 5879 Christi
2789 5819 3187 5876 incarnatione
3237 5817 3525 5872 ﬁrmatum
3574 5820 3675 5883 est,
3734 5817 3843 5872 hoc

2207 5918 2379 5971 etiam
2415 5916 2565 5989 apud
2596 5916 2842 5970 Nicaam
2873 5913 3141 5985 mysticus
3174 5912 3267 5967 ille
3299 5912 3528 5967 Patrum
3557 5926 3845 5970 numerus
