4034 6314
219 343 315 396 841

1462 339 1933 399 DECRETALIUM
1970 340 2353 397 COLLECTIO.

3478 342 3578 395 842

219 448 499 518 deﬁnivit,
544 465 615 503 ne
659 447 1072 504 catholicorum
1117 448 1419 515 confessio,
1460 452 1561 502 aut
1598 448 1854 520 unigeni-
1876 450 2272 534 Aauctoritas.
2306 450 2669 506 lnstructioni
2706 455 2900 505 autem
2942 448 3315 521 parvulorum
3358 454 3576 505 nostro-

218 550 343 597 tnm
363 542 464 597 Dei
485 541 690 597 Filium
707 542 767 596 in
789 541 979 613 aliquo
999 541 1253 598 crederet
1266 541 1422 596 Patri
1438 541 1734 613 imparem,
1756 545 1855 597 aut

218 636 488 692 eumdem
520 652 651 690 cum
679 636 863 691 factus
914 638 1000 690 est
1041 634 1189 689 ﬁlius
1233 634 1482 690 hominis
1513 652 1629 691 non
1658 652 1851 691 veram

216 729 403 784 carnis
432 732 642 784 nostras
669 734 837 801 atque
859 729 1067 783 animae
1086 727 1353 783 habuisse
1375 733 1659 783 naturam.
1692 730 1853 784 Dete-

214 823 488 878 standum
514 839 654 894 ergo
683 822 841 877 nobis
862 825 949 877 est
968 827 1514 894 perseveranterque
1530 822 1849 890 vitandum,

214 917 366 988 quod
386 918 546 971 fraus
571 916 839 971 haeretica
865 915 1066 970 nititur
1083 914 1360 985 obtinere,
1390 898 1495 969 nec
1519 914 1578 969 in
1598 915 1850 987 aliquam

215 1009 693 1081 disceptationem
725 1008 814 1081 pie
835 1014 891 1065 et
906 1011 1071 1081 plene
1093 1009 1326 1064 deﬁnita
1354 1009 1666 1065 revocanda
1697 1014 1849 1078 sunt,

215 1121 289 1158 ne
325 1104 399 1158 ad
431 1103 736 1158 arbitrium
752 1103 1166 1163 damnatorum
1193 1102 1302 1174 ipsi
1329 1102 1399 1158 de
1428 1103 1517 1157 his
1555 1102 1852 1158 videamur

215 1198 534 1268 ambigere,
564 1214 694 1268 quas
720 1196 1088 1251 manifestum
1117 1200 1175 1249 et
1201 1213 1304 1267 per
1330 1196 1525 1251 omnia
1552 1196 1849 1268 propheti-

214 1292 293 1344 cis
318 1296 376 1345 et
406 1289 749 1362 evangelicis
775 1294 832 1345 et
850 1290 1177 1361 apostolicis
1203 1289 1632 1345 auctoritatibus
1656 1306 1851 1345 conso-

213 1401 374 1439 nare.
424 1384 582 1439 L’nde
614 1383 659 1438 si
687 1384 787 1455 qui
816 1388 951 1438 sunt
978 1383 1076 1455 qui
1102 1383 1173 1438 ab
1203 1383 1292 1438 his
1321 1400 1449 1455 quae
1478 1383 1694 1438 coalitus
1719 1387 1852 1438 sunt

213 1477 526 1532 constituta
541 1476 902 1546 dissentiunt,
925 1477 1040 1531 suis
1054 1476 1419 1548 opinionibus
1434 1477 1847 1548 relinquantur,

213 1576 267 1624 et
304 1570 377 1625 ab
409 1570 629 1625 unitate
684 1569 942 1625 Ecclesiae
975 1585 1105 1624 cum
1152 1586 1221 1624 ea
1257 1572 1425 1641 quam
1463 1570 1685 1640 elegere
1715 1585 1846 1641 per-

213 1664 481 1718 versitate
511 1662 827 1719 discedant.
859 1664 999 1717 Nam
1035 1663 1368 1717 nullomodo
1402 1663 1528 1717 ﬁeri
1554 1665 1756 1734 potest,
1789 1666 1851 1717 ut

211 1758 310 1829 qui
335 1756 544 1811 divinis
570 1757 783 1811 audent
819 1755 1202 1811 contradicere
1234 1756 1629 1824 sacramentis,
1659 1756 1850 1827 aliqua

1953 560 2081 599 rum
2109 544 2205 615 qui
2235 548 2366 616 post
2390 544 2548 600 lactis
2575 543 2911 599 alimoniam
2939 544 3064 598 cibo
3096 543 3420 599 desiderant
3446 543 3579 599 soli-

1951 637 2105 693 diore
2137 637 2347 703 satiari,
2375 637 2679 709 ministerii
2706 636 2882 693 nostri
2909 636 3244 709 praesidium
3268 653 3387 693 non
3413 653 3586 710 nega-

1951 748 2100 786 mus.
2130 733 2197 787 Et
2224 731 2369 787 sicut
2393 731 2762 803 simpliciores
2788 747 2907 787 non
2935 730 3282 803 spernimus,
3320 729 3399 786 ita
3424 749 3459 787 a
3488 748 3581 787 re-

1950 824 2191 879 bellibus
2235 825 2514 880 hmreticis
2544 824 2915 893 abstinemus,
2968 840 3263 879 memores
3309 825 3579 897 praecepti

1952 917 2229 973 Dominici
2256 918 2492 974 dicentis
2526 935 2539 972 :
2577 939 2604 967 ‹‹
2633 918 2813 973 Nolite
2856 918 2989 974 dare
3020 920 3289 983 sanctum
3318 918 3577 986 canibus,

1950 1027 2135 1083 neque
2199 1011 2470 1067 miseritis
2527 1012 2868 1083 margaritas
2932 1016 3145 1067 vestras
3194 1014 3326 1067 ante
3379 1029 3581 1084 porcos

1952 1107 2166 1175 (Matth.
2198 1122 2296 1175 vn,
2326 1106 2398 1177 6).
2430 1127 2457 1155 »
2486 1105 2665 1160 Nimis
2693 1104 2904 1177 quippe
2932 1104 3258 1176 indignum,
3293 1106 3464 1162 nimis
3488 1106 3575 1162 in-

1942 1195 2166 1265 justum
2185 1196 2270 1249 est
2299 1210 2396 1249 eos
2422 1194 2495 1249 ad
2519 1194 2840 1249 libertatem
2882 1193 3307 1266 disceptationis
3333 1196 3577 1266 admitti,

1950 1304 2095 1359 quos
2132 1287 2411 1359 signiﬁcat
2444 1287 2684 1359 Spiritus
2716 1292 2942 1343 sanctus
2978 1304 3083 1359 per
3110 1289 3454 1360 prophetam
3487 1291 3577 1346 di-

1950 1397 2115 1435 cens:
2145 1402 2172 1431 ‹‹
2195 1381 2317 1436 Filii
2332 1380 2507 1435 alieni
2521 1380 2748 1437 mentiti
2764 1384 2899 1437 sunt
2913 1381 3054 1436 mihi
3076 1382 3239 1453 (Psal.
3261 1399 3389 1451 xvn,
3411 1383 3522 1454 46).
3547 1407 3574 1433 n

1949 1474 2056 1538 Qui
2080 1475 2251 1529 etiam
2267 1474 2313 1529 si
2342 1474 2646 1545 Evangelio
2669 1491 2783 1529 non
2802 1475 3148 1542 resisterent,
3173 1475 3242 1530 de
3264 1475 3373 1531 illis
3388 1479 3580 1533 tamen

1950 1584 2010 1622 se
2031 1585 2151 1623 esse
2171 1572 2555 1623 monstrarent
2572 1569 2642 1623 de
2659 1566 2866 1639 quibus
2886 1568 3163 1640 scriptum
3186 1573 3271 1624 est
3298 1586 3310 1624 ε
3345 1588 3373 1622 ι(
3396 1570 3577 1625 Deum

1949 1677 2008 1715 se
2021 1661 2365 1733 proﬁtentur
2384 1661 2547 1728 scire,
2570 1661 2735 1716 factis
2761 1666 2953 1717 autem
2975 1664 3187 1734 negant
3210 1663 3337 1732 (Tit.
3356 1680 3396 1732 1,
3419 1664 3523 1735 t6).
3549 1687 3576 1714 υ

1950 1756 2250 1811 Clamante
2281 1754 2469 1810 adhuc
2491 1755 2633 1825 justi
2663 1754 2803 1809 Abel
2828 1754 3105 1826 sanguine
3137 1756 3439 1812 adversum
3468 1757 3577 1812 im-

216 1850 378 1904 nobis
403 1848 810 1904 communione
843 1849 1150 1904 socientur.
1179 1850 1397 1905 lactent
1422 1866 1481 1903 se
1514 1849 1573 1904 in
1609 1849 1696 1903 sui
1731 1849 1847 1903 elo-
1870 1834 1925 1905 B
1951 1848 2109 1921 pium
2155 1848 2310 1918 Cain,
2358 1848 2457 1920 qui
2506 1848 2830 1919 increpatus
2874 1865 2907 1903 a
2944 1847 3141 1922 208
3181 1849 3422 1905 Domino
3466 1868 3580 1906 non

212 1943 330 2015 quii
364 1944 639 2009 vanitate,
670 1946 725 1997 et
765 1942 835 1996 de
870 1942 1428 2015 argumentationum
1459 1958 1689 1998 suarum
1720 1959 1847 1997 ver-

214 2037 383 2106 sutia,
416 2053 546 2108 quae
573 2036 804 2091 inimica
832 2039 917 2091 est
938 2035 1088 2105 ﬁdei,
1117 2036 1457 2113 glorientur,
1484 2035 1646 2091 nobis
1662 2036 1853 2108 placet

215 2130 541 2201 apostolicis
563 2129 794 2185 obedire
814 2130 1135 2202 praeceptis,
1166 2129 1483 2185 dicentibus
1516 2148 1530 2184 :
1560 2129 1757 2184 Videte
1777 2145 1850 2185 ne

215 2224 341 2295 quis
369 2240 469 2278 vos
493 2223 738 2294 decipiat
767 2240 869 2295 per
898 2223 1315 2295 philosophiam
1344 2226 1403 2277 et
1424 2223 1653 2278 inanem
1681 2223 1847 2278 sedu-

214 2317 463 2373 ctionem
488 2317 787 2372 hominum
816 2317 1033 2388 (Coloss.
1074 2334 1134 2383 ιι,
1168 2316 1240 2389 8).
1277 2339 1303 2365 η
1349 2318 1491 2371 Nam
1538 2317 1849 2372 secundum

211 2411 480 2467 eumdem
511 2412 840 2483 Apostolum
870 2432 897 2461 «
929 2412 975 2466 si
1015 2428 1145 2483 quae
1172 2410 1423 2466 destruxi
1456 2412 1579 2465 haec
1611 2410 1846 2477 aediﬁco,

213 2505 711 2577 praevaricatorem
748 2522 841 2560 me
885 2505 1171 2560 constituo
1216 2506 1353 2575 (Gal.
1400 2521 1458 2572 ιι,
1500 2507 1584 2572 18,
1619 2524 1646 2555 ››
1686 2507 1743 2559 et
1771 2505 1851 2558 eis

212 2616 305 2653 me
342 2599 632 2654 ultionum
660 2597 1081 2654 conditionibus
1122 2598 1323 2666 subdo,
1355 2614 1497 2669 quas
1526 2614 1641 2652 non
1670 2598 1849 2657 solum

212 2692 525 2748 auctoritas
565 2691 744 2747 beatae
786 2691 1080 2747 memoriae
1123 2691 1398 2763 principis
1420 2690 1699 2761 Martiani,
1752 2691 1850 2746 sed

216 2786 392 2841 etiam
421 2802 530 2856 ego
551 2802 680 2839 mea
706 2785 1075 2840 consensione
1098 2784 1341 2839 ﬁrmavi.
1364 2784 1522 2851 Quia,
1548 2784 1695 2839 sicut
1721 2800 1848 2838 san-

216 2885 305 2933 cte
331 2878 717 2950 veraciterque
748 2878 981 2947 dixistis,
1025 2878 1293 2948 perfectio
1324 2877 1763 2946 incrementum,
1794 2882 1852 2932 et

214 2972 591 3043 adjectionem
612 2971 909 3044 plenitudo
933 2988 1050 3026 non
1080 2971 1297 3043 recipit.
1328 2970 1489 3026 Unde
1514 2986 1642 3026 cum
1675 2969 1850 3025 sciam

215 3072 290 3131 te,
337 3065 678 3120 venerabilis
723 3065 1005 3137 princeps,
1053 3064 1426 3120 sincerissimo
1464 3064 1717 3120 veritatis
1771 3065 1852 3119 lu-

214 3160 369 3215 mine
395 3160 685 3215 imbutum
714 3158 773 3213 in
800 3160 958 3214 nulla
987 3159 1118 3213 ﬁdei
1150 3163 1313 3231 parte
1344 3161 1572 3229 nutare,
1599 3158 1697 3214 sed
1726 3175 1848 3213 san-

1868 3206 1922 3280 C

1950 1942 2228 2014 requievit
2269 1942 2341 1997 ad
2386 1941 2803 2013 paenitendum,
2853 1943 2951 1997 sed
2999 1942 3210 1997 exarsit
3239 1943 3310 1998 ad
3337 1944 3578 2013 caedem,

1950 2036 2111 2107 cujus
2135 2035 2445 2090 vindictam
2476 2035 2553 2089 sic
2571 2034 2793 2090 Domini
2806 2035 3022 2106 judicio
3045 2038 3304 2092 volumus
3323 2053 3575 2093 reserva-

1952 2129 2019 2199 ri,
2047 2134 2109 2184 ut
2135 2129 2432 2201 improbus
2459 2133 2516 2183 et
2542 2128 2829 2200 parricida
2860 2129 3104 2185 crudelis
3129 2129 3189 2184 in
3209 2129 3459 2203 seipsum
3486 2148 3577 2187 re-

1950 2223 2114 2290 cidat,
2159 2227 2216 2278 et
2260 2226 2454 2278 nostra
2495 2238 2611 2277 non
2639 2226 2846 2290 teneat,
2884 2239 3071 2294 neque
3097 2228 3301 2278 sanctas
3325 2225 3578 2280 ecclesia

1948 2316 2353 2372 Alexandrinis
2400 2316 2832 2371 lamentabilem
2864 2316 3245 2388 captivitatem
3282 2318 3580 2389 patiamini

1948 2410 2185 2465 ulterius
2210 2409 2559 2482 prolongari,
2582 2410 2672 2464 cui
2698 2414 2922 2481 oportet
2938 2410 3069 2466 ﬁdei
3096 2414 3297 2466 vestra:
3318 2412 3582 2483 justitise-

1949 2521 2059 2576 que
2087 2504 2351 2575 praesidio
2379 2520 2539 2559 suam
2568 2503 2790 2559 restitui
2814 2503 3159 2571 libertatem,
3180 2509 3237 2559 et
3253 2521 3355 2576 per
3377 2522 3579 2560 omnes

1952 2597 2175 2669 Egypti
2204 2597 2369 2652 urbes
2395 2596 2642 2667 dignitas
2672 2598 2904 2651 Patrum
2927 2599 2982 2651 et
3005 2596 3101 2668 jus
3122 2597 3469 2653 sacerdotale
3493 2616 3582 2654 re-

1950 2695 2198 2763 paretur.
2231 2692 2367 2746 Data
2399 2690 2701 2745 undecimo
2730 2690 3015 2746 Kalendas
3039 2690 3267 2763 Aprilis,
3297 2691 3576 2765 Calippio,

1949 2784 2255 2855 Majoriano
2286 2786 2540 2856 Augusto
2567 2783 2913 2839 consulibus.

2451 2878 2586 2934 Llll.
2615 2908 2682 2917 —
2711 2878 2804 2933 Ad
2823 2878 3082 2933 eumdem.

2026 2978 2071 3027 1.
2108 2973 2187 3027 De
2214 2971 2580 3044 blasphemiis
2606 2971 2848 3027 Nestorii
2890 2976 2948 3027 et
2986 2970 3315 3041 Eutichetis,
3356 2989 3579 3029 comm-

1949 3083 2062 3139 que
2088 3066 2262 3137 digno
2293 3067 2681 3122 anathemate.

2020 3164 2073 3214 2.
2100 3160 2261 3225 Quod
2284 3159 2340 3214 in
2364 3177 2476 3215 una
2496 3160 2726 3215 Domini
2742 3176 2993 3231 persona
3010 3160 3240 3231 gemina
3260 3161 3333 3216 sit
3358 3161 3580 3218 deitatis

212 3258 300 3307 cto
326 3253 581 3324 perfecto
612 3252 829 3323 judicio
855 3270 889 3306 a
928 3253 1115 3324 pravis
1156 3255 1310 3307 recta
1337 3252 1683 3319 discernere,
1727 3257 1788 3307 ut
1816 3269 1850 3305 a
1869 3252 1922 3280 υ
1948 3258 2005 3308 et
2030 3254 2401 3309 humanitatis
2428 3253 2734 3309 asserenda
2762 3258 2976 3308 natura.

214 3346 532 3402 refutandis
559 3347 949 3417 amplectenda
974 3346 1245 3416 dividere,
1291 3347 1521 3401 obsecro
1551 3352 1607 3401 te
1635 3362 1709 3400 ne
1737 3347 1844 3400 hu-

210 3440 521 3495 militatem
533 3456 725 3495 meam
738 3440 805 3495 de
819 3440 1136 3495 difﬁdentia
1154 3445 1316 3511 putes
1340 3457 1461 3494 esse
1482 3439 1844 3510 culpandam,

210 3551 342 3589 cum
379 3534 505 3588 haec
524 3549 655 3589 mea
692 3534 878 3589 cautio
910 3550 1023 3588 non
1049 3536 1231 3589 solum
1253 3533 1559 3588 universali
1592 3533 1847 3588 Ecclesize

212 3629 496 3694 consulat,
515 3627 614 3682 sed
627 3628 803 3683 etiam
823 3630 933 3682 tum
950 3628 1146 3700 gloriae
1166 3629 1503 3694 famulatur;
1531 3643 1601 3682 ne
1621 3626 1725 3681 sub
1744 3625 1846 3681 im-

215 3722 356 3794 perii
384 3722 471 3778 tui
490 3725 749 3794 tempore
772 3725 828 3776 et
852 3722 1255 3776 haereticorum
1276 3726 1440 3776 aucta
1461 3720 1719 3775 videatur
1743 3720 1844 3775 im-

213 3816 491 3888 probitas,
565 3818 623 3870 et
689 3815 1099 3871 catholicorum
1174 3815 1500 3887 perturbata
1553 3814 1840 3869 securitas.

213 3910 481 3975 Quamvis
507 3926 646 3981 ergo
674 3911 917 3964 multum
955 3926 1059 3981 per
1085 3909 1277 3964 omnia
1302 3910 1371 3963 de
1396 3908 1619 3979 pietatis
1646 3912 1845 3963 vestra:

213 4005 385 4059 corde
415 4003 714 4070 conﬁdam,
750 4008 807 4058 et
834 4020 939 4074 per
963 4003 1385 4059 inhabitantem
1411 4003 1469 4057 in
1500 4002 1651 4057 vobis
1680 4001 1843 4074 spiri-

213 4103 335 4152 tum
357 4097 459 4153 Dei
482 4097 615 4151 satis
626 4114 722 4152 vos
742 4097 1080 4151 instructum
1101 4113 1222 4150 esse
1241 4096 1608 4169 perspiciam,
1622 4112 1693 4150 ne
1714 4096 1843 4151 ﬁdei

211 4194 410 4246 vestrae
431 4190 583 4245 ullus
610 4190 785 4262 possit
828 4206 991 4244 error
1036 4189 1299 4260 illudere,
1350 4189 1718 4261 prmeeptioni
1756 4192 1841 4244 ta-

210 4301 343 4339 men
370 4288 571 4339 vestra:
598 4284 657 4338 in
687 4300 754 4337 eo
784 4283 1008 4338 adnitar
1026 4283 1278 4350 obedire,
1311 4288 1371 4338 ut
1391 4282 1613 4354 aliquos
1633 4282 1704 4337 de
1731 4283 1841 4337 fra-

209 4378 390 4433 tribus
435 4377 581 4432 meis
618 4377 887 4448 dirigam,
915 4376 1014 4449 qui
1041 4377 1196 4448 apud
1226 4393 1325 4431 vos
1354 4376 1671 4448 praesentire
1699 4393 1843 4430 meae

209 4472 386 4527 instar
412 4471 736 4537 exhibeant,
770 4473 826 4525 et
855 4487 984 4542 quae.
1012 4470 1086 4525 sit
1113 4470 1433 4541 apostolicae
1464 4470 1595 4525 ﬁdei
1622 4470 1841 4541 regula,

209 4566 342 4621 licet
379 4566 460 4634 (ut
490 4564 627 4635 dixi)
658 4564 813 4619 vobis
839 4564 984 4619 bene
1012 4564 1086 4618 sit
1113 4566 1273 4631 nota,
1300 4564 1709 4631 demonstrent,
1741 4581 1840 4635 pa-
1862 4584 1922 4656 D

214 4658 544 4713 tefacientes
564 4658 624 4712 in
648 4657 909 4713 omnibus
928 4660 985 4713 et
1003 4657 1308 4729 probantes
1333 4675 1449 4713 non
1469 4674 1591 4713 esse
1609 4657 1844 4713 omnino

213 4753 363 4808 inter
398 4752 704 4807 catholicos
730 4752 1167 4823 computandos,
1202 4750 1297 4823 qui
1327 4752 1716 4806 deﬁnitionem
1748 4768 1840 4806 ve-

211 4844 485 4901 nerabilis
509 4845 714 4917 synodi
745 4844 1005 4912 Nicaeum,
1048 4847 1133 4901 vel
1167 4845 1343 4900 sancti
1372 4845 1844 4900 Chalcedonensis

212 4939 437 4995 concilii
478 4939 703 5010 regulas
741 4956 859 4994 non
903 4943 1241 5011 sequuntur,
1292 4956 1422 4993 cum
1468 4942 1844 5011 utrorumque

211 5036 407 5089 sancta
436 5032 665 5087 decreta
685 5049 752 5087 ex
781 5033 1105 5104 evangelica
1146 5036 1203 5087 et
1231 5032 1537 5104 apostolico
1564 5032 1634 5086 sit
1658 5033 1842 5087 mani-

212 5128 420 5182 festum
444 5126 600 5181 fonte
628 5126 878 5198 prodire,
907 5132 965 5181 et
994 5126 1273 5198 quidquid
1298 5143 1413 5182 non
1443 5127 1613 5181 estde
1643 5126 1845 5198 irriga-

212 5221 364 5276 tione
400 5219 629 5289 Christi,
664 5220 848 5292 poculi
878 5236 999 5295 esse
1036 5220 1268 5292 viperei.
1288 5198 1634 5310 )Przenoscat
1668 5220 1845 5291 igitur

211 5315 389 5386 pietas
417 5317 623 5378 vestra,
646 5313 992 5370 venerabilis
1011 5314 1344 5386 imperator,
1365 5315 1489 5383 hos,
1508 5331 1649 5386 quos
1669 5332 1840 5386 spon-

212 5410 320 5463 deo
362 5407 696 5479 dirigendos
727 5424 842 5462 non
871 5408 945 5463 ad
975 5408 1397 5479 conﬂigendum
1431 5424 1559 5462 cum
1588 5409 1843 5463 hostibus

210 5501 361 5570 ﬁdei,
394 5518 500 5556 nec
524 5502 593 5557 ad
622 5501 955 5557 certandum
988 5507 1187 5557 contra
1224 5502 1346 5557 illos
1376 5519 1410 5556 a
1435 5502 1579 5557 Sede
1618 5505 1842 5573 aposto-

215 5596 315 5651 lica
358 5596 733 5668 profecturos,
776 5595 910 5667 quia
938 5596 1009 5650 de
1040 5596 1210 5651 rebus
1248 5600 1305 5650 et
1333 5596 1487 5667 apud
1512 5596 1757 5651 Nicaeam
1791 5603 1847 5652 et

212 5690 360 5761 apud
385 5689 810 5746 Chalcedonam
840 5688 1004 5761 (sicut
1025 5690 1137 5743 Deo
1165 5688 1394 5761 placuit)
1425 5689 1694 5758 deﬁnitis,
1724 5692 1848 5747 nul-

217 5785 332 5838 lum
370 5783 650 5839 audemus
686 5783 831 5839 inire
864 5787 1189 5851 tractatum,
1226 5785 1500 5855 tanquam
1545 5784 1715 5839 dubia
1760 5785 1845 5839 vel

227 5878 454 5932 inﬁrma
484 5877 598 5932 sint
628 5894 758 5950 quae
784 5880 944 5933 tanta
979 5894 1084 5951 per
1126 5876 1398 5950 Spiritum
1437 5880 1694 5933 sanctum
1729 5877 1849 5933 ﬁxit

2022 3352 2071 3402 5.
2104 3349 2182 3402 De
2215 3348 2476 3419 capitulis
2505 3347 2636 3402 ﬁdei
2679 3364 2749 3402 ex
2778 3350 3111 3402 sanctorum
3148 3349 3380 3403 Patrum
3421 3350 3578 3405 libris

1948 3440 2211 3496 collectis.

2020 3536 2128 3589 Leo
2159 3534 2453 3607 episcopus
2480 3535 2646 3589 Laom
2672 3537 2942 3604 Augusto.

2016 3633 2141 3685 CAP.
2220 3630 2258 3684 Ι.
2341 3627 2672 3683 Promisisse
2743 3644 2837 3682 me
2908 3629 3164 3697 memini,
3239 3631 3577 3687 venerabilis

1944 3725 2280 3793 imperator,
2352 3721 2407 3776 in
2473 3737 2642 3776 causa
2698 3719 2829 3775 ﬁdei
2894 3721 2963 3776 de
3032 3738 3145 3793 qua
3212 3723 3573 3780 clementiam

1946 3822 2103 3871 tuam
2152 3816 2281 3870 novi
2327 3816 2420 3888 pie
2469 3831 2589 3870 esse
2634 3814 2950 3882 sollicitam,
2982 3815 3301 3887 pleniorem
3337 3817 3572 3873 humili-

1946 3911 2075 3965 tatis
2129 3927 2274 3965 mea:
2346 3909 2714 3981 dirigendum
2774 3926 2897 3965 esse
2964 3926 3327 3979 sermonem,
3400 3928 3574 3984 quem

1945 4021 2098 4059 nunc
2149 4003 2460 4059 auxiliante
2495 4003 2736 4058 Domino
2770 4002 2923 4058 ﬁdeli
2973 4003 3267 4060 occasione
3295 4007 3574 4077 persolvo,

1946 4101 2011 4152 ut
2061 4101 2257 4153 sancto
2307 4097 2533 4169 pietatis
2587 4100 2703 4152 tua}
2762 4097 2979 4165 studio,
3058 4097 3213 4153 utilis
3280 4099 3577 4171 (quantum

1945 4192 2207 4261 arbitror)
2277 4191 2473 4245 deesse
2542 4208 2657 4245 non
2722 4191 2902 4262 possit
2946 4191 3261 4247 instructio.
3314 4194 3579 4258 Quamvis

1946 4285 2100 4339 enim
2155 4285 2331 4339 sciam
2385 4284 2743 4339 clementiam
2795 4287 2953 4338 tuam
3009 4284 3283 4341 humanis
3349 4286 3573 4342 institu-

1945 4376 2193 4431 tionibus
2246 4394 2364 4431 non
2420 4392 2621 4447 egere,
2678 4382 2734 4431 et
2783 4376 3222 4432 sincerissimam
3277 4378 3346 4432 de
3390 4379 3573 4434 abun-

1946 4470 2139 4525 dantia
2196 4470 2435 4541 Spiritus
2494 4470 2673 4524 sancti
2734 4470 2985 4525 hausisse
3047 4470 3393 4539 doctrinam,
3448 4474 3572 4528 0111-

1944 4564 2015 4619 cii
2064 4566 2262 4619 tamen
2315 4563 2428 4619 mei
2481 4566 2567 4617 est
2616 4568 2673 4617 et
2716 4565 3042 4635 patefacere
3082 4564 3238 4634 quod
3279 4564 3573 4637 intelligis,

1944 4662 2000 4713 et
2047 4658 2356 4730 praedicare
2422 4657 2575 4728 quod
2639 4656 2855 4727 credis,
2916 4662 2976 4712 ut
3031 4657 3181 4728 ignis
3244 4657 3336 4713 ille
3401 4676 3574 4731 quem

1944 4752 2216 4807 Dominus
2274 4749 2507 4806 veniens
2562 4749 2718 4805 misit
2770 4750 2829 4805 in
2886 4754 3094 4807 terram
3149 4756 3309 4808 motu
3363 4753 3575 4809 crebrae

1944 4846 2329 4902 meditationis
2375 4845 2620 4917 agitatus
2669 4845 2747 4900 sic
2809 4846 3163 4900 concalescat
3225 4849 3288 4900 ut
3336 4846 3571 4917 ferveat,

1945 4945 2002 4996 et
2055 4941 2132 4995 sic
2194 4940 2579 4995 inflammetur
2636 4942 2701 4994 ut
2751 4940 2957 4995 luceat.
3007 4939 3235 5011 Magnas
3280 4940 3435 4995 enim
3477 4958 3572 4997 ca-

1944 5034 2148 5106 ligines
2196 5033 2547 5106 Eutychiana
2594 5033 2827 5088 haeresis
2877 5032 3126 5087 Orientis
3175 5033 3432 5104 partibus
3484 5036 3571 5091 in-

1944 5128 2093 5184 ferre
2150 5128 2343 5183 molita
2408 5131 2526 5193 est,
2589 5131 2645 5181 et
2694 5126 2765 5181 ab
2826 5126 2923 5180 illa
2971 5125 3098 5181 luce
3157 5147 3185 5176 ‹‹
3229 5144 3358 5199 qua:
3413 5128 3577 5201 (sicut

1944 5222 2320 5293 Evangelium
2370 5220 2636 5292 loquitur)
2676 5220 2829 5275 lucet
2866 5220 2924 5274 in
2979 5220 3265 5291 tenebris,
3317 5228 3374 5279 et
3424 5226 3577 5281 tene-

1944 5315 2062 5370 brae
2111 5332 2239 5369 eam
2293 5331 2406 5369 non
2461 5314 3023 5385 comprehenderunt
3072 5314 3248 5385 (Joan.
3308 5334 3362 5386 1,
3414 5319 3461 5386 5)
3490 5359 3503 5385 ,
3547 5342 3571 5367 η

1944 5409 2349 5480 imperitorum
2430 5408 2622 5463 oculos
2690 5407 2928 5463 tentavit
2987 5413 3258 5466 avertere.
3319 5411 3575 5483 Cumque

1944 5502 2068 5575 ipsa
2108 5502 2167 5557 in
2228 5518 2389 5557 suam
2444 5502 2711 5558 reciderit
2764 5502 3102 5572 caecitatem,
3147 5521 3302 5560 nunc
3355 5506 3413 5559 in
3460 5505 3574 5559 dis-

1945 5595 2147 5668 cipulis
2192 5596 2535 5652 recrudescit
2593 5596 2746 5668 quod
2804 5595 2863 5651 in
2917 5600 3105 5653 actore
3168 5597 3395 5653 defecit.
3453 5598 3573 5653 Non

1945 5692 2120 5763 longo
2164 5706 2413 5762 namque
2459 5689 2735 5763 temporis
2782 5690 3082 5746 intervallo
3126 5690 3400 5745 catholica
3432 5691 3576 5747 ﬁdes

1948 5802 2075 5857 quae
2121 5787 2179 5839 et
2224 5784 2525 5855 singularis
2583 5787 2640 5839 et
2701 5801 2857 5853 vera,
2922 5784 3014 5839 cui
3077 5782 3217 5838 nihil
3283 5783 3415 5839 addi
3472 5802 3575 5841 nec

1948 5879 2129 5935 minui
2192 5882 2414 5952 potest,
2467 5896 2499 5933 a
2555 5879 2776 5935 duobus
2834 5882 2917 5933 est
2979 5875 3236 5931 hostibus
3286 5880 3571 5951 appetita,
