4034 6338
476 370 577 425 843
1357 368 1638 423 ΑΡΡΕΝΙ).
1678 365 1768 421 AD
1804 365 1967 421 SIEC.
2010 363 2096 418 1X.

2235 361 2485 418 lSIDORl
2522 362 2947 418 MERCATORIS
3729 356 3838 412 844

473 492 724 551 quorum
758 475 914 548 prior
947 475 1256 544 Nestorius,
1286 474 1566 545 Eutyches
1603 473 1882 527 secundus
1914 486 2098 528 emer-
2122 480 2182 553 Α
2201 470 2364 525 Patre
2429 470 2601 542 (quod
2656 468 2837 526 Graeci
2891 468 3092 524 dicunt
3141 467 3455 538 omousion)
3508 482 3614 539 per
3655 482 3841 539 quem

476 572 567 639 sit,
620 571 719 644 qui
766 569 1019 627 Ecclesiae
1070 568 1171 623 Dei
1215 568 1355 624 duas
1402 568 1647 623 haereses
1684 567 1914 621 sibimet
1961 582 2099 621 con-
2202 563 2403 619 omnia
2448 564 2594 620 facta
2633 568 2785 633 sunt,
2832 562 2948 619 sive
2987 579 3116 636 quae
3153 563 3213 619 in
3251 564 3410 629 ccelo,
3451 561 3566 617 sive
3603 577 3737 633 qua
3776 560 3842 616 in

474 666 681 722 trarias
729 665 937 720 inferre
983 663 1307 729 voluerunt,
1354 665 1421 728 ut
1461 663 1705 733 uterque
1750 679 1781 715 a
1834 660 2103 732 praedica-
2200 662 2372 712 terra.
2432 658 2541 722 Qui
2592 660 2828 729 propter
2878 674 2983 712 nos
3038 660 3099 712 et
3143 673 3385 729 prosper
3430 661 3687 712 nostram
3742 673 3837 711 sa-

476 760 696 815 toribus
731 759 981 815 veritatis
1016 757 1220 812 merito
1248 757 1639 825 damnaretur,
1675 755 1806 827 quia
1835 755 2100 810 insanum
2201 754 2384 808 lutem
2433 751 2726 808 descendit
2770 751 2840 807 de
2893 752 3053 822 cmlo,
3109 755 3165 807 et
3222 751 3550 806 incarnatus
3607 755 3712 820 est,
3779 754 3844 805 et

476 852 646 908 nimis
716 856 773 907 et
845 852 1188 923 sacrilegum
1249 850 1360 905 fuit
1423 849 1577 921 quod
1646 849 1797 903 varia
1859 848 2102 903 falsitate
2202 848 2376 902 homo
2427 847 2625 914 factus,
2683 863 2880 918 passus
2926 848 3030 913 est,
3083 848 3141 901 et
3182 844 3490 901 resurrexit
3529 845 3700 901 tertia
3739 844 3840 899 die

474 946 641 1002 ambo
688 948 1007 1002 senserunt.
1056 944 1583 1000 Anathematizetur
1631 960 1768 1014 ergo
1817 941 2102 997 Nestorius
2202 941 2455 998 ascendit
2512 941 2573 995 in
2635 940 2835 1008 caalos,
2902 941 3174 995 venturus
3232 939 3493 1011 judicare
3557 938 3713 994 vivos
3780 941 3843 992 et

475 1040 573 1111 qui
614 1040 839 1095 beatam
890 1038 1185 1110 Virginem
1220 1038 1450 1093 Mariam
1491 1053 1610 1092 non
1637 1036 1754 1105 Dei,
1796 1036 1895 1091 sed
1921 1036 2104 1091 homi-

475 1132 564 1187 nis
624 1133 1022 1187 tantummodo
1085 1131 1328 1187 credidit
1398 1130 1736 1202 genitricem
1810 1145 1931 1183 esse
1955 1170 1968 1196 ,
2042 1131 2105 1182 ut

476 1226 649 1282 aliam
703 1242 1007 1298 personam
1059 1225 1274 1295 carnis,
1352 1225 1525 1279 aliam
1572 1224 1783 1278 faceret
1833 1221 2099 1278 deitatis:

477 1336 582 1376 nec
629 1337 806 1376 unam
859 1320 1149 1375 Christum
1193 1318 1252 1374 in
1294 1318 1479 1374 Verbo
1522 1318 1624 1373 Dei
1667 1319 1724 1373 et
1764 1333 1937 1371 carne
1975 1331 2100 1370 sen-

475 1413 637 1483 tiret,
704 1414 800 1469 sed
864 1413 1175 1486 separatim
1244 1416 1417 1484 atque
1479 1411 1783 1483 sejunctim
1862 1410 2103 1465 alterum

476 1507 681 1563 Filium
744 1507 874 1578 Dei,
931 1508 1173 1563 alterum
1229 1506 1473 1561 hominis
1528 1505 1900 1576 praedicaret;
1969 1520 2105 1574 cum

475 1606 751 1658 manente
797 1602 895 1656 illa
943 1599 1427 1656 incommutabilis
1468 1598 1655 1667 Verbi,
1698 1597 1937 1653 essentia
1976 1614 2106 1669 quae

477 1696 529 1750 ei
578 1711 709 1750 cum
763 1696 926 1750 Patre
983 1699 1039 1750 et
1082 1693 1297 1765 Spiritu
1348 1695 1545 1749 sancto
1596 1690 1989 1762 intemporalis
2017 1694 2102 1745 at-

416 1791 425 1815 "
479 1805 591 1862 que
660 1791 950 1843 coaeterna
1021 1793 1138 1856 est,

2203 1040 2476 1091 mortuos.
2520 1037 2587 1090 Et
2630 1033 2689 1088 in
2741 1033 3014 1105 Spiritum
3047 1037 3323 1088 sanctum.
3360 1035 3424 1087 In
3456 1048 3571 1104 qua
3613 1031 3836 1104 profes-

2202 1130 2363 1185 sione
2407 1130 2516 1185 hoc
2581 1127 3006 1184 evidentissime
3036 1127 3382 1196 continetur,
3446 1126 3601 1197 quod
3662 1126 3839 1181 etiam

2204 1240 2307 1278 nos
2361 1223 2432 1278 de
2492 1222 2720 1278 Domini
2762 1222 3153 1277 incarnatione
3206 1221 3562 1288 confitemur,
3610 1222 3667 1275 et
3705 1235 3836 1273 cre-

2205 1317 2392 1373 dimus
2433 1317 2533 1387 qui
2578 1316 2652 1371 ad
2683 1315 2928 1370 salutem
2969 1314 3207 1370 humani
3253 1314 3478 1386 generis
3506 1314 3837 1368 reforman-

2207 1411 2359 1478 dam,
2393 1426 2581 1465 veram
2610 1426 2835 1464 carnem
2866 1412 3075 1464 nostrae
3101 1407 3421 1479 fragilitatis
3449 1424 3565 1463 non
3590 1407 3661 1463 de
3694 1407 3839 1462 coelo

2206 1521 2400 1559 secum
2452 1504 2679 1570 detulit,
2728 1503 2826 1557 sed
2876 1503 2936 1557 in
2993 1509 3152 1558 utero
3204 1501 3452 1573 Virginis
3503 1501 3700 1557 matris
3754 1517 3842 1556 as-

2207 1598 2473 1669 sumpsit.

2282 1694 2343 1747 ΙΙ.
2417 1692 2749 1763 Quicunque
2824 1706 2960 1759 ergo
3034 1693 3166 1745 sunt
3228 1688 3305 1745 ita
3344 1689 3632 1745 obcaecati
3683 1694 3742 1745 et
3811 1708 3847 1745 a

1222 1786 1304 1842 ita
1363 1786 1514 1841 intra
1577 1785 1833 1857 virginea
1897 1784 2108 1840 viscera
2131 1853 2168 1857 _
2206 1785 2425 1841 lumine
2476 1785 2731 1840 veritatis
2784 1783 2956 1839 alieni
2993 1785 3059 1838 ut
3101 1782 3284 1837 Verbo
3342 1783 3441 1838 Dei
3487 1800 3521 1838 a
3577 1788 3846 1855 tempore

477 1853 726 1939 Verbum
776 1898 904 1937 caro
958 1881 1030 1936 sit
1077 1853 1314 1948 factum,
1357 1883 1424 1935 ut
1467 1896 1574 1951 per
1610 1853 1691 1934 id'
1712 1879 1867 1950 quod
1907 1878 2105 1933 ineﬂ'a-
2130 1853 2613 1934 Bincarnationis
2653 1879 2919 1934 humanae
2958 1876 3143 1932 carnis
3187 1876 3474 1947 denegent
3515 1853 3843 1945 veritatem,

475 1975 589 2031 bile
630 1980 715 2031 est
742 1977 1165 2031 sacramentum
1195 1990 1313 2029 uno
1347 1977 1650 2046 conceptu,
1695 1988 1917 2044 unoque
1943 1978 2109 2042 partu

384 2068 393 2076 ί
479 2069 789 2125 secundum
837 2069 1136 2124 veritatem
1194 2067 1496 2138 utriusque
1548 2070 1769 2121 natura:
1825 2082 1893 2120 ea
1946 2065 2108 2136 virgo

478 2165 535 2217 et
579 2162 782 2217 ancilla
831 2162 930 2218 Dei
973 2164 1120 2217 esset
1164 2166 1221 2216 et
1268 2163 1469 2216 mater.
1515 2160 1677 2224 Quod
1716 2157 1887 2214 etiam
1931 2158 2106 2214 Elisa-

477 2256 616 2310 beth
647 2255 811 2325 (sicut
856 2256 1030 2309 Lucas
1069 2253 1415 2325 evangelista
1440 2252 1710 2323 declarat)
1739 2251 2022 2307 intellexit
2055 2256 2112 2307 et

480 2348 626 2402 dixit
667 2365 681 2403 :
724 2370 752 2399 «
801 2348 962 2403 Unde
1017 2347 1123 2402 hoc
1168 2346 1353 2414 mihi,
1410 2349 1476 2401 ut
1522 2346 1715 2401 veniat
1764 2349 1948 2400 mater
1997 2346 2107 2400 Do-

478 2442 622 2496 mini
665 2442 779 2497 mei
825 2441 897 2496 ad
953 2457 1044 2497 me
1067 2440 1096 2495 ?
1146 2460 1174 2490 ››
1205 2441 1348 2512 (Luc.
1379 2457 1417 2507 ι,
1448 2441 1556 2511 45.)
1599 2438 1860 2495 Eutiches
1883 2456 2111 2511 quoque

480 2536 686 2592 eodem
742 2535 1087 2608 percellatur
1134 2534 1523 2600 anathemate,
1579 2534 1677 2605 qui
1741 2550 1846 2605 per
1906 2533 2111 2605 impios

477 2633 738 2699 veterum
781 2628 1179 2685 haereticorum
1240 2630 1526 2684 volutatus
1583 2643 1822 2695 errores,
1873 2627 2111 2682 tertium

476 2724 814 2796 Apollinaris
875 2722 1087 2796 dogma
1146 2722 1392 2794 delegit,
1456 2726 1517 2777 ut
1577 2725 1782 2793 negata
1843 2721 2113 2776 humanae

480 2818 663 2872 carnis
707 2820 878 2887 atque
922 2816 1129 2871 animae
1170 2816 1407 2871 veritate
1439 2816 1624 2869 totum
1659 2814 1969 2869 Dominum
2006 2831 2110 2869 no-

480 2916 662 2965 strum
697 2912 886 2966 Jesum
926 2909 1215 2964 Christum
1254 2909 1428 2964 unius
1458 2912 1673 2963 asserat
1708 2924 1828 2963 esse
1870 2912 2109 2977 naturae,

484 3007 758 3074 tanquam
814 3001 981 3057 Verbi
1051 3002 1234 3058 deitas
1292 3003 1415 3073 ipsa
1464 3017 1523 3057 se
1581 3001 1641 3055 in
1690 3017 1924 3056 carnem
1976 3018 2110 3056 con-

483 3096 730 3165 verterit,
783 3098 840 3150 et
888 3095 1109 3166 concipi
1144 3112 1208 3150 ac
1258 3095 1434 3165 nasci,
1475 3093 1682 3149 nutriri
1725 3098 1782 3149 et
1838 3111 2109 3163 crescere,

2208 1973 2509 2028 ostendant
2529 1972 2590 2026 in
2615 1988 2728 2043 quo
2758 1971 2862 2026 sibi
2886 1969 3271 2027 Christianum
3296 1986 3509 2025 nomen
3538 1974 3845 2042 usurpent.

2210 2068 2278 2122 Et
2323 2083 2452 2121 cum
2498 2066 2806 2136 Evangelia
2864 2064 3118 2120 veritatis
3173 2080 3286 2135 qua
3333 2064 3550 2119 ratione
3600 2081 3848 2120 concor-

2211 2162 2367 2228 dent,
2412 2160 2457 2214 si
2502 2159 2685 2214 beatae
2725 2158 2971 2230 Virginis
3014 2162 3181 2230 partu
3225 2159 3323 2212 aut
3366 2175 3497 2213 caro
3550 2159 3670 2213 sine
3716 2158 3848 2214 dei-

2209 2258 2347 2323 tate,
2395 2256 2494 2307 aut
2551 2253 2726 2308 deitas
2776 2255 2861 2306 est
2918 2257 3044 2307 orta
3093 2251 3213 2307 sine
3253 2267 3445 2308 carne.
3489 2251 3647 2307 Sicut
3682 2252 3847 2307 enim

2211 2346 2407 2419 negari
2431 2364 2550 2401 non
2580 2349 2786 2418 potest,
2823 2345 3171 2417 evangelista
3196 2345 3436 2413 dicente,
3471 2345 3625 2417 quod
3656 2366 3685 2396 ί(
3713 2347 3853 2401 Ver-

2210 2442 2348 2496 bum
2388 2457 2518 2496 caro
2567 2440 2776 2495 factum
2822 2444 2926 2507 est,
2978 2443 3035 2495 et
3068 2439 3343 2495 habitavit
3387 2439 3446 2493 in
3470 2439 3637 2494 nobis
3665 2439 3846 2510 (Joan.

2213 2553 2251 2602 ι,
2309 2536 2438 2605 14);
2498 2556 2525 2583 ››
2580 2534 2662 2590 ita
2729 2534 2929 2606 negari
2988 2550 3103 2588 non
3158 2536 3381 2605 potest,
3446 2533 3610 2588 beato
3669 2534 3853 2589 Paulo

2210 2630 2464 2701 apostolo
2509 2627 2879 2700 praedicante,
2926 2628 3080 2700 quod
3115 2648 3142 2678 ‹‹
3179 2629 3325 2683 Deus
3360 2632 3484 2683 erat
3524 2627 3584 2682 in
3619 2627 3853 2684 Christo

2211 2722 2496 2777 mundum
2534 2720 2904 2776 reconcilians
2943 2720 3049 2775 sibi
3101 2722 3149 2791 (Ι
3185 2723 3302 2780 Cor.
3351 2737 3403 2789 v,
3450 2722 3554 2790 19).
3612 2743 3640 2771 »
3703 2721 3852 2786 Quae

2213 2820 2407 2871 autem
2459 2815 2582 2870 haec
2623 2814 3002 2870 reconciliatio
3045 2831 3166 2870 esse
3205 2818 3393 2886 posset
3435 2830 3548 2886 qua
3588 2815 3853 2871 humano

2215 2909 2411 2981 generi
2463 2908 2873 2980 propitiaretur
2921 2910 3069 2964 Deus
3133 2907 3243 2963 nisi
3291 2909 3547 2963 omnium
3614 2925 3853 2965 causam

2213 3002 2499 3057 mediator
2540 3001 2639 3057 Dei
2678 3001 3094 3073 hominumque
3142 3001 3504 3072 susciperet?
3545 3003 3666 3067 Qua
3710 3020 3853 3059 vero

2212 3096 2427 3151 ratione
2468 3095 2765 3150 veritatem
2806 3095 3127 3151 Mediatoris
3169 3094 3456 3166 impleret,
3497 3094 3608 3149 nisi
3652 3096 3755 3167 qui
3784 3096 3850 3151 in

480 3188 736 3260 cruciﬁgi
775 3205 840 3244 ac
877 3188 1044 3258 mori,
1096 3188 1322 3260 sepeliri
1369 3204 1433 3243 ac
1482 3204 1804 3258 resurgere,
1837 3191 1891 3242 et
1918 3204 2111 3243 ascen-
2133 3220 2188 3295 Ο
2213 3191 2400 3244 forma
2438 3189 2538 3243 Dei
2589 3188 2822 3261 aequalis
2862 3192 2945 3243 est
2990 3189 3144 3244 Patri
3187 3189 3247 3243 in
3289 3188 3475 3243 forma
3519 3190 3665 3244 servi
3708 3206 3853 3261 par-

479 3284 612 3339 dere
663 3282 724 3336 in
779 3283 1022 3352 coelum,
1069 3284 1127 3337 et
1171 3281 1233 3337 in
1289 3281 1471 3336 Patris
1520 3281 1787 3349 dextera,
1840 3283 1993 3336 unde
2042 3282 2113 3337 ad
2139 3281 2387 3355 “ticeps
2438 3287 2583 3338 esset
2634 3286 2689 3339 et
2747 3282 2947 3352 nostri,
2994 3285 3056 3336 ut
3097 3282 3298 3338 mortis
3336 3282 3626 3337 vinculum
3673 3284 3854 3340 unius

471 3376 813 3447 judicandos
866 3376 1017 3431 vivos
1078 3380 1135 3431 et
1199 3377 1457 3431 mortuos
1526 3374 1717 3430 veniet
1777 3375 2109 3446 considere,

480 3470 689 3525 divinae
748 3472 975 3525 tantum
1017 3469 1277 3526 essentiaa
1315 3469 1509 3537 fuerit,
1557 3486 1685 3541 quae
1732 3469 1875 3524 nihil
1905 3470 2112 3525 horum

478 3565 537 3619 in
589 3582 649 3619 se
702 3563 823 3621 sine
867 3564 1056 3619 carnis
1106 3563 1306 3635 recipit
1350 3563 1619 3633 veritate,
1676 3563 1949 3635 quoniam
2008 3581 2110 3619 na-

478 3665 605 3713 tura
647 3657 940 3730 Unigeniti
986 3662 1193 3713 natura
1233 3660 1317 3713 est
1357 3658 1552 3726 Patris,
1606 3661 1812 3713 natura
1864 3661 1949 3713 est
1987 3658 2111 3730 Spi-

483 3753 625 3807 ritus
673 3751 882 3807 Sancti.
934 3751 1225 3823 Simulque
1269 3751 1659 3822 impassibilis,
1706 3751 1876 3806 simul
1914 3755 1997 3807 est
2023 3751 2111 3806 in-

481 3861 666 3901 comm
675 3844 905 3899 utabilis
926 3845 1293 3915 sempiternae
1314 3844 1627 3913 Trinitatis,
1664 3844 1909 3900 indivisa
1929 3845 2115 3900 unitas

486 3945 542 3993 ct
596 3937 1091 3993 consubstantialis
1144 3936 1461 4008 aequalitas.
1520 3937 1679 3993 Unde
1733 3939 1779 3992 si
1831 3938 2115 4009 Apollina-

484 4030 562 4084 ris
598 4030 964 4101 perversitate
1014 4022 1399 4100 Eutychianus
1445 4029 1684 4101 quisque
1726 4030 2006 4101 desciscit,
2043 4047 2116 4087 ne

486 4123 860 4178 convincatur
884 4122 1157 4178 deitatem
1184 4122 1509 4194 passibilem
1539 4123 1752 4180 sentire
1776 4128 1947 4196 atque
1968 4142 2117 4180 mor-

488 4217 691 4286 talem,
745 4220 800 4271 et
840 4218 1038 4271 tamen
1096 4216 1265 4271 Verbi
1318 4216 1616 4287 incarnati,
1674 4218 1736 4274 id
1782 4221 1900 4286 est,
1954 4218 2117 4274 Verbi

487 4315 542 4366 et
566 4310 751 4366 carnis
779 4327 960 4365 unam
997 4310 1170 4366 audet
1207 4310 1581 4381 pronuntiare
1619 4315 1904 4381 naturam,
1938 4313 2119 4367 mani-

483 4406 627 4460 feste
666 4405 723 4459 in
766 4403 1053 4459 Valentini
1098 4408 1158 4458 et
1203 4404 1497 4460 Manichaei
1543 4406 1746 4461 transit
1794 4406 2112 4474 insaniam;

486 4504 542 4554 et
567 4497 948 4554 mediatorem
988 4498 1091 4553 Dei
1131 4502 1187 4554 et
1228 4499 1552 4567 hominum,
1594 4501 1897 4556 hominem
1924 4502 2116 4556 Jesum

2211 3376 2678 3449 praevaricatione
2759 3380 3111 3431 contractum
3139 3419 3153 3445 ,
3222 3375 3395 3431 unius
3436 3380 3643 3449 ‘morte
3713 3377 3853 3449 (qui

2214 3435 2366 3525 solus
2406 3470 2579 3525 morti
2626 3469 2769 3525 nihil
2815 3469 3030 3539 debuit)
3058 3435 3650 3536 sol'vereturﬂitfusio
3690 3435 3852 3526 enim

2214 3581 2315 3636 pro
2340 3564 2416 3636 inj
2428 3564 2567 3618 ustis
2597 3563 2895 3635 sanguinis
2918 3565 2942 3618 .l
2952 3562 3057 3618 usti
3085 3566 3201 3617 tam
3227 3567 3428 3635 potens
3456 3563 3565 3618 fuit
3586 3563 3659 3619 ad
3680 3564 3855 3634 privi-

2213 3657 2451 3730 legium,
2484 3660 2603 3711 tam
2636 3657 2788 3712 dives
2829 3657 2898 3711 ad
2945 3655 3238 3728 pretium;
3285 3660 3350 3711 ut
3412 3656 3457 3710 si
3510 3655 3855 3712 universitas

2214 3751 2563 3823 captivorum
2600 3751 2659 3804 in
2700 3750 3146 3821 Redemptorem
3186 3766 3354 3804 suum
3380 3750 3663 3820 crederet,
3690 3752 3856 3807 nulla

2214 3845 2427 3900 diaboli
2452 3844 2687 3899 vincula
2713 3843 3053 3913 retinerent;
3096 3844 3391 3915 quoniam,
3436 3843 3583 3899 sicut
3606 3846 3851 3916 Aposto-

2214 3939 2301 3993 lus
2323 3938 2422 4007 ait,
2460 3959 2487 3988 ‹‹
2518 3936 2614 3992 ubi
2630 3937 2939 3991 abundavit
2964 3942 3258 4008 peccatum
3285 3937 3769 4009 superabundavit
3796 3945 3855 3994 et

2217 4031 2402 4104 gratia
2433 4032 2597 4100 (Rom.
2630 4047 2683 4099 v,
2724 4031 2832 4101 20).
2868 4050 2896 4082 »
2930 4033 2997 4086 Et
3021 4047 3152 4085 cum
3191 4030 3295 4086 sub
3321 4031 3541 4103 peccati
3580 4032 3852 4103 prsejudi-

2215 4125 2302 4179 cio
2344 4124 2464 4180 nati
2493 4126 2829 4196 potestatem
2858 4127 3198 4196 acceperunt
3229 4124 3302 4179 ad
3323 4124 3608 4196 justitiam
3646 4142 3850 4181 renas-

2215 4218 2401 4286 cendi,
2440 4218 2674 4273 validius
2713 4219 2931 4274 factum
2967 4224 3049 4274 est
3087 4218 3305 4273 donum
3350 4218 3623 4274 libertatis
3672 4235 3853 4291 quam

2215 4312 2470 4368 debitum
2499 4293 3012 4377 servitutisluQuam
3041 4312 3234 4384 itaque
3260 4312 3371 4367 stbi
3396 4312 3457 4367 in
3478 4312 3650 4383 hujus
3669 4328 3856 4369 sacra-

2216 4406 2398 4461 menti
2424 4404 2688 4477 praasidio
2718 4422 2880 4477 spem
2924 4407 3276 4477 relinquunt,
3320 4406 3419 4477 qui
3456 4404 3515 4459 in
3561 4405 3855 4462 Salvatore

2215 4502 2411 4555 nostro
2453 4504 2668 4571 negant
2706 4500 2944 4555 humani
2986 4500 3238 4572 corporis
3266 4500 3562 4555 veritatem
3585 4500 3614 4554 ?
3650 4499 3860 4556 Dicant

484 4592 775 4647 Christum
812 4592 1163 4648 simulatorie
1203 4593 1387 4648 credit
1426 4594 1622 4649 omnia
1649 4595 1851 4667 egisse,
1882 4612 1987 4650 nec
2012 4596 2117 4650 hu-
2139 4593 2199 4666 Ι)
2222 4611 2334 4666 quo
2357 4594 2631 4649 sacrificio
2653 4594 3018 4663 reconciliati,
3059 4593 3254 4649 dicant
3292 4609 3406 4664 quo
3438 4593 3712 4665 sanguine
3740 4594 3866 4651 sint

484 4702 729 4741 manum
755 4684 815 4740 in
840 4686 962 4757 ipso
983 4702 1212 4759 corpus,
1238 4687 1337 4742 sed
1355 4688 1849 4758 plantasmaticam
1868 4689 2122 4761 corporis

488 4779 738 4851 speciem
767 4778 942 4834 oculis
979 4780 1303 4851 apparuisse
1336 4783 1713 4838 cernentium.
1747 4784 1881 4848 Quae
1916 4783 2119 4854 impie-

483 4873 612 4927 tatis
655 4873 989 4941 mendacia,
1037 4874 1308 4945 quoniam
1354 4875 1490 4929 olim
1534 4876 1673 4931 fides
1715 4876 1993 4930 catholica
2030 4877 2122 4931 de-

491 4970 752 5033 testatur,
794 4971 851 5021 et
884 4965 1125 5021 aliarum
1156 4969 1531 5024 assertionum
1562 4968 1858 5039 sacrilegia
1882 4985 2118 5023 concor—

487 5060 653 5114 dibus
726 5077 830 5132 per
904 5063 1089 5115 totum
1168 5062 1449 5117 mundum
1522 5063 1824 5118 beatorum
1891 5063 2122 5118 Patrum

487 5153 705 5207 dudum
754 5159 888 5209 sunt
933 5155 1204 5211 damnata
1248 5156 1561 5225 sententiis,
1613 5173 1730 5210 non
1773 5155 2010 5210 dubium
2041 5163 2122 5212 est

488 5262 615 5301 eam
655 5263 759 5301 nos
803 5246 976 5303 ﬁdem
1014 5249 1327 5320 praedicare
1369 5256 1537 5321 atque
1588 5249 1915 5317 defendere,
1949 5266 2119 5321 quam

486 5343 686 5395 sancta
734 5341 992 5413 Synodus
1029 5343 1256 5398 Nicaana
1304 5343 1663 5399 conﬁrmavit
1698 5343 1892 5398 dicens
1934 5360 1946 5397 :
1994 5346 2121 5399 Cre-

486 5433 675 5489 dimus
737 5435 797 5490 in
860 5452 1039 5491 unum
1102 5437 1282 5491 Deum
1344 5439 1569 5492 Patrem
1628 5437 2114 5508 omnipotentem,

483 5527 795 5584 visibilium
855 5534 912 5585 et
961 5528 1329 5585 invisibilium
1380 5530 1678 5598 factorem,
1735 5536 1791 5586 et
1838 5531 1896 5585 in
1937 5549 2120 5587 unum

488 5621 797 5678 Dominum
840 5624 1031 5678 Iesum
1077 5622 1365 5680 Christum
1408 5623 1608 5678 Filium
1654 5625 1773 5693 Dei,
1819 5629 2016 5680 natum
2051 5627 2119 5682 de

486 5717 647 5770 Patre
699 5716 1086 5787 unigenitum,
1156 5716 1263 5771 hoc
1317 5721 1401 5772 est
1441 5716 1500 5771 in
1551 5718 1864 5775 substantia
1917 5702 2116 5775 Patris.

483 5807 661 5861 Deum
698 5808 767 5863 de
820 5810 957 5878 Deo,
1008 5808 1203 5864 lumen
1241 5809 1310 5864 de
1346 5810 1582 5881 lumine,
1612 5814 1789 5869 Deum
1822 5830 2017 5868 verum
2051 5814 2119 5868 de

485 5898 596 5950 Dm
622 5915 750 5953 vero
766 5918 782 5967 ;
811 5906 1010 5955 natum
1041 5919 1151 5955 non
1180 5901 1416 5972 factum,
1447 5904 1612 5960 unius
1634 5906 1961 5962 substantiae
1983 5923 2117 5960 cum

2221 4687 2501 4760 redempti
2519 4687 2546 4741 ?
2602 4709 2628 4737 «
2659 4687 2792 4752 Quis
2820 4690 2904 4742 est
2934 4688 3015 4758 (ut
3044 4688 3343 4759 Apostolus
3368 4688 3465 4759 ait)
3496 4688 3594 4759 qui
3621 4687 3867 4743 tradidit

2223 4782 2597 4854 semetipsum
2631 4798 2737 4854 pro
2774 4781 2940 4836 nobis
2984 4781 3330 4837 oblationem
3376 4785 3434 4837 et
3463 4782 3705 4837 hostiam
3736 4782 3862 4837 Deo

2221 4875 2281 4931 in
2304 4876 2535 4931 odorem
2577 4874 2862 4930 suavitatis
2891 4876 3108 4947 (Ephes.
3150 4892 3204 4943 v,
3235 4876 3335 4947 2)?
3366 4898 3393 4925 ››
3434 4879 3544 4931 Aut
3568 4875 3719 4946 quod
3746 4892 3862 4930 un-

2223 4987 2394 5041 quam
2430 4969 2771 5024 sacriﬁcium
2815 4968 3085 5024 sacratius
3113 4969 3240 5038 fuit,
3283 4986 3455 5042 quam
3494 4968 3649 5040 quod
3692 4984 3864 5024 verus

2223 5066 2281 5117 et
2326 5068 2571 5119 aeternus
2598 5062 2858 5135 pontifex
2887 5062 3049 5117 altari
3080 5063 3260 5118 crucis
3279 5080 3382 5135 per
3399 5062 3863 5118 immolationem

2222 5173 2336 5211 suae
2357 5157 2543 5211 carnis
2563 5156 2878 5229 imposuit?
2906 5156 3176 5221 Quamvis
3198 5156 3352 5212 enim
3383 5156 3700 5212 multorum
3727 5172 3864 5211 san-

2220 5257 2443 5305 ctorum
2470 5251 2529 5304 in
2567 5253 2875 5322 conspectu
2912 5250 3141 5306 Domini
3184 5251 3436 5323 pretiosa
3465 5266 3620 5305 mors
3657 5250 3859 5317 fuerit,

2220 5344 2434 5400 nullius
2462 5347 2656 5399 tamen
2673 5344 2916 5399 insontis
2933 5345 3138 5400 occisio
3156 5344 3473 5417 redemptio
3495 5344 3604 5399 fuit
3628 5345 3860 5399 mundi.

2220 5442 2575 5510 Acceperunt
2587 5438 2747 5509 justi,
2778 5455 2896 5493 non
2924 5439 3209 5494 dederunt
3229 5455 3488 5507 coronas,
3519 5441 3577 5493 et
3594 5438 3663 5493 de
3689 5438 3862 5493 forti-

2222 5533 2419 5587 tudine
2454 5533 2708 5588 ﬁdelium
2742 5534 3009 5605 exempla
3042 5537 3179 5589 nata
3208 5537 3341 5587 sunt
3382 5531 3693 5604 patientiae,
3738 5550 3862 5588 non

2222 5627 2371 5681 dona
2392 5627 2649 5698 justitiae.
2683 5627 3013 5698 Singulares
3054 5627 3263 5700 quippe
3290 5627 3350 5682 in
3372 5625 3612 5698 singulis
3639 5630 3863 5682 mortes

2219 5720 2468 5787 fuerunt,
2516 5736 2622 5775 nec
2659 5721 2891 5775 alterius
2938 5721 3239 5794 quisquam
3284 5720 3540 5777 debitum
3583 5735 3685 5774 suo
3739 5720 3859 5775 ﬁne

2219 5813 2509 5883 persolvit,
2544 5829 2675 5868 cum
2703 5813 2856 5869 inter
2881 5814 3029 5869 filios
3056 5815 3361 5870 hominum
3395 5831 3541 5868 unus
3571 5813 3719 5867 solus
3746 5814 3859 5869 Do-

2221 5906 2409 5960 minus
2429 5911 2619 5961 noster
2645 5907 2802 5962 Jesus
2827 5907 3100 5976 Christus,
3119 5909 3217 5981 qui
3237 5924 3366 5964 vere
3391 5912 3513 5963 erat
3531 5923 3713 5981 agnus
3738 5905 3847 5962 inl-
