4034 6334
197 387 299 440 8515

1442 380 1910 436 DECRETALIUM
1951 383 2332 438 COLLECTIO.

3465 388 3568 442 846

197 492 513 546 maculatus
539 490 836 559 exstiterit,
865 491 923 544 in
953 505 1065 560 quo
1097 505 1296 544 omnes
1323 488 1596 558 cruciﬁxi,
1625 506 1831 544 omnes
1853 500 1910 572 Α
1929 490 2239 545 reticorum
2263 492 2563 547 mendacia
2583 492 2931 562 destruebat,
2956 496 3020 547 ut
3037 491 3303 548 universa
3323 494 3570 550 Ecclesia

201 585 434 654 mortui,
489 600 689 640 omnes
739 583 962 655 sepulti,
1014 599 1212 638 omnes
1263 585 1398 638 sunt
1438 582 1613 638 etiam
1657 583 1830 638 susci-

197 681 314 734 tati.
343 680 423 734 De
456 679 663 750 quibus
697 678 817 749 ipse
842 677 1063 732 dicebat
1092 694 1103 732 :
1140 699 1167 726 «
1199 678 1340 733 Cum
1371 677 1649 732 exaltatus
1669 678 1831 732 fuero

198 792 228 829 a
250 778 422 840 terra,
449 773 646 828 omnia
666 773 891 827 traham
911 772 980 826 ad
1013 771 1296 842 meipsum
1330 771 1500 842 (Joan.
1533 787 1629 838 xu,
1663 772 1769 841 32).
1801 793 1828 820 ››

199 868 358 922 Fides
385 867 548 922 enim
574 871 760 920 vestra
773 865 1093 936 justificans
1119 865 1326 936 impios
1357 868 1413 919 et
1443 865 1832 935 creansjustos

196 963 264 1016 ad
286 961 670 1016 humanitatis
690 977 804 1014 suae
824 963 999 1014 tracta
1022 959 1376 1030 participem,
1397 957 1455 1012 in
1477 959 1574 1013 illo
1595 959 1834 1030 acquirit

203 1057 470 1124 salutem,
512 1055 571 1108 in
603 1071 717 1125 quo
749 1055 863 1108 solo
891 1054 1068 1108 homo
1112 1069 1168 1108 se
1200 1052 1416 1107 invenit
1442 1053 1828 1119 innocentem,

196 1150 443 1204 liberum
490 1149 706 1203 habens
747 1163 848 1218 per
895 1146 1139 1217 gratiam
1166 1147 1267 1200 Dei
1294 1147 1364 1201 de
1417 1145 1668 1217 potentia
1712 1147 1833 1217 ejus

200 1242 431 1314 gloriari
458 1242 559 1314 qui
589 1245 786 1296 contra
813 1242 1037 1296 hostem
1064 1240 1304 1294 humani
1325 1240 1547 1311 generis
1569 1240 1626 1294 in
1646 1240 1834 1294 carnis

201 1340 409 1390 nostrae
456 1335 786 1390 humilitate
825 1351 1164 1405 congressus
1213 1334 1302 1388 his
1335 1333 1632 1388 victoriam
1667 1350 1832 1388 suam

198 1430 418 1497 tribuit,
451 1430 510 1483 in
546 1445 790 1500 quorum
820 1445 1054 1498 corpore
1088 1427 1480 1499 triumphavit.
1514 1427 1667 1482 Licet
1693 1443 1832 1497 ergo

203 1525 254 1576 in
281 1541 401 1577 uno
436 1523 680 1578 Domino
706 1525 836 1577 Jesu
863 1522 1082 1578 Christo
1110 1537 1241 1575 vero
1264 1520 1363 1574 Dei
1390 1525 1560 1592 atque
1585 1520 1833 1576 hominis

198 1619 310 1671 tilio
344 1617 517 1671 Verbi
546 1619 604 1671 et
634 1617 816 1670 carnis
855 1632 970 1670 una
1000 1631 1240 1686 persona
1269 1615 1358 1684 sit,
1393 1631 1519 1685 qua:
1549 1615 1835 1685 insepara-

199 1711 391 1765 biliter
437 1716 606 1782 atque
651 1709 890 1764 indivise
937 1725 1271 1764 communes
1308 1708 1521 1762 habeat
1562 1708 1829 1777 actiones,

201 1805 594 1875 intelligendas
622 1808 810 1859 tamen
832 1807 964 1857 sunt
983 1803 1236 1874 ipsorum
1256 1819 1493 1873 operum
1511 1802 1828 1873 qualitates,

200 1903 254 1953 et
285 1899 525 1953 sincerae
553 1897 689 1952 fidei
715 1897 1192 1968 contemplatione
1222 1896 1577 1952 cernendum
1605 1900 1708 1963 est,
1759 1896 1830 1950 ad

197 2009 323 2065 qua:
349 1992 694 2064 provehatur
719 1991 1014 2045 humilitas
1034 1990 1237 2059 carnis,
1262 1993 1319 2044 et
1343 1991 1414 2044 ad
1437 2006 1566 2061 quae
1601 1990 1834 2044 incline-

201 2091 290 2140 tur
317 2086 560 2140 altitudo
590 2085 915 2140 divinitatis.
948 2085 1088 2149 Quid
1119 2085 1190 2138 sit
1217 2085 1368 2156 quod
1392 2100 1518 2138 caro
1547 2083 1668 2138 sine
1697 2086 1828 2138 Ver-

198 2181 270 2234 bo
296 2197 412 2234 non
439 2180 593 2251 agit;
643 2179 780 2250 quid
809 2179 880 2234 sit
909 2179 1063 2249 quod
1090 2178 1342 2233 Verbum
1375 2178 1494 2233 sine
1521 2195 1691 2233 carne
1716 2195 1832 2233 non

199 2275 393 2330 efﬁcit.
415 2274 545 2329 Sine
565 2273 732 2328 Verbi
754 2273 907 2327 enim
931 2273 1185 2344 potentia
1206 2289 1309 2327 nec
1327 2273 1642 2342 conciperet
1661 2272 1830 2343 Virgo

200 2385 305 2422 nec
331 2371 580 2439 pareret,
624 2372 680 2422 et
706 2367 828 2422 sine
862 2367 1026 2420 Verbi
1063 2367 1298 2421 veritate
1338 2366 1521 2420 carnis
1565 2366 1832 2421 obvoluta

199 2463 402 2534 pannis
427 2461 670 2516 infantia
695 2477 812 2515 non
836 2461 1068 2531 jaceret.
1100 2461 1228 2516 Sine
1249 2459 1413 2514 Verbi
1443 2460 1693 2530 potentia
1717 2477 1831 2514 non

199 2557 512 2611 adorarent
541 2556 696 2627 magi
726 2571 965 2625 puerum
991 2555 1150 2609 stella
1169 2553 1357 2608 indice
1380 2554 1749 2623 declaratum,
1775 2558 1832 2608 et

199 2650 320 2704 sine
377 2649 611 2704 veritate
664 2648 850 2703 carnis
900 2665 1017 2702 non
1067 2648 1370 2719 juberetur
1412 2647 1470 2702 in
1529 2650 1831 2719 AEgyptum

195 2743 490 2799 transferri
521 2759 662 2814 puer
693 2747 749 2797 et
792 2743 862 2796 ab
903 2741 1139 2796 Herodis
1179 2741 1571 2812 persecutione
1604 2742 1828 2796 abduci.

199 2838 328 2894 Sine
360 2836 526 2890 Verbi
557 2835 816 2907 potentia
841 2853 957 2890 non
989 2835 1198 2890 diceret
1226 2853 1329 2889 vox
1356 2835 1538 2890 Patris
1564 2835 1734 2889 missa
1762 2836 1830 2890 de

199 2933 336 2986 ccelo
370 2948 382 2984 :
419 2953 446 2980 «
477 2929 571 2984 Hic
602 2932 688 2984 est
721 2929 888 2984 Filius
934 2946 1095 2983 meus
1139 2929 1396 2998 dilectus,
1435 2929 1494 2983 in
1541 2946 1654 3000 quo
1689 2929 1833 2983 mihi

198 3026 345 3079 bene
377 3023 716 3096 complacui,
750 3024 937 3095 ipsum
973 3023 1162 3077 audite
1195 3023 1410 3092 (Matth.
1442 3039 1531 3094 in,
1562 3024 1665 3094 17).
1703 3046 1729 3072 ››
1767 3025 1832 3077 Et

197 3120 316 3174 sine
334 3119 576 3172 veritate
596 3117 784 3171 carnis
798 3134 912 3171 non
933 3119 1344 3187 protestaretur
1359 3117 1629 3172 Joannes:
1651 3139 1677 3166 α
1692 3118 1830 3172 Ecce

196 3231 380 3284 agnus
427 3212 547 3278 Dei,
602 3228 731 3265 ecce
768 3211 864 3282 qui
902 3211 1045 3265 tollit
1084 3212 1313 3280 peccata
1348 3210 1550 3264 mundi
1581 3210 1756 3282 (Joan.
1791 3228 1827 3276 ι,
1852 3244 1906 3317 C

194 3307 304 3374 29).
338 3330 362 3354 ››
399 3306 531 3362 Sine
575 3305 743 3359 Verbi
775 3304 1025 3376 potentia
1067 3320 1182 3357 non
1233 3303 1397 3357 ﬁeret
1425 3303 1832 3375 redintegratio

196 3401 468 3455 debilium
498 3406 552 3454 et
588 3399 887 3453 viviﬁcatio
924 3402 1303 3464 mortuorum,
1350 3402 1406 3451 et
1445 3397 1564 3451 sine
1592 3398 1831 3453 veritate

197 3495 386 3549 carnis
411 3510 517 3548 nec
536 3493 694 3547 cibus
703 3493 820 3563 jer
831 3509 924 3556 no,
948 3507 1050 3545 nec
1075 3507 1306 3544 somnus
1320 3492 1830 3546 cssetnecessarius

198 3589 452 3660 fatigato.
485 3590 774 3642 Postremo
798 3586 918 3640 sine
944 3585 1111 3640 Verbi
1138 3585 1391 3656 potentia
1420 3602 1536 3638 non
1567 3601 1624 3639 se
1649 3586 1830 3640 Domi—

196 3699 303 3737 nus
329 3681 483 3736 Patri
508 3682 869 3752 profiteretur
895 3681 1194 3750 aequalem,
1224 3682 1279 3733 et
1301 3680 1424 3733 sine
1444 3678 1676 3734 veritate
1705 3697 1826 3734 car-

198 3777 282 3830 nis
308 3792 424 3830 non
451 3775 601 3830 idem
630 3774 841 3828 diceret
862 3775 1088 3828 Patrem
1113 3789 1233 3827 esse
1263 3773 1561 3843 majorem,
1592 3790 1721 3828 cum
1739 3791 1825 3827 ca-

195 3870 410 3925 tholica
429 3870 568 3923 ﬁdes
589 3873 895 3938 utrumque
918 3867 1206 3938 suscipiat,
1235 3870 1538 3937 utrumque
1562 3867 1829 3922 defendat

197 3981 322 4036 quae
369 3962 680 4017 secundum
730 3961 1140 4016 confessionem
1193 3961 1343 4015 beati
1385 3962 1624 4032 apostoli
1677 3962 1827 4016 Petri

199 4073 382 4112 unum
421 4056 708 4111 Christum
734 4056 832 4109 Dei
864 4055 974 4109 vivi
1002 4056 1207 4109 Filium
1242 4059 1298 4110 et
1327 4056 1619 4110 hominem
1651 4056 1830 4111 credit

197 4156 252 4206 et
279 4151 550 4206 Verbum.
577 4149 846 4214 Quamvis
876 4149 1067 4221 itaque
1095 4150 1164 4203 ab
1191 4149 1286 4203 illo
1314 4148 1475 4203 initio
1496 4167 1606 4220 quo
1631 4150 1690 4204 in
1712 4157 1829 4205 ute-

196 4263 258 4300 ro
290 4245 531 4316 virginis
560 4235 809 4297 Verbum
839 4260 972 4298 caro
1011 4244 1223 4298 factum
1275 4247 1359 4298 est
1400 4243 1542 4297 nihil
1571 4260 1826 4314 unquam

194 4342 342 4394 inter
373 4340 676 4409 utramque
706 4337 951 4392 formam
981 4337 1272 4392 divisionis
1303 4337 1602 4403 exstiterit,
1638 4340 1695 4390 et
1723 4355 1827 4407 per

194 4433 386 4488 omnia
428 4432 778 4487 incrementa
814 4447 1084 4502 corporea
1113 4430 1284 4484 unius
1313 4447 1578 4502 personae
1617 4431 1827 4486 fuerint

190 4528 360 4582 totius
389 4526 660 4597 temporis
676 4526 944 4595 actiones,
979 4541 1042 4579 ea
1072 4525 1196 4595 ipsa
1223 4528 1418 4579 tamen
1450 4541 1576 4595 quaa
1609 4524 1827 4596 insepa-

1851 1785 1908 1944 ἐς

1932 583 2137 638 Christi
2175 585 2488 640 imbuenda
2526 585 2798 641 doctrinis
2829 587 2937 640 hoc
2984 603 3103 642 non
3145 587 3251 641 sibi
3285 587 3571 644 dubitaret

1932 677 2283 733 credendum
2301 679 2453 750 quod
2470 679 2709 750 apostoli
2725 682 3094 751 susceperant
3111 681 3567 757 praedicandum.

1932 771 2009 823 Ac
2051 771 2094 824 si
2132 771 2192 825 in
2222 775 2380 826 tanta
2407 773 2533 827 luce
2556 773 2810 827 veritatis
2852 773 3119 828 tenebras
3149 790 3277 828 suas
3301 775 3569 830 haeretica

1935 863 2236 919 obduratio
2276 882 2394 920 non
2423 867 2712 937 relinquit,
2744 867 3045 922 ostendant
3082 867 3238 922 unde
3269 867 3375 922 sibi
3402 885 3563 941 spem

1932 958 2061 1012 vitae
2089 959 2460 1029 polliceantur
2485 965 2734 1029 internae,
2777 961 2851 1014 ad
2878 976 3051 1031 quem
3077 961 3186 1015 nisi
3215 977 3319 1033 per
3345 961 3561 1017 media-

1933 1056 2117 1106 torem
2150 1052 2248 1107 Dei
2278 1058 2335 1107 et
2363 1053 2688 1119 hominum,
2724 1054 3017 1108 hominem
3062 1055 3253 1109 Jesum
3280 1055 3562 1111 Christum

1933 1161 2050 1199 non
2094 1149 2280 1216 potest
2309 1147 2610 1217 perveniri.
2661 1148 2814 1202 Sicut
2857 1147 3011 1202 enim
3037 1149 3115 1203 ait
3143 1147 3344 1203 beatua
3369 1151 3565 1204 Petrus

1934 1240 2244 1309 apostolus,
2279 1259 2306 1290 «
2338 1242 2460 1294 Non
2482 1246 2565 1296 est
2590 1241 2743 1295 aliud
2773 1258 2985 1296 nomen
3012 1242 3208 1296 datum
3239 1243 3564 1298 hominibus

1933 1333 2036 1386 sub
2065 1334 2226 1401 coelo,
2266 1333 2324 1387 in
2366 1351 2478 1404 quo
2507 1338 2763 1406 oporteat
2794 1351 2896 1390 nos
2936 1336 3117 1390 salvos
3147 1336 3264 1390 fieri
3305 1337 3444 1407 (Act.
3485 1354 3560 1405 ιγ,

1937 1429 2041 1494 l2),
2072 1446 2098 1477 »
2145 1442 2250 1480 nec
2294 1427 2612 1498 redemptio
2650 1428 2987 1500 captivitatis
3033 1429 3305 1483 humanas
3352 1429 3460 1483 nisi
3505 1430 3560 1484 in

1934 1519 2207 1590 sanguine
2229 1521 2348 1591 ejus
2369 1542 2400 1569 ‹‹
2427 1521 2523 1592 qui
2543 1521 2699 1576 dedit
2720 1523 3087 1593 semetipsum
3108 1522 3560 1594 redemptionem

1934 1629 2037 1682 pro
2081 1613 2344 1668 omnibus
2387 1614 2436 1684 (Ι
2474 1617 2608 1670 Tim.
2647 1632 2705 1683 II,
2732 1615 2804 1684 6),
2842 1637 2868 1664 n
2900 1620 2955 1670 et
2981 1616 3098 1687 qui,
3133 1616 3273 1670 sicut
3298 1616 3567 1686 praedicat

1933 1707 2129 1761 beatus
2154 1708 2358 1763 Paulus
2388 1708 2701 1779 apostolus,
2734 1731 2760 1758 «
2793 1725 2922 1763 cum
2943 1709 3001 1763 in
3027 1709 3210 1764 forma
3253 1695 3373 1764 Dei.
3397 1713 3562 1776 esset,

1933 1816 2050 1854 non
2072 1801 2329 1871 rapinam
2351 1802 2654 1857 arbitratus
2677 1807 2758 1858 est
2784 1820 2905 1857 esse
2931 1819 2988 1858 se
3011 1803 3291 1875 aequalem
3311 1804 3440 1872 Deo,
3465 1804 3563 1858 sed

1932 1894 2300 1966 semetipsum
2326 1895 2642 1950 exinanivit
2662 1897 2914 1952 formam
2937 1898 3084 1952 servi
3111 1896 3394 1968 accipiens
3421 1897 3478 1952 in
3500 1898 3564 1952 si-

1932 1987 2314 2043 militudinem
2340 1989 2639 2044 hominum
2664 1990 2866 2056 factus,
2903 1994 2960 2044 et
2990 1990 3189 2045 habitu
3219 1991 3482 2045 inventus
3502 1994 3565 2045 ut

1932 2081 2124 2136 homo.
2151 2083 2476 2138 Humiliavit
2497 2084 2865 2154 semetipsum
2897 2084 3074 2138 factus
3094 2083 3364 2138 obediens
3384 2101 3562 2155 usque

1933 2175 2003 2229 ad
2046 2178 2310 2245 mortem,
2361 2181 2604 2231 mortem
2647 2180 2838 2232 autem
2886 2176 3078 2250 209
3107 2178 3303 2232 crucis.
3332 2180 3566 2248 Propter

1931 2269 2084 2341 quod
2111 2273 2167 2323 et
2195 2271 2339 2324 Deus
2367 2270 2635 2326 exaltavit
2659 2271 2824 2326 illum
2865 2274 2922 2324 et
2957 2271 3188 2326 donavit
3224 2271 3304 2326 illi
3348 2288 3558 2326 nomen

1932 2363 2086 2434 quod
2107 2366 2192 2417 est
2213 2381 2380 2435 super
2400 2381 2567 2420 omne
2591 2382 2822 2434 nomen,
2845 2369 2907 2420 ut
2924 2365 2981 2419 in
3001 2365 3232 2420 nomine
3247 2367 3374 2420 Jesu
3392 2383 3561 2421 omne

1931 2473 2080 2527 genu
2100 2458 2360 2512 ﬂectatur
2380 2458 2710 2527 caelestium,
2728 2459 3086 2513 terrestrium
3106 2465 3161 2514 et
3179 2459 3559 2529 infernorum,

1932 2553 1986 2604 et
2003 2551 2191 2605 omnis
2215 2551 2408 2622 lingua
2428 2553 2762 2607 confiteatur
2783 2552 2919 2623 quia
2940 2552 3209 2607 Dominus
3228 2555 3253 2607 J
3259 2570 3388 2607 esus
3408 2553 3562 2610 Chri-

1933 2646 2048 2696 stus
2077 2643 2129 2698 in
2161 2645 2339 2715 gloria
2367 2649 2451 2699 est
2482 2645 2579 2699 Dei
2605 2645 2786 2699 Patris
2814 2645 3032 2716 (Philip.
3066 2661 3125 2713 Il,
3157 2649 3322 2716 6-11).
3358 2665 3386 2697 »
3417 2648 3558 2702 Cum

1933 2752 2071 2807 ergo
2099 2753 2248 2792 unus
2271 2737 2342 2792 sit
2362 2739 2628 2793 Dominus
2649 2740 2804 2793 Jesus
2830 2737 3083 2792 Christus
3103 2741 3160 2793 et
3184 2755 3314 2794 vere
3341 2739 3562 2795 deitatis

1930 2845 2175 2902 vereque
2214 2832 2586 2887 humanitatis
2615 2832 2673 2886 in
2699 2833 2823 2903 ipsa
2853 2849 2967 2887 una
2996 2848 3225 2903 prorsus
3252 2833 3565 2905 eademque

1931 2939 2177 2993 persona
2197 2925 2292 2992 sit,
2314 2926 2716 2981 exaltationem
2737 2930 2930 2981 tamen
2953 2943 3064 2997 qua
3083 2926 3246 2981 illum
3273 2926 3417 2982 sicut
3440 2926 3567 2981 doc-

1933 3020 2021 3070 tor
2042 3019 2300 3088 gentium
2316 3019 2468 3090 dicit,
2490 3019 2759 3075 exaltavit
2778 3021 2919 3074 Deus
2937 3025 2993 3076 et
3014 3020 3245 3075 donavit
3261 3019 3339 3074 illi
3354 3036 3561 3076 nomen

1931 3112 2084 3181 quod
2100 3117 2184 3167 est
2199 3130 2372 3184 super
2392 3131 2562 3169 omne
2579 3130 2793 3169 nomen
2813 3115 3053 3184 excellit,
3072 3115 3141 3170 ad
3162 3131 3285 3170 eam
3299 3114 3564 3187 intelligi-

1933 3221 2061 3258 mus
2083 3207 2371 3276 pertinere
2394 3209 2635 3262 formam
2663 3225 2792 3279 quia
2814 3208 3046 3264 ditanda
3067 3213 3189 3263 erat
3206 3211 3381 3264 tanta:
3399 3209 3567 3280 glori-

1931 3297 2206 3353 ﬁcationis
2238 3307 2568 3372 augmento.

2005 3393 2064 3445 ln
2091 3392 2278 3447 forma
2304 3395 2515 3466 quippe
2546 3394 2646 3448 Dei
2679 3395 2912 3465 aequalis
2938 3397 3060 3448 erat
3096 3394 3270 3448 Filius
3299 3395 3465 3462 Patri,
3509 3400 3564 3450 et

1933 3483 2084 3538 inter
2110 3488 2432 3557 genitorem
2462 3493 2633 3558 atque
2662 3488 3021 3559 unigenitum
3050 3488 3208 3560 nulla
3231 3489 3290 3542 in
3320 3489 3563 3543 essentia.

1931 3579 2218 3650 discretio,
2254 3583 2408 3636 nulla
2435 3584 2494 3636 in
2531 3584 2822 3653 majestate
2853 3583 3170 3652 diversitas,
3215 3599 3317 3637 nec
3346 3599 3448 3654 per
3471 3583 3558 3638 in-

1932 3677 2272 3739 carnationis
2291 3677 2629 3748 mysterium
2650 3675 2865 3747 aliquid
2882 3676 3196 3732 decesserat
3208 3677 3388 3732 Verbo
3403 3678 3556 3748 quod

1930 3779 1980 3834 ei
2007 3774 2187 3832 Patris
2206 3787 2444 3827 munere
2466 3771 2822 3825 redderetur.
2844 3771 3047 3825 Forma
3071 3774 3262 3826 autem
3292 3771 3435 3826 servi
3457 3789 3561 3843 per

1929 3888 2101 3944 quam
2124 3865 2487 3939 impassibilis
2507 3865 2683 3920 deitas
2705 3870 3123 3920 sacramentum
3143 3882 3368 3936 magnae
3388 3867 3560 3938 pieta-

1931 3967 1998 4020 tis
2033 3962 2310 4035 implevit,
2343 3961 2598 4015 humana
2619 3958 2907 4013 humilitas
2936 3962 3040 4028 est,
3075 3975 3201 4030 qum
3230 3959 3288 4014 in
3318 3960 3556 4033 gloriam

1928 4059 2132 4114 divinae
2157 4053 2451 4129 potestatis
2478 4057 2667 4108 evecta
2694 4055 2794 4120 est,
2837 4053 2894 4106 in
2923 4055 3142 4107 tantam
3179 4053 3458 4109 unitatem
3489 4055 3559 4109 ab

1927 4154 2051 4226 ipso
2069 4154 2343 4221 conceptu
2361 4147 2595 4218 virginis
2610 4147 2817 4202 deitate
2835 4150 2892 4201 et
2907 4147 3262 4202 humanitate
3281 4154 3556 4215 conserta,

1928 4253 1991 4301 ut
2024 4262 2126 4300 nec
2168 4244 2286 4297 sine
2329 4241 2560 4295 homine
2588 4239 2798 4306 divina,
2842 4256 2944 4294 nec
2970 4240 3092 4294 sine
3120 4242 3232 4295 Deo
3253 4247 3560 4313 agerentur

1927 4340 2198 4393 humana.
2232 4338 2468 4404 Propter
2495 4334 2648 4404 quod
2676 4333 2820 4386 sicut
2845 4334 3114 4387 Dominus
3141 4335 3452 4404 majestatis
3482 4336 3560 4391 di-

1925 4433 2073 4486 citur
2101 4429 2420 4496 crucifixus,
2451 4427 2530 4480 ita
2558 4426 2652 4496 qui
2674 4442 2740 4479 ex
2757 4426 3203 4496 sempiternitatc
3221 4429 3454 4498 aequalis
3475 4434 3560 4483 est

1925 4526 2056 4593 Deo,
2089 4524 2294 4579 dicitur
2319 4521 2616 4587 exaltatus,
2651 4520 2781 4590 quia
2809 4519 3266 4589 inseparabiliter
3285 4526 3555 4576 manente

189 4621 445 4675 mbiliter
461 4621 608 4674 facta
630 4623 782 4686 sunt,
809 4619 967 4673 nulla
981 4618 1374 4673 commistione
1390 4618 1817 4686 contundimus,
1841 4621 1899 4692 D
1923 4620 2139 4674 unitate
2171 4632 2452 4688 personae,
2485 4630 2632 4667 unus
2658 4617 2828 4683 atque
2865 4613 3020 4669 idem
3051 4619 3152 4681 est,
3196 4617 3252 4668 et
3276 4617 3428 4668 totus
3457 4616 3555 4670 Dei
3582 4637 3603 4692 ρ,

190 4715 282 4769 sed
309 4714 446 4786 quid
473 4714 633 4784 cujus
662 4713 857 4767 forma":
887 4713 960 4766 sit
992 4716 1050 4766 et
1079 4729 1317 4783 operum
1346 4713 1620 4783 qualitate
1647 4714 1819 4767 senti-

193 4789 568 4872 musJDicant
597 4823 731 4876 ergo
751 4806 846 4862 isti
875 4806 1208 4877 hypocritm,
1233 4805 1331 4877 qui
1354 4806 1516 4861 caecis
1538 4807 1822 4861 mentibus

193 4890 381 4956 lumen
433 4901 632 4954 nolunt
683 4899 934 4970 recipere
990 4899 1278 4964 veritatis,
1345 4899 1404 4954 in
1464 4916 1579 4970 qua
1641 4900 1823 4954 forma

193 4995 369 5049 crucis
396 4995 552 5064 ligno
582 4994 854 5048 Dominus
881 4993 1192 5063 majestatis
1215 4993 1471 5048 Christus
1496 4993 1695 5047 afﬁxus
1713 4994 1822 5049 sit?

193 5089 328 5160 quid
350 5089 601 5159 jacuerit
642 5088 700 5141 in
745 5088 1048 5158 sepulcro?
1089 5091 1144 5142 et
1176 5087 1432 5142 revoluto
1461 5089 1820 5143 monumenti

192 5183 401 5254 lapide,
435 5198 564 5252 quae
585 5181 753 5236 tertio
777 5181 867 5235 die
889 5197 1018 5235 caro
1043 5180 1390 5235 resurrexit?
1422 5183 1476 5234 et
1492 5181 1548 5234 in
1568 5198 1680 5252 quo
1697 5186 1824 5253 post

191 5276 658 5331 resurrectionem
693 5291 856 5328 suam
884 5291 998 5328 non
1032 5275 1325 5329 credentes
1353 5274 1629 5346 quosdam
1652 5275 1820 5330 disci-

193 5371 352 5440 pulos
378 5369 675 5439 arguebat,
701 5372 756 5422 e't
773 5369 1187 5423 haesitationem
1210 5368 1603 5423 cunctantium
1623 5369 1818 5423 confu-

191 5464 346 5517 tabat
375 5479 507 5517 cum
535 5462 748 5516 diceret
772 5479 784 5515 :
813 5463 1090 5532 «Palpate
1118 5465 1176 5516 et
1201 5462 1405 5531 videte,
1439 5463 1574 5534 quia
1592 5463 1822 5533 spiritus

194 5573 420 5611 carnem
456 5559 513 5610 et
550 5571 672 5610 ossa
713 5572 822 5610 nen
856 5556 1029 5609 habet
1053 5555 1196 5610 sicut
1240 5572 1335 5609 me
1375 5555 1575 5610 videtis
1613 5556 1821 5612 habere

197 5653 208 5692 ί
219 5653 338 5706 Luc.
378 5666 524 5718 xxrv,
569 5648 676 5719 39).
708 5670 734 5698 n
781 5650 848 5703 Et
871 5649 1126 5719 apostolo
1153 5649 1380 5703 Thomaa
1411 5665 1424 5703 :
1462 5668 1489 5700 «
1520 5650 1673 5704 Infer
1701 5667 1817 5705 ma-

197 5759 334 5798 num
358 5747 522 5798 tuam
543 5741 601 5796 in
626 5742 772 5796 latus
790 5758 1003 5810 meum,
1029 5744 1085 5795 et
1106 5741 1233 5795 vide
1256 5758 1461 5797 manus
1478 5759 1632 5797 meas
1651 5749 1708 5797 et
1725 5761 1818 5814 ρυ-

199 5836 315 5906 dcs,
373 5843 431 5891 et
478 5836 594 5892 noli
639 5853 762 5891 esse
806 5835 1132 5890 incredulus
1167 5835 1262 5890 sed
1311 5836 1494 5890 ﬁdelis
1526 5839 1695 5905 (Joan.
1733 5854 1817 5904 xx,

199 5931 304 6001 27).
339 5953 364 5980 ›ι
397 5932 617 5996 Quanta
656 5929 1114 5987 manifestatione
1144 5929 1395 6000 corporis
1423 5929 1508 5985 sui
1539 5931 1663 6001 jam
1699 5931 1818 5987 hae-

1879 4723 1892 4738 '
1925 4714 2094 4768 Filius
2128 4715 2360 4783 propter
2386 4724 2560 4762 unam
2602 4724 2730 4761 cum
2757 4708 2920 4761 Patre
2948 4706 3238 4762 deitatem.
3271 4709 3554 4780 Quidquid
3574 4709 3585 4741 ’ί

1925 4807 2077 4863 enim
2107 4806 2167 4860 in
2197 4809 2453 4875 tempore
2481 4801 2694 4872 accepit
2734 4801 2991 4858 Christus
3023 4801 3334 4856 secundum
3370 4803 3551 4857 homi-

1925 4918 2055 4956 nem
2075 4899 2314 4970 accepit,
2338 4897 2428 4952 cui
2457 4912 2585 4968 quae
2607 4912 2721 4950 non
2744 4894 2946 4949 habuit
2965 4895 3382 4950 conferrentur.
3413 4897 3553 4951 Nam

1925 4995 2240 5050 secundum
2273 4991 2582 5062 potentiam
2641 4989 2864 5044 deita‘tis
2914 4987 3310 5043 indifferenter
3359 4991 3555 5046 omnia

1924 5106 2051 5160 quae
2069 5088 2243 5142 habet
2270 5088 2451 5150 Pater,
2475 5084 2647 5138 etiam
2667 5083 2832 5137 Filius
2851 5082 3046 5148 habet,
3070 5084 3127 5136 et
3145 5099 3272 5154 qua:
3289 5083 3348 5138 in
3368 5085 3553 5140 forma

1922 5183 2067 5236 servi
2094 5199 2122 5235 a
2145 5183 2308 5235 Patre
2335 5177 2570 5248 accepit,
2591 5176 2794 5231 eadem
2822 5176 2879 5230 in
2908 5175 3089 5230 forma
3111 5177 3212 5231 Dei
3236 5178 3408 5234 etiam
3437 5179 3554 5251 ipse

1922 5274 2170 5331 donavit.

1995 5371 2080 5424 Ill.
2105 5366 2428 5423 Secundum
2447 5366 2691 5419 formam
2704 5364 2861 5419 enim
2877 5364 2974 5420 Dei
2987 5365 3106 5436 ipse
3123 5367 3360 5421 etPater
3372 5385 3548 5423 unum

1921 5467 2077 5527 sunt;
2109 5460 2417 5516 secundum
2443 5459 2688 5513 formam
2708 5461 2900 5514 autem
2921 5459 3064 5514 servi
3104 5481 3132 5510 «
3161 5477 3279 5516 non
3300 5462 3454 5516 venit
3474 5463 3553 5515 fa-

1921 5573 2046 5612 cere
2065 5556 2416 5610 voluntatem
2438 5569 2623 5621 suam,
2644 5553 2742 5608 sed
2761 5553 3114 5610 voluntatem
3141 5555 3261 5626 ejus
3280 5555 3376 5626 qui
3399 5554 3552 5608 misit

1923 5667 2055 5704 eum
2081 5650 2252 5720 (Joan.
2277 5664 2349 5717 vr,
2380 5650 2488 5714 38).
2521 5667 2548 5699 »

1991 5743 2316 5800 Secundum
2334 5741 2390 5796 fo
2399 5741 2698 5814 rmampei
2724 5764 2750 5791 ‹‹
2769 5742 2914 5797 sicut
2927 5743 3091 5796 Pater
3106 5739 3276 5796 habet
3293 5740 3465 5795 vitam
3489 5741 3550 5795 in

1922 5839 2243 5909 semetipso,
2275 5837 2351 5890 sic
2379 5836 2532 5890 dedit
2560 5839 2615 5892 et
2646 5836 2783 5891 Filio
2811 5837 2982 5890 vitam
3013 5834 3222 5888 habere
3253 5834 3312 5889 in
3339 5841 3545 5890 semet-

1921 5931 2044 6003 ipso
2072 5933 2244 6003 (Joun.
2275 5948 2327 5998 v,
2360 5931 2466 6000 26).
2505 5952 2530 5978 »
