4034 6336
460 393 562 450 847
1348 394 1631 449 ΑΡΡΕΝΙ).
1673 392 1762 448 AD
1801 393 1963 449 SIEC.
1998 394 2084 448 IX.
2119 421 2186 432 --
2221 392 2465 449 lSlDORl
2503 389 2928 448 MERCATORJS
3715 389 3824 445 848

533 483 860 539 Secundum
904 484 1144 538 formam
1184 482 1328 537 servi
1370 504 1396 531 ‹‹
1434 482 1608 537 tristis
1633 484 1719 537 est
1738 481 1935 538 anima
1960 499 2088 538 mea
2108 495 2161 567 Α
2186 481 2386 536 bilium
2422 483 2655 536 Patrum
2679 479 3184 553 praedicationibus
3220 495 3327 534 nos
3357 479 3688 536 concordari
3726 495 3826 534 co-

461 593 645 648 usque
686 577 760 631 ad
801 579 1050 632 mortem
1089 575 1303 644 (Matth.
1351 592 1532 643 xxxvr,
1571 576 1681 647 28),
1713 596 1740 628 »
1783 580 1839 652 et
1872 577 2082 631 «idem

462 670 585 741 ipse
625 674 726 735 est,
774 669 918 725 sicut
946 669 1025 724 ait
1053 670 1378 740 Apostolus,
1408 674 1465 724 et
1493 669 1649 724 dives
1680 674 1737 725 et
1770 686 1991 742 pauper
2020 671 2091 739 (11

465 765 585 820 Cor.
618 778 734 831 vm,
763 762 835 834 9).
866 782 894 812 »
939 762 1121 833 Dives,
1154 763 1289 834 quia
1320 764 1668 834 evangelista
1697 763 1941 830 dicente,
1972 786 1999 814 ‹‹
2028 766 2090 819 In

459 856 742 927 principio
769 860 893 911 erat
918 857 1166 912 Verbum
1193 861 1249 912 et
1272 857 1524 912 Verbum
1557 862 1679 912 erat
1708 859 1860 929 apud
1888 859 2087 924 Deum,

463 954 522 1004 et
557 952 699 1005 Deus
747 954 872 1005 erat
904 951 1167 1006 Verbum.
1202 952 1317 1006 Hoc
1358 954 1481 1006 erat
1518 952 1576 1006 in
1618 951 1898 1023 principio
1937 952 2091 1022 apud

461 1045 660 1113 Deum,
685 1043 880 1099 omnia
896 1061 1000 1115 per
1012 1044 1200 1115 ipsum
1215 1044 1360 1099 facta
1374 1049 1522 1113 sunt,
1541 1049 1599 1100 et
1613 1044 1734 1100 sine
1747 1044 1867 1116 ipso
1881 1044 2090 1101 factum

464 1136 708 1191 estnihil
731 1136 904 1208 (Joan.
936 1154 972 1206 ι,
1009 1140 1145 1205 1-3).
1176 1159 1204 1186 ››

534 1233 754 1302 Pauper
778 1248 932 1300 vero,
959 1231 1092 1302 quia
1111 1234 1347 1303 propter
1379 1248 1483 1286 nos
1512 1231 1808 1287 «Verbum
1834 1248 1963 1287 caro
1986 1234 2091 1285 fac-

460 1330 585 1379 tum
621 1329 726 1391 est,
774 1328 831 1380 et
870 1324 1145 1380 habitavit
1174 1325 1234 1380 in
1260 1325 1425 1380 nobis
1460 1325 1634 1395 (Joan.
1677 1343 1713 1395 ι,
1749 1326 1856 1397 lli).
1888 1347 1916 1374 »
1955 1324 2092 1388 Quae

463 1423 655 1473 autem
693 1422 778 1473 est
806 1419 928 1490 ejus
959 1419 1296 1486 exinanitio,
1346 1435 1543 1490 quaeve
1581 1420 1937 1491 paupertas?
1985 1419 2092 1472 nisi

462 1513 662 1568 formas
682 1512 895 1567 servilis
919 1512 1171 1583 acceptio
1201 1513 1229 1567 ?
1255 1528 1357 1583 per
1383 1528 1579 1583 quam,
1606 1513 1770 1567 Verbi
1798 1513 2092 1583 majestate

461 1606 661 1675 velata,
677 1605 1024 1678 dispensatio
1036 1606 1307 1660 humanae
1319 1605 1976 1678 redemptionisimpleta
1987 1609 2089 1661 est.

462 1701 606 1754 Nam
634 1698 769 1770 quia
789 1699 1125 1770 captivitatis
1144 1703 1349 1754 nostra:
1369 1699 1567 1754 resolvi
1587 1700 1887 1771 originalia
1907 1701 2095 1755 vincu-

466 1794 518 1846 la
560 1809 678 1847 non
708 1796 994 1863 poterant,
1026 1792 1135 1847 nisi
1165 1793 1427 1848 existeret
1453 1793 1625 1848 homo
1654 1794 1833 1849 nostri
1869 1794 2092 1865 generis

2193 580 2443 647 gnoscat,
2488 573 2805 645 aliquantae
2844 589 3045 628 eorum
3094 573 3407 631 sententias
3446 573 3581 628 huic
3610 572 3828 628 credidi

2191 667 2551 740 subjicendas
2577 684 2699 723 esse
2729 666 3000 722 sermoni.
3032 666 3246 732 Quibus
3267 666 3314 721 si
3344 666 3599 737 digneris
3628 670 3824 721 atten-

2190 762 2323 817 dere
2371 760 2684 829 recensitis,
2734 778 2853 816 non
2893 760 3046 817 aliud
3083 777 3189 816 nos
3229 759 3541 833 praedicare
3575 760 3829 832 reperies

2191 872 2365 927 quam
2395 855 2551 927 quod
2578 855 2757 910 sancti
2785 856 2982 910 Patres
3014 854 3195 910 nostri
3225 857 3346 909 toto
3386 854 3524 909 orbe
3550 854 3824 921 docuere,

2193 966 2297 1004 nec
2324 964 2669 1020 quemquam
2714 948 2784 1003 ab
2820 948 2931 1002 illis
2962 948 3064 1002 nisi
3108 947 3258 1002 solos
3287 946 3498 1019 impios
3523 946 3828 1002 hereticos

2192 1041 2535 1112 discrepare.
2573 1042 2666 1096 His
2701 1041 2896 1114 igitur,
2943 1041 3349 1112 gloriosissime
3394 1046 3451 1095 et
3478 1039 3827 1095 venerabilis

2191 1136 2523 1207 imperator,
2554 1140 2767 1208 quanta
2796 1136 2957 1206 potui
2987 1135 3261 1190 brevitate
3303 1134 3641 1207 perstrictis,
3688 1149 3823 1188 cum

2191 1228 2465 1300 inspirata
2489 1228 2593 1283 tibi
2619 1228 2886 1283 divinitus
2916 1228 3027 1283 ﬁde
3060 1228 3231 1282 etiam
3252 1231 3511 1283 nostram
3542 1226 3824 1298 praedica-

2192 1322 2406 1376 tionem
2439 1323 2665 1377 unitam
2696 1338 2812 1377 esse
2844 1338 3144 1393 cognosce,
3174 1337 3279 1376 nec
3309 1321 3368 1375 in
3398 1321 3587 1392 aliquo
3622 1337 3724 1374 nos
3751 1320 3823 1373 ab

2193 1416 2520 1485 evangelica
2560 1416 2979 1487 apostolicaque
3026 1415 3301 1483 doctrina,
3355 1415 3437 1470 vel
3475 1432 3508 1469 a
3534 1414 3827 1469 catholicae

2191 1508 2559 1580 professionis
2575 1509 2832 1580 symbolo
2848 1508 3185 1580 discrepare,
3201 1508 3489 1580 quoniam,
3504 1507 3647 1562 sicut
3659 1508 3830 1562 docet

2192 1602 2388 1657 beatus
2402 1604 2690 1673 apostolus
2699 1603 2919 1670 Paulus,
2948 1622 2976 1651 ‹‹
2997 1619 3277 1673 magnum
3300 1607 3383 1657 est
3395 1601 3621 1673 pietatis
3638 1618 3832 1656 sacra-

2191 1699 2451 1750 mentum
2505 1696 2659 1767 quod
2701 1696 3125 1751 manifestatum
3151 1700 3235 1752 est
3257 1696 3317 1750 in
3343 1711 3531 1763 carne,
3554 1695 3832 1766 justiﬁca-

2192 1794 2318 1845 tum
2362 1793 2445 1844 est
2488 1790 2708 1861 spiritu,
2760 1791 3029 1860 apparuit
3065 1790 3303 1860 angelis,
3338 1789 3707 1861 praedicatum
3738 1791 3833 1843 est

464 1888 788 1957 nostrasque
814 1890 1052 1955 naturae,
1080 1902 1254 1957 quem
1280 1886 1493 1957 peccati
1521 1886 1854 1958 preejudicia
1880 1903 1997 1941 non
2019 1890 2095 1942 te-
2113 1871 2170 1943 B
2195 1882 2478 1954 gentibus,
2503 1883 2783 1938 creditum
2806 1886 2892 1936 est
2909 1883 2969 1936 in
2996 1883 3232 1951 mundo,
3265 1885 3621 1953 assumptum
3650 1884 3737 1936 est
3767 1881 3832 1934 in

465 1983 750 2048 nerent,et
761 1979 858 2051 qui
869 1979 1230 2034 immaculato
1244 1980 1518 2051 sanguine
1535 1996 1636 2034 suo
1651 1980 2095 2052 chirographum

464 2074 674 2128 lethale
698 2073 960 2143 dilueret,
989 2073 1224 2127 sicutab
1252 2072 1418 2128 initio
1443 2078 1562 2129 erat
1584 2074 1851 2129 divinitus
1878 2090 2091 2145 praeor-

466 2167 749 2233 dinatum,
799 2167 882 2221 ita
907 2171 1006 2234 ,est
1045 2166 1100 2220 in
1142 2166 1495 2237 plenitudine
1526 2166 1792 2238 praeﬁniti
1823 2167 2095 2239 temporis

465 2261 702 2329 factum,
732 2265 794 2315 ut
818 2260 1011 2315 multis
1038 2244 1227 2316 modis
1251 2261 1568 2333 signiﬁcata
1596 2261 1896 2333 promissio
1917 2262 1974 2316 in
1997 2261 2094 2316 diu

466 2357 851 2425 exspectatum
883 2355 1070 2410 veniat
1095 2354 1380 2424 effectum,
1412 2371 1515 2410 nec
1547 2358 1740 2426 posset
1763 2371 1884 2410 esse
1910 2356 2091 2410 ambi-

467 2465 646 2520 guum
676 2449 827 2520 quod
849 2450 1134 2504 continuis
1153 2449 1647 2505 testiﬁcationibus
1665 2465 1891 2520 semper
1909 2450 2097 2504 fuerat

464 2542 812 2597 nuntiatum.
866 2544 924 2597 In
960 2559 1173 2615 magno
1218 2547 1411 2597 autem
1452 2542 1745 2614 sacrilegio
1791 2559 1849 2597 se
1881 2543 2094 2598 versari

464 2636 869 2691 haereticorum
911 2637 1240 2692 manifestat
1282 2635 1566 2707 impietas,
1606 2652 1736 2691 cum
1766 2635 1870 2690 sub
1914 2636 2097 2707 specie

465 2729 688 2784 deitatis
716 2730 1069 2785 honorandae
1098 2731 1365 2784 humana:
1392 2729 1575 2784 carnis
1604 2730 1663 2784 in
1684 2729 1902 2785 Christo
1929 2730 2095 2785 dene-

466 2826 607 2890 gant
629 2822 950 2889 veritatem,
993 2827 1051 2877 et
1077 2822 1343 2895 religiose
1369 2823 1656 2878 aestimant
1687 2823 1838 2879 credi
1866 2823 1909 2878 si
1941 2823 2092 2878 dica-

469 2919 560 2969 tur
588 2916 647 2970 in
675 2916 959 2971 Salvatore
990 2921 1204 2985 nostro,
1227 2933 1427 2971 verum
1456 2933 1570 2971 non
1600 2933 1719 2972 esse
1745 2916 1896 2987 quod
1926 2917 2098 2971 salvat

470 3026 599 3064 cum
647 3009 744 3078 ita,
791 3010 1105 3064 secundum
1161 3010 1603 3081 promissionem
1650 3010 1841 3065 omnia
1891 3012 2098 3065 s’aacula

468 3106 941 3174 praecurrentem,
995 3104 1245 3159 mundus
1297 3103 1368 3158 sit
1420 3104 1535 3158 Deo
1592 3103 1982 3159 reconciliatus
2038 3105 2096 3158 in

469 3196 714 3267 Christo,
742 3202 809 3251 ut
832 3195 939 3251 nisi
974 3197 1219 3253 Verbum
1244 3197 1578 3269 dignaretur
1602 3214 1730 3252 caro
1767 3198 1913 3264 ﬁeri,
1941 3198 2098 3253 nulla

472 3291 644 3361 possit
681 3307 815 3345 caro
858 3290 1075 3346 salvari.
1111 3291 1290 3347 Omne
1317 3291 1474 3347 enim
1507 3295 1931 3346 sacramentum
1968 3290 2097 3347 ﬁdei

470 3384 801 3439 Christianae
842 3401 1051 3457 magno
1093 3384 1175 3454 (ut
1217 3385 1467 3440 haeretici
1496 3386 1709 3456 volunt)
1742 3385 2101 3441 decoloratur

472 3479 728 3548 obscuro,
777 3480 823 3533 si
866 3480 959 3535 lux
994 3478 1246 3534 veritatis
1285 3478 1388 3533 sub
1424 3479 1722 3534 mendacio
1756 3483 1993 3550 putatur
2020 3479 2098 3532 la-

475 3572 645 3627 tuisse
694 3573 1123 3645 phantasmatis.
1161 3574 1285 3628 Non
1321 3589 1460 3643 ergo
1500 3573 1801 3644 quisquam
1830 3572 1939 3627 sibi
1967 3588 2097 3627 eru-

472 3667 818 3721 liescendum
850 3667 1136 3722 existimet
1159 3666 1511 3722 Christianus
1537 3667 1606 3721 de
1626 3666 1804 3720 nostri
1821 3666 1880 3720 in
1897 3666 2101 3722 Christi

471 3776 706 3832 corpore
732 3760 986 3830 veritate,
1015 3760 1152 3832 quia
1177 3777 1375 3815 omnes
1406 3760 1641 3830 apostoli
1679 3760 2098 3830 apostolorum-

472 3870 583 3923 que
599 3853 863 3925 discipuli
879 3858 934 3908 et
943 3854 1206 3925 praeclari
1218 3853 1581 3908 ecclesiarum
1597 3852 1807 3923 quique
1819 3852 2099 3922 doctores,

476 3946 574 4016 qui
618 3947 689 4000 ad
726 3947 988 4017 martyrii
1030 3962 1297 4001 coronam
1332 3946 1419 3999 vel
1447 3945 1816 4000 confessionis
1843 3962 2103 4001 meruere

476 4040 719 4109 gloriam
754 4040 1071 4111 pervenire,
1103 4040 1160 4093 in
1192 4040 1361 4110 hujus
1386 4038 1496 4094 ﬁde
1526 4039 1739 4093 lumine
1766 4040 2103 4110 splenduere

476 4132 740 4187 consonis
773 4133 986 4204 ubique
1014 4132 1308 4188 sententiis
1339 4133 1684 4201 intonantes,
1715 4133 1866 4204 quod
1898 4133 1955 4186 in
1988 4135 2099 4188 Do-

474 4226 634 4281 mino
661 4227 788 4281 Jesu
813 4226 1030 4282 Christo
1058 4226 1288 4281 deitatis
1315 4230 1373 4280 et
1397 4225 1582 4280 carnis
1613 4242 1724 4280 una
1745 4226 1817 4280 sit
1835 4227 2103 4281 conﬁten-

478 4321 548 4373 da
591 4335 854 4392 persona.
904 4319 1029 4384 Qua
1071 4324 1263 4375 autem
1297 4319 1531 4374 rationis
1563 4319 1956 4390 similitudine,
1990 4337 2103 4392 qua

475 4414 797 4470 divinorum
813 4414 1173 4469 voluminum
1193 4414 1453 4485 portione
1472 4414 1740 4468 haeretica
1759 4413 2022 4485 impietas
2043 4431 2103 4469 se

478 4507 766 4564 existimat
806 4507 1084 4579 adjuvari,
1131 4524 1257 4580 quas
1296 4506 1592 4562 veritatem
1639 4511 1808 4579 negat
1852 4508 2104 4579 corporis

2117 3237 2173 3314 C

2200 1976 2377 2047 gloria
2403 1976 2450 2045 (Ι
2473 1979 2608 2031 Tim.
2634 1993 2717 2041 III,
2744 1976 2848 2047 l6).
2877 1998 2904 2026 ››
2937 1976 3083 2040 Quid
3102 1976 3277 2047 igitur
3296 1980 3409 2031 tuae
3429 1975 3624 2030 utilius
3638 1979 3724 2030 est
3738 1991 3836 2029 sa-

2195 2070 2319 2139 luti,
2349 2070 2489 2141 quid
2515 2075 2628 2125 tuas
2655 2069 3068 2142 congruentius
3095 2070 3376 2141 potestati,
3408 2085 3582 2140 quam
3606 2073 3673 2124 ut
3699 2069 3834 2139 paci

2195 2164 2561 2218 ecclesiarum
2590 2164 2813 2218 Domini
2852 2167 2947 2217 tua
2971 2162 3374 2219 constitutione
3404 2162 3736 2234 prospicias,
3772 2167 3836 2217 et

2195 2257 2254 2311 in
2284 2257 2546 2312 omnibus
2578 2257 2677 2312 tibi
2705 2257 2948 2312 subditis
2975 2256 3121 2311 dona
3160 2256 3261 2311 Dei
3304 2256 3590 2325 defendas,
3635 2272 3835 2327 neque

2193 2350 2304 2405 ulla
2339 2350 2552 2405 ratione
2591 2350 2823 2421 patiaris
2854 2366 2958 2421 per
2986 2350 3260 2405 invidiam
3287 2349 3497 2404 diaboli
3533 2349 3836 2404 ministros

2195 2442 2369 2514 ipsius
2398 2444 2457 2497 in
2489 2444 2765 2515 cujusque
2791 2443 2989 2498 saevire
3033 2443 3369 2515 perniciem,
3402 2447 3467 2498 ut
3502 2443 3600 2514 qui
3628 2443 3690 2497 in
3721 2443 3836 2497 hoc

2195 2540 2388 2592 sancto
2412 2538 2711 2609 temporali
2733 2537 2950 2593 emines
2970 2553 3150 2609 regno
3172 2536 3231 2592 in
3249 2540 3531 2592 aeternum
3556 2536 3837 2592 merearis

2194 2646 2437 2701 regnare
2457 2646 2589 2684 cum
2616 2630 2860 2686 Christo.

2266 2724 2453 2779 Sancti
2496 2724 2690 2778 Hilarii
2731 2724 3087 2779 Pictaviensis
3130 2724 3381 2796 episcopi
3410 2728 3468 2779 et
3494 2724 3836 2779 confessoris

2197 2817 2255 2871 in
2286 2816 2430 2871 libro
2456 2817 2705 2872 secundo
2745 2818 2899 2872 inter
2933 2821 3157 2873 caetera.
3192 2818 3380 2873 Unum
3410 2817 3587 2889 igitur
3611 2818 3721 2873 hoc
3747 2823 3839 2873 est

2196 2910 2486 2965 immobile
2527 2910 2992 2981 fundamentum,
3033 2927 3147 2966 una
3184 2912 3309 2966 haec
3339 2911 3468 2966 felix
3498 2911 3633 2967 ﬁdei
3664 2916 3837 2983 petra

2196 3005 2349 3058 Petri
2378 3020 2477 3059 ore
2504 3005 2764 3059 confessa
2793 3022 2805 3059 :
2838 3024 2865 3057 ‹‹
2896 3007 2977 3059 Tu
3008 3021 3086 3074 es,
3124 3004 3328 3077 inquit,
3362 3004 3618 3061 Christus
3661 3004 3838 3060 Filius

2198 3098 2297 3151 Dei
2323 3097 2434 3152 vivi
2466 3097 2639 3168 (Joan.
2687 3114 2760 3164 ιιι,
2801 3101 2907 3169 27),
2944 3119 2971 3148 »
3000 3102 3156 3154 tanta
3179 3099 3239 3153 in
3270 3115 3328 3153 se
3361 3104 3701 3170 argumenta
3731 3117 3833 3154 su-

2197 3191 2411 3247 stinens
2447 3192 2717 3261 veritatis,
2754 3197 2985 3263 quantas
3010 3191 3452 3264 perversitatum
3480 3192 3837 3263 quaestiones

2197 3284 2547 3340 inﬁdelitatis
2588 3285 2871 3340 calumnia
2912 3286 3312 3341 movebuntur.
3352 3288 3477 3341 Jam
3521 3285 3581 3339 in
3612 3287 3840 3341 caeteris

2199 3378 2541 3450 dispensatio
2581 3379 2884 3433 voluntatis
2914 3382 3167 3450 paternae
3201 3378 3291 3449 sit,
3331 3379 3514 3451 virgo,
3546 3384 3747 3451 partus
3778 3385 3839 3435 et

2200 3488 2426 3543 corpus,
2475 3475 2603 3544 post
2641 3489 2770 3544 qua:
2810 3489 2968 3540 crux,
3001 3488 3175 3542 mors,
3222 3473 3416 3542 inferi,
3466 3472 3614 3527 salus
3639 3477 3839 3528 nostra

2203 3572 2303 3621 est.
2330 3566 2572 3620 Humani
2599 3565 2755 3621 enim
2780 3565 3003 3637 generis
3034 3582 3203 3621 causa
3245 3566 3342 3620 Dei
3373 3566 3543 3620 Filius
3571 3571 3742 3621 natus
3767 3582 3837 3622 ex

2201 3660 2425 3730 virgine
2452 3664 2553 3727 est,
2584 3663 2642 3713 et
2667 3659 2877 3732 Spiritu
2904 3661 3097 3714 sancto
3125 3660 3249 3731 ipso
3275 3659 3382 3714 sibi
3407 3659 3466 3713 in
3494 3660 3598 3714 hac
3623 3676 3835 3731 opera-

2203 3754 2356 3809 tione
2389 3754 2723 3821 famulante,
2747 3758 2803 3809 et
2824 3769 2926 3808 sua
2942 3753 3037 3808 Dei
3060 3753 3322 3808 videlicet
3341 3753 3707 3809 inumbrante
3726 3754 3839 3809 vir-

2204 3851 2322 3902 tute
2359 3848 2606 3918 corporis
2648 3846 2755 3900 sibi
2799 3845 2957 3900 initia
2987 3847 3257 3914 consevit,
3299 3850 3357 3901 et
3385 3846 3617 3901 exordia
3646 3848 3839 3902 carnis

2201 3940 2473 4006 instituit;
2507 3946 2571 3995 ut
2595 3940 2769 3995 homo
2808 3940 2992 3995 factus
3033 3956 3102 3995 ex
3139 3940 3360 4011 virgine
3386 3944 3649 3996 naturam
3680 3941 3740 3994 in
3777 3957 3838 3996 se

2203 4034 2384 4088 carnis
2404 4035 2709 4104 exciperet,
2739 4050 2843 4105 per
2869 4050 2996 4104 quas
3017 4034 3186 4105 hujus
3214 4033 3570 4089 admistionis
3596 4034 3837 4090 societas

2204 4128 2616 4183 sanctiﬁcatum
2642 4127 2700 4181 in
2730 4143 2795 4182 eo
2824 4127 3069 4182 universi
3105 4128 3329 4197 generis
3356 4128 3596 4183 humani
3628 4144 3840 4199 corpus

2203 4222 2486 4287 existeret,
2517 4227 2578 4276 ut
2602 4221 3097 4293 quemadmodum
3119 4238 3318 4277 omnes
3330 4221 3391 4277 in
3406 4238 3466 4276 se
3486 4238 3592 4293 per
3609 4222 3666 4277 id
3682 4223 3837 4294 quod

2204 4332 2546 4386 corporeum
2579 4332 2637 4370 se
2662 4332 2782 4371 esse
2808 4316 2987 4371 voluit
3025 4316 3379 4382 conderetur,
3423 4316 3499 4370 ita
3522 4331 3752 4370 rursum
3778 4317 3840 4372 in

2203 4425 2399 4464 omnes
2422 4409 2542 4480 ipse
2566 4426 2668 4480 per
2685 4409 2745 4464 id
2763 4409 2917 4481 quod
2938 4409 3059 4480 ejus
3081 4413 3166 4464 est
3192 4408 3471 4464 invisibile
3498 4410 3838 4465 referretur.

2201 4503 2296 4559 Dei
2327 4502 2504 4575 igitur
2526 4503 2718 4574 imago
2738 4502 3040 4557 invisibilis
3060 4503 3336 4573 pudorem
3358 4502 3599 4563 humani
3617 4504 3843 4558 exordii

475 4603 702 4671 Christi,
730 4619 860 4658 cum
888 4603 1035 4657 hanc
1067 4618 1180 4657 non
1207 4602 1297 4656 lex
1327 4600 1634 4667 testiﬁcari,
1667 4618 1782 4657 non
1804 4602 2102 4674 prophetia
2121 4613 2181 4685 D
2201 4613 2319 4652 non
2345 4597 2645 4665 recusavit,
2667 4602 2723 4652 et
2739 4613 2844 4668 per
2862 4597 3293 4667 conceptionem
3308 4601 3559 4668 partum,
3579 4596 3841 4668 vagitum

474 4697 807 4768 praecinere,
849 4714 964 4752 non
1011 4695 1355 4767 evangelista
1378 4694 1596 4760 docere,
1630 4711 1745 4761 non
1780 4695 1899 4765 ipse
1930 4694 2100 4750 desti-

476 4791 608 4846 terit
623 4791 875 4847 Christus
894 4790 1192 4845 ostendere
1204 4789 1231 4843 ‘2
1251 4791 1514 4853 Quaerant
1531 4804 1630 4858 per
1650 4804 1881 4842 omnem
1895 4789 2103 4843 seriem

473 4885 918 4956 Scripturarum,
947 4901 1059 4956 quo
1080 4883 1345 4939 tenebras
1371 4899 1502 4936 suas
1528 4882 1770 4952 fugiant,
1794 4882 1851 4935 in
1880 4898 1991 4952 quo
2016 4898 2105 4937 ve-

478 4995 605 5033 rum
634 4979 827 5033 lumen
849 4979 1166 5033 obscurent.
1200 4978 1268 5030 Et
1295 4993 1397 5047 per
1416 4976 1610 5031 omnia
1640 4977 1846 5029 saecula
1869 4974 1946 5029 ita
1963 4976 2105 5029 veri-

472 5075 650 5125 tatem
692 5071 982 5125 invenient
1018 5074 1434 5136 coruscantem,
1466 5072 1533 5123 ut
1576 5084 1856 5138 magnum
1899 5068 2005 5121 hoc
2047 5072 2104 5123 et

475 5164 731 5219 mirabile
762 5166 1182 5218 sacramentum
1220 5164 1290 5217 ab
1327 5163 1489 5217 initio
1532 5161 1758 5215 videant
1798 5160 2098 5229 creditum,

474 5258 629 5330 quod
658 5260 741 5311 est
765 5258 819 5311 ιι
849 5258 960 5312 ﬁne
985 5258 1350 5328 completum.
1376 5257 1451 5309 De
1476 5271 1590 5325 quo
1618 5271 1748 5308 cum
1777 5256 2099 5309 sanctarum

472 5353 792 5408 litterarum
822 5351 977 5405 nulla
1002 5367 1132 5422 pars
1158 5350 1335 5416 sileat,
1369 5347 1575 5403 sufﬁcit
1600 5346 1863 5418 quaedam
1897 5363 2098 5402 conso-

475 5464 546 5501 na
589 5444 841 5499 veritatis
880 5444 1046 5517 signa
1087 5444 1359 5517 patuisse,
1402 5440 1607 5512 quibus
1644 5440 1938 5509 diligentia
1970 5440 2102 5497 ﬁdei

470 5539 795 5613 splendidis
818 5540 931 5593 ima
948 5539 1249 5595 latitudine
1272 5536 1572 5606 dirigatur,
1602 5535 2101 5590 etsinceraintelli—

473 5635 677 5704 gentiae
703 5630 823 5689 luce
855 5632 1181 5705 perspiciat,
1211 5630 1365 5701 quod
1393 5629 1451 5683 in
1499 5628 1636 5683 Filio
1674 5630 1773 5683 Dei
1803 5628 1898 5700 qui
1926 5645 1985 5684 se
2011 5630 2097 5684 in-

471 5728 810 5783 cessabiliter"
854 5727 1033 5781 ﬁlium
1073 5723 1323 5779 hominis
1362 5726 1418 5777 et
1462 5723 1755 5778 hominem
1802 5723 2101 5795 proﬁtetur

469 5836 586 5874 non
630 5820 699 5873 sit
740 5822 775 5873 αῖ
806 5819 1069 5874 :ristianis
1122 5817 1586 5885 erubescendum,
1628 5819 1724 5871 sed
1772 5818 2101 5872 constantis-

471 5911 611 5965 sime
640 5911 1015 5981 gloriandum.
1043 5912 1114 5966 Ut
1139 5914 1331 5966 autem
1354 5910 1536 5982 pietas
1564 5914 1660 5966 tua
1697 5927 1827 5967 cum
1857 5926 2095 5966 venera-

2204 4694 2261 4745 et
2286 4707 2479 4758 cunas,
2507 4706 2706 4745 omnes
2742 4694 2962 4745 naturae
3000 4694 3208 4745 nostras
3250 4689 3621 4745 contumelias
3644 4693 3839 4746 trans-

2204 4784 2470 4839 cucurrit.
2503 4784 2649 4848 Quid
2672 4784 2902 4839 tandem
2928 4783 3281 4854 dignationis
3308 4783 3530 4838 aﬁ'ectui
3550 4784 3838 4854 repende-

2203 4878 2338 4932 tur?
2373 4877 2772 4934 Inenarrabilis
2805 4894 2836 4931 a
2871 4878 2984 4932 Deo
3024 4876 3263 4948 originis
3311 4894 3463 4932 unus
3503 4876 3842 4948 unigenitus

2204 4975 2346 5027 Deus
2372 4972 2431 5025 in
2462 4971 2785 5042 corpusculi
2811 4970 3053 5025 humani
3077 4971 3323 5026 formam
3349 4974 3560 5026 sanctae
3586 4971 3843 5043 Virginis

2205 5071 2363 5120 utero
2388 5065 2635 5119 insertus
2662 5065 2947 5120 accrescit.
2974 5063 3078 5129 Qui
3098 5065 3292 5119 omnia
3311 5064 3581 5132 continet,
3606 5070 3663 5120 et
3683 5065 3843 5121 intra

2205 5174 2378 5230 quem
2411 5163 2467 5213 et
2495 5175 2600 5229 per
2619 5176 2793 5230 quem
2814 5162 3021 5213 cuncta
3048 5164 3198 5227 sunt,
3222 5159 3461 5213 humani
3482 5162 3681 5231 partus
3708 5159 3842 5231 lege

2203 5252 2509 5322 profertur,
2537 5255 2595 5306 et
2631 5252 2706 5306 ad
2754 5252 2916 5322 cujus
2944 5268 3137 5307 vocem
3168 5251 3493 5322 archangeli
3526 5256 3699 5322 atque
3729 5268 3841 5307 an-

2205 5345 2318 5417 geli
2346 5348 2620 5415 tremunt,
2651 5346 2854 5400 cazlum
2880 5350 2937 5401 et
2955 5355 3110 5401 terra
3135 5350 3192 5400 et
3216 5345 3411 5399 omnia
3436 5344 3608 5416 hujus
3629 5348 3844 5402 mundi

2202 5441 2561 5494 resolvuntur
2593 5440 2894 5507 elementa,
2936 5440 3135 5511 vagitu
3174 5438 3410 5494 infantis
3438 5419 3840 5521 auditur.f?Qui
3876 5476 3893 5491 ι

2201 5533 2494 5589 invisibilis
2535 5538 2590 5588 et
2616 5533 3145 5605 comprehensibilis
3181 5536 3284 5602 est,
3325 5548 3439 5587 non
3478 5531 3622 5599 visu,
3668 5548 3842 5588 sensu

2201 5632 2492 5699 tractuque
2530 5627 2936 5695 moderandus,
2976 5627 3137 5681 cunis
3175 5630 3260 5681 est
3285 5626 3605 5681 obvolutus.
3634 5627 3765 5681 Haec
3793 5627 3842 5681 si

2200 5722 2328 5793 quis
2355 5721 2591 5792 indigna
2619 5721 2729 5774 Deo
2760 5721 2972 5787 recolit,
3005 5724 3166 5775 tanto
3210 5736 3269 5776 se
3307 5720 3539 5792 majoris
3571 5719 3845 5776 beneﬁcii

2200 5815 2506 5870 obnoxium
2547 5812 2933 5881 confitebitur,
2964 5817 3180 5885 quanto
3206 5814 3397 5869 minus
3427 5815 3545 5869 haec
3576 5813 3673 5868 Dei
3698 5830 3840 5868 con~

2200 5908 2463 5967 venerint
2503 5907 2804 5979 majestati.
2838 5908 2958 5962 Non
2997 5907 3091 5964 ille
3132 5908 3291 5981 eguit
3318 5909 3492 5965 homo
3520 5907 3689 5976 efﬁci,
3734 5924 3840 5980 per
