4034 6344
193 421 288 476 849

1413 392 1884 478 DECRETALIUM
1921 422 2310 478 consono.

3442 429 3541 483 850

194 545 356 599 quem
401 529 575 584 homo
618 530 796 584 factus
846 533 948 597 est,
989 531 1086 584 sed
1109 547 1214 586 nos
1254 529 1518 601 eguimus
1560 534 1626 584 ut
1663 530 1810 586 Deus
1833 542 1891 614 Α
1915 530 2091 585 Deum
2122 534 2269 585 totus
2289 531 2462 586 homo
2492 535 2550 585 et
2574 535 2724 586 totus
2742 533 2911 598 Deus,
2931 548 3048 587 non
3075 533 3389 587 confundas
3409 538 3547 588 tem-

195 638 317 677 caro
344 621 510 677 ﬁeret
536 626 594 678 et
617 623 900 678 habitaret
923 623 983 677 in
1016 623 1195 693 nobis,
1222 623 1281 678 id
1303 627 1404 693 est,
1429 623 1815 694 assumptione

195 715 366 770 carnis
395 715 565 770 unius
595 715 818 771 interna
850 717 1128 771 universae
1159 715 1344 771 carnis
1366 717 1642 771 incoleret
1670 733 1682 770 :
1715 717 1815 770 hu-

193 809 394 864 militas
421 809 548 879 ejus
571 813 767 864 nostra
784 810 1048 865 nobilitas
1065 813 1171 879 est,
1200 810 1544 866 contumelia
1566 811 1688 881 ejus
1712 826 1826 864 ηρ-..

193 907 297 958 ster
343 904 531 958 honor
566 908 670 958 est.
715 904 875 967 Quod
902 904 993 958 ille
1021 905 1165 958 Deus
1190 904 1250 958 in
1279 920 1450 958 carne
1477 903 1811 970 consistens,

193 998 289 1051 hoc
339 1013 444 1051 nos
492 996 737 1051 vicissim
782 997 840 1051 in
887 997 1113 1051 Domini
1155 1013 1324 1052 carne
1355 997 1630 1052 renovati.
1673 999 1813 1051 ltem

193 1091 439 1160 ejusdem
483 1089 542 1144 in
591 1090 737 1144 libro
764 1106 912 1145 nono
949 1091 1100 1144 inter
1137 1095 1341 1146 caetera
1372 1107 1384 1144 :
1419 1090 1604 1144 Nescit
1646 1089 1812 1161 plane

193 1184 357 1238 vitam
384 1200 573 1251 suam,
609 1183 784 1238 nescit
823 1183 918 1255 qui
958 1184 1245 1238 Christum
1282 1185 1477 1238 Jesum
1508 1188 1570 1238 ut
1611 1200 1810 1238 verum

192 1279 360 1331 Deum
391 1278 470 1331 ita
511 1283 566 1331 et
608 1293 807 1332 verum
853 1277 1152 1332 hominem
1187 1277 1436 1348 ignorat,
1475 1281 1532 1332 et
1557 1277 1814 1348 ejusdem

195 1371 419 1441 periculi
444 1387 536 1426 res
580 1377 665 1426 est
691 1371 977 1426 Christum
1007 1373 1197 1426 Iesum
1224 1372 1309 1425 vel
1338 1371 1603 1440 spiritum
1637 1372 1814 1425 Deum

192 1465 269 1518 vel
295 1480 528 1518 carnem
553 1465 730 1518 nostri
759 1467 1010 1536 corporis
1035 1465 1320 1536 denegare
1351 1481 1363 1518 :
1395 1486 1422 1513 ι(
1456 1464 1652 1518 Omnis
1678 1481 1814 1534 ergo

190 1559 280 1630 qui
310 1558 679 1613 conﬁtebitur
703 1575 794 1613 me
818 1575 1011 1613 coram
1037 1558 1387 1625 hominibus,
1419 1558 1733 1612 conﬁtebor
1758 1561 1814 1612 et

190 1668 289 1721 ego
307 1668 442 1706 eum
471 1668 665 1705 coram
700 1653 860 1705 Patre
899 1668 1051 1719 meo,
1080 1652 1177 1722 qui
1197 1655 1284 1706 est
1302 1651 1362 1705 in
1390 1651 1559 1705 caelis.
1590 1651 1696 1715 Qui
1719 1667 1814 1704 au-

190 1751 297 1800 tem
324 1745 617 1815 negaverit
643 1761 734 1799 me
763 1761 956 1799 coram
994 1745 1344 1813 hominibus,
1377 1745 1595 1816 negabo
1623 1748 1680 1799 et
1703 1761 1811 1815 ego

187 1855 310 1893 eum
339 1853 532 1892 coram
559 1839 721 1892 Patre
749 1854 894 1905 meo,
933 1839 1030 1908 qui
1059 1841 1144 1892 est
1176 1838 1236 1891 in
1282 1837 1454 1892 caelis.
1495 1839 1710 1907 (Matth.
1756 1843 1837 1904 x,‘

189 1934 271 1982 32.
300 1933 411 1982 33L
448 1950 476 1982 »
514 1933 627 1982 Hoc
665 1931 909 1982 Verbum
950 1948 1081 1982 caro
1118 1932 1334 1982 factum
1373 1931 1726 1982 loouebatur.
1759 1864 1889 1982 etlB

189 1934 271 1998 32,
300 1933 411 2000 33).
448 1950 476 1982 »
513 1933 627 1985 Hoc
665 1931 909 1986 Verbum
950 1948 1081 1985 caro
1118 1932 1334 1985 factum
1373 1931 1726 2001 loquebatur,
1759 1933 1815 1984 et

191 2026 354 2078 homo
397 2026 557 2078 Jesus
607 2025 860 2079 Christus
906 2024 1175 2078 Dominus
1206 2024 1515 2094 majestatis
1547 2023 1809 2092 docebat,

190 2118 471 2172 mediator
501 2118 621 2188 ipse
647 2118 706 2172 in
735 2134 793 2171 se
819 2118 892 2172 ad
914 2119 1154 2173 salutem
1180 2117 1436 2172 Ecclesiae
1454 2117 1810 2184 constitutus,

188 2217 240 2266 et
265 2211 503 2282 ipsoillo
525 2212 673 2266 inter
703 2213 881 2266 Deum
913 2215 969 2265 et
999 2211 1259 2266 homines
1291 2211 1613 2266 mediatoris
1635 2227 1816 2265 sacra-

189 2310 376 2359 mento
403 2311 718 2377 utrumque
753 2322 896 2359 unus
925 2306 1189 2374 existens,
1227 2305 1364 2358 dum
1392 2305 1512 2375 ipse
1542 2321 1610 2359 ex
1639 2304 1813 2358 unitis

189 2400 508 2469 injidipsum
529 2403 748 2453 naturae
768 2398 1058 2470 utriusque
1075 2416 1164 2453 res
1184 2399 1378 2453 eadem
1402 2403 1504 2465 est,
1526 2399 1602 2452 ita
1621 2402 1811 2452 tamen

189 2500 245 2547 nt
294 2499 502 2547 neutro
551 2497 766 2547 careret
805 2493 865 2546 in
906 2497 1172 2564 utroque,
1222 2508 1293 2546 ne
1343 2493 1487 2546 forte
1522 2493 1665 2546 Deus
1696 2507 1814 2546 esse

187 2587 354 2641 homo
375 2587 658 2641 nascendo
686 2586 986 2652 desineret,
1018 2591 1075 2640 et
1104 2587 1273 2640 homo
1293 2602 1488 2640 rursus
1519 2586 1665 2639 Deus
1691 2601 1810 2638 ma—

184 2679 372 2734 nendo
407 2696 526 2734 non
569 2684 730 2733 esset.
767 2681 891 2733 Haec
923 2679 1116 2750 utique
1146 2679 1414 2733 humanae
1447 2677 1814 2732 beatitudinis

185 2774 324 2828 ﬁdes
351 2790 483 2827 vera
510 2777 595 2827 est
618 2774 802 2827 Deum
822 2777 879 2828 et
899 2773 1188 2828 hominem
1209 2772 1538 2843 praedicare,
1567 2772 1815 2825 Verbum

186 2871 239 2922 et
268 2883 506 2921 carnem
545 2865 820 2932 conﬁteri,
870 2882 1056 2936 neque
1105 2867 1280 2920 Deum
1309 2864 1528 2919 nescire
1573 2864 1723 2934 quod
1761 2869 1817 2918 et

185 2961 353 3014 homo
383 2960 475 3027 sit,
510 2975 693 3030 neque
719 2975 950 3013 carnem
979 2959 1245 3029 ignorare
1273 2959 1422 3030 quod
1450 2958 1693 3011 Verbum
1724 2957 1812 3010 sit.

187 3057 323 3109 Item
362 3053 620 3124 ejusdem
668 3052 728 3106 in
763 3053 962 3107 eodem
1000 3053 1147 3107 libro
1180 3052 1330 3106 inter
1370 3055 1574 3106 eaatera
1604 3069 1615 3104 :
1646 3052 1816 3104 Natus

184 3145 710 3218 igiturunigenitus
731 3147 880 3200 Deus
895 3162 962 3201 ex
982 3145 1215 3218 Virgine
1234 3147 1408 3200 homo
1431 3148 1487 3199 et
1504 3145 1816 3199 secundum

185 3239 602 3310 plenitudinem
621 3245 946 3310 temporum
968 3239 1026 3294 in
1047 3240 1352 3310 semetipso
1375 3239 1733 3310 profecturus
1758 3237 1815 3292 in

185 3336 361 3388 Deum
381 3333 695 3399 hominem,
713 3334 865 3388 hunc
885 3350 986 3404 per
1004 3334 1193 3388 omnia
1215 3332 1521 3404 evangelici
1539 3331 1818 3386 sermonis

182 3427 420 3483 modum
450 3427 656 3492 tenuit,
699 3432 764 3482 ut
797 3444 855 3481 se
905 3427 1108 3481 Filium
1154 3427 1250 3481 Dei
1288 3427 1444 3480 credi
1475 3426 1722 3493 doceret,
1762 3428 1819 3478 et

181 3515 434 3572 hominis
464 3515 647 3569 ﬁlium
673 3516 971 3586 praedicari
1001 3516 1355 3583 admoneret,
1387 3515 1604 3568 locutus
1633 3519 1688 3568 et
1719 3531 1813 3584 ge-

181 3627 312 3664 rens
337 3610 516 3664 homo
542 3608 802 3663 universa
835 3625 962 3680 qua}
993 3608 1088 3662 Dei
1108 3611 1256 3676 sunt,
1281 3608 1516 3678 loquens
1537 3607 1739 3661 deinde
1762 3611 1819 3659 et

182 3720 388 3773 gerens
419 3704 564 3757 Deus
589 3703 858 3757 universa
888 3719 1015 3772 quae
1046 3701 1297 3756 hominis
1329 3707 1476 3756 sunt.
1514 3703 1597 3755 Ita
1624 3703 1815 3755 tamen

182 3801 247 3852 ut
272 3797 396 3868 ipso
423 3797 518 3850 illo
545 3797 837 3867 utriusque
860 3795 1084 3866 generis
1107 3811 1369 3850 sermone
1394 3811 1686 3866 nunquam
1710 3795 1818 3847 nisi

183 3908 315 3945 cum
364 3889 782 3962 signiﬁcatione
837 3895 892 3944 et
941 3889 1191 3944 hominis
1243 3891 1461 3942 locutus
1504 3893 1557 3943 et
1597 3888 1692 3942 Dei
1727 3889 1814 3942 sit.

185 3988 326 4040 Item
353 3984 464 4038 alio
489 3985 614 4039 loco
635 3983 694 4038 in
715 3984 915 4038 eodem
935 3982 1080 4036 libro
1104 3983 1253 4038 inter
1273 3986 1473 4036 caetera
1503 4001 1516 4035 :
1549 3982 1686 4035 Hinc
1707 3982 1815 4035 ita-

183 4095 296 4150 que
323 4077 568 4133 fallendi
594 4077 874 4148 simplices
893 4080 1064 4147 atque
1087 4077 1412 4147 ignorantes
1433 4075 1712 4130 haereticis
1734 4092 1819 4128 oc-

184 4173 340 4226 casio
385 4177 490 4238 est,
531 4175 598 4224 ut
642 4187 769 4241 qua:
798 4170 867 4224 ab
906 4186 970 4224 eo
999 4170 1310 4224 secundum
1352 4170 1643 4223 hominem
1672 4169 1819 4223 dicta

185 4272 336 4332 sunt,
361 4266 511 4321 dicta
537 4281 662 4318 esse
688 4264 1002 4319 secundum
1027 4269 1247 4317 natura:
1279 4263 1482 4316 divinae
1513 4263 1816 4316 inﬁrmita-

187 4365 300 4414 tem
322 4358 697 4426 mentiantur,
721 4360 778 4412 et
797 4358 930 4428 quia
950 4373 1097 4411 unus
1116 4362 1283 4428 atque
1304 4357 1452 4410 idem
1473 4360 1557 4409 est
1578 4357 1820 4426 loquens

185 4453 386 4507 omnia
411 4469 542 4524 quae
563 4451 811 4522 loquitur
836 4451 903 4506 de
931 4451 1257 4521 semetipso,
1286 4451 1478 4503 omnia
1505 4466 1636 4503 eum
1663 4450 1816 4503 locu-

185 4550 306 4600 tum
321 4563 445 4602 esse
462 4544 829 4600 contendant.
859 4546 880 4567 *
894 4546 974 4598 Ne
997 4561 1132 4598 sane
1157 4559 1438 4614 negamus
1449 4547 1636 4597 totum
1658 4543 1819 4597 illum

1913 624 2141 694 poribus
2179 628 2236 678 et
2272 624 2578 694 generibus
2623 625 3058 696 dispensationis
3090 632 3540 693 sacramentum,

1911 733 2041 770 cum
2066 733 2168 787 pro
2197 717 2464 788 qualitate
2497 734 2774 788 generum
2805 734 2870 771 ac
2897 722 3260 789 naturarum,
3293 719 3471 774 alium
3494 720 3544 774 ei

1912 811 1972 864 in
1999 815 2350 866 sacramento
2382 811 2629 865 hominis
2661 828 2890 866 necesse
2909 816 2995 866 est
3024 829 3346 867 sermonem
3371 813 3545 868 fuisse

1912 919 2027 957 non
2053 908 2209 971 nato,
2240 903 2414 958 alium
2429 904 2616 959 adhuc
2642 905 2935 972 morituro,
2956 905 3135 960 alium
3155 905 3278 976 jam
3297 909 3537 962 aeterno.

1913 996 2098 1051 Nostri
2137 997 2312 1068 igitur
2351 1013 2520 1052 causa
2563 998 2684 1051 haec
2712 999 2904 1052 omnia
2929 1000 3086 1052 Iesus
3118 999 3372 1054 Christus
3408 1016 3534 1054 ma-

1916 1106 2056 1144 nens
2085 1094 2142 1144 et
2172 1089 2422 1160 corporis
2448 1091 2628 1145 nostri
2653 1091 2825 1145 homo
2852 1097 3037 1159 natus,
3068 1093 3378 1147 secundum
3410 1110 3542 1148 con-

1914 1183 2276 1238 suetudinem
2313 1187 2534 1237 naturae
2575 1188 2782 1238 nostra:
2817 1184 3036 1238 locutus
3067 1190 3172 1254 est,
3205 1201 3322 1240 non
3349 1188 3538 1241 tamen

1914 1277 2177 1332 omittens
2221 1282 2444 1330 naturae
2475 1293 2592 1331 suae
2619 1293 2737 1331 esse
2785 1277 2937 1348 quod
2982 1278 3129 1332 Deus
3155 1254 3275 1360 est]
3290 1280 3432 1333 Nam
3463 1285 3541 1334 ta-

1913 1370 2083 1424 metsi
2116 1370 2172 1423 in
2204 1375 2367 1440 partu
2398 1375 2454 1424 et
2480 1370 2744 1441 passione
2766 1374 2822 1425 et
2849 1376 3051 1438 morte,
3084 1375 3304 1426 natura».
3334 1377 3539 1427 nostra!

1914 1480 2001 1518 res
2027 1463 2331 1534 peregerit,
2363 1479 2452 1517 res
2478 1468 2670 1518 tamen
2697 1464 2846 1534 ipsas
2874 1481 3070 1519 omnes
3096 1464 3300 1520 virtute
3323 1469 3540 1520 naturae

1913 1574 2026 1611 suae
2054 1557 2248 1627 gessit.
2279 1558 2345 1611 Et
2373 1557 2612 1628 reliqua.
2635 1559 2775 1613 Item
2803 1558 2916 1612 alio
2937 1558 3060 1612 loco
3086 1558 3146 1612 in
3167 1559 3370 1613 eodem
3395 1559 3541 1613 libro

1913 1651 2060 1705 inter
2085 1657 2291 1706 caetera
2325 1667 2336 1705 :
2369 1651 2536 1705 Vides
2566 1668 2639 1705 ne
2672 1652 2752 1705 ita
2779 1653 2954 1706 Deum
2986 1656 3040 1706 et
3070 1651 3365 1706 hominem
3395 1668 3539 1722 prae-

1914 1743 2087 1798 dicari
2120 1749 2180 1798 ut
2208 1760 2363 1798 mors
2393 1744 2636 1814 homini,
2673 1745 2785 1799 Deo
2825 1761 2956 1799 vero
2987 1745 3172 1799 carnis
3213 1745 3542 1799 exercitatio

1914 1837 2221 1907 deputetur
2235 1838 2263 1890 ?
2285 1838 2406 1891 Non
2424 1840 2618 1892 tamen
2639 1840 2702 1891 ut
2719 1837 2859 1892 alius
2880 1838 2952 1892 sit
2969 1838 3064 1908 qui
3085 1841 3348 1892 mortuus
3366 1841 3468 1903 est,
3492 1841 3548 1891 et

1915 1930 2056 1983 alius
2075 1931 2147 1983 sit
2164 1947 2265 2000 per
2277 1946 2448 2002 quem
2467 1935 2725 1984 mortuus
2743 1932 3006 2000 resurgit.
3033 1931 3283 2001 Spoliata
3303 1931 3355 1984 ei
3377 1946 3548 1984 carne

1915 2022 2108 2095 210
2143 2023 2395 2079 Christus
2431 2029 2514 2077 est
2545 2026 2823 2089 mortuus,
2855 2029 2912 2077 et
2940 2040 3168 2077 rursum
3198 2024 3487 2078 Christum
3513 2041 3548 2077 a

1914 2117 2151 2171 mortuis
2184 2117 2432 2171 excitans
2459 2117 2613 2171 idem
2651 2117 2902 2171 Christus
2931 2123 3016 2170 est
3047 2133 3214 2171 carne
3255 2133 3312 2171 se
3350 2134 3547 2187 exspo'

1914 2214 2156 2284 polians.
2186 2215 2458 2268 Naturam
2485 2214 2583 2269 Dei
2607 2214 2667 2267 in
2691 2213 2898 2268 virtute
2926 2213 3349 2268 resurrectionis
3375 2214 3542 2268 intel-

1913 2308 2050 2379 lige,
2079 2308 2561 2378 dispensationem
2586 2307 2833 2361 hominis
2860 2308 2918 2361 in
2944 2310 3126 2361 morte
3153 2324 3454 2378 cognosce.
3479 2309 3546 2360 Et

1913 2417 2041 2455 cum
2095 2401 2207 2454 sint
2251 2409 2488 2471 utraque
2533 2401 2646 2454 suis
2677 2403 2833 2471 gesta
2866 2399 3105 2470 naturis,
3142 2418 3321 2455 unum
3353 2407 3546 2456 tamen

1915 2493 2201 2548 Christum
2228 2495 2420 2547 Jesum
2447 2510 2576 2547 eum
2611 2498 2900 2576 memento
2941 2509 3060 2548 esse
3105 2495 3204 2564 qui
3238 2499 3546 2565 utrumque

1915 2591 2015 2641 est.
2052 2588 2190 2641 Item
2234 2591 2362 2657 post
2397 2603 2577 2656 pauca
2611 2588 2789 2679 zil-laec
2819 2587 2996 2656 igitur
3034 2587 3485 2641 demonstranda
3511 2605 3544 2641 a

1916 2696 2006 2734 me
2036 2679 2228 2751 paucis
2263 2680 2513 2746 fuerunt,
2555 2683 2619 2733 ut
2653 2680 2947 2750 utriusque
2986 2684 3203 2734 naturae
3244 2696 3545 2750 personam

1917 2773 2144 2826 tractari
2166 2773 2225 2826 in
2248 2772 2486 2827 Domino
2513 2775 2536 2828 J
2545 2789 2645 2827 esu
2663 2773 2887 2827 Christo
2909 2772 3385 2840 meminissemus,
3415 2773 3548 2844 quia

1915 2883 2155 2921 manens
2185 2867 2246 2920 in
2291 2866 2471 2920 forma
2508 2866 2603 2920 Dei
2655 2867 2900 2921 formam
2941 2866 3085 2921 servi
3117 2865 3380 2936 suscepit.
3409 2868 3545 2921 Item

1917 2961 2097 3014 sancti
2145 2960 2438 3015 Athanasii
2483 2960 2875 3015 Alexandrinae
2921 2960 3170 3014 ecclesiae
3209 2959 3454 3030 episcopi
3493 2963 3549 3014 et

1915 3053 2252 3108 confessoris
2283 3054 2354 3108 ad
2382 3053 2705 3124 Epictetum
2725 3053 3155 3110 Corinthiorum
3171 3054 3536 3126 episcopum:

1918 3147 2223 3211 Quomodo
2254 3152 2447 3202 autem
2476 3148 2565 3201 vel
2588 3147 2850 3202 dubitare
2868 3148 2990 3202 ausi
3011 3151 3143 3202 sunt
3163 3148 3262 3219 qui
3284 3148 3549 3202 dicuntur

1915 3240 2238 3306 Christiani,
2268 3241 2313 3294 si
2343 3241 2616 3295 Dominus
2637 3241 2735 3311 qui
2757 3257 2826 3295 ex
2843 3241 3012 3295 Maria
3036 3241 3258 3310 virgine
3274 3240 3549 3312 processit

1917 3334 2066 3387 filius
2109 3334 2342 3404 quidem
2387 3335 2699 3388 substantia
2740 3340 2795 3387 et
2844 3337 3048 3386 natura
3105 3334 3206 3387 Dei
3245 3337 3350 3403 est,
3395 3335 3548 3404 quod

1918 3425 2231 3480 secundum
2284 3443 2511 3480 carnem
2561 3443 2629 3480 ex
2685 3425 2900 3480 semine
2938 3426 3112 3480 David
3159 3431 3242 3481 est
3282 3429 3340 3480 et
3381 3443 3548 3481 carne

1920 3524 2126 3574 sanctae
2174 3519 2362 3573 Mariae
2391 3521 2418 3573 ?
2475 3520 2612 3572 Item
2661 3519 2834 3573 sancti
2883 3519 3163 3574 Ambrosii
3199 3520 3450 3590 episcopi
3493 3526 3548 3573 et

1918 3613 2250 3667 confessoris
2295 3612 2720 3667 Mediolanensis
2769 3613 3034 3679 ecclesiae,
3082 3613 3232 3683 quod
3279 3612 3427 3666 misit
3474 3613 3547 3665 ad

1920 3709 2328 3778 imperatorem
2388 3706 2717 3761 Gratianum
2756 3705 2815 3759 in
2859 3706 3003 3760 libro
3046 3706 3292 3760 secundo
3331 3705 3400 3759 de
3437 3704 3548 3758 ﬁde

1917 3802 2069 3854 inter
2086 3804 2290 3854 caetera
2321 3817 2332 3854 :
2368 3801 2554 3854 Unum
2576 3798 2714 3853 illud
2735 3800 2888 3870 quod
2909 3801 3116 3854 lectum
3138 3803 3223 3853 est
3244 3799 3545 3854 Dominum

1919 3893 2233 3964 majestatis
2263 3893 2591 3949 cruciﬁxum
2624 3909 2765 3958 esse,
2808 3909 2924 3948 non
2965 3893 3123 3964 quasi
3159 3893 3216 3947 in
3251 3893 3547 3963 majestate

1919 3988 2255 4042 cruciﬁxum
2300 3991 2586 4059 putemus.
2639 3986 2752 4042 Sed
2819 3987 2952 4058 quia
2995 3986 3149 4041 idem
3193 3989 3356 4052 Deus,
3398 3986 3548 4040 idem

1920 4083 2130 4150 homo,
2198 4098 2300 4152 per
2363 4081 2718 4135 divinitatem
2755 4081 2938 4149 Deus,
3005 4097 3106 4151 per
3132 4079 3549 4151 susceptionem

1920 4171 2104 4225 carnis
2157 4172 2331 4225 homo
2379 4170 2631 4224 Christus
2691 4171 2850 4224 .lesus
2908 4169 3181 4224 Dominus
3242 4168 3552 4240 majestatis

1922 4264 2128 4318 dicitur
2180 4264 2512 4329 cruciﬁxus,
2563 4263 2696 4333 quia
2747 4278 2974 4316 consors
3025 4263 3320 4333 utriusque
3379 4266 3547 4316 natu-

1920 4375 2020 4425 rae,
2049 4358 2104 4411 id
2135 4362 2237 4422 est,
2268 4358 2539 4411 humanae
2565 4360 2734 4426 atque
2763 4355 2969 4409 divinae
2995 4356 3054 4408 in
3084 4360 3284 4409 natura
3306 4354 3551 4408 hominis

1921 4450 2095 4504 subiit
2117 4451 2460 4520 passionem,
2495 4452 2560 4502 ut
2589 4448 2893 4503 indiscrete
2916 4451 2973 4502 et
2992 4448 3264 4502 Dominus
3293 4447 3551 4517 majesta-

1923 4544 1993 4599 tis
2019 4543 2242 4598 dicatur
2273 4559 2392 4598 esse
2419 4542 2517 4614 qui
2548 4558 2748 4613 passus
2780 4544 2882 4609 est,
2917 4546 2973 4596 et
2999 4541 3149 4596 ﬁlius
3180 4541 3450 4610 hominis,
3471 4540 3546 4593 si-

185 4640 282 4710 qui
310 4641 435 4710 ejus
465 4643 659 4693 manet
686 4641 903 4692 natura:
931 4654 1048 4692 suae
1077 4653 1197 4692 esse
1241 4653 1588 4691 sermonem.
1639 4637 1749 4691 Sed
1778 4637 1824 4690 si
1843 4646 1902 4718 D
1925 4637 2040 4692 cuti
2073 4639 2347 4708 scriptum
2393 4641 2496 4706 est,
2540 4636 2637 4707 qui
2666 4635 2956 4691 descendit
2983 4636 3052 4690 de
3083 4636 3242 4689 coelo.
3271 4637 3410 4689 Item
3441 4634 3550 4688 alio

183 4735 344 4788 lesus
369 4733 625 4788 Christus
646 4735 701 4787 et
726 4733 898 4787 homo
925 4736 980 4787 et
1010 4733 1174 4798 Deus,
1199 4735 1254 4786 et
1274 4747 1460 4801 neque
1487 4747 1620 4785 cum
1648 4732 1820 4784 homo

185 4833 308 4882 tum
357 4827 609 4897 primum
645 4826 812 4892 Deus,
847 4842 1031 4896 neque
1065 4828 1187 4879 tum
1232 4841 1363 4878 cum
1402 4827 1458 4878 et
1501 4824 1670 4878 homo
1698 4827 1820 4878 tum

187 4938 302 4975 non
332 4921 510 4976 etiam
542 4923 599 4974 et
624 4920 791 4986 Deus,
818 4935 1005 4990 neque
1029 4924 1154 4990 post
1174 4917 1471 4973 hominem
1492 4918 1551 4971 in
1572 4919 1686 4972 Deo
1707 4935 1820 4972 non

186 5018 344 5069 totus
379 5015 555 5068 homo
595 5018 745 5069 totus
787 5014 954 5080 Deus,
999 5030 1176 5068 unum
1215 5018 1380 5084 atque
1411 5011 1563 5066 idem
1597 5028 1821 5066 necesse

185 5107 496 5162 'dictorum
522 5109 944 5161 sacramentum
978 5107 1099 5177 ejus
1140 5122 1260 5161 esse
1305 5105 1456 5176 quod
1491 5105 1735 5174 generis,
1769 5110 1825 5160 et

183 5218 317 5256 cum
358 5202 418 5255 in
461 5218 527 5255 eo
565 5201 874 5256 secundum
912 5205 1138 5270 tempus
1167 5198 1437 5254 discernis
1472 5199 1764 5253 hominem
1793 5217 1823 5252 a

183 5297 317 5364 Deo,
350 5295 452 5350 Dei
483 5298 604 5349 tum
631 5299 801 5365 atque
834 5293 1084 5348 hominis
1115 5293 1370 5349 discerne
1393 5309 1740 5347 sermonem.
1760 5294 1826 5346 Et

185 5406 318 5443 cum
350 5389 525 5444 Deum
557 5393 726 5458 atque
749 5388 1044 5442 hominem
1073 5387 1130 5441 in
1157 5393 1424 5457 tempore
1446 5385 1820 5451 conﬁteberis,

189 5483 288 5536 Dei
315 5487 492 5554 atque
522 5482 768 5537 hominis
807 5481 864 5535 in
893 5487 1152 5552 tempore
1186 5480 1338 5534 dicta
1383 5479 1649 5550 dijudica.
1683 5482 1824 5534 Cum

187 5593 321 5631 varo
352 5595 424 5632 ex
447 5576 686 5632 homine
715 5580 773 5630 et
789 5576 906 5629 Deo
932 5591 1160 5628 rursum
1188 5574 1360 5628 totius
1386 5574 1631 5628 hominis
1657 5574 1826 5628 totius

174 5671 304 5740 jam
333 5671 430 5727 Dei
461 5670 738 5741 temporis
759 5668 1048 5739 intelligis,
1083 5667 1130 5720 si
1160 5667 1298 5738 quid
1325 5667 1466 5721 illud
1495 5668 1565 5722 ad
1586 5669 1823 5722 demon-

184 5765 525 5820 strationem
540 5763 662 5834 ejus
680 5762 952 5835 temporis
974 5762 1190 5816 dictum
1211 5763 1294 5814 est
1310 5761 1551 5832 tempori
1569 5765 1826 5832 coaptato

189 5874 320 5927 qua)
334 5859 488 5913 dicta
504 5863 656 5923 sunt,
677 5861 741 5910 ut
767 5873 894 5911 cum
915 5855 1069 5910 aliud
1092 5854 1163 5908 sit
1186 5858 1317 5909 ante
1339 5854 1636 5908 hominem
1661 5855 1823 5920 Deus,

191 5951 354 6007 aliud
388 5952 462 6007 sit
485 5953 661 6007 homo
696 5955 750 6006 et
779 5953 944 6020 Deus,
988 5949 1141 6005 aliud
1174 5949 1244 6004 sit
1282 5951 1406 6020 post
1448 5948 1742 6002 hominem
1773 5952 1828 6003 et

1920 4732 2044 4786 loco
2070 4733 2130 4785 in
2161 4731 2363 4786 eodem
2390 4731 2536 4784 libro
2567 4729 2716 4783 inter
2742 4733 2943 4784 caetera
2971 4746 2982 4783 :
3013 4726 3552 4798 Silcantigiturina-

1921 4843 2021 4880 nes
2063 4826 2132 4879 de
2164 4825 2524 4880 sermonibus
2564 4823 2924 4895 quaestiones,
2960 4823 3091 4894 quia
3120 4841 3146 4872 «
3173 4838 3419 4892 regnum
3451 4820 3549 4874 Dei

1924 4919 2085 4987 (sicut
2106 4918 2381 4989 scriptum
2414 4921 2512 4988 est)
2541 4935 2654 4972 non
2678 4919 2735 4972 in
2764 4917 3129 4989 persuasione
3151 4914 3307 4970 verbi
3326 4918 3430 4984 est,
3453 4914 3552 4968 sed

1923 5012 2246 5068 ostensione
2276 5013 2499 5068 virtutis
2531 5013 2580 5082 (Ι
2611 5015 2729 5070 Cor.
2775 5028 2831 5081 ιι,
2866 5013 2938 5080 li).
2971 5031 2997 5058 ››
3029 5010 3326 5064 Servemus
3360 5007 3552 5062 distin-

1924 5107 2171 5162 ctionem
2210 5106 2516 5160 divinitatis
2559 5111 2614 5160 et
2649 5105 2830 5160 carnis
2861 5121 2872 5157 :
2906 5121 3050 5157 unus
3085 5103 3142 5156 in
3193 5107 3433 5173 utroque
3479 5104 3556 5157 lo-

1923 5201 2118 5271 quitur
2143 5200 2242 5254 Dei
2267 5201 2456 5266 Filius,
2489 5199 2622 5270 quia
2648 5200 2704 5252 in
2726 5198 2931 5252 eodem
2958 5202 3194 5268 utraque
3219 5200 3426 5251 natura
3448 5201 3552 5265 est,

1926 5297 1980 5347 et
2001 5295 2046 5347 si
2075 5293 2225 5348 idem
2255 5293 2524 5364 loquitur,
2555 5309 2672 5347 non
2705 5309 2817 5346 uno
2841 5307 3066 5362 semper
3088 5290 3342 5362 loquitur
3364 5291 3554 5345 modo.
3555 5288 3618 5370 /

1925 5388 2158 5442 Intende
2185 5403 2412 5441 mecum
2439 5403 2589 5440 nunc
2617 5385 2856 5456 gloriam
2871 5385 3157 5454 Dei,nunc
3171 5385 3415 5439 hominis
3435 5400 3560 5454 pas-

1927 5481 2136 5534 siones.
2178 5480 2347 5544 Quasi
2379 5481 2522 5533 Deus
2561 5480 2813 5551 loquitur
2847 5495 2975 5550 quze
3005 5484 3136 5534 sunt
3172 5479 3381 5546 divina,
3424 5477 3557 5547 quia

1926 5575 2172 5628 Verbum
2215 5577 2331 5641 est;
2367 5573 2527 5644 quasi
2572 5574 2748 5628 homo
2785 5572 2921 5628 dicit
2963 5590 3090 5644 quae
3117 5577 3248 5627 sunt
3283 5572 3556 5634 humana,

1929 5667 2064 5738 quia
2102 5667 2160 5721 in
2189 5683 2253 5721 ea
2282 5666 2596 5721 substantia
2620 5667 2974 5737 loquebatur.
3012 5666 3163 5720 idem
3209 5663 3465 5733 ejusdem
3502 5661 3560 5715 in

1928 5761 2074 5816 libro
2100 5761 2168 5814 de
2199 5760 2594 5816 lncarnatione
2622 5760 2848 5815 Domini
2875 5763 3072 5815 contra
3087 5755 3512 5829 Apollinaristas
3544 5771 3556 5808 :

1929 5855 2042 5910 Sed
2059 5855 2194 5909 dum
2213 5855 2313 5909 hos
2335 5855 2731 5926 redarguimus
2751 5856 3076 5924 emergunt,
3095 5851 3189 5906 alii
3211 5847 3308 5920 qui
3326 5864 3558 5903 carnem

1930 5949 2157 6005 Domini
2199 5949 2387 6005 dicant
2427 5952 2486 6004 et
2533 5949 2886 6004 divinitatem
2933 5945 3101 6000 unius
3143 5945 3383 5998 natura}.
3425 5943 3560 6006 Quae
