4034 6330
465 410 557 475 851

1355 421 1634 475 APPEND.
1676 419 1763 474 AD
1802 418 1962 473 S/EC.
2004 418 2089 472 IX.
2115 446 2182 458 —-
2222 417 2462 473 ISIDOBI
2504 415 2926 473 MERCATORIS

3721 416 3830 472 852

458 530 685 582 tantum
714 526 1075 597 sacrilegium
1094 527 1318 584 inferna
1341 543 1614 583 vomuere
1633 525 1661 581 ?
1685 527 1808 581 Jam
1827 524 2090 581 tolerabi-
2110 536 2168 611 Α
2188 528 2245 580 et
2290 525 2556 579 homines
2601 524 2889 579 mediator
2929 523 3196 594 apparuit
3224 526 3282 578 et
3317 523 3532 578 unitate
3562 538 3829 594 persona

463 620 633 675 liores
658 624 790 675 sunt
825 620 1034 688 Ariani,
1067 636 1314 691 quorum
1343 638 1447 693 per
1471 621 1605 676 istos
1633 619 1889 691 perﬁdia
1914 619 2090 674 robur

465 714 747 780 adolescit,
788 718 853 769 ut
899 715 1120 785 majore
1169 716 1536 771 contentione
1569 716 1825 785 asserant
1863 715 2090 768 Patrem

466 813 523 863 et
555 808 757 863 Filium
784 812 843 863 et
871 808 1145 879 Spiritum
1172 813 1430 865 sanctum
1460 809 1632 864 unius
1656 824 1775 862 non
1807 823 1928 863 esse
1955 807 2088 861 sub—

467 901 711 970 stantia,
741 902 875 972 quia
900 902 995 956 isti
1019 902 1371 958 divinitatem
1389 902 1613 958 Domini
1631 905 1690 957 et
1706 917 1937 957 carnem
1958 901 2089 955 sub-

467 994 694 1050 stantia
736 995 905 1050 unius
945 996 1134 1051 dicere
1169 1001 1480 1052 tentavere.
1519 999 1659 1051 Item
1702 995 1851 1050 infra
1885 1012 1898 1049 :
1931 997 1998 1050 Et
2036 994 2093 1048 hi

470 1088 609 1144 mihi
639 1089 967 1161 frequenter
995 1089 1208 1145 Nicani
1232 1090 1453 1145 concilii
1479 1093 1785 1145 tractatum
1813 1104 1872 1143 se
1897 1092 2093 1143 tenere

470 1186 950 1250 commemorant,
979 1183 1076 1238 sed
1096 1183 1154 1238 in
1176 1184 1270 1238 illo
1296 1187 1537 1239 tractatu
1557 1185 1750 1238 Patres
1775 1181 1955 1237 nostri
1977 1198 2093 1235 non

386 1280 402 1292 ‘
469 1290 698 1329 carnem
729 1276 825 1330 sed
857 1276 957 1330 Dei
983 1276 1229 1331 Verbum
1243 1276 1413 1330 unius
1434 1275 1760 1331 substantia
1785 1292 1913 1329 cum
1934 1277 2095 1330 Patre

471 1383 589 1423 esse
619 1346 838 1458 dixere!
870 1370 938 1423 Et
964 1369 1208 1424 Verbum
1236 1370 1468 1441 quidem
1508 1386 1577 1424 ex
1608 1374 1842 1440 paterna
1869 1384 2092 1439 proces-

470 1461 603 1516 sisse
623 1462 952 1531 substantia,
988 1479 1218 1518 carnem
1249 1468 1348 1519 aut
1374 1480 1441 1518 ex
1466 1463 1689 1535 virgine
1712 1479 1833 1517 esse
1859 1460 2097 1517 confessi

473 1560 624 1610 sunt.
652 1556 947 1620 Quomodo
972 1557 1147 1628 igitur
1170 1557 1384 1611 Nicani
1414 1556 1635 1612 concilii
1666 1572 1876 1611 nomen
1904 1556 2098 1610 obten-

474 1647 628 1704 ditur
652 1653 710 1704 et
731 1665 883 1704 nova
906 1649 1259 1705 inducuntur
1291 1667 1420 1722 qua
1449 1666 1746 1720 nunquam
1765 1649 1947 1704 nostri
1977 1665 2100 1703 sen-

472 1757 597 1796 sere
615 1742 861 1812 majores
876 1744 904 1797 ?
933 1744 1002 1797 Et
1022 1744 1262 1814 reliqua.
1287 1746 1429 1799 Item
1451 1744 1707 1815 ejusdem
1731 1744 1801 1797 ad
1824 1742 2099 1798 Sabinum

474 1835 801 1906 episcopum
838 1836 991 1891 inter
1031 1839 1235 1891 catera
1272 1854 1285 1891 :
1327 1838 1483 1892 Unde
1521 1838 1759 1908 pulchra
1798 1836 2100 1907 Apostolus

2192 620 2468 690 copulans
2512 621 2812 689 utramque
2850 621 3133 687 naturam,
3184 622 3247 672 ut
3282 616 3834 690 solita,sublimaret

2192 668 2453 782 insrolitis,
2500 714 2559 766 et
2600 668 2823 766 insolita
2868 712 3042 766 solitis
3090 668 3635 796 temperaretjltem
3671 710 3829 780 ejus-

2193 806 2327 860 dem
2371 807 2432 860 in
2480 805 2831 877 expositione
2867 805 3161 877 Evangelii
3203 804 3515 860 secundum
3544 806 3829 860 Joannem

2193 900 2344 955 inter
2371 902 2577 954 catera
2618 917 2630 954 :
2676 900 2821 964 Quid
2852 899 3044 971 igitur,
3086 899 3373 968 haretice,
3407 915 3538 953 cum
3570 898 3835 954 Christus

2194 993 2265 1047 sit
2314 994 2457 1048 Deus
2509 997 2566 1048 et
2606 994 2802 1063 homo,
2861 993 3112 1064 loquitur
3160 998 3225 1047 ut
3276 994 3450 1048 homo
3500 996 3557 1047 et
3606 993 3829 1047 calum-

2194 1086 2369 1141 niaris
2404 1088 2515 1141 Deo
2541 1087 2569 1140 ‘?
2599 1088 2696 1142 Ille
2734 1086 2794 1140 in
2826 1103 2884 1141 se
2920 1089 3186 1141 naturam
3232 1086 3592 1141 commendat
3618 1085 3829 1141 huma-

2196 1196 2347 1247 nam,
2378 1184 2442 1235 tu
2485 1180 2545 1234 in
2587 1180 2682 1234 illo
2708 1179 2883 1233 audes
2913 1180 3239 1234 deformare
3284 1180 3560 1234 divinam.
3607 1181 3675 1235 Et
3719 1179 3830 1233 ite-

2195 1290 2325 1327 rum
2373 1273 2523 1328 infra
2582 1291 2595 1327 ε
2654 1276 3042 1344 Agnoscamus
3105 1273 3395 1344 geminam
3454 1272 3831 1328 substantiam

2195 1367 2418 1437 Christi,
2449 1366 2699 1422 divinam
2727 1366 2937 1422 scilicet
2964 1384 3075 1439 qua
3109 1367 3345 1439 aqualis
3387 1372 3470 1421 est
3504 1368 3674 1436 Patri,
3717 1367 3829 1420 hu-

2198 1477 2428 1515 manam
2479 1477 2594 1532 qua
2648 1460 2840 1515 minor
2900 1465 2984 1515 est
3040 1462 3227 1515 Patre.
3278 1462 3593 1532 Utrumque
3634 1463 3833 1515 autem

2199 1554 2366 1609 simul
2407 1571 2524 1609 non
2552 1555 2686 1623 duo,
2717 1554 2818 1609 sed
2845 1570 2996 1609 unus
3025 1554 3301 1620 Christus,
3337 1571 3409 1608 ne
3440 1555 3514 1608 sit
3541 1554 3838 1626 quaterni-

2199 1651 2286 1702 tas
2310 1664 2428 1703 non
2445 1648 2666 1703 trinitas
2696 1650 2858 1703 Deus.
2888 1648 3041 1704 Sicut
3060 1648 3216 1703 enim
3240 1664 3389 1703 unus
3412 1653 3496 1703 est
3517 1649 3692 1703 homo
3714 1648 3838 1703 ani-

2201 1758 2295 1796 ma
2321 1742 2606 1796 rationalis
2637 1745 2694 1796 et
2721 1758 2870 1809 caro,
2908 1742 2987 1796 sic
3017 1759 3164 1796 unus
3191 1745 3278 1796 est
3298 1742 3464 1810 Deus,
3494 1742 3746 1796 Christus
3778 1746 3835 1796 et

2201 1835 2391 1902 homo,
2424 1852 2489 1890 ac
2516 1851 2620 1906 per
2643 1835 2750 1889 hoc
2776 1834 3027 1892 Christus
3053 1839 3138 1889 est
3165 1836 3309 1889 Deus
3352 1835 3546 1889 anima
3580 1836 3834 1891 rationa-

474 1928 733 1998 ejusdem
757 1929 915 1983 verbi
939 1929 1277 2000 repetitione
1298 1948 1432 1985 usus
1454 1935 1538 1985 est
1549 1931 1743 1985 dicens
1768 1930 1837 1985 de
1857 1929 2100 1984 Domino
2120 1905 2177 1977 Β
2201 1929 2269 1983 lis
2309 1935 2365 1984 et
2405 1944 2551 1984 caro.
2597 1929 2883 1984 Christum
2925 1929 2985 1983 in
3017 1928 3106 1983 his
3131 1929 3416 1995 omnibus,
3446 1929 3734 1984 Christum
3773 1929 3835 1984 in

474 2023 605 2076 Jesu
633 2022 855 2077 Christo
876 2039 889 2076 :
909 2023 1092 2077 «Cum
1112 2023 1170 2077 in
1196 2024 1379 2078 forma
1400 2024 1499 2077 Dei
1528 2026 1676 2078 esset
1702 2040 1819 2077 non
1839 2022 2101 2094 rapinam

475 2114 777 2169 arbitratus
804 2119 889 2170 est
915 2132 1036 2169 esse
1064 2133 1122 2170 se
1150 2118 1432 2188 aqualem
1451 2118 1584 2186 Deo,
1610 2117 1706 2171 sed
1728 2116 2103 2187 semetipsum

476 2207 783 2263 exinanivit
799 2209 1046 2264 formem
1064 2210 1211 2264 servi
1237 2210 1519 2281 accipiens
1544 2211 1764 2280 (Philip.
1797 2227 1857 2279 ιι,
1891 2213 1943 2276 6,
1973 2210 2047 2279 7).
2072 2228 2100 2261 »

474 2301 618 2366 Quid
644 2306 728 2357 est
751 2302 810 2357 in
834 2302 1021 2357 forma
1052 2303 1147 2358 Dei
1176 2303 1285 2359 nisi
1311 2304 1371 2358 in
1404 2304 1759 2374 plenitudine
1792 2302 2018 2358 deitatis
2042 2302 2102 2355 in

474 2394 570 2448 illa
605 2395 968 2466 perfectionis
1032 2395 1237 2451 divina
1292 2397 1653 2468 expressione
1680 2397 1708 2451 ?
1764 2398 1914 2466 Ergo
1970 2412 2103 2450 cum

477 2492 622 2543 esset
648 2490 708 2544 in
736 2489 1092 2561 plenitudine
1131 2490 1457 2558 divinitatis,
1493 2489 1803 2545 exinanivit
1840 2506 1899 2543 se
1931 2494 1987 2544 et
2011 2505 2103 2543 ac-

478 2583 627 2653 cepit
669 2583 1083 2654 plenitudinem
1138 2589 1355 2639 natura
1393 2588 1449 2639 et
1490 2583 1853 2655 perfectionis
1899 2584 2101 2637 huma-

482 2692 589 2731 na.
640 2677 794 2732 Sicut
833 2679 948 2733 Deo
987 2678 1131 2733 nihil
1174 2678 1384 2748 deerat,
1441 2678 1517 2732 ita
1552 2694 1656 2732 nec
1700 2676 1924 2732 homini
1966 2693 2103 2731 con-

476 2770 871 2826 summationis
911 2774 974 2826 ut
1010 2775 1156 2826 esset
1199 2772 1484 2842 perfectus
1525 2772 1586 2825 in
1626 2773 1869 2841 utraque
1899 2770 2102 2825 forma.

482 2863 640 2917 Unde
686 2866 743 2918 et
784 2864 958 2919 David
1008 2865 1143 2920 dicit
1172 2882 1184 2920 :
1217 2884 1244 2917 ‹(
1272 2865 1567 2935 Speciosus
1610 2864 1791 2918 forma
1823 2880 1942 2934 pra
1978 2863 2108 2917 ﬁliis

483 2955 784 3012 hominum
815 2958 976 3027 (Psal.
1018 2975 1163 3027 xmv,
1206 2958 1280 3028 3).
1322 2979 1348 3007 ››
1408 2958 1776 3012 Concluditur
1817 2957 2104 3029 Apollina-

479 3048 634 3118 rista,
696 3066 801 3105 nec
852 3067 966 3122 quo
1020 3068 1078 3106 se
1123 3056 1320 3118 vertat,
1378 3051 1491 3104 suis
1533 3050 1820 3105 clauditur
1869 3051 2103 3105 retibus.

480 3145 603 3213 Ipse
633 3143 788 3198 enim
813 3144 953 3198 dixit
995 3145 1242 3199 formam
1284 3144 1425 3199 servi
1467 3144 1705 3215 accepit,
1754 3160 1873 3198 non
1918 3160 2109 3198 servus

480 3235 701 3291 locutus
731 3241 831 3292 est.
862 3239 1074 3293 Iterum
1107 3254 1245 3308 ergo
1276 3238 1566 3309 interrogo
1598 3254 1609 3292 :
1639 3237 1785 3302 Quid
1805 3237 1964 3291 estin
1990 3238 2105 3291 for-
2129 3276 2184 3350 Ο

480 3346 574 3383 ma
604 3330 745 3385 Dei?
774 3332 1088 3403 Respondit
1116 3331 1177 3385 in
1210 3336 1415 3387 natura
1441 3331 1574 3385 Dei:
1609 3331 1803 3386 «Sunt
1835 3330 1989 3385 enim
2012 3331 2111 3400 (ait

482 3425 795 3497 Apostolus)
845 3426 939 3497 qui
987 3442 1103 3480 non
1142 3428 1273 3479 sunt
1316 3428 1525 3479 natura
1567 3424 1645 3480 dii
1677 3425 1819 3497 (Gal.
1856 3440 1928 3493 1v,
1971 3423 2043 3494 8).
2078 3445 2104 3474 »

483 3517 687 3581 Quare
710 3518 845 3589 quid
875 3518 947 3574 sit
965 3519 1215 3574 formam
1247 3518 1395 3573 servi
1427 3519 1708 3590 accipiens
1742 3535 1756 3572 :
1790 3518 1913 3572 sine
1939 3517 2109 3572 dubio

480 3611 894 3681 perfectionem
907 3618 1126 3667 natura
1138 3618 1196 3668 et
1208 3612 1563 3681 conditionis,
1578 3616 1641 3667 ut
1658 3613 1794 3681 dixi,
1820 3612 2105 3680 humana,

480 3707 545 3759 ut
571 3709 715 3760 esset
753 3706 813 3760 in
853 3706 1154 3761 hominum
1197 3706 1597 3760 similitudine.
1633 3708 1698 3760 Et
1728 3706 1964 3776 pulchre
1991 3722 2106 3759 non

481 3799 667 3852 carnis
710 3800 807 3854 sed
853 3799 1152 3854 hominum
1195 3799 1336 3854 dixit
1375 3798 1828 3867 similitudinem,
1873 3798 2007 3869 quia
2050 3798 2108 3852 in

479 3907 650 3947 carne
676 3893 877 3947 eadem
908 3896 1012 3946 est.
1043 3893 1155 3947 Sed
1179 3892 1313 3963 quia
1340 3892 1461 3945 sine
1508 3895 1739 3962 peccato
1774 3895 1897 3945 erat
1930 3892 2105 3959 solus,

481 3984 665 4038 omnis
709 3989 896 4038 autem
936 3985 1109 4039 homo
1154 3984 1212 4038 in
1258 3989 1503 4054 peccato,
1546 3984 1604 4038 in
1645 3985 1831 4056 specie
1857 3983 2108 4038 hominis

482 4077 795 4132 videbatur.
824 4077 984 4132 Unde
1022 4082 1078 4131 et
1106 4077 1389 4149 propheta
1416 4078 1494 4132 ait
1524 4094 1537 4131 :
1571 4100 1599 4127 ‹‹
1627 4079 1693 4132 Et
1738 4078 1912 4132 homo
1943 4082 2026 4132 est
2052 4081 2110 4132 et

483 4170 612 4241 quis
644 4170 929 4241 cognoscit
965 4187 1096 4225 eum
1138 4172 1166 4225 ?
1208 4192 1235 4220 »
1283 4171 1458 4224 homo
1499 4171 1813 4225 secundum
1855 4187 2104 4239 carnem,

480 4264 579 4318 sed
608 4264 757 4317 ultra
791 4263 1086 4319 hominem
1126 4264 1319 4319 divina
1357 4265 1636 4336 operatio.
1674 4264 1930 4336 Denique
1976 4281 2106 4320 cum

476 4358 764 4427 leprosum
790 4360 1068 4429 tangeret,
1099 4359 1271 4413 homo
1297 4357 1608 4426 videbatur,
1635 4358 1735 4413 sed
1764 4359 1908 4413 ultra
1928 4358 2108 4414 homi-

481 4467 615 4504 nem
662 4468 791 4506 cum
843 4452 1165 4506 mundaret.
1219 4454 1287 4508 Et
1328 4469 1458 4506 cum
1497 4452 1770 4508 Lazarum
1813 4455 2107 4508 mortuum

478 4546 658 4611 lleret,
694 4550 989 4600 mortuum
1018 4546 1181 4617 quasi
1201 4545 1370 4600 homo
1396 4545 1590 4615 ﬂebat,
1609 4547 1711 4601 sed
1727 4563 1901 4618 supra
1927 4546 2109 4601 homi-

2201 2022 2436 2093 singulis
2466 2024 2825 2076 conﬁtemur.
2865 2021 3000 2087 Quis
3033 2026 3119 2077 est
3146 2038 3283 2093 ergo
3312 2038 3421 2095 per
3446 2039 3619 2093 quem
3648 2023 3837 2077 factus

2203 2121 2288 2171 est
2316 2116 2565 2170 mundus
2585 2116 2612 2170 ?
2638 2116 2893 2173 Christus
2909 2118 3087 2184 Iesus,
3125 2116 3219 2170 sed
3250 2116 3309 2169 in
3336 2116 3520 2170 forma
3548 2116 3665 2171 Dei.
3697 2116 3840 2181 Quis

2203 2213 2289 2264 est
2317 2210 2418 2264 sub
2446 2209 2645 2264 Pontio
2673 2210 2850 2264 Pilato
2879 2209 3220 2264 cruciﬁxus?
3250 2209 3505 2265 Christus
3530 2210 3707 2278 Iesus,
3732 2211 3837 2265 sed

2203 2305 2261 2358 in
2281 2304 2468 2358 forma
2488 2303 2650 2358 servi.
2678 2306 2819 2359 Item
2846 2303 3103 2374 ejusdem
3122 2304 3283 2374 cujus
3308 2320 3478 2375 supra
3506 2320 3519 2358 :
3551 2303 3687 2368 Quis
3717 2320 3835 2359 non

2205 2402 2286 2452 est
2315 2397 2614 2452 derelictus
2640 2397 2699 2451 in
2724 2397 2989 2451 inferno?
3023 2397 3276 2452 Christus
3301 2398 3477 2466 Iesus,
3506 2398 3604 2453 sed
3628 2397 3689 2451 in
3709 2398 3839 2452 ani—

2204 2507 2299 2545 ma
2331 2491 2471 2546 sola.
2511 2491 2646 2555 Quis
2682 2495 3101 2545 resurrecturus
3141 2491 3328 2545 triduo
3349 2490 3532 2561 jacuit
3558 2490 3620 2545 in
3651 2493 3842 2562 sepul-

2206 2600 2300 2639 cro
2328 2586 2356 2639 ?
2379 2583 2630 2639 Christus
2654 2586 2828 2651 Jesus,
2856 2584 2956 2637 sed
2995 2585 3056 2638 in
3082 2600 3253 2639 carne
3280 2585 3417 2639 sola.
3452 2583 3669 2639 Dicitur
3696 2601 3840 2656 ergo

2205 2678 2263 2732 in
2286 2678 2372 2731 his
2403 2677 2640 2749 singulis
2670 2677 2938 2734 Christus.
2967 2680 3178 2732 Verum
3208 2678 3328 2732 hac
3357 2679 3552 2734 omnia
3578 2695 3694 2733 non
3719 2679 3837 2735 duo

2206 2773 2291 2825 vel
2319 2774 2452 2839 tres,
2482 2772 2581 2826 sed
2610 2788 2755 2826 unus
2786 2776 2870 2827 est
2897 2772 3166 2827 Christus.
3201 2772 3332 2828 Ideo
3358 2788 3496 2844 ergo
3527 2772 3698 2827 dicit:
3727 2773 3842 2828 «Si

2208 2864 2517 2936 diligeretis
2544 2881 2655 2934 me,
2687 2865 3007 2936 gauderetis
3042 2867 3256 2936 utique,
3292 2865 3428 2936 quia
3460 2866 3602 2920 vado
3627 2866 3699 2921 ad
3730 2867 3837 2921 Pa-

2207 2963 2355 3013 trem
2377 2957 2548 3028 (Joan.
2576 2974 2690 3025 xw,
2710 2960 2818 3026 28);
2844 2978 2872 3007 »
2897 2958 3167 3030 quoniam
3182 2962 3403 3014 natura
3420 2960 3689 3014 humana
3710 2977 3842 3031 gra-

2208 3051 2508 3106 tulandum
2535 3056 2637 3119 est,
2663 3068 2728 3107 eo
2753 3053 2905 3124 quod
2932 3052 3009 3107 sic
3040 3057 3331 3123 assumpta
3352 3056 3437 3107 est
3455 3070 3489 3107 a
3510 3053 3692 3108 Verbo
3715 3055 3842 3109 uni-

2210 3145 2402 3216 genito
2443 3148 2505 3199 ut
2542 3146 2876 3201 immortalis
2915 3146 3351 3201 constitueretur
3391 3146 3450 3200 in
3478 3147 3635 3217 calo,
3663 3151 3840 3218 atque

2210 3239 2287 3293 ita
2317 3238 2478 3294 ﬁeret
2519 3242 2670 3294 terra
2712 3239 2986 3308 sublimis,
3054 3242 3118 3312 ut
3168 3239 3615 3312 incorruptibilis
3652 3242 3841 3312 pulvis

2209 3332 2435 3387 sederet
2459 3332 2529 3387 ad
2551 3333 2843 3387 dexteram
2866 3306 3286 3411 Patris.‘Sancti
3309 3306 3544 3389 Joannis
3568 3306 3843 3390 Constan-

2211 3426 2565 3496 tinopolitani
2599 3426 2847 3497 episcopi
2886 3431 2942 3480 et
2982 3414 3318 3482 con'fessoris
3358 3427 3419 3480 in
3463 3428 3719 3484 homelia
3766 3430 3839 3484 de

2209 3535 2373 3574 cruce
2387 3523 2444 3574 et
2463 3520 2680 3575 latrone
2710 3537 2723 3574 :
2751 3520 2857 3576 Sed
2873 3536 2974 3575 cur
2987 3537 3116 3575 cum
3133 3537 3298 3576 cruce
3313 3520 3504 3576 veniat
3519 3521 3836 3591 videamus,

2209 3613 2423 3667 scilicet
2456 3618 2520 3668 ut
2558 3614 2615 3667 hi
2652 3613 2749 3685 qui
2786 3630 2916 3668 eum
2950 3614 3279 3670 cruciﬁxere
3313 3631 3428 3669 sua
3457 3615 3705 3671 sentiant
3734 3617 3837 3671 de-

2209 3707 2442 3762 mentia
2484 3707 2833 3775 eacitatem,
2884 3708 3013 3763 ideo
3069 3708 3441 3780 impudentia
3491 3725 3695 3764 eorum
3742 3711 3787 3764 si
3816 3742 3839 3750 -

2210 3817 2388 3872 gnum
2418 3804 2696 3871 portatur.
2726 3801 2855 3856 Ideo
2884 3802 3171 3873 propheta
3211 3802 3291 3857 ait
3321 3820 3332 3857 :
3368 3824 3396 3852 ‹‹
3421 3804 3575 3857 Tunc
3609 3804 3837 3859 lamen-

2208 3895 2482 3948 tabantur
2507 3910 2705 3948 omnes
2733 3894 2916 3949 tribus
2942 3898 3111 3950 terra
3143 3894 3359 3965 (Matth.
3391 3912 3539 3963 xxw,
3573 3899 3680 3965 39),
3711 3918 3739 3945 n
3765 3898 3840 3951 vi-

2210 3987 2407 4041 dentes
2433 3991 2843 4057 accusatorem,
2875 3993 3250 4058 agnoscentes
3276 3993 3590 4061 peccatum.
3614 3991 3683 4044 Et
3696 3991 3839 4062 quid

2209 4081 2418 4134 mirum
2465 4080 2510 4134 si
2554 4097 2783 4136 crucem
2834 4086 3069 4153 portans
3111 4082 3399 4151 adveniet,
3451 4084 3737 4154 quomodo
3781 4089 3839 4139 et

2208 4174 2441 4229 vulnera
2502 4175 2753 4247 corporis
2819 4176 2941 4247 ipsa
2997 4176 3404 4232 demonstrant.
3467 4179 3622 4232 Tunc
3676 4178 3837 4233 enim

2209 4267 2429 4340 (inquit)
2457 4267 2731 4323 videbunt
2756 4285 2929 4341 quem
2956 4271 3259 4325 conﬁxere.
3303 4271 3370 4324 Et
3404 4270 3548 4325 sicut
3582 4273 3711 4341 post
3746 4288 3837 4326 re-

2207 4362 2620 4416 surrectionem
2649 4363 2880 4417 Thema
2911 4364 3091 4419 voluit
3112 4363 3487 4420 difﬁdentiam
3512 4365 3839 4435 confutare,

2207 4456 2263 4507 et
2294 4451 2379 4504 illi
2418 4453 2704 4506 clavorum
2744 4453 2868 4507 loca
2904 4453 3262 4523 monstravit,
3298 4458 3354 4509 et
3381 4453 3570 4508 lateris
3596 4453 3843 4509 vulnera

2207 4545 2531 4611 declaravit,
2585 4550 2641 4600 et
2679 4545 2864 4601 dixit:
2900 4569 2927 4595 ‹‹
2953 4547 3104 4602 Mitte
3149 4563 3385 4602 manum
3426 4552 3582 4602 tuam
3615 4550 3672 4601 et
3712 4548 3847 4604 vide

476 4654 612 4692 nem
659 4644 778 4693 erat
808 4655 938 4692 cum
972 4644 1264 4693 mortuum
1311 4639 1563 4694 vinctum
1599 4640 1839 4711 jubebat
1866 4640 2184 4721 pedibusD
2207 4639 2479 4710 quoniam
2524 4638 2753 4710 spiritus
2793 4656 3026 4694 carnem
3076 4646 3131 4695 et
3178 4657 3308 4696 ossa
3345 4657 3463 4696 non
3491 4640 3663 4695 habet
3693 4642 3848 4697 sicut

478 4730 651 4787 exire.
686 4732 865 4786 Homo
889 4731 1187 4786 videbatur
1220 4749 1351 4787 cum
1379 4734 1655 4804 penderet
1685 4734 1745 4788 in
1785 4750 1973 4801 cruce,
2005 4734 2105 4789 sed

477 4840 649 4894 supra
670 4824 964 4879 hominem
995 4842 1125 4880 cum
1155 4825 1422 4880 reseratis
1450 4826 1682 4881 tumulis
1709 4832 1965 4882 mortuos
1991 4843 2106 4881 sus-

476 4917 693 4972 citaret.
784 4918 972 4973 Sancti
1053 4919 1355 4990 Augustini
1415 4920 1665 4991 episcopi
1731 4920 2105 4992 Hipponensis

477 5011 725 5065 ecclesia
768 5012 840 5066 ad
892 5012 1213 5068 Dardanum
1260 5013 1411 5068 inter
1454 5018 1657 5069 catera
1690 5030 1702 5067 :
1736 5013 1863 5067 Noli
1914 5013 2104 5084 itaque

478 5103 737 5158 dubitare
786 5104 867 5158 ibi
914 5122 1065 5160 nunc
1115 5123 1235 5162 esse
1280 5108 1395 5162 hon
1458 5124 1575 5162 lem
1622 5106 1909 5160 Christum
1957 5106 2105 5161 unde

476 5199 745 5251 venturus
812 5201 933 5269 est,
1000 5201 1441 5271 memoriterquc
1494 5200 1698 5266 recole,
1756 5202 1814 5252 et
1862 5198 2105 5253 ﬁdeliter

477 5292 607 5344 tene
652 5291 1032 5347 Christianam
1081 5295 1395 5349 confession
1424 5309 1495 5346 ein
1539 5309 1654 5363 qua
1711 5292 2022 5347 resurrexit
2070 5310 2103 5347 a

475 5383 735 5453 mortuis,
789 5387 1039 5442 ascendit
1081 5387 1141 5441 in
1187 5388 1411 5452 calum,
1460 5385 1622 5439 sedet
1676 5385 1749 5439 ad
1804 5384 2102 5441 dexteram

477 5477 674 5545 Patris,
704 5495 808 5533 nec
826 5479 1052 5536 aliunde
1083 5497 1255 5551 quam
1285 5479 1417 5534 inde
1450 5478 1522 5533 ad
1546 5477 1878 5548 judicandos
1905 5482 2103 5533 ventu-

475 5587 571 5625 rus
606 5575 691 5627 est
731 5572 883 5627 vivos
928 5577 985 5627 et
1027 5577 1298 5628 mortuos.
1350 5574 1415 5626 Et.
1458 5571 1537 5626 sic
1566 5577 1835 5628 venturus
1874 5574 1971 5628 illa
2009 5590 2104 5628 an-

476 5664 654 5734 gelica
690 5681 824 5720 voce
874 5668 1118 5720 testante
1159 5665 1644 5736 quemadmodum
1702 5670 1787 5722 est
1829 5667 1911 5721 ire
1950 5666 2102 5721 visus

474 5754 532 5808 in
552 5758 774 5826 calum,
808 5757 866 5811 id
892 5760 996 5827 est,
1023 5758 1081 5811 in
1109 5758 1308 5812 eadem
1337 5759 1523 5815 forma
1552 5760 1740 5816 carnis
1766 5764 1936 5833 atque
1964 5761 2095 5815 sub-

479 5847 688 5902 stantia
716 5850 805 5902 cui
832 5849 1087 5918 profecto
1117 5851 1603 5909 immortalitatem
1628 5840 1802 5922 dedit,
1836 5859 2101 5907 naturam

479 5952 593 5989 non
644 5939 885 5993 abstulit.
935 5942 1074 5994 Item
1129 5942 1386 6012 ejusdem
1430 5948 1485 5998 in
1533 5946 1773 6016 epistola
1813 5945 1888 5998 ad
1932 5945 2099 5998 Volu-

466 6026 707 6083 sianum
746 6029 897 6084 inter
944 6036 1167 6092 catera.
1216 6036 1374 6093 Nunc
1425 6054 1557 6094 vero
1603 6038 1679 6091 ita
1724 6038 1870 6091 inter
1918 6037 2100 6090 Deum

2204 4749 2296 4788 me
2334 4732 2486 4788 vides
2518 4733 2724 4789 habere
2750 4734 2893 4802 (Luc.
2916 4750 3064 4802 xxxv,
3087 4734 3199 4805 39).
3230 4754 3257 4786 »
3288 4734 3377 4790 Sic
3405 4737 3462 4790 et
3481 4737 3617 4788 tunc
3645 4738 3844 4790 osten-

2206 4826 2346 4882 dens
2387 4826 2625 4881 vulnera
2660 4810 3000 4898 crucemque
3049 4827 3482 4896 demonstrabit,
3539 4831 3603 4882 ut
3645 4832 3844 4884 osten-

2205 4920 2301 4975 dat
2319 4921 2479 4975 illum
2507 4937 2565 4975 se
2587 4937 2709 4975 esse
2738 4921 2836 4992 qui
2866 4921 3052 4977 fuerat
3077 4921 3397 4977 cruciﬁxus.
3422 4924 3559 4976 Item
3581 4921 3845 4992 ejusdem

2204 5015 2262 5068 in
2280 5014 2530 5069 homelia
2552 5014 2622 5069 de
2638 5015 2979 5069 Ascensione
3000 5015 3225 5069 Domini
3246 5028 3262 5070 :
3288 5016 3430 5070 Nam
3449 5014 3593 5069 sicut
3613 5015 3845 5072 duobus

2198 5107 2395 5178 jurgio
2428 5108 2700 5178 separatis
2729 5124 2876 5163 unus
2898 5109 2958 5163 in
2986 5108 3174 5164 medio
3196 5109 3413 5180 positus
3434 5109 3843 5166 altercantium

2203 5201 2362 5255 litem
2405 5201 2859 5273 discordiamque
2904 5201 3172 5270 dissolvit,
3202 5202 3280 5257 ita
3307 5206 3363 5258 et
3389 5188 3642 5257 Christus
3674 5204 3843 5258 nobis

2206 5295 2355 5349 fecit.
2404 5296 2548 5351 Deus
2597 5295 2757 5350 nobis
2802 5296 2955 5367 juste
3004 5296 3375 5363 irascebatur,
3434 5298 3492 5351 et
3542 5312 3645 5351 nos
3700 5314 3841 5353 con-

2204 5389 2601 5444 temnabamus
2639 5389 2872 5458 iratum,
2921 5394 2978 5444 et
3020 5390 3357 5445 clementem
3389 5389 3696 5445 Dominum
3738 5392 3842 5447 de-

2203 5482 2572 5551 clinabamus,
2602 5488 2659 5538 et
2682 5499 2740 5538 se
2778 5483 3037 5539 medium
3080 5484 3333 5538 Christus
3378 5484 3635 5555 ingessit,
3669 5490 3728 5540 et
3756 5501 3848 5540 so-

2203 5576 2369 5630 ciavit
2394 5579 2700 5648 utramque
2726 5583 3013 5644 naturam,
3043 5581 3100 5632 et
3118 5577 3280 5632 nobis
3310 5577 3463 5648 quod
3492 5577 3846 5634 imminebat

2201 5670 2543 5741 supplicium
2574 5671 2697 5742 ipse
2733 5671 3022 5727 sustinuit.
3059 5672 3200 5726 Item
3238 5670 3498 5741 ejusdem
3545 5670 3605 5725 in
3636 5672 3845 5728 eadem

2203 5764 2457 5818 homilia.
2499 5765 2570 5818 Ut
2608 5764 2758 5819 inter
2801 5770 3007 5820 catera
3052 5765 3355 5821 :Christus
3404 5764 3581 5834 igitur
3624 5769 3843 5822 nostra

2200 5860 2423 5911 natura
2452 5857 2736 5926 primitias
2761 5858 2966 5912 obtulit
3012 5859 3182 5925 Patri,
3227 5862 3284 5913 et
3325 5857 3579 5912 oblatum
3615 5858 3840 5914 donum

2202 5949 2439 6004 miratus
2470 5955 2554 6005 est
2581 5951 2768 6005 Pater.
2810 5951 2969 6015 Quod
3009 5955 3162 6008 tanta
3188 5951 3435 6023 dignitas
3469 5951 3834 6021 offerebatur,
