4034 6318
200 404 301 457 853

1422 413 1885 470 DECRETALIUM
1921 414 2309 471 COLLECTIO.

3463 423 3562 478 854

200 519 256 568 et
281 515 438 585 quod
487 515 828 572 offerebatur
864 520 1021 575 nulla
1053 523 1280 577 macula
1318 523 1654 578 foedebatur.
1687 525 1831 578 Nam
1851 541 1910 613 Α
1931 540 2074 591 ram,
2105 539 2205 579 nec
2233 524 2499 579 divinitas
2526 525 2586 579 in
2615 531 2822 580 nostras
2847 530 3068 583 naturas
3097 544 3260 584 versa
3284 533 3369 584 est
3405 531 3561 584 simi-

201 612 256 662 et
280 608 401 663 suis
425 609 691 666 manibus
719 614 962 685 suscepit
988 615 1265 687 oblatum,
1293 619 1350 672 et
1379 634 1495 672 suae
1523 618 1671 672 sedis
1696 618 1832 674 fecit

199 717 319 756 esse
352 703 722 775 participem,
753 711 827 776 et,
859 708 1012 779 quod
1041 710 1167 780 plus
1199 712 1302 778 est,
1331 711 1404 765 ad
1453 714 1676 768 Patrem
1712 729 1830 766 suae

199 795 450 851 dexteras
502 799 808 856 collocavit.
854 803 1276 873 Cognoscamus
1315 805 1442 876 quis
1483 806 1577 861 ille
1610 811 1690 861 est
1730 807 1830 877 qui

198 889 447 945 audivit:
467 891 615 946 Sede
632 893 706 947 ad
729 894 1016 950 dexteram
1031 913 1240 965 meam;
1260 915 1386 969 quae
1400 903 1604 954 natura
1621 903 1724 968 est,
1739 900 1828 954 cui

199 983 337 1038 dixit
355 1001 368 1038 :
393 985 526 1040 Esto
544 1002 688 1041 mea:
701 988 984 1060 particeps
1000 990 1166 1059 sedis;
1189 992 1284 1046 illa
1300 995 1504 1048 natura
1525 1009 1650 1064 quae
1671 994 1830 1048 audi-

195 1077 269 1132 vit
299 1095 313 1132 :
347 1080 504 1133 terra
538 1096 597 1134 es
623 1084 681 1135 et
707 1082 767 1136 in
797 1085 1010 1138 terram
1037 1084 1336 1189 ibis.\ltem
1363 1087 1620 1157 ejusdem
1646 1087 1705 1142 in
1733 1105 1826 1143 ea-

204 1170 314 1189 .W
356 1172 372 1189 ι
413 1188 420 1189 γ
543 1173 573 1189 ..
652 1175 661 1184 .
713 1178 723 1189 ,
910 1179 920 1189 .
1109 1179 1142 1189 Α
1587 1185 1594 1189 .

196 1170 324 1224 dem
355 1172 615 1228 homelia
647 1175 798 1229 inter
823 1179 1028 1232 cratera
1054 1195 1066 1232 :
1104 1170 1226 1243 Qlio
1248 1196 1514 1235 sermone
1543 1185 1688 1250 utar;
1711 1198 1826 1253 quo

194 1265 364 1320 verbo
399 1265 588 1321 dicam
626 1269 877 1339 reperire
909 1287 1024 1326 non
1056 1289 1305 1343 possum.
1338 1275 1549 1329 Natura
1584 1275 1822 1346 fragilis,

198 1363 399 1414 natura
443 1365 790 1433 contempta,
816 1369 873 1418 et
915 1366 1179 1421 omnibus
1224 1370 1537 1423 monstrata
1580 1369 1828 1424 deterior

194 1453 390 1507 omnia
415 1453 568 1523 vicit,
594 1456 786 1510 omnia
816 1460 1120 1529 superavit,
1148 1461 1409 1516 omnibus
1434 1463 1715 1518 hodierna
1735 1462 1826 1518 die

197 1547 410 1602 meruit
439 1548 716 1603 excelsior
739 1552 1000 1622 reperiri.
1030 1554 1203 1609 Hodie
1232 1555 1417 1626 angeli
1445 1556 1542 1611 diu
1572 1559 1699 1610 vota
1729 1557 1824 1611 de-

195 1641 443 1696 siderata
491 1652 786 1716 ceperunt,
835 1647 1006 1702 hodie
1048 1649 1399 1721 archangeli,
1448 1651 1600 1720 quod
1643 1652 1824 1705 multo

194 1738 452 1806 tempore
499 1739 822 1809 cupiebant,
863 1741 1140 1812 inspicere
1185 1743 1506 1810 valuerunt,
1559 1748 1825 1799 naturam

195 1833 449 1884 nostram
473 1831 532 1885 in
560 1832 694 1887 sede
725 1834 1015 1889 Dominica
1041 1835 1348 1891 immOrtali
1367 1837 1684 1908 fulgentem
1711 1838 1826 1908 glo-

1929 617 2248 672 litudinem.
2284 639 2311 668 ››
2349 618 2540 673 Sancti
2565 618 2823 690 Gregorii
2862 620 3117 693 episcopi
3142 622 3475 678 Nazianzeni
3504 624 3563 679 in

1928 711 2162 766 homilia
2184 712 2253 767 de
2282 712 2597 783 Epiphania
2617 713 2769 768 inter
2799 717 3005 770 caetera
3031 732 3044 770 :
3085 718 3230 772 Cum
3260 733 3398 788 ergo
3423 734 3559 789 pro-

1929 805 2186 860 cessisset
2209 822 2281 860 ex
2307 805 2537 878 Virgine
2584 808 2732 862 Deus
2767 807 2826 862 in
2851 824 2920 863 ea
2949 825 3122 880 quam
3158 816 3559 882 assumpserat,

1930 898 2181 953 humana
2205 903 2628 966 natura,unum
2648 917 2678 956 e
2697 901 2919 956 duobus
2940 901 3045 956 sibi
3073 902 3315 958 invicem
3340 908 3563 959 contra-

1928 990 2027 1045 riis
2043 991 2282 1047 existens
2309 1008 2477 1048 carne
2507 996 2565 1048 et
2591 994 2811 1065 spiritu,
2841 995 2997 1050 aliud
3027 996 3088 1050 in
3115 998 3297 1052 Deum
3326 997 3561 1052 assumi-

1927 1089 2042 1151 tur,
2071 1084 2224 1140 aliud
2251 1086 2472 1141 deitatis
2495 1087 2738 1158 gratiam
2765 1093 3020 1160 praestat.
3053 1091 3196 1144 Item
3222 1090 3374 1146 infra
3399 1108 3410 1145 :
3441 1091 3560 1146 Mis-

1928 1195 2022 1232 sus
2047 1183 2130 1233 est
2156 1179 2390 1250 quidem
2412 1181 2508 1234 sed
2534 1184 2596 1234 ut
2617 1181 2812 1251 homo,
2837 1182 3043 1254 duplex
3077 1184 3233 1238 enim
3259 1188 3384 1238 erat
3403 1185 3461 1240 in
3489 1201 3556 1240 eo

1928 1275 2148 1326 natura.
2189 1272 2324 1326 Inde
2369 1273 2615 1345 denique
2643 1279 2700 1329 et
2727 1275 3006 1330 laboravit
3036 1293 3105 1331 ex
3147 1277 3369 1347 itinere,
3400 1277 3556 1333 idem

1927 1370 1983 1419 et
2011 1365 2227 1435 esuriit,
2259 1369 2318 1420 et
2346 1366 2537 1435 sitivit,
2567 1373 2624 1422 et
2663 1368 3030 1424 contristatus
3055 1375 3158 1439 est,
3187 1374 3243 1426 et
3268 1371 3422 1426 ﬂevit
3450 1373 3556 1426 hu-

1926 1457 2081 1512 mani
2109 1459 2363 1530 corporis
2387 1461 2535 1531 lege.
2567 1461 2756 1516 Sancti
2782 1462 2968 1517 Basilii
2991 1463 3239 1535 episcopi
3261 1465 3554 1536 Cappado-

1926 1552 2005 1606 cis
2038 1569 2050 1605 :
2082 1552 2223 1607 Cum
2251 1569 2389 1624 ergo
2417 1554 2682 1625 quaedam
2710 1555 2772 1610 in
2800 1555 3023 1612 Christo
3049 1557 3132 1612 ita
3160 1557 3419 1613 videmus
3448 1559 3555 1613 hu-

1925 1662 2116 1712 mana,
2161 1650 2228 1701 ut
2270 1647 2412 1700 nihil
2456 1665 2489 1702 a
2538 1649 2831 1703 communi
2878 1650 3207 1705 mortalium
3253 1651 3559 1723 fragilitate

1925 1739 2131 1794 distare
2158 1739 2477 1808 videantur,
2507 1742 2766 1816 quaedam
2799 1742 2877 1797 ita
2904 1743 3096 1798 divina
3137 1761 3266 1815 quae
3295 1745 3438 1800 nulli
3463 1744 3559 1799 alii

1925 1833 2036 1886 nisi
2072 1833 2154 1886 illi
2180 1832 2456 1888 ineffabili
2485 1838 2708 1889 natura;
2735 1836 3076 1892 conveniant
3101 1837 3346 1906 deitatis,
3380 1838 3561 1893 haeret

193 1924 273 1977 ria
302 1924 709 1994 prseviderunt.
739 1926 929 1982 Sancti
969 1929 1264 2000 Theophili
1306 1931 1551 2002 episcopi
1582 1932 1824 1986 Alexan-
1847 1912 1902 1984 Β
1927 1926 2166 1980 humani
2198 1927 2517 1983 intellectus
2544 1929 2824 1999 angustia,
2854 1933 2911 1984 et
2954 1935 3122 1986 tantae
3165 1931 3559 1986 admirationis

193 2017 344 2071 drini
365 2018 436 2072 de
458 2019 698 2088 epistola
723 2022 992 2091 paschali,
1012 2039 1182 2092 quam
1209 2040 1312 2094 per
1333 2025 1641 2095 Aigyptum
1659 2025 1826 2080 desti-

191 2111 348 2165 navit
373 2128 385 2165 :
408 2111 582 2182 Cujus
609 2113 691 2167 rei
719 2115 876 2169 testis
902 2118 984 2168 est
1008 2115 1102 2170 ille
1131 2117 1229 2188 qui
1253 2117 1523 2188 loquitur.
1559 2137 1585 2169 «
1615 2118 1825 2173 Omnes

191 2204 575 2275 declinavere,
603 2207 774 2262 simul
799 2207 1028 2263 inutiles
1044 2209 1178 2263 facti
1207 2214 1340 2264 sunt
1365 2210 1528 2280 (Psal.
1549 2229 1672 2280 X111,
1696 2214 1767 2282 3).
1793 2235 1821 2261 ››

190 2299 256 2352 Et
283 2300 586 2370 prophetae
631 2301 839 2356 Christi
886 2302 1159 2358 auxilium
1204 2304 1611 2374 deprecantes:
1648 2328 1674 2356 ‹‹
1717 2307 1821 2361 Do-

191 2391 367 2460 mine,
414 2392 628 2448 inclina
674 2396 842 2449 coelos
883 2400 1012 2451 tuos
1058 2401 1115 2451 et
1171 2397 1451 2452 descende
1488 2398 1654 2468 (Psal.
1687 2416 1819 2469 xvn,

197 2487 298 2552 l0).
327 2507 357 2534 »
387 2487 509 2540 Non
537 2491 603 2541 ut
627 2493 876 2544 mutaret
913 2490 1035 2544 loca
1059 2490 1119 2544 in
1157 2507 1269 2561 quo
1308 2492 1500 2546 omnia
1539 2496 1691 2560 sunt,
1724 2495 1823 2549 sed

185 2583 251 2633 ut
268 2587 504 2650 propter
523 2581 763 2636 salutem
784 2587 1036 2637 nostram
1066 2601 1296 2639 carnem
1320 2587 1583 2640 humanis
1603 2587 1817 2658 fragili-

191 2672 318 2727 tatis
349 2677 687 2730 assumeret.
720 2676 890 2730 Paulo
919 2679 1176 2748 apostolo
1206 2679 1406 2733 eadem
1438 2680 1774 2735 concinente
1804 2699 1815 2736 :

192 2789 217 2814 «
267 2767 413 2821 Cum
461 2772 606 2823 esset
661 2768 832 2838 dives,
887 2787 990 2840 pro
1039 2771 1202 2826 nobis
1243 2789 1465 2843 pauper
1506 2774 1686 2828 factus
1739 2779 1822 2829 est

188 2863 263 2926 (II
287 2863 408 2918 Cor.
449 2877 568 2927 vm,
603 2862 676 2931 9),
707 2884 735 2911 »
773 2867 838 2916 ut
880 2880 984 2918 nos
1027 2863 1178 2919 illius
1219 2871 1556 2937 paupertate
1607 2867 1816 2922 ditare-

187 2971 337 3020 mur,
367 2953 640 3025 venitque
660 2955 718 3009 in
746 2959 947 3027 terras,
967 2962 1024 3012 et
1053 2958 1122 3012 de
1151 2958 1412 3029 virginali
1438 2963 1622 3027 utero,
1647 2977 1819 3032 quem

185 3048 573 3115 sanctiﬁcavit,
594 3065 858 3120 egressus
873 3051 1068 3120 homo,
1083 3051 1615 3122 interpretationem
1639 3055 1819 3108 nomi-

186 3141 274 3195 nis
300 3142 388 3195 sui
423 3143 784 3209 Emmanuel,
816 3143 874 3197 id
901 3149 1004 3210 est,
1030 3145 1325 3200 nobiscum
1351 3147 1516 3216 Deus,
1536 3147 1819 3218 dispensa-

185 3236 336 3290 tione
370 3236 736 3303 conﬁrmans,
753 3237 964 3292 mirum
984 3238 1045 3292 in
1066 3239 1304 3294 modum
1332 3241 1500 3311 coepit
1528 3257 1645 3295 esse
1667 3242 1817 3311 quod

187 3345 287 3383 nos
322 3346 538 3400 sumus,
576 3333 633 3384 et
658 3347 773 3384 non
805 3331 970 3386 desiit
1014 3349 1136 3387 esse
1186 3334 1335 3403 quod
1365 3338 1505 3388 erat.
1540 3335 1624 3390 Sic
1660 3351 1817 3389 assu-

185 3439 348 3478 mens
378 3428 639 3477 naturam
666 3429 938 3492 nostram,
971 3430 1033 3480 ut
1061 3426 1214 3497 quod
1241 3431 1360 3481 erat
1399 3427 1517 3497 ipse
1543 3444 1659 3482 non
1689 3445 1818 3498 per-

185 3516 364 3570 deret.
410 3517 764 3588 Quamquam
811 3518 961 3572 enim
1009 3521 1256 3574 Joannes
1301 3520 1526 3589 scribat,
1576 3521 1819 3576 Verbum

184 3626 311 3664 caro
359 3610 574 3664 factum
625 3613 728 3678 est,
755 3611 814 3665 id
844 3615 928 3666 est
954 3612 1082 3666 aliis
1112 3613 1301 3667 verbis
1341 3614 1488 3667 Deus
1525 3615 1702 3668 homo
1732 3614 1814 3668 fa-

153 3708 305 3777 .ctus
325 3708 431 3769 est,
464 3703 708 3758 Verbum
735 3709 929 3760 tamen
961 3723 1075 3760 non
1105 3712 1188 3762 est
1213 3723 1440 3761 versum
1478 3707 1535 3760 in
1565 3724 1814 3777 carnem,

182 3798 318 3868 quia
344 3813 641 3868 nunquam
668 3798 815 3852 Deus
844 3815 964 3854 esse
994 3801 1249 3854 cessavit.
1283 3801 1364 3855 Ad
1395 3817 1567 3872 quem
1597 3805 1654 3855 et
1689 3802 1816 3872 Spi-

185 3891 325 3944 ritus
371 3896 599 3946 sanctus
644 3892 938 3962 loquitur:
973 3895 1111 3948 «Tu
1154 3899 1347 3949 autem
1384 3895 1542 3949 idem
1595 3895 1714 3966 ipse
1760 3913 1818 3950 es

185 3985 367 4046 (Hebr.
387 4000 428 4053 ι,
459 3985 540 4055 12)
559 4001 572 4038 :
591 4005 619 4034 »
638 3986 703 4038 Et
731 3987 897 4040 Pater
928 3986 996 4040 de
1028 3988 1168 4042 coelo
1191 3993 1560 4052 contestatur,
1578 3992 1634 4043 et
1659 3989 1814 4058 dicit,

186 4097 211 4127 α
240 4079 320 4131 Tu
345 4094 405 4131 es
433 4078 606 4132 Filius
635 4094 794 4133 meus
821 4079 1079 4147 dilectus,
1105 4080 1161 4135 in
1190 4097 1302 4152 quo
1335 4082 1476 4136 mihi
1503 4083 1647 4136 bene
1671 4100 1819 4137 com-

183 4171 369 4241 placui
412 4171 628 4242 (Matth.
659 4188 737 4241 ut,
770 4174 874 4244 l7).
910 4195 937 4222 ››
969 4176 1038 4229 Ut
1073 4179 1129 4229 et
1179 4175 1353 4229 homo
1401 4177 1584 4230 factus
1623 4182 1819 4231 nostra

183 4264 537 4319 confessione
569 4281 902 4335 permanere
950 4267 1117 4336 dicat,
1154 4267 1308 4338 quod
1339 4268 1443 4322 fuit
1488 4269 1816 4340 priusquam

183 4358 354 4412 homo
402 4358 583 4428 ﬁeret,
629 4359 800 4414 Paulo
843 4360 1139 4414 nobiscum
1187 4361 1384 4416 eadem
1429 4362 1812 4432 praedicante:

188 4471 214 4497 ‹‹
244 4453 400 4505 Jesus
431 4451 685 4507 Christus
710 4452 834 4507 heri
865 4459 922 4508 et
951 4453 1124 4509 hodie
1152 4454 1305 4509 idem
1332 4455 1453 4525 ipse
1481 4460 1537 4509 et
1562 4454 1621 4508 in
1652 4460 1812 4509 aeter-

185 4561 325 4598 num
356 4545 536 4613 (Hebr.
583 4561 706 4612 xm,
741 4545 813 4616 8).
846 4567 872 4594 η
931 4548 993 4602 ln
1039 4563 1104 4601 eo
1152 4548 1310 4602 enim
1353 4548 1503 4618 quod
1551 4547 1629 4603 ait
1676 4548 1814 4618 ipse,

1839 3281 1894 3354 C

1925 2023 2151 2090 stupore
2189 2021 2446 2091 perculsa
2491 2037 2603 2092 quo
2649 2022 2914 2092 declinet,
2939 2025 3076 2094 quid
3113 2029 3323 2091 teneat,
3353 2041 3466 2096 quo
3501 2041 3560 2080 se

1924 2117 2126 2182 vertat,
2158 2113 2404 2185 ignorat.
2435 2113 2490 2169 Si
2532 2115 2836 2169 hominem
2885 2121 3066 2187 putet,
3102 2117 3323 2172 devicto
3355 2117 3559 2172 mortis

1925 2222 2102 2277 regno
2153 2223 2285 2261 cum
2343 2207 2536 2279 spoliis
2582 2209 2924 2265 redeuntem
2971 2228 3005 2264 a
3055 2210 3295 2266 mortuis
3354 2210 3554 2266 cernit.

1925 2302 2160 2370 Propter
2187 2301 2340 2372 quod
2368 2318 2497 2356 cum
2519 2303 2676 2356 omni
2702 2308 2862 2358 metu
2888 2310 2942 2359 et
2963 2305 3283 2359 reverentia
3309 2309 3558 2359 contem-

1925 2393 2200 2464 plandum
2229 2400 2332 2463 est,
2361 2400 2424 2449 ut
2447 2395 2509 2450 in
2536 2413 2650 2450 uno
2681 2397 2998 2469 eodemque
3023 2398 3103 2452 ita
3127 2398 3422 2468 utriusque
3453 2415 3551 2452 na-

1922 2492 2064 2542 turae
2099 2488 2300 2543 veritas
2347 2488 2789 2557 demonstretur,
2820 2495 2882 2545 ut
2912 2507 3099 2561 neque
3146 2491 3364 2562 aliquid
3403 2491 3553 2546 indi-

1924 2598 2101 2651 gnum
2119 2585 2177 2635 et
2201 2581 2471 2636 indecens
2485 2583 2555 2636 de
2570 2582 2755 2636 divina
2772 2583 2866 2638 illa
2883 2589 2938 2638 et
2949 2583 3222 2639 ineffabili
3241 2584 3556 2639 substantia

1920 2674 2213 2743 sentiatur,
2243 2691 2430 2746 neque
2457 2691 2686 2730 rursum
2717 2693 2842 2746 quae
2869 2682 3031 2747 gesta
3059 2683 3190 2733 sunt
3216 2677 3366 2732 falsis
3393 2677 3554 2732 illusa

1919 2768 2262 2839 imaginibus
2291 2768 2664 2823 aestimentur.
2712 2770 2906 2825 Sancti
2931 2771 3120 2842 Cyrilli
3143 2771 3397 2844 episcopi
3423 2772 3551 2826 Ale-

1919 2861 2186 2916 xandrini
2216 2880 2228 2916 :
2265 2863 2444 2916 Homo
2474 2863 2801 2918 nominatus
2827 2870 2911 2919 est
2933 2881 3063 2919 cum
3089 2865 3160 2919 sit
3185 2869 3392 2920 natura
3412 2865 3554 2918 Deus

1919 2956 2021 3010 Dei
2049 2956 2229 3010 Patris
2255 2956 2522 3023 Verbum,
2551 2958 2827 3028 quoniam
2857 2958 3118 3014 similiter
3147 2956 3263 3031 21
3281 2957 3330 3030 1
3361 2961 3427 3012 ut
3450 2975 3554 3013 nos

1919 3049 2185 3119 sanguini
2232 3050 2674 3105 communicavit
2717 3055 2772 3106 et
2818 3052 2976 3106 carui
3007 3071 3019 3106 :
3054 3051 3100 3106 si
3125 3053 3276 3107 enim
3305 3052 3364 3106 in
3389 3051 3554 3107 terris

1919 3143 2185 3214 apparuit
2228 3160 2344 3198 non
2391 3144 2656 3198 amittens
2683 3143 2743 3198 id
2768 3146 2918 3216 quod
2944 3149 3085 3215 erat,
3115 3146 3213 3201 sed
3265 3161 3556 3200 assumens

1918 3236 2293 3291 humanitatis
2322 3241 2592 3291 naturam
2618 3237 2674 3291 in
2696 3255 2798 3291 sua
2818 3238 3040 3294 ratione
3063 3240 3399 3309 perfectam.
3418 3241 3557 3293 Item

1920 3330 2177 3399 ejusdem
2208 3330 2266 3383 in
2296 3330 2442 3384 libro
2480 3331 2579 3401 qui
2614 3330 2818 3385 dicitur
2845 3330 3003 3385 Colia
3034 3349 3046 3387 :
3079 3333 3234 3386 Unus
3267 3332 3444 3402 igitur
3473 3337 3557 3387 est

1918 3427 1974 3477 et
1998 3427 2128 3476 ante
2157 3422 2607 3478 incarnationem
2653 3425 2796 3478 Deus
2826 3441 3013 3493 verus,
3043 3428 3101 3478 et
3123 3424 3221 3496 qui
3251 3425 3312 3479 in
3346 3425 3550 3480 divini-

1917 3520 2032 3571 tate
2061 3516 2270 3570 mansit
2295 3516 2353 3570 in
2381 3533 2496 3587 qua
2521 3518 2659 3583 erat,
2689 3520 2791 3585 est,
2817 3521 2875 3571 et
2911 3517 3039 3571 erit.
3065 3517 3192 3573 Non
3226 3518 3548 3572 discernen-

1919 3609 2057 3663 dum
2106 3609 2281 3679 igitur
2326 3626 2508 3663 unum
2560 3610 2864 3664 Dominum
2920 3612 3113 3666 Iesum
3157 3611 3446 3665 Christum
3492 3612 3554 3666 in

1918 3703 2214 3757 hominem
2240 3719 2517 3773 seorsum,
2553 3708 2609 3758 et
2634 3719 2886 3758 seorsum
2914 3704 2974 3758 in
3002 3706 3201 3772 Deum,
3235 3705 3329 3759 sed
3371 3721 3550 3759 unum

1919 3797 2300 3866 eamdemque
2315 3798 2340 3850 J
2346 3812 2504 3851 esum
2523 3797 2810 3852 Christum
2833 3814 2953 3853 esse
2971 3797 3213 3852 dicimus
3229 3814 3241 3852 :
3256 3814 3373 3853 non
3393 3799 3555 3870 igno-

1919 3894 2110 3944 rantes
2154 3889 2502 3945 differentias
2547 3893 2905 3958 naturarum,
2944 3892 3044 3946 sed
3087 3907 3180 3946 eas
3229 3891 3554 3946 inconfusas

1920 3984 2071 4037 inter
2112 4001 2170 4037 se
2213 3989 2522 4040 servantes.
2566 3985 2706 4039 ltem
2761 3985 2923 4055 cujus
2971 4001 3144 4056 supra
3179 4001 3191 4040 :
3230 3985 3554 4057 Diciturque

1917 4094 2050 4132 nam
2083 4080 2358 4150 tanquam
2389 4078 2540 4133 aliud
2576 4079 2635 4132 in
2679 4078 2788 4133 alio
2826 4078 3108 4148 habitare,
3138 4080 3196 4134 id
3225 4084 3327 4146 est,
3361 4079 3554 4134 divina

1918 4175 2122 4225 natura
2151 4170 2205 4224 in
2239 4171 2591 4226 humanitate
2623 4189 2737 4226 non
2764 4188 3036 4244 perpessa
3063 4172 3462 4227 commistione
3486 4176 3551 4227 ut

1919 4267 2067 4318 esset
2087 4265 2239 4334 quod
2264 4281 2376 4317 non
2407 4273 2548 4320 erat.
2571 4265 2858 4335 Quidquid
2889 4266 3043 4318 enim
3072 4265 3129 4318 in
3156 4265 3264 4319 alio
3293 4265 3552 4320 habitare

1918 4357 2122 4412 dicitur
2148 4373 2260 4410 non
2291 4357 2477 4427 ipsum
2511 4356 2581 4409 sit
2610 4357 2724 4411 tale
2755 4358 2922 4427 quale
2952 4360 3036 4411 est
3079 4357 3133 4411 id
3161 4357 3216 4411 in
3248 4374 3361 4428 quo
3388 4358 3550 4412 habi-

1918 4453 2019 4517 tat,
2050 4450 2148 4504 sed
2178 4449 2334 4504 aliud
2358 4449 2417 4503 in
2458 4449 2571 4503 alio
2600 4450 2784 4520 magis
2833 4450 3194 4520 intelligitur.
3223 4452 3294 4504 At
3323 4466 3457 4505 vero
3488 4450 3549 4505 in

1920 4543 2086 4598 Verbi
2134 4559 2397 4613 persona,
2442 4547 2498 4597 et
2545 4543 2915 4598 humanitatis
2955 4543 3119 4597 nobis
3163 4545 3340 4597 solam
3387 4543 3548 4598 diffe-

190 4639 441 4693 ostendit
467 4655 599 4693 eum
636 4639 938 4711 pristinam
970 4657 1084 4694 non
1112 4645 1360 4695 mutasse
1399 4647 1678 4710 naturam,
1713 4658 1816 4696 nec
1836 4653 1894 4724 D
1917 4637 2160 4692 rentiam
2197 4637 2454 4707 designat
2494 4635 2788 4690 diversitas
2817 4640 3172 4691 naturarum.
3208 4638 3360 4691 Unus
3393 4637 3547 4691 enim

187 4732 496 4786 divinitatis
519 4749 635 4787 suae
663 4733 1020 4788 imminuisse
1049 4734 1437 4806 divitias,quia
1467 4740 1696 4806 propter
1715 4752 1819 4790 nos

188 4842 399 4898 pauper
418 4825 650 4880 effectus
679 4826 908 4896 plenam
937 4827 1367 4882 similitudinem
1394 4834 1601 4882 nostrai
1631 4829 1820 4883 condi-

188 4919 353 4974 tionis
402 4922 805 4990 assumpserat.
860 4922 1001 4974 Item
1048 4921 1304 4991 ejusdem
1335 4921 1393 4974 in
1432 4921 1541 4975 alia
1581 4922 1818 4992 epistola

187 5013 427 5083 paschali
446 5016 642 5068 contra
662 5012 968 5084 Origenem
994 5013 1146 5068 inter
1169 5019 1371 5069 caetera
1392 5031 1403 5068 :
1428 5038 1453 5064 ‹‹
1479 5016 1631 5069 Unus
1649 5015 1817 5068 Filius

186 5107 363 5161 Patris
387 5107 568 5161 nostri
593 5107 898 5178 mediator,
927 5124 1031 5162 nec
1081 5109 1413 5180 qualitatem
1441 5108 1564 5178 ejus
1601 5107 1814 5177 amisit,

186 5217 285 5255 nec
307 5217 342 5255 a
366 5205 564 5256 nostro
595 5201 878 5256 consortio
903 5207 1194 5273 separatus
1221 5205 1325 5257 est.
1355 5202 1655 5256 Invisibilis
1673 5204 1818 5256 Deus

186 5299 238 5348 et
263 5294 504 5348 visibilis
546 5294 738 5362 homo,
772 5295 954 5349 forma
998 5296 1146 5350 servi
1191 5295 1552 5350 absconditus
1597 5298 1654 5349 et
1703 5296 1813 5349 Do-

186 5388 370 5442 minus
397 5387 597 5459 gloria:
628 5387 979 5442 confessione
1011 5389 1366 5443 credentium
1392 5389 1811 5459 comprobatus.

185 5481 375 5553 Neque
403 5482 560 5535 enim
588 5481 830 5552 privavit
853 5498 985 5536 eum
1018 5485 1182 5537 Pater
1212 5485 1429 5537 natura
1449 5500 1563 5537 sua:
1586 5482 1815 5536 nomine

187 5581 478 5647 postquam
492 5591 596 5647 pro
612 5575 773 5630 nobis
791 5576 962 5630 homo
979 5582 1034 5630 et
1053 5593 1270 5646 pauper
1282 5578 1514 5632 effectus
1529 5580 1742 5643 est,nec
1755 5576 1815 5630 in

181 5669 420 5724 Jordane
434 5669 605 5724 ﬂuvio
625 5670 968 5741 baptizatum
995 5670 1176 5724 altero
1195 5671 1504 5740 appellavit
1518 5670 1812 5737 vocabulo,

185 5763 276 5818 sed
319 5763 522 5818 Filium
569 5763 936 5835 unigenitum
971 5781 983 5818 :
1029 5784 1055 5812 ‹‹
1088 5764 1170 5817 Tu
1213 5780 1271 5817 es
1311 5764 1478 5818 Filius
1525 5781 1686 5819 meus
1726 5764 1811 5818 di-

184 5855 354 5911 lectus
379 5856 437 5911 in
470 5874 584 5928 quo
615 5857 756 5912 mihi
787 5858 935 5912 bene
968 5856 1285 5928 complacui
1313 5856 1531 5928 (Matth.
1566 5861 1616 5923 3,
1653 5857 1756 5926 t7).
1784 5880 1809 5902 υ

187 5950 285 6004 Nec
313 5950 623 6007 similitudo
651 5954 845 6007 nostra
873 5952 929 6007 in
957 5951 1266 6007 divinitatis
1294 5954 1376 6006 est
1403 5953 1623 6005 mutata
1651 5953 1813 6004 natu-

1921 4748 1986 4784 ex
2019 4734 2260 4801 utroque
2285 4728 2623 4799 intelligitur
2645 4729 2918 4785 Christus.
2948 4732 3096 4801 Ergo
3124 4730 3182 4784 in
3204 4730 3551 4798 confusione,

1921 4828 1984 4878 ut
2028 4829 2159 4878 ante
2210 4824 2341 4888 dixi,
2387 4828 2602 4878 servata
2662 4823 3009 4878 inhabitasse
3066 4823 3147 4878 ait
3192 4823 3438 4877 Verbum
3493 4823 3550 4877 in

1919 4917 2099 4973 nobis.
2154 4918 2268 4973 Scit
2333 4916 2486 4971 enim
2552 4933 2732 4971 unum
2783 4933 2900 4972 esse
2954 4918 3135 4971 filium
3191 4915 3553 4987 unigenitum

1919 5029 2148 5066 carnem
2195 5012 2406 5065 factum
2438 5013 2494 5065 et
2522 5011 2836 5065 hominem.
2884 5013 3023 5066 ltem
3065 5010 3225 5081 cujus
3267 5026 3439 5081 supra
3482 5010 3551 5065 ad

1919 5105 2259 5161 Nestorium.

1989 5199 2078 5253 Ait
2106 5199 2284 5270 igitur
2310 5202 2499 5253 sancta
2527 5203 2584 5252 et
2608 5213 2817 5268 magna
2843 5197 3092 5266 synodus
3122 5196 3313 5268 ipsum
3341 5197 3440 5268 qui
3471 5202 3556 5252 est

1919 5309 1988 5346 ex
2016 5293 2133 5347 Deo
2162 5293 2322 5346 Patre
2358 5295 2524 5346 natus
2568 5289 2899 5345 naturaliter
2938 5289 3144 5344 Filium
3191 5291 3554 5363 unigenitum

1917 5387 2098 5440 Deum
2129 5402 2326 5440 verum
2369 5385 2438 5439 de
2479 5386 2594 5438 Deo
2633 5400 2788 5450 vero,
2815 5384 3011 5438 lumen
3055 5383 3125 5439 de
3175 5384 3409 5440 lumine.
3452 5387 3558 5439 Per

1918 5496 2090 5550 quem
2119 5483 2175 5533 et
2199 5495 2327 5532 cum
2362 5494 2476 5548 quo
2505 5477 2699 5532 omnia
2727 5477 2925 5532 fecerit
2949 5479 3117 5532 Pater
3143 5479 3296 5533 hunc
3322 5479 3554 5533 descen-

1916 5573 2084 5643 disse,
2115 5573 2475 5626 incarnatum
2504 5587 2647 5638 esse,
2667 5574 2724 5626 et
2744 5570 3044 5626 hominem
3067 5572 3301 5638 factum,
3324 5585 3553 5641 passum

1917 5683 2058 5732 esse,
2087 5665 2462 5720 resurrexisse
2494 5664 2661 5720 tertia
2693 5665 2801 5732 die,
2833 5669 2890 5720 et
2917 5665 3237 5720 ascendisse
3264 5679 3456 5717 rursus
3483 5663 3553 5717 ad

1916 5762 2104 5816 caelos.
2134 5761 2260 5814 Haec
2289 5777 2391 5813 nos
2421 5759 2580 5831 sequi
2607 5758 2781 5813 verba
2823 5758 3120 5826 debemus,
3154 5757 3244 5810 his
3273 5771 3380 5810 nos
3415 5772 3551 5810 con-

1915 5854 2070 5910 venit
2099 5854 2493 5925 obtemperare
2538 5851 2926 5924 dogmatibus,
2959 5849 3385 5904 considerantes
3415 5850 3550 5920 quid

1915 5949 1986 6003 sit
2006 5949 2365 6004 incarnatum
2382 5964 2502 6002 esse
2525 5954 2583 6002 et
2604 5945 2898 6001 hominem
2920 5944 3134 5997 factum
3157 5942 3260 5996 Dci
3283 5943 3547 5998 Verbum.
