4034 6324
476 411 589 465 855

1383 405 1662 459 APPEND.
1704 406 1793 460 AD
1830 404 1986 459 SEO.
2031 405 2116 459 ΙΧ.
2146 434 2213 444 -
2254 405 2496 462 lSlDORl
2534 404 2955 460 MERCATORIS

3747 404 3855 458 850

475 518 599 571 Non
647 515 799 570 enim
844 514 1084 570 dicimus
1127 512 1281 584 quod
1319 511 1417 565 Dei
1460 513 1664 566 natura
1705 528 1976 567 conversa
2016 511 2108 566 vel
2130 528 2189 602 Α
2211 529 2338 567 mus
2366 514 2641 584 accipere,
2670 513 2731 567 in
2756 513 2814 567 id
2845 511 3153 567 incidimus
3185 512 3250 565 ut
3276 511 3420 566 duos
3446 510 3594 566 ﬁlios
3612 527 3735 566 esse
3762 512 3854 566 di-

478 618 779 674 immutata
798 618 945 671 facta
965 616 1037 671 sit
1062 631 1213 681 caro,
1229 630 1331 670 nec
1358 613 1511 685 quod
1532 613 1590 667 in
1610 616 1797 669 totum
1814 614 2113 669 hominem

477 719 575 792 qui
605 722 689 774 est
731 735 796 773 ex
846 718 1036 773 anima
1065 719 1122 772 et
1158 732 1397 787 corpore
1451 716 1852 771 transformata
1890 716 1981 787 sit,
2012 715 2112 771 sed

478 821 616 876 illud
645 820 826 891 magis
855 819 1011 891 quod
1037 835 1272 873 carnem
1301 818 1612 872 animatam
1634 818 1829 873 anima
1850 817 2111 873 rationali

477 924 582 978 sibi
630 922 980 994 copulaverit
1024 922 1296 991 Verbum,
1323 925 1378 976 et
1417 921 1880 991 substantialiter,
1912 920 2113 975 ineffa-

475 1025 668 1080 biliter
693 1027 751 1078 et
777 1022 1357 1094 irreprehensibiliter
1384 1024 1564 1077 factus
1584 1023 1656 1077 sit
1671 1023 1865 1093 homo,
1893 1028 1948 1078 et
1973 1040 2114 1078 nun-

478 1131 716 1199 cupatus
745 1127 818 1181 sit
841 1126 1016 1181 etiam
1042 1126 1197 1181 ﬁlius
1225 1126 1494 1193 hominis,
1524 1142 1641 1180 non
1667 1127 1821 1181 nuda
1850 1130 2111 1180 tantum-

482 1231 654 1286 modo
679 1231 987 1299 voluntate,
1013 1230 1107 1285 sed
1136 1246 1241 1283 nec
1270 1229 1662 1299 assumptione
1689 1230 1802 1283 sola
1831 1246 2111 1299 personae,

478 1334 575 1389 sed
604 1333 753 1404 quod
775 1332 1009 1387 diversae
1038 1332 1271 1402 quidem
1300 1335 1534 1397 naturae,
1559 1332 1618 1385 in
1646 1348 1822 1385 unum
1845 1347 2117 1386 convene-

478 1437 614 1506 rint,
647 1451 794 1491 unus
821 1440 1016 1490 tamen
1041 1451 1108 1490 ex
1135 1434 1413 1489 ambabus
1439 1433 1694 1490 Christus
1718 1439 1775 1488 et
1807 1433 1975 1501 ﬁlius,
1999 1450 2114 1487 non

478 1542 747 1594 evacuate.
772 1543 870 1592 aut
900 1537 1120 1592 sublata
1146 1536 1469 1591 diversitate
1496 1539 1833 1590 naturarum
1862 1552 1964 1606 per
1988 1552 2118 1591 con-

472 1634 850 1706 junctionem,
866 1634 967 1689 sed
987 1635 1124 1706 quia
1149 1634 1316 1688 simul
1344 1634 1402 1687 in
1424 1633 1589 1688 nobis
1608 1634 1920 1689 effecerunt
1936 1650 2118 1688 unum

482 1729 789 1785 Dominum
832 1733 889 1782 et
927 1727 1215 1783 Christum
1243 1732 1299 1782 et
1338 1727 1542 1795 ﬁlium,
1574 1726 1634 1781 id
1660 1730 1744 1782 est
1772 1726 2038 1781 divinitas
2063 1729 2120 1781 et

479 1821 809 1877 humanitas
834 1838 939 1893 per
964 1836 1234 1876 arcanam
1260 1820 1418 1876 illam
1447 1820 1913 1892 ineﬂ‘abilemque
1939 1836 2115 1891 copu-

2212 623 2427 661 camus.
2459 608 2696 662 Necesse
2725 609 2811 661 est
2837 605 2991 660 enim
3019 605 3344 659 discernere
3370 607 3427 660 et
3451 604 3636 661 dicere
3662 605 3857 661 homi-

2213 716 2349 755 nem
2377 699 2683 770 separatim
2719 699 2891 753 fuisse
2920 699 3034 753 sola
3062 697 3178 752 Filii
3207 713 3449 769 persona
3479 697 3856 765 honoratum,

2214 797 2271 847 et
2313 810 2539 847 rursum
2568 793 2816 847 Verbum
2863 792 3020 864 quod
3062 794 3147 847 est
3190 808 3259 845 ex
3308 793 3421 846 Deo
3449 794 3507 846 et
3528 793 3766 847 nomine
3799 794 3859 847 et

2213 886 2446 942 veritate
2491 886 2695 941 Filium
2741 886 2860 954 Dei,
2907 885 3003 941 sed
3043 884 3361 940 discernere
3406 884 3462 938 in
3518 884 3662 941 duos
3704 885 3861 941 ﬁlios

2213 997 2331 1035 non
2377 980 2652 1035 debemus
2696 995 2879 1034 unum
2940 978 3245 1033 Dominum
3299 979 3494 1034 Iesum
3539 978 3855 1034 Christum.

2214 1075 2409 1143 Neque
2441 1073 2595 1128 enim
2624 1073 2681 1127 id
2707 1072 2936 1143 adjuvat
2965 1077 3176 1127 rectam
3208 1071 3345 1126 ﬁdei
3383 1070 3692 1141 rationem,
3719 1072 3860 1127 licet

2212 1166 2475 1221 nonnulli
2501 1166 2690 1220 nescio
2714 1182 2884 1237 quam
2913 1165 3249 1236 perhibeant
3283 1164 3621 1220 divisionem
3652 1182 3855 1237 perso-

2214 1277 2441 1315 narum.
2468 1261 2589 1314 Non
2620 1259 2762 1314 dixit
2805 1259 2962 1313 enim
3002 1258 3294 1330 Scriptura
3323 1258 3568 1313 Verbum
3595 1260 3694 1315 Dei
3718 1276 3857 1331 per-

2217 1370 2417 1407 sonam
2439 1353 2685 1407 hominis
2714 1352 2821 1406 sibi
2852 1353 3245 1423 assumpsisse,
3269 1352 3368 1408 sed
3386 1368 3617 1407 carnem
3638 1352 3855 1409 factum

2216 1464 2358 1502 esse.
2390 1447 2449 1501 ld
2478 1449 2671 1501 autem
2704 1449 2788 1501 est
2825 1446 3122 1500 ostendere
3173 1445 3271 1500 Dei
3300 1446 3549 1501 Verbum
3589 1446 3861 1501 similiter

2217 1540 2287 1595 ad
2308 1556 2410 1594 nos
2434 1539 2931 1611 participationem
2964 1538 3226 1593 habuisse
3247 1539 3434 1593 carnis
3460 1542 3517 1595 et
3535 1539 3855 1611 sanguinis,

2219 1637 2277 1689 et
2311 1650 2517 1705 corpus
2556 1637 2816 1688 nostrum
2845 1632 3075 1704 proprie
3109 1649 3279 1687 suum
3326 1633 3543 1702 fecisse,
3575 1637 3634 1687 et
3661 1633 3854 1688 homi-

2218 1744 2347 1782 nem
2392 1744 2458 1781 ex
2503 1727 2746 1781 muliere
2792 1725 3146 1797 processisse,
3178 1743 3292 1780 non
3343 1726 3559 1797 abjecta
3601 1742 3706 1781 nec
3753 1727 3858 1782 de-

2219 1821 2401 1892 posita
2429 1821 2637 1875 deitate
2664 1826 2762 1874 aut
2792 1819 3158 1891 generatione
3181 1819 3273 1874 illa
3300 1836 3474 1890 quam
3502 1820 3756 1876 habebat
3785 1837 3860 1875 ex

483 1916 708 1971 lationis
728 1915 1156 1970 adunationem.
1186 1917 1380 1986 Itaque
1408 1915 1456 1968 is
1484 1914 1584 1986 qui
1615 1918 1747 1968 ante
1774 1915 1980 1969 saecula
1999 1929 2114 1967 om-
2134 1906 2190 1978 B
2215 1917 2395 1983 Patre,
2435 1914 2534 1969 sed
2580 1914 2857 1969 mansisse
2900 1912 3071 1968 etiam
3116 1913 3176 1967 in
3227 1914 3619 1984 assumptione
3663 1915 3860 1968 carnis

480 2008 573 2063 nia
603 2010 690 2063 est
714 2013 883 2062 natus
910 2024 974 2063 ex
1006 2011 1191 2077 Patre,
1224 2008 1399 2061 etiam
1445 2024 1514 2062 ex
1542 2007 1782 2061 muliere
1809 2006 2116 2061 carnaliter

482 2101 687 2156 dicitur
712 2104 1060 2172 procreatus.
1091 2102 1211 2155 Non
1243 2101 1374 2171 quia
1403 2100 1596 2155 divina
1623 2100 1800 2171 ipsius
1823 2105 2025 2155 natura
2047 2099 2116 2154 de

479 2211 639 2250 sacra
664 2195 896 2265 Virgine
934 2194 1176 2265 sumpsit
1219 2194 1541 2261 exordium,
1567 2210 1674 2248 nec
1699 2194 1854 2265 quod
1881 2196 2117 2264 propter

480 2288 727 2358 seipsam
757 2304 898 2358 opus
928 2287 1125 2341 habuit
1161 2288 1410 2341 secundo
1456 2287 1611 2341 nasci
1654 2288 1784 2357 post
1811 2286 1967 2340 illam
2010 2302 2113 2339 na-

482 2380 761 2436 tivitatem
779 2397 950 2452 quam
977 2380 1224 2435 habebat
1249 2398 1313 2434 ex
1338 2382 1516 2434 Patre.
1551 2381 1645 2434 Est
1674 2379 1826 2433 enim
1856 2379 2116 2449 ineptum

479 2478 534 2528 et
563 2475 797 2529 stultum
823 2474 931 2528 hoc
960 2473 1175 2541 dicere,
1209 2474 1364 2545 quod
1408 2472 1453 2527 is
1483 2473 1583 2544 qui
1612 2478 1743 2527 ante
1783 2473 1977 2527 omnia
2007 2488 2113 2526 saa-

480 2568 608 2621 cula
629 2572 712 2622 est
739 2566 1234 2639 consempiternus
1262 2566 1411 2621 Patri
1437 2566 1701 2620 secunda;
1738 2565 2118 2636 generationis

480 2661 705 2731 eguerit
730 2664 794 2715 ut
823 2678 946 2715 esse
990 2659 1292 2731 inciperet.
1334 2660 1443 2714 Sed
1490 2659 1622 2730 quia
1659 2664 1897 2730 propter
1933 2675 2034 2712 nos
2064 2662 2120 2712 et

478 2758 731 2808 nostram
759 2755 997 2809 salutem
1040 2758 1301 2807 naturam
1331 2752 1451 2806 Filii
1482 2753 1762 2822 copulavit
1800 2752 2116 2806 humanam

478 2852 534 2901 et
561 2846 837 2917 processit
878 2863 946 2901 ex
992 2846 1254 2915 muliere,
1281 2845 1492 2900 idcirco
1535 2844 1746 2900 dicitur
1789 2848 1953 2899 natus
1999 2861 2117 2899 esse

479 2940 803 2995 carnaliter.
852 2941 1043 3011 Neque
1072 2940 1227 2993 enim
1264 2939 1419 3010 prius
1448 2942 1617 2992 natus
1647 2944 1730 2993 est
1757 2939 1926 2993 homo
1957 2954 2115 2993 com-

481 3033 673 3087 munis
715 3032 783 3087 de
817 3034 1009 3087 sancta
1033 3032 1286 3103 Virgine,
1314 3034 1371 3086 et
1400 3035 1532 3085 tunc
1569 3031 1800 3085 demum
1844 3030 2120 3086 habitavit

480 3126 542 3180 in
568 3141 636 3179 eo
662 3124 927 3193 Verbum,
952 3124 1051 3179 sed
1088 3124 1148 3178 in
1179 3125 1302 3195 ipsa
1328 3124 1487 3177 vulva
1532 3126 1811 3194 uteroque
1853 3123 2118 3194 virginali

483 3234 676 3273 secum
721 3234 948 3274 carnem
995 3217 1292 3288 conjunxit
1329 3222 1387 3272 et
1416 3216 1685 3271 sustinuit
1717 3217 2119 3288 cognationem

2216 2008 2523 2061 Dominum
2563 2006 2718 2079 quod
2750 2008 2888 2060 erat.
2921 2006 3031 2059 Hoc
3077 2004 3289 2075 ubique
3329 2009 3501 2060 rectm
3540 2006 3672 2061 ﬁdei
3712 2007 3861 2060 ratio

2215 2104 2581 2172 protestatur,
2614 2100 2675 2154 in
2698 2099 2793 2154 tali
2825 2116 2994 2153 sensu
3024 2104 3250 2154 sanctos
3280 2100 3466 2154 Patres
3497 2099 3669 2154 fuisse
3698 2117 3858 2154 com-

2216 2193 2488 2265 perimus.
2518 2194 2641 2249 ldeo
2667 2192 2747 2247 illi
2774 2208 2887 2246 non
2919 2192 3250 2247 dubitavere
3281 2196 3532 2247 sanctam
3555 2193 3858 2263 Virginem

2218 2288 2405 2342 dicere
2433 2289 2766 2353 theotocon,
2793 2302 2907 2340 non
2935 2286 3087 2357 quod
3111 2285 3280 2339 Verbi
3307 2288 3509 2340 natura
3553 2286 3859 2357 deitasque

2218 2381 2277 2435 in
2321 2384 2515 2435 sancta
2560 2381 2790 2451 Virgine
2835 2380 3081 2450 sumpsit
3123 2378 3442 2448 exordium,
3475 2379 3572 2434 sed
3599 2380 3754 2450 quod
3786 2397 3861 2434 ex

2220 2491 2285 2529 ea
2312 2477 2511 2529 natum
2540 2474 2614 2527 sit
2642 2490 2867 2529 sacrum
2893 2473 3039 2527 illud
3066 2488 3267 2543 corpos
3299 2471 3641 2541 animatum,
3662 2473 3863 2528 anima

2218 2568 2503 2635 rationali,
2530 2567 2617 2622 cui
2646 2567 3087 2622 substantialiter
3132 2567 3446 2622 adunatum
3474 2565 3572 2622 Dei
3606 2567 3861 2621 Verbum

2220 2660 2526 2715 carnaliter
2556 2665 2753 2715 natum
2781 2676 2903 2715 esse
2928 2659 3151 2715 dicitur.

2222 2778 2345 2831 LIV.
2379 2807 2446 2817 —
2475 2778 2722 2847 Epistola
2745 2776 3027 2831 decretalis
3068 2778 3256 2831 Leonis
3292 2791 3456 2846 papa:
3496 2775 3572 2830 ad
3610 2777 3857 2831 Anasta-

2516 2851 2656 2903 sium
2680 2850 2986 2917 episcopum
3015 2848 3548 2902 Thessalonicensem.

2292 2940 2515 3004 Quanta
2558 2940 2901 2995 fraternitati
2944 2945 3057 2996 tuae
3089 2957 3122 2994 a
3146 2939 3470 2995 beatissimo
3516 2942 3676 3010 patre
3714 2956 3858 3010 apo-

2219 3035 2359 3088 stolo
2387 3034 2499 3087 sint
2536 3034 2860 3101 commissa,
2884 3039 2940 3089 et
2970 3033 3160 3105 qualia
3195 3032 3371 3088 etiam
3411 3037 3604 3088 nostro
3637 3032 3742 3087 tibi
3771 3033 3861 3088 fa-

2220 3144 2352 3182 vore
2401 3127 2514 3182 sint
2566 3127 2799 3195 credita,
2844 3128 2889 3181 si
2933 3144 3065 3182 vera
3116 3126 3336 3182 ratione
3383 3125 3756 3198 perspiceres,
3803 3131 3864 3182 et

2211 3216 2367 3287 justo
2415 3216 2677 3271 examine
2726 3216 3097 3287 ponderares,
3142 3215 3389 3270 multum
3439 3231 3739 3287 possemus
3787 3215 3862 3270 de

482 3312 797 3381 carnalem,
826 3312 1009 3368 carnis
1036 3328 1153 3366 suae
1179 3310 1531 3366 nativitatem
1566 3327 1726 3365 suam
1761 3310 1996 3366 faciens.
2028 3311 2120 3366 Sic
2139 3275 2194 3349 Ο
2220 3309 2479 3380 injuncta
2518 3309 2620 3363 tibi
2650 3308 3042 3364 sollicitudinis
3073 3309 3380 3364 dovotione
3409 3308 3677 3379 gaudere.
3707 3309 3859 3373 Quo-

480 3406 645 3461 illum
677 3405 918 3460 dicimus
966 3410 1025 3460 et
1058 3421 1285 3476 passum
1326 3421 1445 3460 esse
1480 3408 1536 3459 et
1578 3404 1970 3472 resurrexisse,
2007 3421 2119 3459 non

482 3500 617 3571 quia
665 3501 812 3554 Deus
869 3500 1119 3554 Verbum
1166 3498 1224 3553 in
1269 3516 1371 3553 sua
1419 3502 1625 3553 natura
1667 3515 1861 3569 passus
1905 3498 1993 3565 sit,
2023 3502 2121 3552 aut

482 3594 765 3649 clavorum
797 3592 1212 3661 transﬁxiones,
1241 3595 1341 3647 aut
1366 3592 1477 3647 alia
1497 3594 1765 3662 vulnera;
1797 3593 1945 3646 Deus
1965 3608 2119 3646 nam-

480 3704 591 3758 que
620 3686 989 3757 incorporalis
1017 3689 1175 3740 extra
1215 3687 1533 3756 passionem
1567 3689 1670 3755 est,
1704 3686 1799 3740 sed
1828 3684 1960 3757 quia
1995 3700 2114 3738 cor-

483 3797 587 3850 pus
612 3779 755 3833 illud
782 3780 932 3850 quod
962 3779 1143 3849 ipsius
1172 3779 1470 3849 proprium
1500 3779 1715 3833 factum
1759 3783 1860 3845 est,
1890 3794 2119 3849 passum

481 3876 584 3941 est,
614 3872 740 3925 ideo
782 3871 906 3926 haec
935 3872 1129 3926 omnia
1164 3888 1268 3942 pro
1294 3872 1454 3925 nobis
1493 3872 1613 3941 ipse
1657 3871 1863 3925 dicitur
1902 3887 2114 3942 passus.

478 3966 664 4018 luerat
688 3963 841 4017 enim
870 3963 929 4017 in
958 3981 1023 4017 eo
1049 3980 1284 4034 corpore
1314 3964 1465 4034 quod
1501 3963 1819 4034 patiebatur
1846 3966 1991 4018 Deus
2020 3964 2118 4035 qui

482 4056 601 4127 pati
630 4072 747 4110 non
773 4060 1016 4127 poterat.
1048 4056 1232 4110 Simili
1257 4057 1430 4110 modo
1460 4060 1518 4110 et
1550 4061 1800 4110 mortem
1826 4056 2000 4127 ipsius
2026 4057 2113 4110 in-

482 4148 812 4220 telligimus.
835 4151 1161 4205 Immortale
1189 4149 1343 4204 enim
1369 4154 1423 4204 et
1447 4149 1874 4220 incorruptibile
1905 4153 1991 4205 est
2014 4167 2114 4205 na-

485 4242 743 4297 turaliter
766 4245 824 4296 et
853 4242 968 4296 vita
1010 4248 1067 4297 et
1091 4242 1373 4297 viviﬁcans
1403 4242 1500 4296 Dei
1531 4242 1797 4298 Verbum.
1836 4242 1944 4297 Sed
1986 4243 2118 4315 quia

481 4353 686 4408 corpus
711 4336 890 4408 ipsius
918 4335 1209 4407 proprium
1230 4337 1415 4407 gratia
1440 4336 1536 4391 Dei
1557 4336 1720 4415 juxta
1740 4336 1899 4391 Pauli
1924 4353 2115 4392 vocem

485 4452 510 4477 ‹‹
538 4446 643 4501 pro
689 4430 954 4484 omnibus
990 4434 1236 4485 mortem
1289 4430 1532 4502 gustavit
1560 4431 1736 4499 (Hebr.
1768 4447 1827 4497 ιι,
1856 4432 1929 4502 9),
1964 4452 1988 4479 ››
2023 4431 2112 4485 id-

480 4522 630 4577 circo
651 4523 771 4594 ipse
793 4523 1001 4579 dicitur
1019 4528 1265 4578 mortem
1293 4540 1491 4595 passus
1510 4540 1629 4579 esse
1656 4540 1759 4595 pro
1790 4524 1973 4591 nobis,
1997 4541 2111 4579 non

481 4616 636 4686 quod
663 4616 722 4670 in
743 4633 801 4671 se
828 4621 1070 4671 mortem
1092 4622 1237 4672 esset
1262 4622 1528 4688 expertus
1554 4620 1833 4689 quantum
1847 4617 1921 4672 ad
1942 4617 2116 4688 ipsius
2135 4642 2193 4714 D

481 4714 747 4764 naturam
782 4711 1049 4781 pertinet.
1078 4710 1303 4764 Insania
1334 4715 1419 4764 est
1445 4710 1600 4764 enim
1643 4710 1748 4765 hoc
1782 4710 1868 4765 vel
1908 4710 2115 4766 sentire

480 4802 564 4857 vel
595 4802 804 4857 dicere.
835 4803 944 4858 Sed
982 4803 1138 4874 quod
1167 4803 1248 4873 (ut
1278 4820 1453 4874 supra
1483 4803 1748 4875 diximus)
1779 4820 1911 4858 caro
1946 4804 2117 4875 ipsius

482 4900 728 4950 mortem
750 4896 1013 4967 gustavit.
1038 4898 1113 4950 Ita
1145 4902 1202 4951 et
1226 4901 1564 4967 resurgente
1590 4897 1774 4951 carnis
1800 4897 1978 4968 ipsius
1997 4914 2118 4951 rur-

480 5006 573 5043 sus
603 4990 1081 5045 resurrectionem
1116 4990 1383 5060 diximus,
1413 5007 1528 5044 non
1558 4990 1687 5061 quia
1717 4990 1777 5044 in
1804 5007 1941 5045 corr'
1975 4990 2115 5059 ptio-

479 5098 611 5136 nem
666 5082 931 5137 ceciderit
976 5084 1134 5155 quod
1177 5083 1340 5155 absit,
1388 5084 1483 5138 sed
1523 5084 1656 5155 quia
1705 5084 1826 5154 ejus
1874 5101 1951 5137 su.
1980 5084 2117 5138 vexit

481 5191 699 5245 corpus.
726 5177 803 5230 lta
835 5176 1121 5232 Christum
1145 5182 1201 5233 et
1228 5177 1531 5233 Dominum
1559 5194 1735 5231 unum
1758 5177 1947 5231 COHﬁlt
1970 5194 2113 5245 .nur,

480 5284 594 5322 non
618 5273 896 5340 tanquam
926 5271 1224 5326 hominem
1250 5288 1381 5327 cum
1410 5271 1590 5325 Verbo
1626 5270 1964 5325 coadoraniv
1990 5306 2015 5337 η,
2044 5289 2115 5325 ne

478 5361 772 5416 divisionis
815 5364 1127 5434 quamdam
1176 5365 1391 5435 species
1439 5364 1765 5431 inducatur,
1796 5364 1893 5418 sed
1940 5382 2110 5419 imum

469 5455 593 5525 jam
620 5459 679 5510 et
712 5456 981 5511 eumdem
1023 5457 1348 5525 adorantes,
1379 5457 1513 5527 quia
1543 5473 1658 5511 non
1689 5461 1773 5510 est
1802 5457 2056 5513 alie““m
2083 5478 2116 5513 a

477 5548 657 5605 Verbo
701 5566 907 5620 corpus
954 5565 1143 5614 suum,
1184 5565 1315 5603 cum
1368 5566 1480 5621 quo
1531 5549 1635 5620 ipsi
1690 5550 1865 5606 etiam
1911 5572 1921 5601 ξ
1988 5553 2115 5608 ,ίάρι

477 5642 653 5697 Patri;
691 5644 801 5696 Nec
846 5642 955 5695 hoc
984 5640 1061 5694 ita
1087 5640 1324 5696 dicimus
1353 5642 1515 5714 quasi
1559 5643 1779 5698 duobus
1817 5645 1915 5700 ﬁlii
1990 5646 2110 5700 lSSl-

481 5735 766 5801 dentibus,
793 5734 892 5788 sed
921 5749 1040 5788 uno
1083 5750 1211 5788 cum
1251 5753 1417 5791 carne
1452 5753 1554 5807 pro
1598 5738 1896 5795 unitatem.
1984 5740 2040 5793 ui
2068 5740 2111 5793 si

485 5825 652 5877 talem
703 5825 1129 5894 copulationem
1183 5828 1385 5881 factam
1434 5846 1536 5898 per
1582 5831 1927 5885 substantiar:
2016 5838 2111 5885 aut

480 5916 638 5985 quasi
666 5917 1011 5987 passibilem,
1044 5921 1141 5973 aut
1170 5919 1325 5989 quasi
1356 5936 1559 5989 parum
1589 5923 1851 5978 decoram
1872 5926 2114 5977 nolueri-

2218 3403 2378 3457 niam
2405 3403 2547 3457 sicut
2571 3419 2943 3474 praecessores
2989 3398 3106 3457 mei
3149 3402 3586 3473 praecessoribus
3613 3401 3748 3469 tuis,
3783 3401 3864 3458 ita

2220 3497 2392 3552 etiam
2438 3513 2545 3569 ego
2592 3496 2880 3551 dilectioni
2925 3501 3038 3551 tua;
3088 3496 3349 3568 priorum
3394 3498 3619 3550 secutus
3662 3512 3858 3550 exem-

2219 3591 2396 3661 plum,
2428 3590 2579 3645 vices
2622 3590 2738 3644 mei
2786 3589 3201 3645 moderaminis
3247 3589 3521 3659 delegavi,
3550 3593 3615 3643 ut
3657 3605 3860 3645 curam

2221 3700 2393 3754 quam
2418 3683 2696 3739 universis
2723 3682 2974 3737 ecclesiis
3022 3682 3410 3754 principaliter
3434 3698 3501 3737 ex
3539 3681 3738 3737 divina
3766 3683 3860 3737 in-

2219 3777 2513 3831 stitutione
2538 3778 2834 3844 debemus,
2862 3776 3119 3831 imitator
3142 3781 3351 3831 nostrae
3377 3775 3859 3841 mansuetudinis,

2218 3871 2532 3942 adjuvares,
2564 3874 2621 3925 et
2644 3870 2974 3942 longinquis
2998 3870 3068 3924 ab
3099 3870 3407 3941 apostolica
3451 3869 3580 3924 sede
3621 3870 3858 3940 provin-

2219 3963 2319 4018 ciis
2377 3963 2741 4035 prazsentiam
2792 3963 3214 4035 quodammodo
3260 3967 3472 4018 nostra:
3520 3962 3861 4017 visitationis

2217 4058 2294 4110 im
2302 4056 2598 4127 penderes;
2615 4056 2748 4127 quia
2758 4057 2827 4112 de
2840 4057 3151 4112 continenti
3162 4061 3555 4128 oportunoque
3571 4056 3857 4128 profectu,

2217 4153 2551 4221 promptum
2570 4149 2672 4204 tibi
2698 4154 2844 4205 esset
2865 4166 3171 4222 agnoscere
3196 4150 3333 4221 quid
3344 4150 3435 4204 vel
3462 4150 3523 4204 in
3544 4149 3757 4221 quibus
3772 4166 3859 4204 re-

2217 4244 2322 4298 bus
2348 4244 2434 4299 vel
2462 4243 2651 4298 studio
2677 4260 3054 4316 componeres
3080 4244 3165 4299 vel
3190 4247 3386 4298 nostro
3410 4242 3629 4315 judicio
3667 4259 3857 4298 reser-

2216 4353 2396 4392 vares.
2427 4338 2566 4391 Nam
2591 4354 2721 4391 cum
2750 4338 2975 4408 majora
2999 4337 3231 4409 negotia
3262 4340 3319 4392 et
3344 4335 3696 4391 difﬁciliores
3726 4353 3857 4391 cau-

2216 4448 2405 4486 sarum
2426 4431 2608 4486 exitus
2633 4431 2881 4486 liberum
2906 4431 3009 4487 tibi
3039 4433 3187 4487 esset
3230 4431 3333 4485 sub
3363 4433 3575 4485 nostrae
3618 4433 3856 4485 senten-

2216 4524 2308 4579 tiae
2333 4524 2756 4593 exspectatione
2784 4525 3149 4596 suspendere,
3176 4541 3282 4580 nec
3312 4524 3456 4579 ratio
3481 4540 3587 4579 nec
3617 4525 3862 4579 necessi—

2217 4624 2301 4673 tas
2334 4618 2445 4673 fuit
2470 4618 2527 4672 in
2552 4618 2610 4673 id
2635 4619 2787 4689 quod
2813 4634 3148 4673 mensuram
3198 4622 3359 4674 tuam
3405 4616 3709 4672 excederet
3756 4619 3857 4674 de-

2216 4712 2422 4767 viandi.
2474 4711 2781 4767 Abundant
2832 4712 2987 4766 enim
3046 4712 3199 4784 apud
3252 4716 3310 4767 te
3364 4710 3859 4767 monimentorum

2216 4806 2423 4877 scripta
2464 4808 2807 4876 nostrorum,
2842 4806 3049 4877 quibus
3081 4810 3135 4861 te
3163 4806 3233 4860 de
3260 4806 3518 4861 omnium
3564 4804 3862 4860 actionum

2216 4899 2597 4970 temperantia
2639 4899 2967 4971 frequenter
3015 4899 3407 4969 instruximus,
3448 4904 3513 4953 ut
3559 4915 3858 4954 commen-

2217 4993 2377 5048 datas
2410 4992 2511 5047 tibi
2541 4993 2800 5048 ecclesias
2841 5010 2944 5065 per
2974 4993 3433 5049 exhortationem
3459 4992 3758 5048 charitatis
3786 4994 3862 5049 ad

2216 5086 2609 5142 salubritatem
2650 5086 2979 5142 obedientia
3019 5104 3378 5159 provocares.
3410 5086 3553 5150 Quia
3591 5086 3697 5142 etsi
3735 5088 3862 5159 ple-

2216 5196 2460 5251 rumque
2506 5179 2754 5235 existunt
2788 5181 2938 5235 inter
2968 5181 3327 5253 negligentes
3357 5181 3445 5235 vel
3476 5179 3698 5235 desides
3744 5180 3863 5235 fra-

2215 5280 2351 5342 tres,
2393 5289 2522 5345 quae
2568 5277 2830 5345 oporteat
2880 5275 3094 5346 majore
3142 5275 3469 5331 austeritate
3529 5274 3735 5341 curari,
3781 5275 3864 5329 sic

2218 5372 2413 5422 tamen
2440 5370 2525 5422 est
2549 5367 2873 5423 adhibenda
2920 5368 3217 5438 correctio,
3248 5372 3313 5423 ut
3351 5383 3578 5439 semper
3602 5367 3677 5422 sit
3704 5369 3861 5423 salva

2215 5461 2457 5518 dilectio.
2486 5460 2645 5516 Unde
2677 5465 2733 5516 et
2776 5462 2974 5516 beatus
3014 5462 3300 5533 apostolus
3338 5463 3543 5516 Paulus
3570 5461 3641 5516 ad
3672 5463 3856 5516 eccle-

2216 5555 2503 5609 siasticum
2529 5555 2792 5628 regimen
2821 5556 3184 5611 Timotheum
3208 5555 3470 5610 imbuens
3499 5554 3635 5610 dicit
3665 5571 3679 5607 :
3712 5577 3741 5604 «
3765 5554 3860 5611 Se-

2214 5648 2435 5703 niorem
2460 5665 2531 5702 ne
2557 5649 2957 5721 increpaveris,
2992 5650 3092 5705 sed
3120 5650 3355 5705 obsecra
3381 5654 3446 5705 ut
3487 5652 3737 5720 patrem,
3760 5648 3856 5719 ju-

2215 5757 2387 5796 venes
2433 5746 2497 5796 ut
2560 5743 2783 5811 fratres,
2831 5760 2973 5798 anus
3014 5748 3081 5798 ut
3123 5749 3354 5812 matres,
3392 5743 3726 5815 juvenculas
3794 5746 3859 5798 ut

2217 5850 2440 5889 sorores
2487 5836 2546 5889 in
2591 5836 2749 5890 omni
2802 5838 3054 5893 castitate
3101 5841 3147 5907 (Ι
3194 5840 3330 5893 Tim.
3364 5854 3416 5905 v,
3453 5842 3502 5903 1,
3532 5838 3606 5905 2).
3640 5858 3667 5885 ››
3714 5836 3855 5901 Quae

2217 5928 2533 5983 moderatio
2562 5928 2605 5982 si
2633 5930 3070 6002 quibuscunque
3103 5931 3464 5988 inferioribus
3490 5929 3764 5986 membris
3791 5948 3854 5986 ex
