4034 6314
171 336 270 393 857

1380 332 1851 397 DECRETALIUM
1887 336 2012 397 COL
2045 334 2271 397 aerio.

3435 342 3536 399 858

168 445 478 516 apostolica
523 445 877 501 institutione
922 446 1182 518 debetur,
1222 452 1440 519 quanto
1479 450 1660 520 magis
1697 450 1803 503 fra-
1826 463 1881 534 Α
1903 452 2157 504 consulta
2184 449 2542 504 rescriberet.
2573 449 2708 517 Sed,
2728 453 2789 503 ut
2806 449 2991 519 video,
3025 447 3171 504 bene
3195 448 3264 504 de
3282 450 3541 506 moribus

171 538 346 592 tribus
386 544 443 593 et
476 539 822 611 coepiscopis
850 540 971 594 sine
1013 541 1329 596 offensione
1358 541 1650 597 reddenda
1675 544 1802 597 est?
1906 544 2047 596 :neis
2078 541 2389 612 aestimasti,
2420 547 2477 598 et
2501 558 2672 615 quam
2702 542 2883 597 civilia
2908 558 3012 613 pro
3041 543 3432 599 conservanda
3458 560 3541 599 sa-

170 632 235 686 Ut
264 631 399 686 licet
434 648 855 703 nonnunquam
886 634 1160 704 accidant,
1191 652 1318 706 quae
1355 635 1416 689 in
1448 636 1803 691 sacerdotali-

170 724 272 779 bus
301 725 419 779 sint
452 726 922 797 reprehendenda
963 728 1236 798 personis,
1272 729 1399 801 plus
1436 730 1634 783 tamen
1664 746 1802 801 erga

168 818 509 889 corrigenda
561 836 619 873 se
671 825 806 891 agat
854 820 1252 877 benevolentia
1297 839 1470 894 quam
1518 821 1799 890 severitas,

168 913 291 982 plus
321 912 642 968 cohortatio
668 930 838 985 quam
863 916 1187 984 commotio,
1212 916 1336 987 plus
1361 915 1610 971 charitas
1627 932 1803 988 quam

169 1010 441 1076 potestas.
494 1007 602 1061 Sed
646 1006 728 1076 hi,
772 1007 869 1078 qui
913 1024 1041 1079 quae
1072 1025 1173 1063 sua
1205 1012 1338 1063 sunt
1366 1014 1649 1081 quaerunt,
1683 1026 1801 1064 non

168 1114 291 1169 quae
329 1100 467 1154 Jesu
508 1099 733 1167 Christi,
772 1100 937 1155 facile
968 1101 1039 1155 ab
1070 1102 1178 1157 hac
1212 1104 1337 1173 lege
1368 1102 1797 1167 discernuntur;

166 1196 219 1246 et
244 1190 388 1246 dum
414 1192 617 1247 donari
642 1194 829 1264 magis
855 1210 1028 1265 quam
1055 1196 1347 1251 consulere
1373 1195 1610 1251 subditis
1639 1212 1799 1267 quaa-

169 1288 318 1353 runt,
338 1286 529 1357 placet
544 1286 747 1354 honor,
768 1287 926 1343 inﬂat
943 1289 1232 1360 superbia,
1255 1294 1330 1356 et,
1348 1290 1499 1360 quod
1514 1290 1801 1360 provisum

166 1384 248 1433 est
276 1377 353 1432 ad
385 1379 749 1434 concordiam
772 1380 956 1436 tendit
976 1382 1048 1435 ad
1066 1398 1295 1436 noxam.
1317 1383 1478 1446 Quod
1500 1386 1563 1436 ut
1577 1398 1800 1438 necesse

170 1471 482 1527 habeamus
505 1472 600 1527 ita
615 1473 799 1529 dicere
822 1490 937 1529 non
963 1476 1031 1530 de
1051 1491 1226 1546 parvo
1248 1475 1425 1543 animi
1452 1476 1647 1532 dolore
1677 1494 1802 1547 pro-

171 1564 337 1619 cedit.
367 1565 647 1637 Meipsum
672 1566 826 1621 enim
856 1568 1274 1638 quodammodo
1307 1570 1368 1623 in
1403 1571 1566 1641 culpa
1596 1569 1798 1638 sentio,

169 1674 298 1713 cum
339 1663 398 1713 te
440 1675 475 1713 a
521 1659 740 1714 traditis
781 1660 882 1714 tibi
927 1660 1141 1732 regulis
1182 1662 1241 1716 in
1286 1662 1512 1717 modico
1552 1664 1801 1718 deviasse

172 1767 469 1822 cognosco.
506 1752 615 1816 Qui
660 1753 705 1806 si
744 1757 855 1807 tuae
897 1754 1288 1809 aestimationis
1320 1772 1525 1827 parum
1553 1756 1800 1828 diligens

1902 636 2175 690 cerriotali
2221 637 2523 692 concordia
2566 652 2940 708 responsurus
2987 652 3189 704 essem,
3249 637 3538 693 verissime

1903 730 2231 799 praevidisti,
2258 733 2315 784 et
2333 729 2462 785 ideo
2489 732 2674 784 motus
2705 734 2827 784 tuos
2862 729 3099 801 exsequi
3118 730 3239 784 sine
3264 729 3536 785 dilatione

1901 839 2039 893 pro;
2070 823 2241 890 irasti,
2271 839 2345 877 ne
2367 839 2498 878 cum
2520 822 2927 878 moderationis
2949 825 3158 877 nostrae.
3178 822 3331 877 aliud
3355 823 3540 894 dispo-

1901 921 2037 970 nent
2048 918 2088 969 is
2109 916 2321 986 scripta
2336 934 2396 971 su
2407 916 2690 988 mpsisses,
2705 916 2950 971 faciendi
2969 916 3026 969 id
3042 914 3194 987 quod
3219 916 3434 971 factum
3455 921 3540 971 est

1900 1009 2192 1063 licentiam
2246 1026 2359 1064 non
2406 1010 2662 1066 haberes.
2700 1011 2788 1064 An
2834 1010 2983 1065 forte
3008 1008 3240 1080 aliquod
3269 1009 3371 1064 tibi
3399 1010 3537 1065 faci-

1902 1119 2030 1158 mus
2072 1103 2260 1158 fratris
2301 1103 2649 1171 innotuerat,
2685 1106 2741 1158 et
2772 1102 3279 1175 metropolitanum
3323 1102 3538 1174 episco-

1900 1213 2041 1267 pum
2077 1197 2208 1251 novi
2241 1197 2393 1267 apud
2426 1202 2483 1251 te
2524 1196 2777 1251 criminis
2812 1197 3036 1268 pondus
3073 1197 3352 1269 urgebat?
3375 1197 3538 1261 Quod

1900 1289 2133 1362 quidem
2163 1290 2415 1345 alienum
2450 1291 2519 1344 ab
2547 1290 2645 1344 illo
2668 1289 2840 1345 etiam
2867 1294 2927 1343 tu
2956 1290 3097 1345 nihil
3130 1291 3183 1344 ei
3219 1289 3538 1361 objiciendo

1900 1383 2221 1439 conﬁrmas.
2245 1383 2358 1439 Sed
2382 1382 2599 1437 etiamsi
2620 1382 2755 1454 quid
2787 1382 3213 1439 intolerandum
3244 1383 3528 1453 gessisset,

1900 1481 2091 1531 nostra
2118 1481 2240 1532 erat
2273 1477 2650 1548 exspectanda
2675 1493 2933 1545 censura,
2970 1480 3032 1531 ut
3063 1477 3204 1531 nihil
3231 1476 3389 1548 prius
3414 1477 3535 1547 ipse

1901 1570 2241 1625 decerneres
2289 1586 2462 1641 quam
2506 1570 2647 1641 quid
2682 1569 2844 1649 nobis
2884 1570 3134 1641 placeret
3173 1554 3585 1673 agnosceres/

1901 1663 2056 1718 Vices
2081 1664 2237 1717 enim
2257 1666 2477 1718 nostras
2497 1664 2573 1718 ita
2593 1669 2705 1718 tuas
2732 1663 3076 1718 credidimus
3096 1663 3360 1718 charitati
3389 1666 3453 1716 ut
3478 1663 3537 1717 iii

1900 1761 2122 1828 partem
2153 1757 2227 1811 sis
2268 1760 2498 1811 vocatus
2527 1755 2947 1823 sollicitudinis,
2977 1773 3095 1811 non
3122 1756 3539 1827 plenitudinem

173 1860 318 1913 eras,
338 1860 487 1899 meae
504 1844 705 1900 saltem
720 1846 890 1901 fama:
910 1863 1141 1917 parcere
1160 1848 1405 1903 debuisti
1431 1865 1443 1903 :
1468 1846 1539 1904 ne
1556 1866 1683 1921 quae
1702 1854 1799 1904 tuo
1821 1835 1877 1907 Β
1900 1850 2211 1921 potestatis.
2244 1850 2400 1905 Unde
2436 1850 2581 1905 sicut
2607 1851 2858 1904 multum
2886 1866 2994 1904 nos
3024 1866 3093 1904 ea
3133 1865 3259 1920 quas
3290 1866 3323 1903 a
3359 1852 3415 1903 te
3445 1851 3535 1920 pie

168 1942 395 1993 tantum
406 1938 555 1993 facta
569 1940 901 1995 suntanimo
920 1944 1115 1996 nostro
1133 1942 1468 1997 viderentur
1484 1948 1641 2014 gesta
1650 1943 1803 2014 judi-

172 2030 275 2085 cio.
308 2031 548 2102 Relegat
572 2032 894 2088 fraternitas
920 2039 1018 2089 tua
1045 2034 1283 2106 paginas
1312 2040 1549 2106 nostras,
1581 2037 1800 2091 omnia-

172 2140 281 2196 que
297 2125 371 2179 ad
389 2128 516 2179 tuos
531 2125 706 2181 missa
731 2127 979 2198 majores
1009 2129 1334 2199 apostolicae
1356 2129 1514 2184 Sedis
1535 2131 1803 2201 praesules

172 2218 380 2289 scripta
430 2218 719 2289 decurrat,
765 2224 818 2274 et
866 2222 950 2275 vel
995 2238 1027 2275 a
1065 2238 1158 2276 me
1188 2223 1338 2277 vela
1365 2223 1803 2293 praecessoribus

173 2311 313 2366 meis
362 2312 615 2369 inveniat
655 2313 984 2370 ordinatum
1033 2316 1186 2386 quod
1227 2333 1261 2370 a
1297 2320 1355 2371 te
1395 2317 1638 2387 cognovi
1685 2333 1803 2372 esse

173 2409 607 2478 praesumptum.
649 2407 818 2463 Venit
852 2425 1101 2480 namque
1130 2409 1203 2463 ad
1231 2427 1336 2464 nos
1365 2427 1495 2465 cum
1526 2411 1804 2482 episcopis

175 2499 479 2571 provinciae
522 2517 641 2556 suae
682 2501 858 2557 frater
901 2507 1092 2558 noster
1129 2503 1345 2558 Atticus
1379 2504 1585 2559 veteris
1611 2504 1804 2575 Ephiri

173 2594 646 2665 metropolitanus
698 2596 953 2663 antistes,
1000 2601 1056 2651 et
1099 2595 1167 2650 de
1204 2596 1600 2668 indignissima
1648 2598 1805 2652 astri-

173 2687 355 2742 ctione
380 2704 554 2759 quam
582 2688 818 2759 pertulit
841 2689 1191 2761 lacrymabili
1220 2691 1435 2746 actione
1467 2696 1805 2763 conquestus

174 2784 261 2834 est
294 2797 489 2835 coram
533 2782 848 2837 astantibus
892 2783 1215 2839 diaconibus
1256 2784 1386 2852 tuis,
1417 2784 1516 2856 qui
1560 2786 1805 2856 querelis

174 2874 460 2929 ﬂebilibus
478 2875 623 2930 nihil
644 2878 842 2931 contra
870 2878 1174 2932 referendo
1202 2894 1271 2932 ea
1299 2894 1428 2950 quae
1460 2879 1620 2933 nobis
1649 2879 1805 2950 inge-

174 2967 452 3023 rebantur
494 2968 605 3023 ﬁde
654 2986 771 3024 non
817 2986 1010 3026 carere
1041 2972 1453 3026 monstrabant.
1489 2972 1808 3043 Legebatur

175 3078 403 3133 quoque
435 3062 498 3117 in
524 3063 732 3118 litteris
760 3063 889 3132 tuis,
917 3082 1059 3136 quas
1087 3066 1242 3120 idem
1276 3064 1503 3120 diaconi
1528 3046 1837 3145 detulereht"

174 3156 323 3228 quod
352 3156 528 3211 frater
546 3157 763 3211 Atticus
789 3158 1241 3213 Thessalonicam
1256 3159 1518 3229 venisset,
1541 3159 1806 3231 quodque

184 3207 276 3228 1—"
296 3207 321 3209 “
353 3207 518 3211 __""_
546 3207 758 3211 """“'
799 3207 1241 3213 """""—"“"‘
1270 3207 1276 3211 '
1297 3207 1518 3229 """""7
1545 3207 1806 3231 ‘1‘”"1"

176 3264 519 3304 consensum
531 3266 700 3305 suum
718 3250 894 3305 etiam
910 3252 1202 3324 scripturae
1219 3252 1565 3324 professione
1586 3253 1801 3324 signas-
1826 3207 1881 3283 Ο

176 3346 283 3411 set,
314 3349 378 3398 ut
396 3342 467 3398 de
490 3343 583 3399 illo
610 3360 725 3398 non
747 3345 902 3399 aliud
922 3363 956 3400 a
979 3346 1139 3400 nobis
1161 3346 1401 3418 intelligi
1425 3351 1613 3418 posset
1632 3364 1805 3418 quam

176 3437 394 3508 proprii
421 3437 642 3493 arbitrii
666 3441 723 3493 et
742 3443 1067 3510 spontanee:
1094 3440 1406 3495 devotionis
1429 3440 1628 3495 fuissse
1649 3442 1804 3512 quod

175 3534 420 3599 venerat,
452 3547 683 3602 quoque
711 3533 1024 3587 chartulam
1051 3534 1120 3588 de
1142 3534 1482 3589 obedientize
1504 3535 1805 3605 sponsione

178 3625 608 3695 conscripserat.
650 3626 711 3680 In
754 3626 912 3697 cujus
952 3632 1150 3682 tamen
1194 3629 1465 3682 chartula:
1518 3628 1805 3682 mentione

178 3716 407 3788 signum
436 3717 788 3789 prodebatur
816 3719 1060 3791 injuriae.
1092 3721 1213 3775 Non
1237 3721 1390 3775 enim
1421 3722 1805 3776 necessarium

178 3808 363 3864 fuerat
390 3814 455 3865 ut
483 3811 836 3882 obligaretur
863 3813 1089 3885 scripto,
1113 3815 1212 3886 qui
1231 3814 1616 3869 obedientiam
1639 3831 1805 3869 suam

180 3903 296 3973 ipso
319 3903 444 3974 jam
465 3904 773 3959 voluntarii
796 3906 1072 3962 adventus
1105 3908 1385 3979 probabat
1413 3908 1616 3962 officio.
1648 3909 1805 3963 Unde

180 3996 668 4068 deplorationibus
696 4001 1051 4071 supradictis,
1074 4002 1197 4059 haec
1225 4002 1397 4057 verba
1422 4003 1679 4073 epistolae
1697 4007 1808 4057 tum

183 4090 568 4146 testimonium
617 4094 940 4164 praetulere.
985 4098 1053 4151 Et
1090 4112 1195 4167 per
1231 4097 1338 4150 hoc
1385 4097 1535 4168 quod
1574 4114 1692 4152 non
1727 4101 1811 4152 est

182 4185 415 4239 tacitum
445 4186 728 4241 nudatum
758 4192 844 4243 est
868 4189 1010 4243 illud
1039 4190 1190 4261 quod
1222 4190 1443 4246 silentio
1472 4192 1656 4246 fuerat
1677 4191 1810 4246 ado-

184 4282 405 4348 pertum
431 4321 445 4347 ,
510 4280 829 4336 adhibitam
891 4283 1101 4337 scilicet
1157 4284 1356 4356 Illyrici
1414 4286 1811 4355 praefecturam

183 4373 646 4429 sublimissimam
694 4376 844 4430 inter
892 4377 1215 4432 mundanos
1272 4379 1458 4449 apices
1513 4381 1807 4450 potestan-

184 4470 295 4521 tem
334 4468 395 4521 in
445 4468 854 4525 exhibitionem
898 4471 1134 4527 insontis
1181 4472 1444 4527 antistitis
1494 4473 1807 4539 incitatam,

184 4563 243 4614 ut
261 4561 436 4616 missa
461 4563 824 4618 exsecutione
854 4565 1096 4620 terribili
1129 4583 1253 4636 quae
1280 4568 1473 4621 omnia
1498 4566 1603 4620 sibi
1629 4565 1813 4621 ofﬁcia
1831 4587 1891 4660 D

185 4654 408 4725 publica
437 4656 512 4711 ad
538 4656 803 4712 effectum
829 4659 1234 4730 praeceptionis
1262 4660 1622 4731 adjungeret:
1665 4677 1698 4714 δ’
1724 4654 1858 4757 ⁵³’ἷ

187 4749 292 4803 eris
318 4750 571 4804 ecclesias
606 4751 812 4806 additis
840 4753 993 4808 nullo
1031 4754 1119 4808 vel
1154 4754 1297 4809 falso
1331 4754 1689 4810 insimulatus
1715 4749 1849 4808 cri-i

188 4844 337 4897 mine
365 4844 762 4899 extraheretur
795 4847 1074 4915 sacerdos,
1108 4848 1200 4902 cui
1242 4865 1359 4904 non
1392 4849 1464 4903 ob
1498 4848 1818 4904 molestiam

188 4936 541 5008 egritudinis
564 4938 842 4994 obstantis
871 4940 1074 4997 hiemis
1100 4942 1373 4998 darentur
1410 4942 1674 5009 induciae,
1717 4941 1819 4997 sed

190 5030 293 5086 iter
339 5031 606 5103 aspidum
656 5036 713 5088 et
755 5035 1018 5105 periculis
1059 5037 1297 5107 plenum
1336 5053 1437 5107 per
1475 5036 1654 5091 invias
1684 5052 1817 5090 cau-

193 5129 270 5178 tes
325 5139 499 5197 agere
542 5130 791 5198 cogeret.
834 5128 981 5192 Quid
1021 5130 1162 5185 tanti
1196 5130 1404 5185 laboris
1441 5129 1696 5201 tantique
1731 5129 1817 5183 di-

193 5218 475 5273 scriminis
529 5220 658 5288 fuit,
710 5224 773 5276 ut
809 5238 878 5276 ex
916 5223 1005 5277 his
1052 5224 1149 5296 qui
1199 5224 1530 5297 episcopum
1568 5222 1822 5278 comitati

195 5318 323 5367 sunt
368 5313 606 5385 quidam
661 5315 931 5371 defecisse
982 5318 1260 5374 dicantur.
1306 5320 1545 5375 Multum
1582 5322 1819 5390 stupeo,

197 5404 369 5461 frater
406 5407 754 5477 charissima,
789 5410 888 5465 sed
934 5415 991 5466 et
1024 5413 1338 5483 plurimum
1369 5413 1551 5481 doleo,
1586 5412 1737 5484 quod
1766 5410 1822 5465 in

200 5516 327 5554 eum
358 5500 429 5555 de
467 5518 580 5573 quo
619 5502 760 5557 nihil
793 5506 1043 5577 amplius
1080 5507 1426 5563 indicaveras
1467 5523 1639 5579 quam
1675 5505 1825 5577 quod

200 5600 456 5650 evocatus
478 5597 674 5651 adesse
695 5596 974 5670 differret,
998 5604 1056 5655 et
1079 5603 1501 5657 excusationem
1532 5599 1828 5655 infirmita-

203 5687 266 5741 tis
289 5689 632 5759 ostenderet,
660 5694 777 5746 tam
808 5693 1078 5748 atrociter
1106 5697 1164 5748 et
1194 5698 1309 5748 tam
1339 5695 1709 5751 vehementer
1734 5709 1830 5765 po-

206 5783 373 5838 tueris
414 5786 779 5857 commoveri,
822 5788 1138 5859 praesertim
1177 5804 1306 5844 cum
1336 5789 1440 5845 etsi
1470 5790 1581 5845 tale
1616 5786 1829 5859 aliquid

206 5883 536 5948 mereretur,
577 5882 1022 5952 exspectandum
1073 5883 1174 5939 tibi
1220 5883 1402 5939 fuerat
1445 5883 1583 5955 quid
1625 5883 1693 5938 ad
1734 5885 1832 5935 tua

1901 1949 2033 1998 sunt
2059 1948 2253 1999 curata
2278 1943 2543 2013 laetiﬁcat,
2579 1946 2660 1998 ita
2692 1943 2936 1997 nimium
2960 1959 3027 1997 ea
3075 1958 3204 2014 quas
3230 1959 3537 2014 perperam

1902 2040 2036 2092 sunt
2058 2041 2216 2109 gesta
2244 2037 2597 2092 contristant.
2659 2039 2727 2091 Et
2763 2053 2992 2092 necesse
3028 2040 3114 2090 est
3148 2041 3277 2107 post
3333 2036 3536 2091 multa-

1901 2147 2031 2185 rum
2048 2132 2439 2202 experimenta
2458 2146 2760 2185 causarum
2794 2129 3081 2185 sollicitius
3100 2128 3348 2201 prospici
3381 2134 3437 2185 et
3462 2130 3543 2185 di-

1900 2224 2169 2295 ligentius
2188 2224 2513 2295 praecaveri,
2532 2228 2815 2295 quatenus
2836 2240 2939 2295 per
2955 2223 3217 2294 spiritum
3245 2222 3540 2279 charitatis

1905 2322 1962 2371 et
1988 2318 2141 2389 pacis
2167 2317 2352 2372 omnis
2378 2318 2617 2372 materia
2638 2317 3039 2372 scandalorum
3065 2317 3136 2372 de
3163 2315 3409 2371 ecclesiis
3427 2316 3536 2371 Do-

1902 2410 2046 2465 mini
2067 2410 2224 2482 (quas
2242 2411 2346 2465 tibi
2365 2410 2908 2481 commendavimus)
2936 2410 3248 2478 auferatur,
3268 2410 3536 2481 praeemi-

1904 2507 2076 2558 nente
2106 2503 2339 2575 quidem
2363 2504 2421 2558 in
2456 2504 2563 2559 illis
2594 2504 2901 2575 provinciis
2934 2504 3293 2575 episcopatus
3325 2503 3409 2557 tui
3422 2504 3538 2575 fas-

1904 2598 2065 2669 tigio,
2093 2560 2192 2653 sed
2219 2600 2517 2669 amputato
2543 2560 2716 2651 totius
2741 2560 3538 2683 usurpationis‘excessu/lgi-

1904 2695 1998 2745 tur
2024 2691 2337 2747 secundum
2376 2695 2705 2746 sanctorum
2733 2692 2965 2745 Patrum
2999 2706 3246 2745 canones
3270 2674 3532 2761 spiritum

1906 2784 2006 2838 Dei
2032 2785 2287 2839 conditos
2315 2788 2372 2838 et
2390 2784 2561 2839 totius
2588 2783 2793 2838 mundi
2818 2784 3141 2839 reverentia
3161 2789 3535 2851 consecratos,

1905 2878 2375 2949 metropolitanos
2396 2877 2750 2948 singularum
2772 2877 3198 2948 provinciarum
3221 2876 3534 2948 episcopos,

1906 2971 2112 3042 quibus
2131 2988 2201 3026 ex
2221 2970 2580 3042 delegatione
2604 2969 2720 3043 21
2736 2969 2797 3043 2
2816 2976 3009 3025 nostra
3020 2970 3389 3025 fraternitatis
3406 2987 3543 3025 cura

1906 3065 2297 3136 praetenditur,
2336 3064 2430 3135 jus
2474 3064 2699 3119 traditae
2744 3063 2850 3118 sibi
2882 3064 3195 3135 antiquitus
3248 3063 3544 3134 dignitatis

1906 3157 2313 3213 intemeratum
2354 3157 2563 3212 habere
2612 3157 2993 3226 decernimus,
3038 3158 3115 3212 ita
3147 3161 3215 3212 ut
3258 3174 3291 3212 a
3330 3157 3545 3228 regulis

1907 3251 2238 3323 praestitutis
2262 3251 2422 3306 nulla
2439 3256 2537 3306 aut
2566 3251 2941 3323 negligentia,
2967 3255 3061 3306 aut
3090 3250 3543 3322 praesumptione

1906 3345 2216 3400 discedant.

1920 3408 2036 3492 [In
2059 3438 2392 3505 civitatibus,
2416 3453 2657 3509 quarum
2684 3442 2926 3491 rectores
2954 3436 3220 3505 obierint,
3246 3437 3318 3491 de
3342 3437 3545 3492 substi—

1907 3531 2128 3586 tuendis
2154 3530 2431 3602 episcopis
2448 3531 2568 3585 haec
2584 3530 2765 3585 forma
2790 3537 3061 3597 servetur,
3079 3535 3142 3584 ut
3161 3530 3260 3601 qui
3276 3530 3545 3586 ordinan-

1906 3627 2009 3681 dus
2028 3630 2129 3695 est,
2155 3625 2327 3679 etiam
2345 3624 2392 3679 si
2411 3624 2578 3679 bonae
2597 3623 2728 3677 vitae
2748 3623 2963 3678 habeat
2984 3622 3391 3691 testimonium,
3417 3640 3540 3679 non

1904 3719 2095 3785 laicus,
2116 3735 2232 3773 non
2250 3717 2587 3789 neophytus,
2607 3733 2709 3771 nec
2721 3716 2982 3772 secundae
2999 3716 3261 3789 conjugis
3274 3716 3537 3784 maritus,

1906 3816 2001 3867 aut
2022 3812 2119 3883 qui
2136 3829 2308 3866 unam
2330 3811 2559 3883 quidem
2582 3810 2803 3880 habeat,
2824 3811 2909 3865 vel
2928 3810 3345 3881 habuerit,fsed
3367 3827 3543 3882 quam

1906 3906 2011 3960 sibi
2032 3906 2259 3960 viduam
2292 3904 2588 3977 copularit.
2622 3904 2986 3960 Sacerdotum
3027 3904 3183 3959 enim
3217 3907 3333 3959 tam
3357 3907 3543 3960 excel-

1907 4001 2031 4056 lens
2051 4003 2135 4056 est
2155 4001 2354 4056 electio
2373 4004 2437 4055 ut
2456 4000 2579 4053 haec
2608 4015 2736 4071 quae
2757 3998 2819 4052 in
2839 3998 2964 4052 aliis
2983 3998 3241 4053 Ecclesiae
3270 3999 3546 4055 membris

1908 4111 2022 4149 non
2038 4099 2309 4164 vocantur
2328 4094 2386 4148 in
2408 4094 2633 4164 culpam
2646 4134 2660 4160 ,
2682 4092 2742 4146 in
2765 4092 2876 4147 illis
2894 4095 3083 4148 tamen
3105 4092 3426 4148 habeantur
3440 4093 3548 4148 illi-

1909 4154 2200 4291 citaINam
2220 4205 2350 4242 cum
2385 4192 2539 4241 extra
2571 4186 2905 4241 clericorum
2936 4186 3195 4241 ordinem
3222 4187 3548 4242 constitutis

1910 4278 2243 4352 nuptiarum
2264 4280 2519 4335 societati
2541 4282 2597 4333 et
2616 4278 2992 4349 procreationi
3015 4279 3328 4333 liberorum
3362 4280 3550 4334 stude-

1910 4392 1972 4429 re
1995 4375 2066 4429 sit
2092 4375 2352 4442 liberum,
2383 4373 2454 4427 ad
2481 4372 2865 4427 exhibendam
2885 4376 3083 4426 tamen
3118 4372 3385 4442 perfectae
3415 4389 3546 4428 con-

1910 4468 2167 4523 tinentiae
2201 4467 2536 4539 puritatem,
2570 4482 2675 4519 nec
2702 4465 3143 4520 subdiaconibus
3167 4466 3392 4522 carnale
3412 4483 3545 4521 con-

1915 4562 2154 4616 nubium
2173 4559 2527 4627 conceditur,
2554 4564 2612 4614 ut
2636 4559 2733 4630 qui
2754 4559 2969 4613 habent
2991 4558 3103 4613 sint
3132 4562 3409 4631 tanquam
3430 4576 3543 4614 non

1916 4656 2207 4725 habentes,
2232 4659 2290 4709 et
2305 4653 2403 4725 qui
2421 4669 2538 4707 non
2554 4652 2790 4722 habent,
2814 4656 3194 4724 permaneant
3210 4652 3546 4723 singulares.

1914 4751 2076 4816 Quod
2106 4750 2153 4804 si
2176 4750 2236 4804 in
2265 4749 2372 4803 hoc
2401 4746 2624 4815 ordine,
2656 4745 2755 4817 qui
2784 4751 3020 4818 quartus
3048 4763 3082 4801 a
3109 4747 3289 4817 capite
3326 4753 3431 4814 est,
3463 4748 3551 4802 di-

1919 4862 2096 4916 gnum
2128 4847 2213 4897 est
2243 4841 2533 4909 custodiri,
2566 4845 2778 4912 quanto
2806 4839 2991 4910 magis
3016 4840 3073 4893 in
3102 4839 3310 4911 primo,
3335 4846 3434 4896 aut
3459 4858 3548 4897 se-

1918 4939 2126 5007 cundo,
2146 4937 2233 4992 vel
2256 4940 2424 4992 tertio
2452 4934 2798 4990 servandum
2819 4936 2921 5004 est,
2961 4950 3031 4988 ne
3053 4937 3152 4988 aut
3172 4934 3416 4989 Levitico
3436 4936 3548 4990 mi-

1920 5033 2172 5099 nisterio,
2207 5035 2305 5087 aut
2332 5028 2707 5102 presbyterali
2740 5029 2978 5097 honore,
3017 5032 3115 5082 aut
3135 5027 3438 5100 episcopali
3461 5046 3558 5085 ex-

1921 5127 2177 5182 cellentia
2210 5125 2509 5196 quisquam
2540 5122 2778 5177 idoneus
2814 5120 3148 5191 aestimetur,
3185 5121 3284 5193 qui
3314 5138 3373 5177 se
3400 5140 3434 5178 a
3459 5140 3553 5179 vo-

1922 5222 2136 5291 luptate
2164 5218 2359 5273 uxoria
2383 5217 2628 5271 necdum
2657 5216 2910 5270 frenasse
2939 5214 3245 5286 detegitur.

1945 5304 2118 5395 [Cuu
2144 5330 2281 5384 ergo
2308 5312 2375 5367 de
2401 5310 2610 5365 summi
2639 5308 2948 5364 sacerdotis
2976 5309 3258 5364 electione
3289 5312 3556 5367 tractabi-

1923 5413 2034 5474 tur,
2067 5408 2160 5462 ille
2187 5405 2452 5461 omnibus
2477 5406 2864 5476 praeponatur,
2885 5419 3057 5476 quem
3077 5405 3241 5459 cleris
3264 5406 3558 5477 plebisque

1925 5519 2229 5558 consensus
2255 5499 2608 5555 concorditer
2634 5498 3018 5569 postulaverit.
3047 5501 3127 5553 lta
3144 5503 3207 5554 ut
3231 5499 3278 5553 si
3303 5499 3363 5553 in
3386 5500 3556 5553 aliam

1926 5596 2067 5651 forte
2121 5609 2423 5666 personam
2474 5592 2724 5663 partium
2781 5608 2839 5646 se
2895 5595 3022 5646 vota
3064 5592 3372 5658 diviserint,
3438 5608 3555 5645 me-

1928 5687 2254 5761 tropolitani
2297 5686 2534 5759 judicio,
2583 5686 2628 5738 is
2683 5685 2850 5740 alteri
2898 5687 3254 5757 praeferatur,
3295 5684 3392 5754 qui
3427 5701 3555 5739 ma-

1923 5784 2144 5857 joribus
2188 5784 2245 5837 et
2292 5780 2490 5836 studiis
2529 5780 2782 5851 juvatur,
2835 5783 2891 5834 et
2938 5778 3176 5833 meritis.
3222 5778 3465 5833 Tantum
3499 5782 3562 5835 ut

1931 5880 2121 5935 nullus
2145 5875 2335 5933 invitis
2361 5878 2419 5931 et
2449 5891 2565 5930 non
2589 5872 2911 5945 petentibus
2930 5870 3245 5942 ordinetur,
3268 5888 3343 5926 ne
3365 5872 3562 5930 civitas
