4034 6336
439 353 542 405 859

1337 347 1619 403 ΑΡΡΕΝΙ).
1661 346 1748 402 ΑΙ)
1788 345 1950 402 S/EC.
1991 345 2081 400 IX.
2108 372 2176 384 —
2212 338 2457 401 ISIDORI
2493 339 2912 401 MERCATORIS

3695 344 3805 399 800

437 458 767 529 episcopum
793 473 910 511 non
939 459 1220 528 optatum,
1253 460 1350 510 aut
1369 459 1712 525 contemnat,
1737 459 1834 510 aut
1853 453 2062 521 oderit,
2087 452 2490 538 Aquindecim
2547 453 2668 506 dies
2723 453 2818 524 qui
2870 450 3261 519 convenerint,
3311 451 3698 506 retardentur.
3747 452 3806 506 Si

440 645 514 700 rit
532 644 742 699 habere
763 660 936 713 quem
960 643 1154 697 voluit.
1168 643 1253 713 pe
1269 658 1513 713 persona
1528 646 1722 697 autem
1743 659 2070 697 consecran-

441 738 498 792 di
519 735 785 807 episcopi,
809 738 866 789 et
895 735 964 789 de
994 735 1133 789 cleri
1153 735 1450 806 plebisque
1481 752 1754 790 consensu
1778 741 2066 805 metropo-

441 831 646 884 litanus
687 827 983 900 episcopus
1037 828 1110 882 ad
1160 829 1574 884 fraternitatem
1627 831 1784 883 tuam
1837 828 2067 895 referat,

439 924 691 996 quidque
715 923 772 976 in
798 921 1086 994 provincia
1116 921 1261 976 bene
1287 922 1517 992 placuit,
1547 923 1686 977 scire
1712 925 1768 976 te
1795 922 1984 991 faciat,
2010 925 2072 975 ut

439 1017 861 1071 ordinationem
901 1015 1006 1070 rite
1045 1015 1443 1071 celebrandam
1482 1021 1582 1070 tua
1628 1033 1856 1088 quoque
1883 1016 2072 1069 firmet

439 1115 761 1169 auctoritas.
806 1116 940 1178 Quae
983 1114 1148 1168 rectis
1197 1113 1661 1184 dispositionibus
1692 1113 1836 1167 nihil
1868 1128 2066 1180 morae,

438 1211 536 1260 aut
553 1205 895 1261 difﬁcultatis
920 1205 1090 1260 debet
1107 1204 1328 1270 afferre,
1353 1221 1424 1259 ne
1449 1205 1715 1276 gregibus
1735 1203 1958 1258 Domini
1974 1203 2070 1258 diu

443 1299 588 1354 desit
617 1315 751 1353 cura
778 1303 1086 1370 pastorum.

512 1393 936 1464 Metropolitano
986 1407 1118 1446 vero
1173 1391 1458 1458 defuncto,
1509 1408 1641 1446 cum
1690 1392 1749 1445 in
1787 1393 1912 1445 loco
1951 1390 2071 1460 ejus

443 1486 804 1554 alius‘ifuerit
847 1485 1265 1556 subrogandus,
1314 1485 1686 1555 provinciales
1714 1483 1964 1555 episcopi
1999 1483 2070 1537 ad

442 1581 730 1634 civitatem
775 1579 1275 1649 metropolitanam
1316 1579 1620 1633 convenire
1663 1578 1970 1646 debebunt,
2012 1582 2074 1632 ut

443 1673 703 1728 omnium
726 1672 1062 1727 clericorum
1087 1676 1255 1743 atque
1276 1672 1534 1726 omnium
1554 1671 1760 1726 civium
1781 1673 2071 1725 voluntate

442 1766 712 1834 discussa,
737 1769 793 1820 et
819 1765 1163 1836 presbyteris
1191 1765 1446 1834 ejusdem
1468 1765 1736 1831 ecclesiae,
1762 1765 1850 1818 vel
1871 1781 1938 1819 ex
1961 1764 2073 1818 dia-

440 557 502 606 ut
529 552 627 605 fiat
654 550 846 604 minus
865 550 1128 620 religiosa
1190 566 1314 603 uam
1337 549 1621 616 convenit,
1643 549 1733 603 cui
1757 565 1870 602 non
1888 549 2064 603 licue—

440 645 514 700 rit
532 644 742 699 habere
763 660 936 713 quem
960 566 1253 740 voluitfbe
1269 658 1513 713 persona
1528 646 1722 697 autem
1743 659 2064 697 consecran-

2167 552 2360 602 autem
2399 546 2456 600 in
2485 563 2553 600 eo
2589 546 2746 617 quod
2775 563 2904 600 cum
2949 546 3217 600 fratribus
3261 545 3622 600 tractandum
3670 545 3807 600 deﬁ-

2168 640 2561 710 niendumque
2605 639 2914 694 credideris
2957 639 3179 694 diversa
3210 655 3410 693 eorum
3437 639 3612 693 fuerit
3641 657 3673 692 a
3702 645 3807 693 tua

2168 734 2456 788 voluntate
2508 733 2810 799 sententia,
2857 733 2926 787 ad
2969 749 3074 788 nos
3124 732 3317 788 omnia
3362 733 3464 786 sub
3504 735 3804 803 gestorum

2168 826 2562 881 testificatione
2587 825 2926 894 referantur,
2945 831 3026 893 ut,
3047 826 3279 880 remotis
3306 825 3802 896 ambiguitatibus,

2169 920 2322 991 quod
2347 921 2460 974 Deo
2486 919 2709 989 placeat
2734 919 3088 974 decernatur.
3124 919 3208 973 Ad
3230 919 3381 974 hunc
3415 919 3571 974 enim
3598 920 3802 986 finem,

2169 1029 2400 1068 omnem
2436 1012 2700 1067 effectum
2735 1016 2998 1068 nostrum
3034 1029 3342 1084 curamque
3384 1013 3707 1084 dirigimus,
3739 1019 3808 1067 ut

2169 1107 2325 1179 quod
2353 1107 2424 1162 ad
2449 1107 2722 1161 unitatem
2748 1107 3087 1174 concordiae,
3119 1113 3176 1162 et
3203 1107 3357 1178 quod
3382 1107 3455 1160 ad
3476 1107 3801 1162 custodiam

2171 1200 2418 1271 pertinet
2445 1200 2776 1270 disciplinae,
2799 1201 2959 1254 nulla
2978 1200 3328 1255 dissensione
3348 1200 3609 1270 violetur,
3640 1200 3805 1255 nulla

2170 1293 2389 1348 desidia
2424 1294 2773 1364 negligatur.
2806 1297 2875 1350 Et
2897 1299 2950 1348 te
2989 1293 3183 1364 igitur,
3231 1295 3406 1349 frater
3444 1295 3802 1360 charissima,

2171 1392 2226 1442 et
2252 1403 2350 1441 eos
2376 1387 2578 1441 fratres
2604 1392 2827 1441 nostros
2859 1387 2953 1458 qui
2988 1387 3058 1440 de
3087 1388 3199 1441 tuis
3225 1387 3594 1442 offenduntur
3619 1405 3806 1443 exces-

2172 1466 2344 1547 sibus,
2374 1497 2505 1534 cum
2532 1485 2724 1536 tamen
2772 1497 2887 1535 non
2925 1480 3125 1534 similis
3157 1481 3229 1536 sit
3258 1482 3518 1536 omnium
3556 1482 3805 1536 materia

2173 1575 2550 1644 querelarum,
2581 1575 2782 1628 hortor
2805 1579 2862 1629 et
2892 1590 3124 1641 moneo,
3164 1579 3228 1629 ut
3267 1592 3394 1646 qum
3421 1575 3514 1646 pie
3546 1580 3679 1630 sunt
3708 1593 3802 1629 or-

2170 1667 2380 1735 dinata,
2424 1668 2838 1738 salubriterque
2871 1667 3155 1738 disposita,
3194 1669 3353 1723 nulla
3379 1670 3805 1724 concertatione

2172 1762 2493 1816 turbentur.
2524 1762 2698 1816 Nemo
2726 1762 2878 1832 quod
2903 1778 3070 1816 suum
3105 1778 3228 1816 esse
3259 1767 3496 1833 qumrat,
3527 1762 3625 1817 sed
3646 1764 3802 1834 quod

441 1859 681 1914 conibus
703 1858 954 1929 optimus
974 1858 1238 1929 eligatur,
1267 1859 1336 1913 de
1361 1859 1520 1929 cujus
1545 1858 1780 1912 nomine
1807 1858 1880 1912 ad
1913 1860 2069 1912 tuam
2090 1837 2147 1909 B
2172 1855 2420 1922 alterius,
2450 1854 2592 1909 sicut
2615 1856 2912 1925 Apostolus
2938 1854 3016 1910 ait
3040 1872 3052 1909 :
3083 1877 3109 1904 ‹‹
3136 1856 3529 1927 Unusquisque
3549 1860 3805 1910 vestrum

443 1953 704 2007 notitiam
735 1951 1106 2022 provinciales
1136 1951 1383 2007 referant
1413 1953 1749 2020 sacerdotes,
1784 1951 2070 2022 impleturi

2173 1949 2430 2019 proximo
2457 1966 2558 2002 suo
2579 1949 2799 2019 placeat
2826 1949 2885 2002 in
2919 1949 3067 2004 bono
3089 1950 3160 2003 ad
3180 1949 3609 2004 aediﬁcationem
3630 1952 3802 2020 (Rom.

439 2049 574 2100 vota
599 2045 974 2115 poscentium,
1004 2044 1226 2115 siquod
1254 2045 1388 2116 ipsis
1421 2045 1650 2115 placuit,
1698 2044 1803 2098 tibi
1843 2061 2072 2116 quoque
2152 2025 2262 2108 ἂν,
2310 2043 2384 2112 2).
2432 2064 2457 2090 ››
2492 2043 2599 2096 Nec
2642 2041 2798 2095 enim
2843 2041 3051 2112 poterit
3089 2042 3337 2097 veritatis
3380 2048 3588 2096 nostrae
3634 2043 3808 2097 ﬁrma

439 2139 716 2210 placuisse
753 2138 1140 2208 cognoverint.
1186 2138 1340 2194 Sicut
1375 2139 1526 2194 enim
1558 2139 1741 2209 justas
1771 2138 2071 2192 electiones

442 2231 613 2286 nullis
641 2231 1001 2286 dilationibus
1029 2233 1294 2285 volumus
1309 2232 1563 2302 fatigari,
1587 2232 1663 2285 ita
1680 2231 1822 2286 nihil
1845 2231 2073 2302 permit-

441 2326 614 2395 timus
646 2328 700 2378 te
734 2324 1038 2394 ignorante
1068 2325 1357 2395 praesumi.

428 2390 484 2488 ί
515 2420 593 2472 De
627 2390 874 2472 conciliis
909 2390 1102 2472 autem
1145 2417 1559 2489 episcopalibus
1587 2435 1705 2473 non
1736 2419 1890 2473 aliud
1913 2418 2069 2489 judi-

439 2528 641 2566 camus
667 2527 840 2582 quam
868 2511 1049 2565 sancti
1081 2512 1271 2565 Patres
1302 2511 1604 2566 salubriter
1625 2511 1984 2580 ordinarunt,
2007 2518 2073 2566 ut

440 2604 654 2658 scilicet
694 2603 813 2658 bini
857 2609 1166 2659 conventus
1207 2621 1310 2675 per
1349 2622 1525 2660 annos
1553 2606 1802 2675 singulos
1827 2605 2072 2660 habean-

439 2707 551 2767 tur,
583 2698 640 2752 in
664 2698 870 2769 quibus
895 2698 964 2752 de
990 2697 1253 2752 omnibus
1279 2699 1524 2769 querelis
1553 2716 1681 2770 quae
1709 2699 1857 2753 inter
1885 2699 2068 2753 diver-

441 2810 529 2846 sos
561 2791 822 2846 Ecclesiae
851 2791 1075 2846 ordines
1104 2791 1257 2846 nasci
1291 2793 1559 2860 assolent,
1584 2792 1893 2862 judicetur.
1933 2795 2000 2847 Et
2026 2794 2071 2847 si

439 2888 586 2940 forte
620 2885 768 2939 inter
811 2884 962 2953 ipsos
1003 2885 1098 2954 qui
1148 2891 1403 2956 praesunt
1445 2885 1514 2939 de
1558 2885 1866 2954 majoribus
1898 2887 2068 2958 (quod

443 2978 605 3048 absit)
642 2977 881 3048 peccatis
915 2994 1083 3032 causa
1127 2983 1412 3047 nascatur,
1454 2996 1581 3050 quae
1607 2980 1941 3050 provinciali
1970 2997 2067 3034 ne-

443 3077 614 3142 queat
637 3070 898 3125 examine
921 3070 1171 3138 diftiniri,
1193 3072 1610 3127 fraternitatem
1630 3079 1787 3128 tuam
1808 3074 1876 3128 de
1902 3074 2072 3128 totius

441 3164 658 3236 negotii
693 3164 964 3234 qualitate
1001 3165 1479 3235 metropolitanus
1512 3167 1729 3221 curabit
1769 3167 2068 3235 instruere,

442 3262 500 3314 et
528 3258 574 3312 si
602 3274 795 3312 coram
830 3257 1024 3329 positis
1052 3258 1326 3329 partibus,
1355 3276 1458 3314 nec
1486 3264 1584 3315 tuo
1615 3259 1786 3315 fuerit
1811 3277 1902 3315 res
1929 3262 2074 3332 sopi-

443 3357 500 3407 ta
527 3351 763 3422 judicio,
807 3352 878 3406 ad
915 3357 1169 3406 nostram
1199 3353 1586 3424 cognitionem
1623 3355 1905 3426 quidquid
1930 3355 2074 3409 illud

442 3448 545 3512 est,
576 3445 972 3501 transferatur.

453 3514 500 3593 ί
511 3539 564 3595 Si
593 3539 914 3611 episcopus,
945 3539 1340 3596 mediocritate
1368 3540 1608 3596 civitatis
1640 3558 1755 3596 suae
1783 3542 2068 3614 despecta,

443 3633 992 3688 administrationem
1012 3633 1116 3687 loci
1140 3634 1465 3689 celebrioris
1488 3634 1768 3702 ambierit,
1791 3640 1847 3690 et
1863 3636 1932 3690 ad
1951 3652 2070 3690 ma-

432 3727 622 3799 jorem
653 3743 712 3782 se
739 3728 966 3797 plebem
1003 3743 1343 3799 quacunque
1381 3728 1667 3783 occasione
1698 3729 2069 3797 transtulerit,

439 3837 472 3875 a
509 3821 782 3876 cathedra
820 3821 1054 3891 quidem
1101 3822 1351 3892 pellatur
1383 3821 1588 3888 aliena,
1631 3823 1731 3876 sed
1768 3823 1981 3877 carebit
2018 3828 2074 3878 et

442 3914 690 3986 propria,
710 3917 775 3967 ut
794 3930 898 3967 nec
918 3914 1027 3967 illis
1043 3915 1340 3984 praasideat
1359 3931 1498 3985 quos
1514 3933 1617 3985 per
1631 3916 1923 3971 avaritiam
1945 3934 2072 3972 con—

441 4005 674 4079 cupivit,
694 4022 798 4060 nec
816 4005 925 4060 illis
943 4023 1083 4077 quos
1104 4023 1206 4078 per
1225 4008 1554 4078 superbiam
1579 4009 1814 4079 sprevit;
1837 4011 1953 4064 suis
1974 4012 2073 4082 igi-

441 4107 534 4156 tur
552 4099 811 4154 terminis
838 4102 1136 4154 contentus
1157 4101 1228 4155 sit
1250 4100 1488 4173 quisque
1509 4118 1613 4156 nec
1645 4119 1818 4173 supra
1837 4121 2068 4159 mensu-

442 4210 632 4249 suram
655 4192 802 4263 juris
826 4193 910 4247 sui
934 4193 1158 4249 affectet
1188 4195 1408 4265 augeri.

446 4275 496 4388 /
513 4287 776 4342 Alienum
805 4287 1076 4342 clericum
1102 4289 1274 4344 invito
1301 4289 1565 4360 episcopo
1585 4289 1763 4361 ipsius
1784 4308 1950 4346 nemo
1977 4311 2070 4347 su-

440 4381 658 4454 spiciat,
690 4386 747 4436 et
772 4399 943 4437 nemo
962 4381 1243 4453 sollicitet,
1267 4382 1375 4437 nisi
1401 4384 1546 4438 forte
1566 4401 1632 4438 ex
1655 4385 1860 4456 placito
1881 4387 2068 4441 chari-

438 4475 566 4532 tatis
583 4476 642 4530 id
655 4476 800 4531 inter
811 4477 1041 4532 dantem
1055 4477 1538 4549 accipientemque
1561 4481 1908 4534 convenerit.
1927 4482 2068 4534 Nam

2173 2152 2294 2190 esse
2321 2152 2618 2206 compago,
2648 2134 2756 2189 nisi
2776 2152 2878 2189 nos
2905 2136 2976 2190 ad
3002 2135 3438 2207 inseparabilem
3461 2136 3806 2193 soliditatem

2171 2229 2461 2283 vinculum
2488 2229 2783 2283 charitatis
2829 2229 3182 2298 astrinxerit;
3230 2229 3364 2300 quia
3411 2231 3554 2284 sicut
3591 2231 3648 2284 in
3690 2247 3807 2284 uno

2173 2339 2410 2393 corpore
2467 2323 2645 2376 multa
2693 2324 2956 2377 membra
3013 2323 3311 2392 habemus,
3369 2324 3559 2378 omnia
3607 2329 3806 2378 autem

2171 2416 2429 2470 membra
2447 2433 2564 2470 non
2581 2417 2846 2471 eumdem
2865 2420 3056 2471 actum
3078 2417 3316 2486 habent,
3337 2417 3415 2471 ita
3434 2418 3597 2472 multi
3619 2434 3804 2472 unum

2172 2526 2373 2581 corpus
2402 2527 2596 2565 sumus
2639 2511 2698 2564 in
2728 2510 2968 2580 Christo,
3010 2510 3220 2582 singuli
3247 2515 3438 2566 autem
3476 2512 3622 2566 alter
3653 2513 3802 2567 alte-

2172 2604 2290 2658 rius
2313 2604 2592 2660 membra.
2619 2606 2743 2658 Haec
2774 2604 3055 2659 connexio
3081 2604 3256 2659 totius
3284 2605 3517 2676 quidem
3548 2607 3806 2677 corporis

2173 2698 2607 2757 unanimitatem
2636 2698 2891 2769 requirit,
2922 2699 3024 2753 sed
3045 2700 3326 2770 praecipue
3355 2699 3531 2770 exigit
3560 2717 3802 2754 concor-

2173 2791 2321 2845 diam
2351 2792 2728 2846 sacerdotum.
2758 2792 2973 2855 Quibus
2999 2809 3132 2846 cum
3162 2792 3411 2862 dignitas
3439 2793 3511 2846 sit
3536 2810 3802 2848 commu-

2171 2885 2278 2954 nis,
2309 2902 2423 2938 non
2443 2889 2526 2938 est
2544 2888 2737 2939 tamen
2761 2884 2900 2940 ordo
2927 2886 3242 2958 generalis;
3275 2886 3546 2957 quoniam
3573 2893 3630 2942 et
3651 2887 3808 2943 inter

2172 2979 2525 3033 beatissimos
2571 2979 2860 3049 apostolos
2903 2980 2964 3033 in
3015 2980 3384 3034 similitudine
3410 2981 3645 3035 honoris
3694 2981 3808 3036 fuit

2173 3073 2434 3143 quaedam
2469 3072 2730 3127 discretio
2784 3074 3113 3144 potestatis;
3153 3079 3210 3128 et
3248 3091 3376 3128 cum
3414 3074 3672 3128 omnium
3699 3092 3810 3147 par

2173 3169 2321 3220 esset
2347 3167 2567 3234 electio,
2601 3166 2698 3220 uni
2728 3171 2920 3222 tamen
2946 3167 3141 3222 datum
3169 3173 3271 3236 est,
3310 3172 3374 3222 ut
3404 3168 3622 3224 caeteris
3654 3186 3803 3240 prae-

2174 3259 2468 3327 emineret,
2513 3260 2582 3314 de
2629 3277 2742 3331 qua
2781 3251 2964 3314 forma
3005 3261 3400 3332 episcoporum
3447 3278 3675 3333 quoque
3719 3270 3808 3319 est

2175 3359 2297 3408 orta
2326 3353 2632 3421 distinctio,
2661 3357 2718 3409 et
2743 3371 2955 3426 magna
2981 3355 3350 3426 dispositione
3377 3356 3666 3427 provisum
3693 3361 3801 3427 est,

2177 3464 2246 3503 ne
2273 3464 2474 3502 omnes
2499 3448 2603 3502 sibi
2630 3449 2827 3503 omnia
2855 3448 3232 3516 vindicarent,
3262 3449 3357 3504 sed
3385 3453 3570 3504 essent
3598 3451 3658 3504 in
3680 3451 3802 3505 sin-

2175 3537 2322 3607 gulis
2347 3538 2651 3608 provinciis
2680 3538 2909 3609 singuli,
2931 3554 3182 3609 quorum
3213 3538 3363 3594 inter
3391 3539 3591 3594 fratres
3618 3540 3804 3594 habe-

2174 3636 2330 3686 retur
2362 3631 2549 3702 prima
2579 3632 2890 3701 sententia;
2923 3605 2984 3698 ἐι
3003 3649 3196 3686 rursus
3223 3632 3456 3704 quidam
3481 3633 3540 3687 in
3571 3634 3808 3705 majori-

2172 3725 2278 3780 bus
2318 3725 2556 3780 urbibus
2598 3725 2909 3794 constituti,
2961 3726 3404 3782 sollicitudinem
3453 3727 3811 3798 susciperent

2171 3819 2526 3890 ampliorem,
2554 3837 2659 3890 per
2683 3837 2826 3891 quos
2859 3820 2930 3874 ad
2956 3837 3135 3875 unam
3177 3821 3325 3875 Petri
3353 3821 3546 3876 sedem
3573 3823 3811 3877 univer-

2172 3913 2300 3966 salis
2349 3913 2598 3967 ecclesia:
2643 3930 2779 3967 cura
2820 3912 3150 3979 conﬂueret,
3199 3917 3257 3967 et
3295 3914 3438 3968 nihil
3481 3932 3731 3986 unquam
3775 3934 3811 3970 a

2173 4023 2274 4061 suo
2313 4006 2492 4077 capite
2538 4006 2855 4062 dissideret.
2894 4007 2998 4070 Qui
3048 4023 3184 4077 ergo
3229 4008 3570 4078 quibusdam
3609 4009 3714 4063 scit
3745 4027 3808 4064 se

2173 4117 2294 4154 esse
2340 4099 2727 4170 praepositum,
2773 4117 2892 4155 non
2938 4101 3177 4155 moleste
3211 4101 3360 4156 ferat
3409 4102 3657 4173 aliquem
3695 4103 3808 4158 sibi

2173 4211 2294 4248 esse
2321 4193 2644 4264 praelatum,
2678 4194 2773 4249 sed
2797 4194 3181 4249 obedientiam
3208 4211 3382 4265 quam
3402 4196 3599 4266 exigit,
3631 4197 3804 4251 etiam

2172 4289 2289 4359 ipse
2317 4287 2620 4358 dependat,
2649 4291 2706 4342 et
2731 4287 2874 4342 sicut
2905 4304 3019 4342 non
3047 4289 3166 4344 vult
3193 4289 3378 4359 gravis
3406 4290 3595 4344 oneris
3639 4290 3810 4345 sarci-

2174 4399 2306 4436 nam
2343 4381 2511 4449 ferre,
2545 4380 2621 4435 ita
2658 4398 2773 4436 non
2813 4382 3021 4436 audeat
3047 4381 3140 4436 alii
3182 4382 3539 4454 importabile
3580 4385 3808 4454 pondus

2173 4476 2482 4546 imponere.
2524 4475 2790 4547 Discipuli
2838 4475 2990 4530 enim
3040 4493 3234 4531 sumus
3277 4476 3515 4531 humilis
3561 4481 3618 4531 et
3648 4479 3808 4534 mitis

437 4569 620 4642 gravis
640 4568 861 4641 injuriae.
888 4587 1018 4625 rcus
1040 4575 1124 4625 est
1143 4572 1241 4642 qui
1259 4572 1328 4626 de
1349 4572 1541 4626 fratris
1566 4573 1800 4627 ecclesia
1823 4574 1881 4627 id
1912 4574 2066 4645 quod
2087 4583 2145 4655 D
2168 4569 2425 4641 magistri
2453 4569 2690 4624 dicentis
2721 4587 2732 4624 :
2767 4589 2793 4620 ‹‹
2824 4570 3025 4625 Discite
3052 4587 3081 4624 a
3129 4587 3218 4625 me
3242 4571 3378 4642 quia
3406 4571 3557 4625 mitis
3587 4588 3716 4626 sum
3745 4579 3810 4628 et

439 4666 526 4718 est
549 4662 741 4718 utilius
763 4667 863 4719 aut
886 4664 1188 4735 pretiosius
1210 4665 1386 4719 audet
1405 4667 1492 4719 vel
1515 4666 1763 4733 allicere,
1795 4668 1883 4721 vel
1910 4673 2066 4723 tene-

437 4774 516 4814 re.
558 4761 754 4830 Itaque
790 4759 835 4812 si
875 4758 1026 4813 intra
1067 4759 1415 4830 provinciam
1442 4777 1534 4813 res
1573 4765 1796 4830 agatur,
1829 4762 2069 4816 transfu-

437 4869 570 4922 gam
623 4852 891 4906 clericum
937 4852 1008 4906 ad
1049 4869 1205 4906 suam
1252 4852 1544 4907 ecclesiam
1589 4855 2067 4925 metropolitanus

435 4946 624 5000 redire
667 4945 991 5016 compellat.
1039 4946 1094 5001 Si
1142 4949 1333 5001 autem
1375 4947 1600 5018 longius
1643 4948 1936 5018 processit,
1986 4950 2067 5005 tui

437 5040 709 5110 praecepti
747 5039 1082 5095 auctoritate
1118 5038 1500 5110 revocabitur,
1539 5045 1599 5096 ut
1642 5057 1744 5096 nec
1773 5042 2065 5114 cupiditati

437 5149 544 5187 nec
568 5132 868 5188 ambitioni
895 5134 1112 5188 occasio
1139 5134 1512 5206 relinquatur.

441 5229 471 5310 χ
507 5229 570 5282 In
596 5227 892 5281 evocandis
916 5232 1107 5282 autem
1140 5228 1211 5282 ad
1249 5230 1303 5282 te
1342 5228 1642 5300 episcopis,
1679 5231 2062 5287 moderatissi-

436 5336 599 5376 mum
634 5322 691 5374 te
733 5337 850 5376 esse
891 5323 1172 5390 volumus,
1220 5339 1293 5376 ne
1327 5339 1432 5394 per
1470 5323 1704 5394 majoris
1751 5324 2062 5397 diligentia:

436 5414 706 5486 speciem,
734 5414 998 5470 fraternis
1024 5415 1266 5471 videaris
1305 5416 1533 5488 gloriari
1557 5417 1800 5488 injuriis.
1831 5420 1986 5474 Unde
2017 5419 2060 5473 si

432 5526 601 5564 causa
628 5509 814 5580 aliqua
841 5510 1026 5580 major
1050 5509 1346 5576 exstiterit,
1378 5511 1449 5564 ob
1473 5527 1648 5580 quam
1677 5513 2060 5567 necessarium

430 5603 503 5657 sit
531 5604 848 5658 fraternum
877 5604 1150 5657 advocare
1183 5605 1546 5670 conventum,
1577 5604 1741 5659 binos
1769 5605 1836 5660 de
1865 5605 2058 5677 singu-

428 5696 496 5750 lis
521 5696 824 5766 provinciis
847 5696 1160 5766 episcopos,
1189 5712 1331 5766 quos
1349 5697 1776 5767 metropolitani
1798 5698 2057 5753 credide-

427 5788 542 5841 rint
591 5806 711 5842 esse
759 5788 1067 5841 mittendos
1112 5789 1181 5840 ad
1216 5788 1620 5844 fraternitatem
1667 5793 1824 5846 tuam
1863 5793 2058 5847 venire

426 5880 682 5936 sut‘liciat.
712 5855 818 6000 Ilta
863 5884 928 5934 ut
966 5881 1022 5934 in
1073 5880 1389 5951 praestituto
1431 5884 1684 5953 tempore
1739 5902 1854 5940 non
1911 5887 2058 5941 ultra

2170 4663 2400 4718 humilis
2431 4664 2616 4731 corde,
2659 4668 2716 4718 et
2749 4663 3048 4719 invenietis
3085 4665 3342 4737 requiem
3373 4664 3676 4720 animabus
3707 4683 3804 4723 ve-

2170 4759 2317 4826 stris,
2355 4757 2562 4828 jugum
2596 4757 2752 4812 enim
2781 4774 2974 4812 meum
3003 4776 3172 4814 suave
3213 4762 3316 4828 est,
3351 4763 3406 4814 et
3435 4776 3576 4814 onus
3601 4776 3802 4815 meum

2167 4853 2286 4907 leve
2316 4856 2400 4906 est
2428 4852 2642 4923 (Matth.
2675 4868 2747 4920 x1,
2778 4855 2866 4919 29,
2896 4853 3001 4921 30).
3039 4874 3065 4901 »
3110 4852 3275 4916 Quod
3307 4853 3594 4924 quomodo
3629 4871 3804 4925 expe-

2167 4947 2403 5013 riemur,
2433 4946 2542 5000 nisi
2570 4951 2626 5000 et
2665 4945 2806 5000 illud
2837 4946 2898 5000 in
2932 4946 3351 5002 observantiam
3386 4947 3590 5016 veniat,
3646 4949 3804 5020 quod

2167 5039 2320 5094 idem
2354 5040 2628 5094 Dominus
2664 5041 2782 5094 ait:
2822 5059 2850 5092 «
2881 5041 2985 5104 Qui
3033 5042 3219 5112 major
3263 5047 3347 5098 est
3376 5044 3652 5112 vestrum,
3696 5043 3806 5098 erit

2165 5135 2428 5188 minister
2451 5137 2635 5189 vester
2660 5135 2880 5207 (Matth.
2911 5151 3061 5203 xxm,
3100 5136 3206 5207 Η),
3241 5155 3266 5187 ›)
3310 5158 3338 5185 ‹‹
3367 5137 3464 5207 qui
3505 5139 3698 5191 autem
3743 5154 3803 5193 se

2167 5229 2388 5297 exaltat,
2411 5229 2808 5284 humiliabitur
2822 5247 2838 5299 ;
2870 5233 2926 5284 et
2943 5230 3042 5301 qui
3064 5246 3123 5284 se
3147 5230 3434 5300 humiliat,
3460 5231 3804 5285 exaltabitur

2131 5322 2310 5394 \(Luc.
2339 5339 2447 5389 xxv,
2481 5326 2585 5392 Η).
2623 5344 2649 5372 ››

2343 5417 2445 5471 LV.
2475 5447 2544 5457 ——
2571 5418 2664 5473 Ad
2687 5421 2985 5489 Septimum
3015 5421 3322 5490 episcopum
3344 5419 3610 5474 Altinum.

2159 5491 2171 5511 ³
2234 5511 2342 5565 LEO
2370 5513 2603 5567 Serrmo
2634 5513 2896 5584 episcopo
2933 5513 3143 5569 Altino.

2235 5605 2409 5659 Lectis
2449 5609 2560 5660 tuae
2595 5606 2966 5662 fraternitatis
3007 5607 3205 5662 litteris
3235 5607 3489 5678 vigorem
3521 5606 3650 5663 fidei
3683 5615 3799 5664 tuas

2162 5715 2334 5769 quam
2363 5699 2500 5754 olim
2540 5717 2896 5772 noveramus,
2940 5698 3298 5773 agnovimus,
3329 5702 3798 5772 congratulantes

2160 5791 2260 5846 tibi
2288 5793 2438 5863 quod
2468 5793 2540 5847 ad
2569 5796 2879 5850 custodiam
2921 5812 3164 5867 gregum
3199 5794 3406 5851 Christi
3450 5796 3794 5866 pastoralem

2159 5902 2353 5940 curam
2378 5887 2675 5959 vigilanter
2701 5890 3043 5960 exsequeris,
3077 5907 3147 5945 ne
3176 5890 3312 5962 lupi,
3344 5890 3440 5963 qui
3470 5889 3572 5945 sub
3604 5892 3793 5962 specie
