4034 6338
179 350 265 404 861

1429 342 1903 404 DECRETALIUM
1938 341 2320 404 COLLECTIO.

3428 352 3529 407 862

176 456 357 509 ovium
379 452 730 525 subintrant,
752 452 1067 508 bestiarum
1096 453 1309 508 saevitia
1329 453 1614 526 simplices
1637 471 1803 525 quos-
1823 468 1881 541 Α
1901 457 2015 510 sive
2058 455 2303 523 diaconi,
2333 454 2450 509 sive
2498 455 2775 526 cujusque
2825 454 3044 510 ordinis
3082 456 3291 525 clerici,
3322 457 3423 528 qui
3460 459 3531 512 de
3584 455 3599 471 ‘

180 564 279 620 que
323 547 656 615 dilacerent,
700 564 812 602 non
864 548 1049 602 solum
1092 546 1198 619 ipsi
1246 548 1404 602 nulla
1452 547 1803 603 correctione

179 641 487 714 proﬁciant,
516 641 617 695 sed
637 641 814 695 etiam
843 656 911 696 ea
931 658 1059 712 qua
1082 644 1216 695 sunt
1244 658 1379 696 sana
1408 636 1800 713 corrumpant.

1905 549 2343 619 Pelagianorum
2371 549 2954 620 Calestianorumque
2979 550 3267 605 consortio
3298 551 3359 605 in
3384 567 3534 605 com-

1903 642 2237 697 munionem
2263 642 2598 697 catholicam
2636 659 2700 697 ea
2732 643 3118 713 imprudentia
3149 647 3285 698 sunt
3316 661 3530 715 prace-

174 735 324 800 Quod
398 751 475 788 ne
548 734 780 805 viperea
850 735 1031 806 possit
1102 735 1362 789 obtinere
1429 736 1671 803 fallacia,
1735 735 1804 789 ad
1903 737 1988 807 pti
2014 740 2077 790 ut
2105 753 2223 791 non
2249 736 2412 807 prius
2438 736 2510 790 ad
2533 736 2961 791 damnationem
2988 740 3415 792 coarctarentur
3440 754 3530 793 er-

177 828 675 899 metropolitanum
706 828 1035 899 episcopum
1063 828 1367 900 provincia
1397 829 1647 883 Venetia
1666 828 1800 883 scri-

177 925 265 994 pta
305 921 625 976 direximus
668 920 873 991 quibus
912 921 983 975 ad
1031 923 1208 976 status
1240 922 1323 976 sui
1366 922 1684 993 periculum
1709 937 1804 976 co-

180 1018 474 1086 gnosceret
501 1014 812 1085 pertinere,
841 1014 888 1068 si
930 1014 1233 1085 quisquam
1264 1015 1334 1069 de
1362 1014 1805 1085 Pelagianorum

180 1111 232 1163 et
244 1108 712 1163 Calestianorum
743 1107 1026 1162 consortio
1053 1108 1290 1163 veniens
1315 1108 1376 1162 in
1404 1107 1807 1163 communione

179 1202 450 1257 catholica
497 1201 618 1256 sine
669 1200 1020 1272 professione
1074 1202 1347 1272 legitima
1411 1201 1808 1257 satisfactionis

179 1295 474 1350 habeatur.
534 1294 986 1350 Saluberrimum
1037 1294 1194 1349 enim
1238 1299 1342 1363 est,
1397 1301 1453 1350 et
1500 1294 1807 1366 spiritualis

179 1388 474 1444 medicina
501 1388 746 1443 utilitate
770 1387 1189 1458 plenissimum,
1221 1392 1286 1442 ut
1316 1388 1431 1442 sive
1471 1388 1804 1459 presbyteri,

177 1483 283 1537 sive
322 1481 576 1549 diaconi,
605 1481 720 1537 sive
747 1480 842 1535 alii
870 1481 1172 1553 cujuslibet
1215 1481 1429 1536 ordinis
1476 1481 1661 1536 clerici
1708 1480 1807 1550 qui

179 1593 232 1630 se
262 1578 553 1631 correctos
592 1575 769 1629 videri
808 1576 1023 1643 volunt,
1057 1591 1306 1630 errorem
1347 1592 1514 1629 suum
1553 1578 1611 1628 et
1657 1575 1807 1645 ipsos

179 1669 380 1724 erroris
447 1673 713 1724 auctores
770 1669 1029 1723 damnari
1072 1686 1105 1722 a
1161 1685 1218 1723 se
1269 1670 1387 1723 sine
1439 1667 1807 1739 ambiguitate
1848 1730 1852 1737 ,

177 1764 480 1831 fateantur,
508 1765 575 1817 ut
609 1762 865 1817 sensibus
909 1762 1095 1832 pravis
1135 1766 1192 1818 et
1223 1761 1444 1817 dudum
1492 1760 1807 1833 peremptis

182 1858 335 1911 nulla
364 1856 637 1927 sperandi
663 1856 907 1927 supersit
932 1857 1175 1925 occasio,
1195 1872 1267 1911 ne
1286 1857 1467 1910 ullum
1486 1854 1814 1909 membrum

181 1950 434 2007 Ecclesia
487 1949 691 2004 talium
738 1949 916 2020 possit
970 1950 1234 2006 societate
1286 1949 1498 2016 violari,
1531 1964 1664 2003 cum
1708 1964 1810 2018 per

182 2044 370 2099 omnia
412 2044 525 2098 illis
552 2042 824 2115 professio
867 2043 1095 2115 propria
1121 2044 1351 2114 caperit
1375 2042 1619 2097 obviare.
1652 2041 1812 2097 Circa

181 2154 317 2210 quos
346 2138 520 2193 etiam
546 2137 701 2191 illam
728 2153 1012 2191 canonum
1042 2136 1507 2191 constitutionem
1556 2135 1812 2207 pracipi-

179 2247 302 2285 mus
346 2230 641 2298 custodiri,
674 2247 747 2285 ne
777 2230 847 2284 ab
876 2231 964 2285 his
1010 2231 1256 2285 ecclesiis
1298 2230 1370 2284 ad
1409 2246 1550 2301 quas
1579 2229 1809 2301 proprie

180 2326 470 2395 pertinent
496 2324 757 2378 sinantur
786 2324 1108 2394 abscedere,
1134 2327 1192 2378 et
1220 2340 1323 2395 pro
1354 2340 1454 2378 suo
1485 2322 1718 2378 arbitrio
1738 2321 1810 2376 ad

182 2420 296 2474 loca
315 2418 422 2472 sibi
449 2435 570 2473 non
594 2418 863 2489 deputata
888 2418 1149 2473 transire.
1170 2417 1331 2482 Quod
1361 2434 1492 2472 cum
1518 2421 1671 2471 recte
1696 2432 1811 2471 non

181 2512 537 2585 permittitur
582 2511 901 2582 inculpatis,
950 2513 1133 2566 multo
1191 2512 1384 2565 minus
1426 2510 1597 2564 debet
1642 2510 1811 2565 licere

182 2606 470 2677 suspectis.
498 2604 742 2661 Proinde
764 2605 993 2663 dilectio
1017 2610 1136 2675 tua,
1165 2605 1324 2676 cujus
1350 2604 1649 2659 devotione
1678 2620 1812 2674 gau-

182 2700 400 2769 demus,
424 2699 634 2770 jungat
660 2714 859 2753 curam
890 2715 1053 2752 suam
1079 2697 1542 2770 dispositionibus
1579 2697 1809 2764 nostris,

182 2798 236 2848 et
275 2808 408 2847 cum
458 2792 784 2863 supradicto
843 2792 1284 2863 metropolitano
1334 2791 1430 2846 det
1473 2807 1709 2862 operam
1752 2796 1814 2845 ut

182 2885 587 2956 circumspecte
612 2886 881 2941 velociter
912 2886 1260 2957 impleantur
1287 2902 1357 2940 ea
1385 2901 1514 2957 qua
1538 2886 1606 2939 ad
1642 2884 1814 2939 totius

182 2979 439 3035 Ecclesia
466 2979 917 3035 incolumitatem
948 2983 1004 3035 et
1031 2979 1389 3034 laudabiliter
1414 2982 1547 3033 sunt
1580 2981 1736 3049 gesta
1757 2980 1814 3031 et

184 3074 485 3129 salubriter
512 3073 790 3128 ordinata.

488 3221 616 3277 LVI.
646 3251 714 3261 —-
741 3224 871 3277 Item
896 3221 1134 3291 ejusdem
1160 3221 1233 3275 ad
1259 3220 1516 3275 eumdem.
1835 3215 1890 3289 Ο

252 3356 548 3413 Relatione
601 3356 789 3411 fratris
845 3360 902 3410 et
947 3356 1263 3427 coepiscopi
1320 3355 1497 3411 nostri
1551 3353 1811 3425 Septimi,

181 3467 309 3523 qua
337 3451 395 3505 in
426 3450 663 3506 subditis
693 3450 956 3520 habetur,
1011 3449 1344 3521 agnovimus
1373 3448 1646 3520 quosdam
1680 3463 1811 3519 pre-

182 3545 457 3617 sbyteros,
488 3545 772 3615 diacones,
799 3561 864 3599 ac
889 3544 1094 3600 diversi
1134 3544 1348 3599 ordinis
1393 3542 1641 3611 clericos,
1671 3558 1814 3612 quos

182 3639 505 3710 Pelagiana,
531 3638 619 3693 vel
649 3638 979 3693 Calestiana
1003 3638 1234 3693 haresis
1259 3637 1525 3692 habuerit
1557 3636 1812 3707 implica-

181 3738 287 3803 tos,
333 3733 416 3787 ita
452 3732 512 3786 in
554 3734 798 3787 vestram
845 3732 1190 3803 provinciam
1231 3732 1303 3787 ad
1352 3730 1815 3786 communionem

182 3826 529 3882 catholicam
571 3825 911 3897 pervenisse,
960 3831 1025 3881 ut
1067 3827 1221 3880 nulla
1273 3825 1343 3880 ab
1394 3825 1474 3879 eis
1529 3823 1819 3878 damnatio

182 3920 404 3993 proprii
437 3920 762 3991 exigeretur
799 3920 1023 3987 erroris,
1055 3923 1117 3973 ut
1148 3918 1521 3991 pastoralibus
1548 3917 1815 3985 excubiis,

188 4016 437 4070 nimium
471 4014 937 4084 dormitantibus,
967 4014 1134 4085 lupus
1157 4013 1347 4068 ovium
1373 4013 1616 4084 pellibus
1640 4014 1820 4066 tectus

186 4109 245 4164 in
258 4108 405 4165 ovile
426 4108 804 4176 Dominicum,
819 4126 938 4164 non
961 4108 1232 4179 depositis
1251 4107 1582 4162 bestialibus
1592 4105 1817 4175 animis,

186 4202 469 4259 introiret.
494 4204 562 4257 Et
580 4218 684 4274 per
706 4202 1101 4258 auctoritatem
1126 4218 1409 4256 canonum
1437 4201 1821 4256 decretorum-

186 4314 300 4370 que
338 4300 688 4364 nostrorum,
718 4314 791 4351 ne
826 4296 1146 4352 insontibus
1195 4294 1429 4367 quidem
1469 4295 1819 4362 conceditur,

189 4397 520 4463 usurparet,
551 4393 619 4445 ut
661 4391 870 4446 relictis
900 4390 1149 4445 ecclesiis
1179 4390 1239 4444 in
1267 4389 1473 4460 quibus
1502 4387 1824 4443 clericatum

190 4490 289 4541 aut
311 4488 669 4557 acceperant,
703 4489 800 4540 aut
824 4489 1177 4556 receperant,
1204 4483 1575 4539 instabilitate
1603 4498 1702 4536 sua
1720 4497 1826 4554 per

1904 829 2067 898 roris,
2100 846 2254 883 nunc
2279 831 2480 884 saltem
2508 846 2581 900 po
2600 850 2611 873 ι
2639 846 2878 900 eaquam
2905 830 3213 901 hypocrisis
3237 847 3436 885 eorum
3466 849 3530 886 ex

1906 923 2159 995 quadam
2173 926 2331 994 parte
2351 923 2654 994 detegitur,
2670 923 2742 977 ad
2752 939 2943 977 veram
2958 923 3388 991 correctionem,
3405 941 3535 996 qua

1907 1020 1963 1071 et
1990 1017 2126 1087 ipsis
2161 1017 2431 1087 prodesse
2461 1020 2519 1071 et
2542 1015 2713 1071 nullis
2751 1016 2925 1087 possit
2955 1033 3182 1086 nocere,
3220 1020 3529 1089 cogantur;

1908 1110 2184 1165 damnent
2207 1110 2417 1181 apertis
2451 1109 2897 1180 professionibus
2939 1110 3025 1165 sui
3065 1111 3294 1182 superbi
3323 1111 3532 1166 erroris

1905 1207 2187 1271 auctores,
2218 1205 2276 1256 et
2302 1202 2581 1274 quidquid
2605 1202 2665 1257 in
2693 1203 2948 1258 doctrina
2975 1218 3175 1258 eorum
3198 1204 3533 1259 universalis

1905 1296 2153 1350 Ecclesia
2203 1296 2515 1363 exhorruit,
2551 1297 2917 1364 detestentur,
2964 1296 3270 1367 omniaque
3310 1299 3535 1353 decreta

1906 1389 2200 1460 synodalia
2236 1406 2365 1461 qua
2397 1390 2468 1444 ad
2508 1389 2845 1445 excisionem
2889 1391 3163 1445 hareseos
3213 1391 3533 1461 apostolica
3553 1374 3579 1490 ί

1908 1483 2066 1539 Sedis
2114 1483 2473 1538 conﬁrmavit
2499 1483 2800 1539 auctoritas
2840 1484 3107 1555 amplecti
3132 1500 3209 1554 se,
3244 1489 3301 1538 et
3324 1485 3384 1540 in
3410 1502 3529 1540 om-

1908 1577 2076 1631 nibus
2100 1577 2419 1648 approbare
2448 1577 2632 1648 plenis
2660 1580 2719 1631 et
2765 1578 2973 1648 apertis
2999 1594 3062 1632 ac
3098 1578 3331 1649 propria
3362 1594 3533 1633 manu

1906 1669 2233 1741 subscriptis
2254 1670 2757 1741 protestationibus
2785 1672 3143 1741 eloquantur.
3173 1670 3321 1725 Nihil
3342 1671 3401 1726 in
3420 1688 3538 1728 ver-

1908 1762 1993 1817 bis
2032 1780 2233 1818 eorum
2276 1763 2601 1830 obscurum,
2634 1763 2777 1818 nihil
2818 1764 3139 1819 inveniatur
3181 1764 3533 1836 ambiguum.

1912 1855 2195 1920 Quoniam
2237 1857 2499 1911 novimus
2529 1858 2675 1912 hanc
2706 1858 2945 1912 istorum
2972 1874 3093 1911 esse
3123 1858 3444 1927 versutiam,
3477 1864 3541 1914 ut

1908 1950 1970 2004 in
1990 1967 2332 2022 quacunque
2360 1951 2633 2022 particula
2659 1951 2944 2023 dogmatis
2966 1951 3321 2019 exsecrandi,
3350 1968 3462 2023 qua
3480 1969 3538 2007 se

1908 2060 1942 2098 a
1967 2044 2370 2099 damnatorum
2401 2044 2669 2099 societate
2698 2044 3088 2111 discreverint,
3117 2043 3259 2098 nihil
3288 2045 3395 2099 sibi
3418 2062 3542 2100 sen-

1911 2153 2079 2193 suum
2118 2154 2353 2192 suorum
2395 2137 2679 2192 astiment
2717 2154 2841 2192 esse
2870 2154 2988 2192 non
3020 2138 3253 2192 salvum.
3286 2140 3539 2211 Cumque
3611 2182 3615 2186 .

1911 2248 2105 2286 omnes
2150 2231 2518 2287 difﬁnitiones
2568 2248 2697 2287 suas
2723 2231 2797 2285 ad
2824 2235 3045 2286 tantam
3084 2231 3406 2287 facilitatem
3435 2233 3540 2287 im-

1909 2326 2154 2397 probare
2186 2342 2244 2380 se
2272 2325 2561 2395 simulent,
2595 2327 2767 2395 atque
2805 2325 3111 2396 deponere,
3138 2326 3248 2381 hoc
3284 2325 3387 2380 sibi
3417 2329 3539 2382 tota

1910 2423 2032 2473 arte
2076 2418 2332 2487 fallendi,
2361 2417 2467 2471 nisi
2512 2418 2887 2489 intelligatur,
2918 2418 3228 2489 excipiunt,
3255 2425 3321 2473 ut
3358 2419 3540 2491 gratia

1912 2512 2007 2566 Dei
2038 2512 2353 2566 secundum
2399 2511 2607 2566 merita
2645 2510 2765 2566 dari
2802 2511 3200 2582 accipientium
3242 2512 3535 2568 sentiatur.
3555 2506 3586 2586 Ι

1913 2605 2050 2669 Qua
2092 2605 2202 2659 nisi
2248 2605 2420 2676 gratis
2470 2604 2656 2674 datur,
2686 2620 2804 2659 non
2843 2608 2930 2658 est
2966 2604 3164 2675 gratia,
3194 2606 3292 2660 sed
3321 2622 3538 2662 merces

1911 2698 2323 2770 retributioque
2367 2698 2726 2766 meritorum,
2754 2697 2979 2753 dicente
3010 2698 3179 2752 beato
3220 2701 3487 2769 Apostolo
3522 2716 3535 2755 :

1915 2815 1941 2843 ‹‹
1975 2792 2163 2847 Gratia
2191 2792 2324 2847 salvi
2362 2792 2494 2847 facti
2533 2793 2663 2846 estis
2695 2809 2798 2859 per
2835 2791 3026 2861 ﬁdem,
3059 2792 3168 2847 hoc
3196 2810 3309 2847 non
3347 2810 3411 2847 ex
3440 2809 3535 2849 vo-

1911 2887 2018 2953 bis,
2052 2886 2152 2941 sed
2179 2886 2277 2941 Dei
2308 2886 2521 2941 donum
2567 2891 2670 2941 est.
2703 2888 2823 2940 Non
2866 2902 2936 2940 ex
2975 2886 3240 2957 operibus
3282 2902 3354 2940 ne
3395 2887 3538 2942 forte

1915 2980 2040 3052 quis
2061 2981 2387 3049 extollatur,
2412 2979 2587 3051 ipsius
2612 2980 2767 3034 enim
2787 2996 2986 3034 sumus
3010 2980 3349 3051 figmentum
3368 2982 3541 3036 creati

1914 3074 1971 3128 in
2000 3074 2218 3130 Christo
2249 3075 2379 3128 Jesu
2422 3074 2481 3127 in
2522 3073 2789 3145 operibus
2820 3090 2948 3144 qua
2996 3074 3333 3144 praeparavit
3375 3075 3540 3143 Deus,

1916 3171 1979 3222 ut
2006 3168 2067 3222 in
2104 3167 2200 3223 illo
2238 3167 2599 3222 ambulemus
2625 3167 2838 3239 (Ephes.
2869 3184 2926 3236 ιι,
2956 3169 3120 3238 8-10).
3150 3188 3178 3217 ››
3211 3168 3406 3223 Omnis
3435 3169 3541 3224 ita-

1916 3278 2027 3333 que
2046 3262 2330 3316 bonorum
2351 3278 2589 3333 operum
2610 3262 2835 3316 devotio
2864 3261 3056 3315 divina
3081 3262 3418 3332 praparatio
3438 3267 3540 3332 est,

1911 3372 2019 3409 nec
2049 3355 2279 3425 propria
2303 3354 2608 3426 quisquam
2651 3354 2994 3424 justiﬁcatur
3021 3353 3246 3424 virtute,
3275 3356 3545 3425 quoniam

1915 3447 2096 3520 gratia
2133 3448 2437 3519 unicuique
2482 3447 2827 3518 principium
2870 3446 3108 3517 justitia
3156 3451 3213 3501 et
3258 3447 3543 3503 bonorum

1912 3542 2043 3596 fons
2086 3545 2255 3612 atque
2303 3540 2463 3612 origo
2509 3541 2845 3595 meritorum
2873 3544 2975 3594 est.
3009 3540 3121 3594 Sed
3157 3540 3227 3594 ab
3253 3540 3373 3595 istis
3412 3541 3544 3596 ideo

1916 3651 2017 3707 per
2043 3634 2359 3690 naturalem
2389 3634 2731 3689 industriam
2764 3633 2974 3688 dicitur
3001 3633 3323 3705 praveniri,
3340 3640 3403 3689 ut
3418 3650 3545 3706 qua

1915 3734 2046 3784 ante
2078 3728 2319 3800 gratiam
2341 3727 2575 3800 pr0prio
2598 3728 2747 3782 clara
2776 3727 2849 3781 sit
2873 3726 3077 3795 studio,
3106 3728 3262 3781 nullo
3285 3727 3549 3783 videatur

1916 3823 2134 3895 peccati
2163 3822 2453 3894 originalis
2479 3821 2714 3876 vulnere
2757 3821 3026 3876 sauciata.
3056 3821 3185 3875 ldeo
3214 3821 3392 3876 etiam
3418 3839 3545 3893 par-

1916 3919 2075 3972 vulos
2097 3917 2311 3987 dicunt,
2333 3917 2380 3971 si
2405 3917 2527 3971 sine
2553 3916 2838 3987 baptismo
2865 3915 2997 3970 hinc
3024 3915 3094 3969 de
3123 3915 3329 3970 saculo
3357 3914 3550 3990 213

1920 4012 2181 4079 exierint,
2210 4027 2325 4066 non
2353 4026 2518 4082 posse
2545 4010 2829 4077 damnari,
2860 4026 3046 4080 neque
3074 4025 3202 4065 reos
3230 4009 3290 4064 in
3319 4014 3550 4081 peccato

1921 4107 2050 4162 Ada
2078 4105 2281 4175 teneri,
2311 4104 2412 4159 sed
2452 4105 2525 4159 ad
2552 4120 2798 4175 regnum
2827 4103 2927 4157 Dei
2962 4104 3048 4158 vel
3085 4104 3156 4158 ad
3183 4104 3355 4159 vitam
3388 4108 3553 4160 ater-

1919 4217 2053 4255 nam
2098 4200 2218 4254 sine
2261 4199 2381 4254 ulla
2428 4198 2791 4252 cunctatione
2818 4197 3049 4266 ,venire,
3081 4213 3212 4251 cum
3254 4199 3555 4268 Apostolus

1924 4294 2112 4348 dicat:
2149 4313 2177 4345 «
2209 4294 2315 4347 Per
2355 4308 2533 4345 unum
2566 4290 2859 4345 hominem
2896 4293 3195 4361 peccatum
3238 4290 3471 4346 intravit
3494 4292 3552 4347 in

1923 4387 2228 4453 mundum,
2254 4389 2312 4439 et
2355 4400 2459 4455 per
2488 4387 2786 4454 peccatum
2832 4399 3003 4451 mors,
3039 4386 3095 4437 et
3133 4382 3209 4437 ita
3249 4383 3308 4437 in
3354 4401 3554 4439 omnes

1925 4480 2184 4535 homines
2208 4476 2533 4550 pertransiit
2561 4478 2729 4546 (Rom.
2759 4494 2810 4545 v,
2848 4480 2958 4546 l2);
2993 4497 3021 4525 »
3050 4480 3286 4549 propter
3317 4479 3468 4548 quod
3501 4481 3557 4533 et
3580 4476 3619 4547 /

192 4580 421 4636 diversa
453 4578 941 4646 circumferantur,
977 4581 1240 4633 amantes
1271 4594 1496 4649 semper
1530 4593 1654 4631 erra
1687 4593 1738 4645 e,
1771 4581 1906 4661 etD
1928 4575 2032 4646 ipsi
2060 4571 2280 4645 parvuli
2304 4570 2686 4643 baptizantur.
2712 4570 2982 4634 Quamvis
3006 4570 3065 4624 in
3092 4569 3187 4625 illo
3209 4588 3325 4626 uno
3342 4571 3557 4642 possint

192 4690 497 4746 nunquam
516 4673 576 4727 in
590 4672 962 4728 fundamento
984 4672 1296 4744 apostolico
1315 4593 1830 4756 permanerefbuo-
1930 4667 2170 4738 intelligi
2198 4666 2364 4737 plura
2385 4666 2639 4736 peccata,
2674 4663 2721 4717 si
2748 4680 2932 4718 unum
2963 4664 3151 4735 ipsum
3179 4665 3238 4718 in
3267 4681 3367 4719 sua
3394 4664 3555 4736 quasi

192 4690 497 4746 nunquam
516 4673 576 4727 in
590 4672 962 4728 fundamento
984 4672 1296 4744 apostolico
1315 4672 1830 4746 permanere.Du0-

191 4769 353 4824 niam
374 4767 537 4840 quod
564 4767 719 4822 nullo
738 4766 973 4822 discussi
1001 4766 1281 4836 examine,
1305 4767 1460 4821 nullo
1481 4768 1613 4819 sunt
1629 4765 1833 4836 praju-

191 4862 345 4918 dicio
377 4878 496 4917 sua
525 4861 887 4933 professionis
915 4860 1186 4927 obstricti,
1219 4861 1371 4915 hunc
1421 4858 1666 4914 maxime
1708 4860 1828 4913 fru-

190 4961 351 5012 ctum
367 4958 666 5028 expetunt,
683 4960 745 5010 ut
759 4955 861 5011 sub
879 4956 1197 5011 velamento
1211 4954 1629 5009 communionis
1642 4955 1833 5026 plures

191 5050 393 5106 domos
418 5050 644 5117 adeant,
668 5053 725 5104 et
750 5067 852 5121 per
874 5049 1004 5105 falsi
1022 5049 1273 5105 nominis
1298 5047 1607 5116 scientiam,
1631 5050 1835 5103 multo-

193 5161 329 5200 rum
347 5145 526 5200 corda
547 5147 938 5217 corrumpant.
960 5145 1232 5216 Quodque
1260 5143 1453 5214 utique
1476 5143 1697 5198 efﬁcere
1717 5160 1835 5198 non

191 5243 451 5311 possent,
477 5238 525 5292 si
562 5238 930 5294 ecclesiarum
971 5237 1245 5310 prasules
1290 5237 1661 5293 necessariam
1708 5237 1832 5292 dili-

194 5332 461 5403 gentiam
480 5332 540 5386 in
562 5331 759 5387 talium
778 5332 1099 5403 receptione
1124 5337 1433 5403 servarent,
1448 5347 1554 5386 nec
1570 5330 1834 5402 cuiquam

196 5442 401 5481 eorum
431 5426 660 5498 evagari
685 5425 952 5481 licuisset.
991 5427 1069 5481 Ne
1102 5443 1239 5498 ergo
1280 5425 1515 5481 ulterius
1542 5424 1833 5491 audeatur,

200 5537 345 5576 neve
373 5537 477 5593 per
503 5521 887 5592 quorumdam
915 5520 1332 5592 negligentiam
1356 5520 1676 5575 introducta
1701 5535 1834 5591 per-

197 5616 380 5671 nicies
408 5616 478 5670 ad
506 5614 862 5671 eversionem
906 5616 1218 5670 multarum
1246 5615 1444 5670 tendat
1485 5614 1837 5680 animarum,

199 5710 311 5765 hac
331 5710 510 5766 nostri
535 5710 870 5766 auctoritate
895 5709 1164 5782 pracepti
1192 5709 1484 5763 industria
1514 5712 1624 5763 tua
1645 5708 1841 5763 frater-

202 5804 406 5860 nitatis
447 5804 772 5872 indicimus,
814 5809 875 5860 ut
907 5807 1253 5876 congregata
1294 5803 1446 5875 apud
1482 5820 1577 5856 vos
1621 5800 1841 5873 synodo

204 5898 644 5981 provincialium
697 5899 1070 5968 sacerdotum,
1098 5914 1297 5954 omnes
1344 5896 1458 5952 sive
1502 5894 1840 5968 presbyteri,

1930 4667 2170 4738 intelligi
2198 4666 2364 4737 plura
2385 4666 2639 4736 peccata,
2674 4663 2721 4717 si
2748 4680 2932 4718 unum
2963 4664 3151 4735 ipsum
3179 4665 3238 4718 in
3267 4681 3367 4719 sua
3394 4664 3555 4736 quasi

1931 4761 2191 4817 membra
2220 4758 2447 4831 singula
2471 4757 2770 4813 dividatur.

2002 4860 2143 4913 Nam
2166 4857 2224 4910 et
2249 4851 2513 4925 superbia
2537 4857 2621 4907 est
2647 4851 2781 4922 illic,
2804 4849 2939 4923 quia
2962 4849 3021 4905 in
3045 4867 3144 4905 sua
3174 4851 3346 4907 homo
3373 4852 3559 4925 potius

1933 4967 2055 5006 esse
2083 4965 2259 5022 quam
2290 4947 2351 5002 in
2380 4946 2481 5001 Dei
2508 4948 2791 5017 potestate
2834 4943 3058 5014 dilexit;
3090 4949 3147 5000 et
3176 4945 3557 5018 sacrilegium,

1934 5046 2070 5118 quia
2084 5046 2200 5099 Deo
2214 5060 2333 5098 non
2349 5039 2592 5097 credidit
2609 5058 2627 5110 ;
2650 5042 2707 5094 et
2724 5037 3119 5106 homicidium,
3138 5038 3269 5110 quia
3290 5057 3351 5095 se
3368 5042 3562 5112 praci-

1934 5139 2132 5211 pitavit
2150 5138 2211 5192 in
2232 5138 2509 5203 mortem;
2542 5139 2598 5189 et
2624 5132 2920 5189 fornicatio
2938 5131 3263 5204 spiritualis,
3281 5135 3564 5206 quiainte-

1938 5234 2113 5305 gritas
2138 5230 2347 5287 mentis
2373 5230 2639 5284 humana
2668 5225 2991 5298 serpentina
3019 5227 3277 5283 suasione
3298 5235 3566 5304 corrupta

1937 5330 2049 5393 est;
2078 5330 2135 5382 et
2164 5326 2407 5391 furtum,
2434 5323 2568 5395 quia
2595 5320 2912 5393 prohibitus
2938 5326 3239 5393 usurpatas
3269 5328 3353 5379 est
3372 5324 3561 5394 cibus;

1939 5426 1995 5475 et
2025 5419 2282 5486 avaritia,
2314 5417 2448 5488 quia
2488 5417 2617 5486 plus
2642 5430 2816 5486 quam
2848 5413 3108 5470 sufﬁcere
3135 5415 3214 5470 illi
3239 5417 3436 5472 debuit
3463 5435 3564 5489 ap-

1938 5513 2156 5586 petivit,
2185 5519 2242 5567 et
2271 5512 2317 5565 si
2344 5511 2494 5582 quod
2521 5509 2671 5564 aliud
2692 5509 2751 5563 in
2772 5508 2881 5563 hoc.
2908 5525 3020 5563 uno
3045 5510 3291 5566 admisso
3309 5511 3566 5582 diligenti

1940 5605 2388 5664 consideratione
2430 5603 2640 5676 poterit
2688 5602 2947 5658 inveniri.
2996 5605 3301 5659 Parentum
3343 5620 3567 5675 quoque

1942 5700 2180 5776 peccatis
2207 5699 2470 5771 parvulos
2500 5696 2742 5769 obligari
2773 5714 2888 5751 non
2919 5698 3100 5752 solum
3128 5696 3444 5768 primorum
3466 5697 3565 5752 ho-

1942 5797 2182 5862 minum,
2209 5794 2310 5849 sed
2338 5794 2512 5847 etiam
2542 5808 2777 5848 suorum
2807 5791 2875 5846 de
2903 5790 3109 5863 quibus
3137 5789 3246 5860 ipsi
3274 5789 3390 5844 nati
3418 5796 3569 5858 sunt,

1944 5908 2062 5947 non
2106 5887 2560 5963 improbabiliter
2607 5885 2830 5942 dicitur.
2883 5884 2985 5942 Illa
3036 5881 3246 5956 quippe
3296 5886 3574 5942 sententia
