4034 6322
459 341 559 393 863

1360 329 1639 386 ΑΡΡΕΝΙ).
1681 325 1769 384 AD
1807 328 1966 385 SEC.
2008 327 2096 383 IX.
2120 357 2188 369 —-
2227 327 2469 385 [SIDORI
2507 327 2934 385 MERCATOBIS

3724 330 3835 385 864

461 455 695 510 reddam
740 456 965 524 peccata
1009 450 1260 522 primum
1292 450 1352 502 in
1377 448 1544 517 ﬁlios,
1581 451 1732 501 tenet
1758 462 1852 501 eos
1897 447 2090 517 utique
2113 460 2172 533 Α
2192 447 2428 500 multam
2460 463 2610 518 saepe
2641 448 2904 502 nutriunt
2943 445 3344 518 pestilentiam,
3375 447 3510 502 dum
3542 449 3826 502 austerio-

459 553 769 619 antequam
809 563 912 616 per
939 543 1368 616 generationem
1412 541 1482 595 ad
1525 541 1945 595 Testamentum
1976 541 2088 593 No-

463 658 594 694 vum
639 639 912 709 incipiant
960 636 1264 709 pertinere,
1296 635 1446 706 quod
1491 634 1914 688 Testamentum
1953 649 2089 703 pro-

463 733 822 804 phetabatur,
852 747 980 784 cum
1013 730 1294 784 diceretur
1318 743 1422 798 per
1447 726 1812 792 Ezechielem,
1851 743 1968 780 non
2000 742 2088 779 ac-

463 831 724 896 cepturos
770 823 914 878 ﬁlios
943 825 1171 894 peccata
1196 827 1495 892 parentum
1526 835 1780 886 suorum,
1813 835 1916 873 nec
1949 819 2089 872 ulte-

462 919 578 973 rius
596 919 849 971 futuram
871 917 929 970 in
943 916 1110 970 Israel
1128 915 1462 986 parabolam
1483 914 1668 968 illam:
1691 935 1717 960 «
1736 914 1923 966 Patres
1939 928 2095 966 man-

461 1013 809 1066 ducaverunt
852 1026 1017 1064 uvam
1053 1009 1336 1078 acerbam,
1368 1010 1424 1062 et
1466 1007 1664 1062 dentes
1713 1005 1960 1060 ﬁliorum
1989 1005 2090 1058 ob-

461 1107 791 1175 stupescunt
820 1103 944 1173 (Jer.
977 1119 1120 1170 xxxx,
1145 1105 1253 1170 29).
1281 1123 1307 1150 ››
1345 1101 1474 1156 Ideo
1505 1100 1656 1154 enim
1689 1115 1983 1170 quousque
2014 1114 2095 1152 re-

464 1197 732 1263 nascitur,
769 1200 829 1249 ut
854 1196 1104 1250 solvatur
1131 1196 1188 1248 in
1219 1212 1286 1249 eo
1315 1193 1594 1264 quidquid
1621 1192 1834 1263 peccati
1861 1195 1948 1246 est
1966 1207 2094 1246 cum

461 1308 575 1363 quo
623 1290 888 1344 nascitur.
924 1291 1065 1342 Nam
1097 1291 1326 1360 peccata
1364 1303 1493 1359 quae
1538 1286 1685 1340 male
1724 1285 1949 1356 agendo
1993 1301 2091 1354 po-

462 1390 580 1438 stea
601 1383 1059 1449 committuntur,
1088 1385 1322 1452 possunt
1348 1385 1404 1434 et
1427 1378 1753 1451 pmnitendo
1777 1378 1980 1447 sanari,
1997 1377 2098 1430 sic-

466 1483 526 1532 ut
551 1477 722 1531 etiam
772 1479 896 1547 post
927 1475 1272 1546 baptismum
1298 1474 1422 1528 ﬁeri
1451 1473 1726 1528 videmus.
1761 1475 1836 1526 Ac
1863 1480 1966 1542 per
1994 1471 2098 1524 hoc

465 1589 580 1625 non
611 1583 695 1625 est
721 1571 974 1624 instituta
1001 1569 1384 1640 regeneratio,
1404 1567 1513 1621 nisi
1534 1567 1668 1638 quia
1683 1565 1882 1619 vitiosa
1903 1567 1985 1619 est
2006 1580 2098 1635 ge-

466 1665 708 1733 neratio,
727 1680 903 1735 usque
926 1663 1068 1716 adeo
1091 1667 1150 1716 ut
1178 1663 1349 1715 etiam
1370 1661 1440 1715 de
1463 1660 1715 1730 legitimo
1732 1657 2098 1712 matrimonio

465 1763 792 1830 procreatus
820 1757 968 1811 dicat
996 1774 1007 1809 :
1041 1776 1067 1807 «
1099 1759 1159 1810 In
1191 1753 1579 1826 iniquitatibus
1613 1756 1916 1822 conceptus
1947 1767 2092 1818 sum,

2193 557 2314 594 rem
2343 540 2698 595 dissimulant
2736 541 3003 596 adhibere
3041 541 3401 596 medicinam.

2264 635 2412 688 LVII.
2453 613 2519 672 ὲ
2549 635 2643 688 Ad
2667 637 2940 690 universos
2966 637 3235 706 episcopos
3255 651 3357 706 per
3381 635 3756 706 Campaniam.

2266 727 2372 780 Leo
2395 726 2667 782 universis
2693 726 2973 799 episcopis
3001 745 3101 799 per
3124 728 3513 800 Campaniam,
3533 728 3834 784 Samnium

2193 818 2508 875 Picenium.

2265 913 2469 983 Magna
2495 913 2897 984 indignatione
2929 931 3310 984 commoveor,
3337 919 3395 969 et
3425 915 3604 970 multo
3635 914 3835 969 dolore

2196 1006 2520 1075 contristor,
2535 1007 2688 1077 quod
2710 1008 2983 1078 quosdam
3011 1025 3076 1062 ex
3099 1008 3253 1062 vobis
3279 1008 3529 1079 comperi
3559 1025 3680 1063 esse
3699 1025 3838 1080 apo-

2195 1099 2403 1154 stolicae
2430 1099 2747 1154 traditionis
2794 1100 3016 1169 oblitos,
3050 1107 3107 1156 et
3148 1101 3334 1156 studio
3380 1102 3464 1155 sui
3495 1102 3703 1155 erroris
3743 1101 3832 1155 in-

2198 1195 2398 1260 tentos,
2415 1195 2482 1246 ut
2502 1197 2712 1264 praster
2731 1194 2958 1248 Paschaa
2980 1194 3210 1261 festum,
3230 1195 3319 1248 cui
3339 1195 3456 1249 sola
3472 1196 3836 1248 Pentecostes

2195 1285 2524 1340 solemnitas
2559 1291 2936 1356 comparatur,
2967 1287 3210 1342 audeant
3237 1287 3466 1341 sibimet
3493 1305 3608 1342 non
3638 1287 3834 1358 aliqua

2197 1379 2461 1432 humana:
2483 1379 2829 1433 inﬁrmitatis
2850 1381 3178 1435 necessitate
3201 1385 3467 1452 cogente,
3491 1381 3588 1434 sed
3606 1382 3725 1434 sola
3749 1381 3836 1433 in-

2197 1471 2528 1542 disciplinati
2567 1473 2782 1527 arbitrii
2813 1473 3097 1540 libertate,
3123 1474 3218 1543 jus
3256 1473 3614 1544 baptismatis
3640 1473 3832 1527 vindi-

2197 1582 2343 1630 care,
2363 1565 2489 1619 etin
2507 1566 2788 1620 natalibus
2811 1570 3124 1636 martyrum
3144 1584 3390 1638 quorum
3408 1568 3538 1621 ﬁnis
3555 1567 3722 1620 aliter
3734 1567 3836 1621 ho-

2196 1660 2489 1713 norandus
2507 1663 2590 1713 est
2604 1676 2776 1730 quam
2797 1659 2916 1713 dies
2943 1660 3247 1714 Dominicw
3276 1661 3572 1732 passionis,
3598 1677 3837 1732 regene-

2198 1752 2434 1806 rationis
2453 1753 2737 1807 celebrare
2765 1754 3053 1824 mysteria,
3072 1770 3136 1807 ac
3157 1753 3276 1808 sine
3299 1754 3425 1807 ullis
3447 1753 3834 1824 spiritualium

465 1827 521 1906 et
549 1853 604 1905 in
636 1851 877 1922 peccatis
907 1855 1088 1904 mater
1115 1865 1210 1902 me
1237 1849 1296 1902 in
1325 1851 1490 1902 utero
1525 1847 1664 1900 aluit
1693 1846 1858 1915 (Psal.
1889 1862 1936 1913 L,
1968 1846 2039 1914 6).
2065 1867 2090 1893 »
2115 1827 2172 1898 Β
2197 1845 2612 1900 eruditionibus
2641 1847 3143 1917 praeparationum,
3165 1847 3242 1900 ita
3271 1847 3502 1901 rudibus
3529 1853 3584 1901 et
3605 1847 3838 1917 imperi-

465 1948 656 2016 Neque
708 1945 797 1998 hic
855 1943 993 1997 dixit
1046 1942 1361 2013 iniquitate,
1412 1941 1498 1993 vel
1551 1941 1608 1993 in
1663 1943 1916 2009 peccato,
1968 1954 2096 1991 cum

465 2041 574 2094 hoc
625 2041 776 2093 recte
828 2037 936 2091 dici
987 2041 1192 2107 posset,
1240 2035 1337 2090 sed
1387 2034 1715 2105 iniquitates
1760 2036 1816 2086 et
1865 2035 2097 2102 peccata

465 2133 653 2186 dicere
702 2130 922 2197 maluit,
957 2130 1090 2200 quia
1123 2134 1180 2183 et
1210 2128 1266 2181 in
1309 2128 1405 2181 illo
1446 2143 1562 2181 uno
1603 2125 1754 2197 quod
1792 2125 1850 2178 in
1897 2140 2097 2178 omnes

466 2224 725 2279 homines
757 2222 1138 2294 pertransivit,
1165 2225 1338 2291 atque
1363 2225 1477 2274 tam
1507 2235 1787 2289 magnum
1828 2221 1912 2272 est
1939 2223 1998 2271 ut
2029 2233 2095 2271 eo

466 2323 801 2382 mutaretur,
833 2320 890 2368 ct
917 2317 1346 2369 converteretur
1371 2314 1429 2366 in
1455 2311 1850 2366 necessitatem
1901 2310 2098 2364 mortis

466 2414 719 2465 humana
765 2412 984 2477 natura,
1029 2409 1175 2462 sicut
1220 2423 1388 2477 supra
1434 2405 1706 2473 disserui,
1738 2405 2098 2475 reperiuntur

465 2507 631 2577 plura
662 2507 889 2574 peccata
923 2506 979 2556 et
1022 2501 1132 2556 alia
1177 2502 1506 2572 parentum,
1538 2515 1665 2569 qua:
1707 2515 1819 2551 non
1867 2501 2100 2568 possunt

466 2602 685 2652 mutare
704 2601 988 2664 naturam,
1005 2599 1168 2648 reatu
1192 2599 1381 2648 tamen
1399 2592 1656 2662 obligant
1670 2590 1832 2658 ﬁlios,
1847 2590 1954 2643 nisi
1978 2606 2100 2660 gra-

467 2691 611 2745 tuita
639 2691 820 2761 gratia
841 2695 898 2744 et
921 2687 1307 2742 misericordia
1327 2686 1519 2741 divina
1539 2684 1892 2739 subveniant.
1916 2686 1956 2738 A
1974 2699 2100 2754 par-

467 2786 596 2839 vulo
622 2784 776 2839 enim
797 2799 992 2837 recens
1018 2787 1171 2848 nato,
1195 2796 1374 2851 usque
1403 2779 1470 2833 ad
1502 2777 1855 2849 decrepitum
1881 2792 2097 2842 senem,

465 2877 777 2949 quamlibet
804 2876 1051 2947 corporis
1083 2878 1311 2929 aetatem
1343 2876 1570 2943 gerant,
1596 2871 1739 2924 sicut
1767 2871 1954 2924 nullus
1975 2886 2100 2940 pro-

467 2970 750 3026 bibendus
778 2974 861 3024 est
889 2987 920 3022 a
946 2969 1247 3039 baptismo,
1280 2967 1356 3020 ita
1380 2966 1566 3020 nullus
1595 2969 1677 3019 est
1705 2964 1803 3035 qui
1834 2981 1950 3018 non
1981 2979 2100 3033 pec-

467 3069 592 3118 cato
635 3063 907 3117 moriatur
951 3062 1011 3115 in
1056 3061 1356 3132 baptismo.
1393 3058 1503 3113 Sed
1543 3058 1763 3128 parvuli
1813 3056 2096 3127 originali,

467 3158 712 3228 majores
743 3159 935 3210 autem
969 3156 1141 3210 etiam
1180 3153 1266 3207 his
1304 3151 1569 3207 omnibus
1605 3149 1928 3204 moriuntur
1965 3166 2097 3221 pec-

468 3254 607 3306 catis
648 3265 1002 3321 quzecunque
1054 3249 1197 3302 male
1241 3246 1482 3300 vivendo
1522 3245 1788 3300 addidere
1840 3243 1913 3298 ad
1961 3243 2097 3297 illud

467 3345 623 3417 quod
657 3343 942 3398 nascendo
990 3346 1237 3396 traxere.
1284 3339 1612 3395 Cavendum
1643 3354 1780 3408 ergo
1813 3335 2098 3390 dilectioni

466 3443 580 3493 tua:
606 3441 691 3493 est
727 3453 1050 3507 magnaque
1091 3433 1387 3504 diligentia
1433 3431 1865 3504 providendum,
1897 3447 1968 3483 ne
1994 3446 2099 3500 per

467 3531 795 3602 hujusmodi
825 3530 1083 3584 homines
1113 3527 1383 3582 exstincta
1409 3525 1627 3580 dudum
1649 3524 1916 3578 scandala
1932 3522 2099 3577 susci-

470 3631 682 3692 tentur,
707 3630 761 3679 et
789 3625 858 3678 de
887 3623 1076 3678 exciso
1107 3623 1239 3676 olim
1269 3622 1535 3692 dogmate
1566 3617 1777 3688 aliquid
1796 3617 1853 3671 in
1875 3617 2099 3687 provin-

469 3721 555 3774 cia
575 3719 835 3789 ejusdem
854 3718 987 3772 mali
1012 3732 1253 3788 germen
1281 3714 1512 3782 oriatur,
1534 3711 1687 3783 quod
1706 3727 1821 3765 non
1841 3712 2022 3764 solum
2041 3710 2098 3763 in

469 3813 749 3867 radicibus
800 3811 912 3864 suis
962 3815 1194 3877 crescat,
1225 3807 1320 3862 sed
1367 3807 1536 3861 etiam
1587 3810 1794 3858 sanctae
1843 3803 2098 3858 Ecclesiae

469 3907 723 3960 sobolem
756 3921 974 3957 veneno
1004 3903 1089 3955 sui
1121 3901 1306 3955 odoris
1338 3899 1571 3952 inﬁciat.
1603 3897 1712 3961 Qui
1737 3902 2017 3951 correctos
2043 3912 2100 3950 se

472 3999 647 4054 videri
693 4000 888 4051 volunt
931 3997 1000 4049 ab
1053 3995 1212 4048 omni
1263 3992 1585 4064 suspicione
1642 4007 1698 4045 se
1744 3994 2012 4061 purgent,
2046 3995 2102 4043 et

471 4091 790 4148 obediendo
828 4089 988 4142 nobis
1032 4088 1289 4158 praebent
1339 4102 1398 4139 se
1427 4101 1548 4139 esse
1577 4089 1818 4139 nostros.
1849 4085 2100 4147 Quorum

470 4186 516 4240 si
543 4185 845 4256 quisquam
877 4181 1192 4236 salubribus
1226 4179 1520 4251 pra=ceptis
1564 4178 1881 4233 satisfacere
1910 4178 2098 4232 detre-

471 4279 654 4345 ctarit,
684 4277 796 4332 sive
840 4277 934 4332 ille
974 4275 1225 4342 clericus,
1261 4273 1374 4328 sive
1419 4273 1490 4327 sit
1522 4273 1714 4340 laicus,
1743 4272 1812 4325 ab
1845 4271 2099 4325 Ecclesia:

471 4375 736 4428 societate
764 4372 1024 4444 pellatur,
1054 4386 1125 4424 ne
1155 4368 1410 4440 perditor
1441 4367 1648 4422 animae
1680 4383 1795 4420 suae
1817 4366 1982 4420 saluti
2013 4367 2096 4419 iu-

470 4468 711 4523 sidietur
742 4465 960 4520 alienat.
1007 4465 1160 4518 Illam
1202 4478 1426 4534 quoque
1456 4468 1678 4532 partem
1719 4459 2101 4514 ecclesiasticae

2198 1939 2268 1992 tis
2299 1939 2519 1994 tradere
2551 1943 2990 2010 sacramentum,
3019 1945 3085 1994 ut
3119 1940 3266 1994 circa
3304 1941 3660 1995 renovandos
3690 1941 3834 1995 nihil

2199 2032 2455 2086 doctrina
2512 2033 2910 2100 ecclesiastica,
2956 2034 3100 2088 nihil
3151 2034 3480 2088 exorcismis
3540 2035 3834 2105 impositio

2197 2141 2500 2192 manuum,
2531 2127 2675 2180 nihil
2703 2128 2822 2197 ipsa
2861 2127 3078 2198 jejunia
3105 2127 3308 2198 quibus
3338 2131 3492 2182 vetus
3522 2128 3692 2182 homo
3724 2128 3831 2182 de-

2198 2219 2453 2284 struitur,
2479 2225 2815 2290 operentur;
2850 2237 3036 2291 neque
3067 2221 3123 2274 in
3157 2225 3314 2276 tanto
3341 2221 3612 2291 mysterio
3641 2210 3838 2275 salu-lis

2199 2312 2466 2366 humana:
2517 2313 2671 2366 nulla
2722 2313 2845 2383 ejus
2899 2314 3008 2368 diei
3066 2315 3340 2369 habeatur
3389 2315 3666 2386 exceptio,
3719 2332 3836 2385 quo

2199 2405 2384 2476 ipsum
2413 2405 2626 2460 donum
2657 2413 2740 2460 est
2767 2407 3056 2461 conditum
3088 2408 3530 2463 renascentibus.
3553 2408 3840 2462 Admone-

2200 2515 2327 2552 mus
2360 2499 2553 2569 igitur,
2584 2505 2639 2553 et
2673 2516 2787 2553 non
2819 2500 2942 2554 sine
2983 2501 3234 2571 periculo
3279 2505 3453 2556 status
3499 2517 3699 2556 eorum
3733 2504 3836 2572 qui

2200 2593 2320 2646 haec
2361 2593 2575 2647 faciunt
2619 2596 3018 2663 protestamur,
3053 2599 3114 2648 ut
3139 2594 3209 2648 ab
3239 2594 3341 2648 hac
3383 2595 3836 2665 praesumptione

2200 2691 2464 2752 cessetur,
2503 2693 2559 2740 et
2603 2703 2884 2740 summam
2928 2688 3076 2741 hanc
3121 2688 3687 2759 potentissimamque
3736 2689 3838 2742 Dei

2203 2780 2443 2850 gratiam
2472 2796 2585 2834 non
2613 2781 2720 2834 nisi
2751 2781 2811 2834 in
2838 2781 3089 2834 Paschali
3139 2787 3197 2835 et
3238 2783 3592 2836 Pentecostes
3621 2782 3712 2836 die
3743 2783 3838 2837 de-

2200 2873 2576 2926 siderantibus
2606 2879 2662 2928 et
2689 2874 3048 2927 credentibus
3068 2862 3390 2942 cenferatis,
3409 2879 3676 2930 manente
3701 2891 3841 2946 quo-

2201 2966 2337 3020 libet
2366 2971 2624 3036 tempore
2653 2967 2910 3038 gravium
2936 2969 3338 3022 necessitatum
3365 2986 3427 3022 ac
3450 2969 3837 3039 periculorum

2201 3059 2652 3113 consideratione
2685 3060 3000 3114 secundum
3029 3077 3202 3132 quam
3231 3065 3485 3131 oporteat
3523 3062 3835 3130 subveniri,

2201 3169 2273 3206 ne
2304 3152 2625 3207 conditione
2654 3153 2882 3208 mortali
2918 3158 3194 3208 coarctata
3232 3154 3534 3209 inﬁrmitas
3573 3172 3835 3220 necessa-

2200 3246 2285 3299 ria
2307 3246 2641 3301 liberatione
2685 3247 2999 3315 fraudetur,
3033 3265 3161 3302 cum
3202 3253 3420 3303 servata
3449 3249 3610 3318 (sicut
3639 3223 3835 3319 perlo-

2199 3340 2310 3393 cuti
2337 3339 2555 3411 sumus)
2585 3341 2825 3394 duarum
2858 3343 3254 3396 tantummodo
3282 3343 3650 3397 festivitatum
3685 3360 3841 3397 reve-

2154 3423 2164 3459 "
2199 3434 2404 3496 rentia,
2425 3437 2662 3505 propter
2688 3435 2868 3488 multa
2896 3435 3148 3505 pericula
3174 3435 3244 3489 sit
3263 3435 3598 3503 cavendum,
3623 3453 3692 3490 ne
3717 3438 3836 3490 cui-

2201 3544 2374 3597 quam
2404 3533 2502 3582 aut
2526 3528 2888 3599 indesperata
2918 3529 3275 3599 aegritudine,
3304 3533 3403 3584 aut
3428 3530 3484 3584 in
3511 3530 3840 3586 hostilitatis

2201 3621 2448 3686 incursu,
2480 3625 2577 3675 aut
2607 3622 2665 3674 in
2699 3621 2901 3675 timore
2929 3623 3213 3693 naufragii
3245 3639 3348 3695 per
3375 3625 3697 3680 sacerdotes
3722 3627 3834 3680 Do-

2200 3714 2340 3767 mini
2371 3715 2726 3785 regcneratio
2752 3716 3089 3785 denegetur.
3115 3717 3170 3772 Si
3200 3717 3326 3788 quis
3357 3734 3487 3772 vero
3513 3724 3640 3789 post
3665 3719 3839 3774 inter-

2201 3807 2416 3862 dictum
2435 3809 2495 3862 in
2511 3809 2710 3863 eadem
2728 3808 2899 3864 fuerit
2917 3812 3280 3881 usurpatione
3306 3812 3583 3879 detectus,
3600 3812 3840 3883 dignam

2200 3901 2520 3972 pertinaciee
2547 3918 2662 3956 suae
2692 3901 2905 3956 incidet
2937 3903 3249 3972 ultionem;
3283 3905 3552 3976 quoniam
3581 3907 3842 3961 ostendit

2201 4011 2257 4048 se
2286 3999 2451 4065 turpe
2484 3996 2676 4070 potius
2706 3995 2932 4050 lucrum
2962 4013 3134 4069 quam
3157 3998 3450 4069 religionis
3479 3999 3693 4054 cultum
3718 4018 3838 4056 esse

2201 4079 2684 4164 sectatum/Illam
2714 4090 2883 4144 etiam
2914 4094 3116 4146 contra
3159 4093 3528 4164 apostolicam
3573 4095 3835 4165 regulam

2201 4182 2726 4253 praesumptionem,
2762 4200 2932 4254 quam
2977 4202 3163 4256 nuper
3206 4188 3411 4258 agnovi
3440 4204 3472 4241 a
3496 4187 3839 4258 quibusdam

2203 4276 2396 4330 illicita
2423 4277 2788 4347 usurpatione
2832 4279 3128 4347 committi,
3162 4281 3348 4335 modis
3391 4282 3656 4336 omnibus
3703 4299 3836 4336 con-

2201 4370 2372 4424 stituo
2415 4370 2754 4426 submoveri.
2785 4373 2860 4426 De
2893 4373 3224 4443 paenitentia
3251 4373 3509 4430 videlicet
3533 4392 3661 4446 quae
3693 4393 3725 4430 a
3774 4377 3836 4430 ﬁ-

2203 4463 2422 4518 delibus
2448 4465 2786 4535 postulatur,
2818 4483 2889 4521 ne
2918 4467 2986 4521 de
3013 4467 3368 4538 singulorum
3395 4485 3604 4539 genere
3632 4469 3844 4524 libellis

473 4561 783 4633 disciplina:
831 4576 942 4630 qua
985 4557 1121 4612 olim
1168 4573 1200 4610 a
1239 4555 1442 4610 sanctis
1492 4555 1747 4610 Patribus
1779 4558 1834 4607 et
1880 4570 1913 4607 a
1943 4553 2181 4640 nobisD
2205 4559 2412 4628 scripta
2441 4558 2713 4632 professio
2745 4560 2967 4630 publice
2998 4561 3282 4631 recitetur,
3313 4579 3442 4616 cum
3474 4568 3665 4617 reatus
3704 4580 3840 4618 con-

472 4672 619 4726 sazpe
657 4655 947 4708 decretum
987 4655 1089 4718 est,
1131 4655 1195 4704 ut
1237 4666 1342 4704 nec
1369 4649 1428 4703 in
1473 4649 1893 4720 presbyteratus
1925 4647 2104 4718 gradu

474 4767 576 4804 nec
605 4750 663 4803 in
693 4748 1024 4802 diaconatus
1052 4744 1274 4812 ordine,
1305 4760 1406 4797 nec
1433 4743 1491 4796 in
1520 4741 1888 4812 subsequenti
1920 4740 2104 4795 ofﬁcio

471 4843 804 4900 clericorum
823 4841 892 4895 ab
912 4839 1156 4894 Ecclesia
1178 4838 1449 4909 cuiquam
1481 4835 1721 4890 transire
1743 4835 1813 4889 sit
1833 4834 2102 4903 liberum,

473 4939 613 4993 utin
639 4937 926 5005 integrum
951 4950 1194 5001 revoces,
1217 4933 1611 4986 admonemus.
1628 4933 1694 4985 Et
1717 4928 2104 4998 unusquisque

474 5049 589 5086 non
645 5029 953 5084 ambitione
1013 5028 1250 5092 illectus,
1304 5041 1416 5078 non
1463 5023 1772 5094 cupiditate
1819 5022 2101 5087 seductus,

475 5141 590 5178 non
615 5121 977 5194 persuasione
1008 5120 1306 5175 hominum
1336 5118 1700 5188 depravatus,
1731 5115 1806 5169 ibi
1839 5115 1931 5168 ubi
1959 5114 2106 5168 ordi-

474 5223 641 5272 natus
687 5222 769 5270 est
816 5213 1287 5314 perseveret.‘lta
1329 5215 1392 5265 ut
1425 5211 1469 5264 si
1498 5210 1623 5281 quis
1674 5225 1771 5262 sua
1819 5223 2101 5279 quaerens,

471 5328 588 5367 non
614 5327 742 5381 quae
772 5311 897 5364 Jesu
925 5308 1153 5376 Christi,
1182 5301 1253 5360 'ad
1284 5303 1576 5359 ecclesiam
1604 5319 1763 5357 suam
1792 5301 1977 5355 redire
2005 5318 2100 5356 ne-

473 5404 731 5478 glexerit,
759 5405 816 5457 et
839 5403 907 5456 ab
939 5401 1170 5456 honoris
1197 5397 1509 5470 privilegio,
1539 5401 1595 5451 et
1623 5414 1656 5449 a
1689 5395 2104 5449 communionis

471 5501 692 5556 vinculo
725 5497 1002 5552 habeatur
1045 5499 1367 5548 ektraneus.
1399 5493 1517 5545 Non
1547 5496 1738 5545 autem
1769 5487 1988 5544 dubitet
2017 5489 2100 5544 di-

471 5596 640 5650 lectio
684 5598 781 5647 tua
821 5607 920 5644 nos
952 5589 995 5643 si
1026 5588 1106 5656 (ut
1137 5602 1253 5640 non
1293 5584 1654 5654 arbitramur)
1686 5583 1940 5653 neglecta
1982 5583 2099 5639 fue-

471 5691 604 5755 rint,
633 5702 760 5758 quae
790 5700 892 5754 pro
920 5680 1171 5736 custodia
1201 5695 1507 5744 canonum,
1541 5683 1596 5733 et
1637 5694 1739 5748 pro
1782 5677 1909 5732 ﬁdei
1955 5677 2100 5732 inte-

474 5781 672 5850 gritate
689 5776 1067 5840 decernimus,
1085 5773 1475 5826 vehementius
1493 5771 1946 5839 commovendos,
1972 5771 2104 5841 quia

469 5871 806 5926 inferiorum
823 5868 1088 5922 ordinum
1107 5866 1286 5936 culpae
1307 5864 1376 5917 ad
1393 5865 1577 5917 nullos
1597 5865 1780 5933 magis
1794 5863 2104 5918 referendae

477 5963 626 6028 sunt,
659 5975 826 6028 quam
853 5959 918 6012 ad
952 5958 1174 6011 desides
1211 5955 1676 6026 negligentesque
1709 5960 1975 6020 rectores,
2007 5954 2101 6024 qui

2204 4651 2571 4705 scientiarum
2601 4653 2842 4706 sufﬁciat
2863 4654 2996 4708 solis
3021 4654 3409 4709 sacerdotibus
3434 4656 3680 4710 indicare
3700 4674 3840 4711 con-

2204 4744 2446 4798 fessione
2467 4751 2708 4801 secreta.
2731 4747 2996 4811 Quamvis
3013 4748 3166 4801 enim
3187 4748 3481 4820 plenitudo
3501 4749 3634 4803 ﬁdei
3657 4751 3847 4806 videa-

2204 4844 2296 4892 tur
2326 4855 2445 4892 esse
2489 4839 2782 4895 laudabilis
2825 4858 2950 4912 quae
2997 4846 3230 4912 propter
3252 4842 3351 4897 Dei
3381 4843 3648 4898 timorem
3690 4846 3844 4916 apud

2204 4931 2466 4986 homines
2506 4933 2836 4989 erubescere
2879 4951 2996 4989 non
3034 4937 3278 5002 veretur,
3307 4939 3500 4991 tamen
3545 4937 3676 5007 quia
3729 4955 3846 4994 non

2206 5024 2464 5079 omnium
2511 5026 2838 5097 hujusmodi
2891 5033 3024 5084 sunt
3062 5033 3290 5100 peccata
3333 5034 3400 5085 ut
3441 5047 3509 5085 ea
3557 5032 3842 5101 poeniteno

2203 5118 2341 5173 tiam
2386 5124 2630 5190 poscunt
2679 5139 2796 5176 non
2847 5121 3084 5178 timeant
3128 5124 3434 5195 publicare,
3485 5132 3849 5180 removeatur

2203 5213 2659 5282 improbabiliter
2701 5218 3068 5287 consuetudo,
3099 5234 3170 5272 ne
3209 5219 3374 5272 multi
3416 5236 3449 5273 a
3491 5219 3847 5290 poenitentiae

2204 5307 2472 5361 remediis
2516 5313 2836 5380 arceantur,
2870 5310 3008 5365 dum
3059 5317 3156 5366 aut
3197 5312 3556 5379 erubescunt,
3589 5316 3687 5367 aut
3715 5330 3842 5369 me-

2207 5404 2374 5454 tuunt
2407 5401 2646 5456 inimicis
2683 5403 2798 5457 suis
2828 5420 2928 5458 sua
2973 5405 3120 5458 facta
3166 5422 3433 5473 reserare,
3466 5407 3668 5478 quibus
3704 5425 3844 5479 pos-

2202 5499 2334 5548 sunt
2364 5497 2556 5565 legum
2587 5495 3013 5553 constitutiones
3043 5500 3295 5570 percelli.
3324 5499 3538 5556 Sufﬁcit
3567 5501 3721 5556 enim
3743 5503 3844 5556 illa

2204 5589 2484 5642 confessio
2499 5605 2626 5659 qum
2641 5591 2893 5661 primum
2909 5593 3026 5646 Deo
3046 5593 3301 5661 oﬁ‘ertur,
3319 5598 3451 5648 tunc
3469 5594 3639 5648 etiam
3658 5612 3847 5650 sacer-

2205 5681 2320 5735 doti
2342 5699 2443 5752 pro
2470 5681 2687 5737 delictis
2713 5686 3112 5754 poenitentium
3144 5693 3405 5758 peccator
3435 5688 3846 5745 accedit.Tunc

2202 5774 2353 5828 enim
2385 5773 2616 5829 demum
2646 5777 2836 5846 plures
2863 5779 2936 5832 ad
2968 5780 3358 5850 pcenitentiam
3397 5786 3661 5852 poterunt
3699 5799 3837 5853 pro-

2204 5867 2412 5933 vocari,
2445 5867 2488 5920 si
2515 5871 2704 5938 populi
2739 5872 2972 5925 auribus
3010 5890 3121 5929 non
3152 5875 3470 5945 publicetur
3495 5875 3845 5936 conscientia

2204 5959 2535 6017 conﬁtentis.
