4034 6314
183 360 274 409 8635

291 463 464 517 LVIII.
498 492 566 502 ——
595 462 688 517 Ad
716 465 980 533 episcopos
1003 479 1100 532 per
1140 466 1519 533 Campaniam,
1562 469 1693 531 etc.,

824 537 1154 590 constitutos.

250 658 296 707 1.
324 654 396 707 Ut
424 651 617 705 nullus
643 651 936 723 episcopus
954 668 1179 706 servum
1204 650 1438 705 alterius
1457 651 1527 706 ad
1550 651 1801 705 ofﬁcium

181 746 471 802 clericatus
501 750 857 816 promoveat.

241 844 294 895 2.
341 841 413 893 Ut
449 839 777 910 quicunque
826 839 897 894 ad
946 839 1332 893 sacerdotium
1375 839 1461 892 vel
1503 839 1804 893 viduarum

180 935 380 1003 mariti,
431 933 521 986 vel
574 933 856 988 habentes
890 949 1199 987 numerosa
1238 932 1507 1003 conjugia
1555 932 1804 1002 promoti

179 1027 405 1095 fuerint,
446 1027 519 1081 ab
550 1026 935 1081 ecclesiasticis
966 1026 1166 1080 ofﬁciis
1198 1030 1515 1081 arceantur.

242 1124 293 1175 3.
320 1119 484 1185 Quod
510 1135 710 1174 usuras
737 1136 854 1173 non
882 1120 1066 1174 solum
1091 1118 1277 1174 clerici
1305 1118 1533 1188 exigere
1556 1135 1673 1174 non
1702 1119 1801 1173 de-

180 1216 339 1269 beant
363 1213 466 1268 sed
496 1228 600 1267 nec
625 1212 770 1267 laici.

240 1309 292 1361 4.
327 1307 397 1361 Ut
421 1304 666 1361 clericus
703 1323 807 1362 nec
845 1322 948 1361 suo
990 1322 1093 1360 nec
1129 1305 1318 1360 alieno
1373 1304 1603 1359 nomine
1639 1304 1805 1360 fenus

178 1404 456 1455 exerceat.

241 1499 291 1549 5.
325 1495 398 1548 Ut
426 1492 477 1546 si
502 1491 631 1563 quis
655 1492 1018 1546 sacerdotum
1048 1496 1248 1546 contra
1274 1490 1577 1545 interdicta
1602 1490 1804 1545 fecerit

178 1606 207 1642 a
231 1604 333 1642 suo
366 1586 773 1642 submoveatur
795 1585 1002 1640 ofﬁcio.
1682 1597 1685 1600 ·

241 1683 351 1737 Leo
378 1681 681 1753 episcopus
702 1680 860 1734 urbis
886 1681 1084 1734 Romae
1113 1679 1387 1734 universis
1407 1680 1683 1750 episcopis
1702 1696 1805 1750 per

177 1775 568 1847 Campaniam,
599 1777 656 1829 et
681 1774 992 1841 Picenum,
1020 1773 1110 1826 vel
1139 1772 1414 1839 Tusciam,
1448 1779 1506 1827 et
1542 1789 1647 1843 per
1676 1773 1800 1847 uni-

1408 354 1878 411 DECRETALIUM
1919 351 2305 411 COLLECTIO.

3435 362 3535 415 866

1826 483 1883 555 Α
1907 464 2010 533 lli).
2044 484 2071 512 »
2114 464 2220 520 Hos
2251 480 2388 536 ergo
2418 463 2750 536 quicunque
2781 460 2918 518 tales
2943 464 3177 519 admissi
3194 468 3328 519 sunt
3350 466 3421 520 ab
3449 484 3539 521 ec-

1903 556 2223 611 clesiasticis
2251 557 2474 625 ofﬁciis,
2496 561 2554 613 et
2573 574 2606 611 a
2623 557 2955 612 sacerdotali
2984 559 3241 629 nomine,
3272 561 3537 632 apostoli-

1904 666 1984 704 cae
2022 650 2184 705 Sedis
2208 652 2550 731 auctoritate
2574 651 2849 722 jubemus
2881 652 3082 707 arceri.
3113 653 3225 707 Nec
3250 653 3356 708 hoc
3383 654 3539 709 enim

1904 744 2009 798 sibi
2039 748 2311 815 poterunt
2338 762 2442 815 pro
2470 745 2704 800 arbitrio
2747 745 3055 816 vindicare,
3104 747 3264 819 cujus
3297 764 3537 820 capaces

1904 854 2007 908 per
2024 838 2133 892 hoc
2154 839 2304 909 quod
2327 839 2436 893 illis
2468 839 2782 906 obstiterat,
2815 856 2934 895 non
2962 840 3214 895 fuerunt.
3244 842 3420 911 Hujus
3448 842 3531 896 di—

1906 931 2206 986 scussionis
2233 949 2429 987 curam
2457 932 2620 987 nobis
2650 933 2974 1005 specialiter
2995 933 3365 1003 vindicantes,
3398 939 3462 990 ut
3490 937 3535 991 si

1905 1041 2018 1097 qua
2051 1025 2287 1080 forsitan
2319 1026 2389 1081 de
2419 1027 2506 1081 his
2536 1027 2841 1081 commissa
2868 1030 3019 1098 sunt,
3050 1028 3429 1099 corrigantur,
3461 1046 3534 1083 ne

1906 1120 2071 1174 liceat
2098 1120 2246 1174 ultra
2277 1120 2580 1187 committi,
2615 1126 2672 1174 et
2708 1137 2779 1175 ne
2810 1122 3094 1176 excusatio
3120 1121 3192 1176 de
3220 1121 3533 1192 ignoratio-

1907 1229 1977 1267 ne
2009 1217 2292 1281 nascatur,
2325 1230 2660 1285 quanquam
2689 1214 2953 1284 ignorare
2983 1231 3277 1286 nunquam
3309 1216 3534 1271 licuerit

1906 1307 2261 1362 sacerdotem
2288 1308 2436 1378 quod
2468 1323 2755 1363 canonum
2782 1308 2956 1363 fuerit
2974 1309 3187 1380 regulis
3213 1309 3533 1366 deﬁnitum.

1905 1401 2034 1455 Haec
2058 1417 2196 1471 ergo
2226 1401 2295 1455 ad
2321 1401 2644 1472 provincias
2675 1405 2890 1456 vestras
2915 1418 3017 1474 per
3044 1404 3442 1458 Innocentium
3462 1404 3540 1459 le-

1905 1494 2172 1564 gitimum
2205 1498 2261 1549 et
2293 1495 2581 1566 Segetium
2606 1496 2809 1550 fratres
2835 1499 2892 1550 et
2921 1496 3287 1567 coepiscopos
3315 1501 3539 1553 nostros

1905 1587 2115 1660 scripta
2131 1588 2457 1657 direximus,
2480 1592 2544 1643 ut
2565 1605 2693 1661 qua:
2714 1590 2860 1643 male
2882 1589 3183 1660 pullulasse
3201 1595 3535 1659 noscuntur,

1903 1682 2174 1737 radicitus
2203 1683 2541 1751 evellantur,
2575 1687 2632 1738 et
2660 1699 2906 1739 messem
2932 1684 3289 1739 Dominicam
3326 1684 3538 1739 zizania

1901 1777 2061 1831 nulla
2072 1781 2458 1848 corrumpant.
2478 1779 2557 1832 lta
2571 1776 2725 1832 enim
2738 1777 2988 1833 fructum
3008 1777 3244 1833 uberem
3254 1794 3385 1850 quas
3405 1783 3537 1833 sunt

178 1885 358 1924 versas
381 1868 706 1940 provincias
731 1867 1052 1922 constitutis
1079 1867 1141 1920 in
1167 1865 1414 1921 Domino
1446 1868 1706 1922 salutem.
1757 1845 1779 1967 ¹
1823 1869 1879 1941 Β
1905 1870 2120 1925 sincera
2136 1870 2509 1942 praestabunt,
2532 1871 2579 1925 si
2599 1888 2664 1926 ea
2679 1888 2809 1943 quae
2823 1874 3014 1926 natam
3032 1876 3285 1943 segetem
3302 1888 3539 1929 enecare

241 1964 373 2018 CAP.
386 1964 431 2017 l.
450 1961 694 2017 Utnobis
713 1961 1156 2032 gratulationem
1166 1960 1302 2014 facit
1316 1961 1680 2015 ecclesiarum
1697 1960 1804 2014 sta-

178 2063 260 2112 tus
285 2056 501 2110 salubri
526 2054 896 2126 dispositione
927 2054 1297 2127 compositus,
1325 2055 1401 2109 ita
1424 2071 1538 2109 non
1566 2054 1676 2109 levi
1699 2071 1804 2110 nos

178 2166 413 2206 mterore
434 2150 757 2217 contristat,
788 2147 1009 2220 quoties
1033 2148 1222 2220 aliqua
1250 2154 1446 2203 contra
1471 2152 1685 2204 statuta
1709 2165 1803 2203 ca-

176 2261 390 2301 nonum
405 2244 959 2314 ecclesiasticamque
977 2243 1336 2314 disciplinam
1353 2256 1701 2314 przesumpta
1718 2244 1804 2297 vel

176 2339 474 2394 commissa
504 2338 920 2409 cognoscimus,
941 2353 1072 2409 quae
1098 2337 1145 2391 si
1163 2353 1283 2392 non
1306 2352 1421 2408 qua
1437 2337 1711 2391 debemus
1732 2338 1806 2391 vi-

179 2433 475 2505 gilantiam
502 2448 869 2487 recensemus
898 2431 980 2484 illi
1012 2431 1110 2502 qui
1141 2448 1243 2484 nos
1274 2432 1659 2501 speculatores
1683 2447 1804 2485 esse

179 2528 345 2582 voluit
356 2542 625 2582 excusare
642 2542 759 2580 non
773 2541 1005 2597 possum
1013 2542 1095 2593 us,
1112 2526 1510 2598 permittentes
1524 2526 1806 2580 sincerum

176 2638 372 2692 corpus
398 2620 664 2676 Ecclesiae
696 2621 851 2691 quod
870 2620 940 2674 ab
963 2620 1121 2674 omni
1141 2636 1354 2690 purum
1376 2620 1598 2674 macula
1625 2625 1808 2674 custo-

177 2717 292 2771 dire
321 2716 602 2770 debemus
629 2714 1013 2769 ambientium
1044 2714 1310 2787 improba
1345 2714 1685 2785 contagione
1711 2714 1808 2768 fce-

179 2810 316 2880 dari,
346 2825 482 2864 cum
504 2809 627 2881 ipsa
647 2809 753 2863 sibi
773 2809 1171 2864 membrorum
1197 2826 1299 2879 per
1318 2808 1808 2863 dissimilationcm

176 2920 450 2976 compago
482 2919 596 2957 non
626 2909 925 2974 congruat.
953 2903 1349 2958 Admittuntur
1374 2902 1592 2974 passim
1613 2902 1683 2956 ad
1712 2919 1802 2956 or-

177 2999 367 3053 dinem
397 3012 624 3052 sacrum
649 2998 855 3068 quibus
884 2998 1040 3051 nutla
1064 2997 1362 3067 natalium,
1395 2998 1549 3051 nulla
1578 3013 1807 3050 morum

176 3093 419 3164 dignitas
440 3091 803 3163 suffragatur,
828 3094 885 3145 et
911 3092 1010 3162 qui
1032 3108 1065 3145 a
1085 3091 1330 3145 dominis
1350 3091 1464 3145 suis
1485 3091 1805 3163 libertatem

176 3186 439 3258 consequi
459 3186 700 3240 minime
728 3192 1039 3257 potuerunt
1065 3186 1135 3240 ad
1158 3185 1448 3256 fastigium
1476 3185 1802 3255 sacerdotii,

1903 1968 2339 2034 consueverunt,
2365 1965 2696 2036 diligentius
2727 1971 3120 2037 amputentur.

1975 2061 2065 2113 Ill.
2089 2060 2199 2113 Nec
2218 2060 2325 2113 hoc
2345 2075 2575 2130 quoque
2592 2060 3062 2130 praetereundum
3082 2059 3351 2114 duximus
3373 2075 3537 2130 quos-

1908 2152 2037 2207 dam
2057 2152 2199 2207 lucri
2216 2153 2398 2224 turpis
2413 2153 2719 2225 cupiditate
2736 2157 2930 2224 captos
2943 2153 3259 2209 usurariam
3279 2169 3538 2209 exercere

1905 2247 2230 2319 pecuniam,
2250 2253 2307 2302 et
2318 2246 2516 2302 fenore
2537 2247 2679 2301 velle
2702 2246 2999 2303 ditescere.
3024 2247 3185 2312 Quod
3202 2264 3305 2303 nos
3328 2263 3445 2303 non
3460 2247 3539 2302 di-

1907 2357 2026 2395 cam
2054 2340 2113 2395 in
2141 2358 2238 2396 eos
2267 2341 2365 2412 qui
2395 2346 2527 2395 sunt
2555 2340 2615 2396 in
2640 2341 2884 2396 clericali
2903 2341 3086 2397 ofﬁcio
3107 2341 3418 2410 constituti,
3441 2340 3540 2396 sed

1906 2436 1965 2489 in
1988 2435 2153 2489 laicos
2174 2436 2399 2502 cadere,
2424 2436 2523 2507 qui
2547 2435 2892 2489 Christianos
2914 2452 2972 2490 se
2995 2435 3106 2490 dici
3127 2435 3386 2507 cupiunt,
3411 2451 3541 2490 con-

1908 2528 2188 2597 dolemus,
2207 2530 2357 2599 quod
2376 2528 2645 2583 vindicari
2658 2529 2840 2584 acrius
2855 2530 2913 2583 in
2933 2546 3029 2584 eos
3051 2528 3370 2601 quifuerint
3384 2544 3537 2584 com-

1906 2623 2130 2695 probati
2158 2623 2537 2687 decernimus,
2558 2626 2621 2677 ut
2638 2623 2830 2677 omnis
2849 2622 3124 2694 peccandi
3140 2622 3538 2695 opportunitas

1907 2717 2210 2772 adimatur.

1984 2812 2064 2865 IV.
2099 2810 2240 2865 lllud
2286 2810 2458 2865 etiam
2492 2810 2737 2865 diximus
2772 2812 3273 2882 praemonendum,
3302 2816 3367 2867 ut
3395 2811 3539 2866 sicut

1908 2922 2022 2960 non
2042 2921 2161 2975 suo,
2185 2905 2263 2960 ita
2280 2920 2386 2959 nec
2406 2904 2591 2960 alieno
2608 2904 2839 2959 nomine
2863 2906 3067 2978 aliquis
3090 2906 3426 2961 clericorum
3448 2922 3541 2961 ex-

1908 2999 2217 3055 ercendum
2254 2999 2417 3054 fenus
2453 3002 2715 3054 attentet.
2739 2999 3013 3055 Indecens
3036 3000 3193 3055 enim
3214 3004 3300 3055 est
3318 3000 3537 3056 crimen

1908 3111 2077 3148 suum
2098 3092 2408 3148 commodis
2429 3092 2628 3148 alienis
2648 3093 3001 3164 impendere.
3023 3095 3206 3149 Fenus
3220 3099 3411 3150 autem
3431 3093 3540 3150 hoc

1908 3189 2094 3242 solum
2122 3188 2391 3259 aspicere,
2430 3190 2486 3241 et
2525 3204 2787 3242 exercere
2821 3188 3118 3256 debemus,
3156 3194 3221 3244 ut
3260 3189 3414 3261 quod
3448 3189 3538 3243 hic

175 3287 445 3352 tanquam
470 3280 749 3335 servilitas
775 3281 1055 3335 honorem
1084 3280 1270 3351 capiat
1297 3280 1714 3350 provehuntur,
1753 3286 1808 3333 et
1828 3246 1882 3320 C
1907 3281 2348 3336 misericorditer
2376 3280 2694 3348 tribuimus,
2728 3279 2920 3352 214
2948 3298 2979 3335 a
3007 3282 3244 3337 Domino
3272 3282 3370 3353 qui
3399 3283 3544 3337 mul-

173 3375 398 3446 probari
424 3377 542 3429 Deo
560 3390 622 3428 se
641 3391 803 3445 posse
831 3374 1103 3444 creditur,
1137 3374 1235 3446 qui
1263 3374 1503 3428 Domino
1533 3390 1635 3428 suo
1666 3390 1800 3427 nec-

173 3471 305 3525 dum
328 3469 571 3541 probare
602 3485 661 3523 se
692 3469 898 3540 potuit.
932 3470 1148 3539 Duplex
1186 3469 1375 3540 itaque
1402 3468 1462 3522 in
1490 3469 1595 3522 hac
1622 3483 1724 3539 per
1748 3472 1805 3521 te

175 3572 365 3620 reatus
385 3570 492 3635 est,
528 3564 682 3635 quod
701 3570 757 3619 et
777 3579 1001 3618 sacrum
1029 3562 1369 3634 mysterium
1391 3562 1519 3617 talis
1539 3562 1807 3616 consortii

172 3660 385 3714 vilitate
407 3659 701 3730 polluitur,
726 3662 784 3712 et
809 3658 1172 3713 dominorum
1191 3662 1473 3729 quantum
1492 3657 1564 3710 ad
1593 3656 1805 3710 illicitae

171 3752 562 3825 usurpationis
580 3753 961 3807 temeritatem
977 3752 1230 3824 pertinet
1243 3752 1375 3823 jura
1389 3753 1708 3807 solvuntur.
1722 3751 1804 3805 Ab

172 3850 259 3904 his
288 3849 505 3920 itaque,
529 3848 733 3902 fratres
764 3847 1102 3915 charissimi,
1124 3864 1321 3902 omnes
1347 3852 1550 3901 vestrze
1576 3845 1802 3917 provin-

174 3943 271 3998 ciae
292 3943 622 3997 abstineant
644 3942 985 4011 sacerdotes,
1016 3946 1210 3996 etnon
1234 3946 1459 3997 tantum
1480 3941 1549 3995 ab
1570 3940 1681 4011 his,
1706 3940 1806 3994 sed

176 4039 243 4092 ab
275 4039 387 4094 illis
418 4039 594 4094 etiam
629 4038 725 4108 qui
769 4037 840 4091 ab
872 4036 1136 4108 originali
1172 4043 1270 4092 aut
1298 4037 1469 4092 alicui
1494 4036 1807 4091 conditioni

172 4134 409 4205 obligati
439 4136 590 4201 sunt,
623 4132 880 4186 volumus
918 4132 1249 4203 temperari,
1282 4131 1391 4186 nisi
1427 4133 1575 4188 forte
1604 4150 1806 4192 eorum

169 4228 388 4299 petitio,
412 4236 513 4282 aut
532 4228 789 4282 voluntas
809 4228 1123 4295 accesserit,
1155 4227 1253 4298 qui
1275 4227 1490 4298 aliquid
1516 4228 1622 4282 sibi
1642 4228 1701 4282 in
1725 4229 1806 4282 eis

168 4323 465 4378 vindicant
492 4322 808 4394 potestatis.
839 4322 1017 4376 Debet
1054 4321 1207 4376 enim
1247 4338 1367 4377 esse
1415 4323 1691 4377 immunis
1734 4323 1804 4377 ab

167 4418 290 4472 aliis
318 4417 417 4489 qui
445 4417 651 4471 divinas
680 4416 898 4471 militiae
927 4416 1099 4471 fuerit
1117 4417 1542 4488 aggregandus,
1571 4422 1636 4471 ut
1663 4434 1697 4471 a
1722 4433 1806 4470 ca-

170 4512 297 4566 stris
328 4511 644 4567 Dominicis
684 4512 887 4582 quibus
912 4528 1127 4566 nomen
1155 4513 1277 4583 ejus
1305 4511 1606 4567 ascribitur
1639 4512 1807 4566 nullis

170 4606 525 4662 necessitatis
545 4606 781 4660 vinculis
804 4607 1183 4662 abstrahatur.

1908 3374 2197 3447 tipliciter,
2227 3380 2283 3430 et
2306 3375 2365 3429 in
2393 3380 2732 3446 perpetuum
2764 3390 3034 3429 mensura
3066 3375 3363 3446 retribuet,
3393 3377 3539 3431 reci—

1911 3485 2044 3540 pere
2071 3469 2377 3523 valeamus.

1978 3564 2041 3618 V.
2063 3563 2178 3617 Hoc
2202 3562 2398 3633 itaque
2424 3562 2732 3617 admonitio
2756 3567 2953 3618 nostra
2975 3563 3292 3632 denuntiat,
3315 3564 3471 3636 quod
3494 3564 3537 3619 si

1907 3657 2033 3729 quis
2049 3657 2293 3711 fratrum
2310 3660 2509 3711 contra
2525 3657 2648 3711 haec
2665 3656 2969 3711 constituta
2981 3657 3219 3725 venerit,
3241 3658 3329 3712 vel
3347 3658 3539 3713 venire

1908 3751 2228 3822 tentaverit,
2257 3756 2313 3807 et
2331 3750 2622 3823 prohibita
2648 3750 2821 3805 fuerit
2837 3767 3007 3805 ausus
3032 3751 3354 3821 admittere,
3380 3769 3414 3807 a
3433 3769 3537 3807 suo

1910 3863 1968 3901 se
1998 3846 2214 3901 noverit
2244 3845 2429 3900 ofﬁcio
2460 3845 2936 3915 submovendum,
2972 3862 3078 3902 nec
3117 3847 3536 3903 communionis

1908 3946 2117 3997 nostrae
2136 3942 2393 3996 futurum
2414 3957 2532 3997 esse
2552 3943 2873 3996 consortem
2893 3939 2992 4012 qui
3014 3940 3196 3997 socius
3216 3957 3337 3997 esse
3354 3942 3541 3997 noluit

1910 4035 2236 4107 disciplinae.
2270 4036 2350 4090 Ne
2378 4034 2519 4107 quid
2546 4051 2678 4090 vero
2721 4035 2793 4090 sit
2821 4034 2977 4107 quod
3016 4035 3464 4106 praetermissum
3510 4053 3543 4090 τι

1914 4131 2076 4185 nobis
2095 4131 2243 4185 forte
2262 4129 2548 4197 credatur,
2569 4129 2762 4184 omnia
2784 4129 3083 4184 decretalia
3103 4131 3409 4186 constituta
3428 4135 3543 4185 tam

1908 4225 2092 4279 beatae
2112 4224 2518 4279 recordationis
2541 4223 2856 4278 Innocentii
2874 4239 3051 4295 quam
3072 4224 3337 4279 omnium
3356 4224 3544 4279 deces-

1911 4335 2106 4373 sorum
2136 4321 2462 4372 nostrorum
2492 4333 2619 4388 quae
2650 4318 2719 4371 de
2745 4316 3134 4371 ecclesiasticis
3166 4317 3543 4372 ordinationi-

1906 4414 2014 4468 bus
2041 4428 2328 4467 canonum
2357 4411 2618 4465 Ordinata
2660 4413 2794 4465 sunt
2827 4410 3159 4481 disciplinis,
3192 4410 3274 4465 ita
3297 4417 3539 4466 vestram

1906 4508 2266 4563 dilectionem
2298 4505 2581 4561 custodire
2609 4505 2817 4561 debere
2852 4505 3214 4573 mandamus,
3249 4508 3308 4559 ut
3339 4504 3386 4559 si
3412 4505 3541 4577 quis

1826 4634 1886 4707 D
1909 4603 2005 4657 illa
2024 4600 2449 4673 contempserit,
2469 4600 2702 4655 veniam
2723 4599 2829 4653 sibi
2848 4598 3117 4671 deinceps
3131 4599 3356 4655 noverit
3370 4598 3537 4654 dene«

242 4703 306 4756 ll.
339 4703 533 4766 Qualis
559 4717 693 4755 vero
716 4717 848 4755 cum
875 4702 1179 4774 unicuique
1203 4703 1517 4759 constiterit
1535 4702 1808 4758 natalium
1826 4693 1880 4707 ⁵⁷
1910 4698 2052 4770 gari.
2072 4699 2208 4753 Data
2218 4700 2370 4751 sexto
2385 4694 2516 4751 ldus
2533 4694 2808 4764 Octobris,
2826 4694 3071 4748 Maximo
3092 4710 3226 4748 vero
3251 4698 3307 4749 et
3320 4693 3539 4748 Paterio

172 4796 463 4867 honestas,
499 4799 559 4849 et
580 4812 807 4850 morum
836 4813 957 4851 esse
984 4798 1187 4852 debeat
1211 4798 1353 4852 sacri
1382 4798 1575 4854 altaris
1601 4803 1805 4870 myste-

172 4890 256 4944 rio
284 4891 610 4958 sociandus,
652 4897 708 4945 et
749 4893 1019 4963 Apostolo
1065 4909 1170 4947 nos
1212 4892 1469 4962 docente,
1519 4899 1576 4949 et
1622 4894 1810 4949 divina

172 4987 558 5057 praeceptione
578 4986 896 5057 didicimus,
915 4993 972 5041 et
992 5004 1275 5042 canonum
1297 4989 1532 5060 regulis,
1550 5007 1583 5043 a
1604 4989 1809 5061 quibus

170 5079 479 5151 plerosque
495 5081 733 5135 fratrum
763 5081 1097 5152 declinasse,
1113 5089 1172 5138 et
1196 5084 1421 5155 penitus
1447 5083 1698 5139 deviasse
1727 5100 1810 5138 re-

172 5176 451 5244 perimus.
501 5176 642 5229 Nam
684 5180 904 5231 constat
949 5178 1019 5231 ad
1066 5179 1442 5232 sacerdotium
1484 5178 1809 5250 pervenisse

173 5270 473 5323 viduarum
516 5270 773 5338 maritos,
817 5272 1094 5343 quosdam
1140 5274 1313 5328 etiam
1359 5273 1566 5345 quibus
1597 5272 1812 5327 fuerint

174 5380 484 5420 numerosa
511 5364 802 5436 conjugia,
830 5372 886 5421 et
914 5383 1045 5421 cum
1075 5368 1233 5423 omni
1264 5368 1493 5423 licentia
1519 5368 1647 5422 vitae
1675 5367 1812 5421 libe-

174 5460 364 5529 rioris,
396 5460 469 5515 ad
499 5476 725 5515 sacrum
764 5462 1024 5516 ordinem
1056 5464 1269 5533 passim
1306 5463 1606 5535 patefactis
1634 5462 1808 5517 obici-

174 5553 282 5608 bus
306 5556 482 5609 fuisse
514 5555 838 5627 permissos,
861 5562 1056 5611 contra
1076 5558 1236 5611 illam
1258 5558 1410 5613 beati
1437 5558 1693 5630 Apostoli
1714 5573 1812 5611 vo-

176 5663 301 5704 cem
339 5666 453 5722 qua
479 5650 686 5705 talibus
729 5652 1032 5720 exclamat,
1074 5652 1305 5707 dicens:
1340 5675 1367 5702 ιε
1394 5653 1573 5708 Unius
1622 5651 1814 5706 uxoris

178 5744 387 5813 virum,
419 5766 447 5794 »
475 5751 675 5800 contra
701 5744 844 5800 illud
873 5746 1122 5818 antiquae
1148 5747 1294 5818 legis
1320 5753 1670 5820 praeceptum
1699 5761 1813 5818 quo

179 5838 388 5895 dicitur
403 5847 462 5895 et
486 5847 716 5896 cavetur
745 5857 758 5896 :
793 5859 822 5893 «
851 5841 1130 5897 Sacerdos
1158 5842 1444 5915 virginem
1463 5857 1702 5899 uxorem
1722 5857 1813 5895 ac-

185 5933 377 6005 cipiat,
422 5953 535 5991 non
570 5937 821 6004 viduam,
872 5956 985 5993 non
1017 5940 1373 6011 repudiatam
1409 5940 1550 5996 (Lee.
1580 5953 1689 6003 xm,
1732 5938 1813 6003 l3,

595 6042 861 6107 PATROL.
913 6039 1139 6102 CXXX.

1911 4792 2043 4847 viris
2068 4790 2390 4847 clarissimis
2417 4789 2762 4844 consulibus.

2027 4888 2149 4943 LIX.
2190 4917 2258 4926 —-
2283 4886 2377 4941 Ad
2400 4887 2646 4943 Nicetam
2673 4886 2975 4954 episcopum
3001 4884 3416 4953 Aquileiensem.

1983 4984 2092 5037 Leo
2119 4983 2329 5037 NICELE
2353 4980 2616 5053 episcopo
2647 4976 3014 5050 Aquileiensi.

1982 5078 2291 5149 Regressus
2323 5074 2397 5130 ad
2420 5091 2526 5130 nos
2556 5073 2701 5129 ﬁlius
2728 5088 2892 5126 meus
2916 5070 3237 5127 Adeodatus
3268 5071 3539 5129 diaconus

1912 5172 2060 5228 sedis
2087 5176 2298 5226 nostrae
2324 5168 2687 5224 dilectionem
2720 5171 2877 5220 tuam
2902 5164 3226 5238 poposcisse
3254 5181 3538 5222 memora-

1910 5268 2009 5335 vit,
2045 5270 2106 5321 ut
2129 5266 2197 5320 de
2224 5264 2313 5319 his
2352 5280 2386 5317 a
2418 5262 2579 5317 nobis
2605 5261 3003 5317 auctoritatem
3030 5260 3354 5332 apostolicae
3382 5260 3546 5318 Sedis

1913 5362 2215 5432 acciperes,
2244 5374 2374 5431 qua:
2404 5356 2637 5428 quidem
2663 5371 2935 5427 magnam
2966 5354 3363 5411 difﬁcultatem
3390 5355 3540 5428 diju-

1912 5455 2186 5511 dicatonis
2215 5452 2481 5508 videntur
2504 5450 2728 5519 aﬁ‘erre,
2762 5448 2860 5505 sed
2888 5465 2993 5521 pro
3033 5449 3379 5523 inspectione
3407 5455 3544 5505 tem-

1913 5549 2194 5623 poralium
2235 5546 2630 5602 necessitatum
2671 5542 2998 5599 adhibenda
3037 5544 3254 5599 curatio
3302 5549 3422 5613 est,
3482 5547 3544 5598 ut

1914 5646 2151 5700 vulnera
2192 5658 2319 5714 qua:
2346 5639 2677 5697 hostilitatis
2707 5638 3045 5695 adversitate
3081 5639 3234 5693 illata
3261 5638 3392 5691 sunt
3418 5636 3548 5691 reli-

1917 5738 2103 5812 gionis
2128 5736 2377 5793 maxime
2404 5734 2624 5792 ratione
2651 5737 2946 5790 sanentur.
2950 5719 3117 5831 Fum
3138 5746 3274 5802 ergo
3305 5745 3407 5801 per
3425 5729 3539 5795 bel-

1914 5835 2082 5890 licam
2110 5833 2351 5903 cladem,
2380 5836 2437 5887 et
2469 5846 2575 5904 per
2608 5823 2973 5902 gravissimos
2998 5823 3327 5881 hostilitatis
3350 5823 3543 5879 incur-

1919 5948 2032 5998 sus,
2061 5929 2134 5985 ita
2159 5928 2419 6001 quaedam
2450 5924 2647 5978 dicatis
2669 5923 2846 5977 divisa
2867 5934 2988 5975 esse
3010 5917 3273 5988 conjugia
3298 5922 3357 5971 ut
3374 5917 3551 5973 abdu-

2999 6021 3076 6080 '28
