4034 6340
464 381 563 432 8ίὶ7

1362 362 1642 421 APPEND.
1686 362 1771 416 AD
1810 361 1968 416 SEC.
2014 357 2099 414 ΙΧ.
2134 386 2201 397 --
2238 350 2484 412 ISIDORI
2522 346 2948 409 MEBCATORIS

3729 337 3844 392 868

462 486 564 539 ctis
584 484 643 537 in
661 478 1041 552 captivitatem
1053 477 1187 531 viris
1218 475 1444 530 feminae
1467 487 1669 525 eorum
1682 467 2085 532 remanserint,
2109 477 2171 549 Α
2190 462 2382 519 tentiae
2426 459 2763 527 remedium,
2814 461 2871 513 et
2903 469 3009 527 per
3036 449 3462 523 impositionem
3487 444 3840 518 episcopalis

465 576 772 642 destitutas,
793 589 920 645 quae
947 572 1095 626 viros
1119 568 1381 641 proprios
1401 569 1499 620 aut
1524 565 1902 634 interemptos
1927 566 2087 632 puta-

468 672 599 737 rint,
629 673 728 723 aut
758 681 1056 736 nunquam
1084 681 1117 717 a
1163 661 1548 718 dominatione
1577 655 1924 712 crediderint
1947 654 2090 708 libe-

468 763 697 827 randos,
736 764 793 814 et
829 760 903 813 ad
940 757 1179 813 aliorum
1221 754 1554 826 conjugium
1585 748 1963 805 sollicitudine
1997 764 2091 802 co-

468 861 637 927 gente
681 851 1027 921 transierint,
1075 865 1321 921 cumque,
1356 863 1510 902 nunc
1539 848 1685 899 statu
1715 858 1908 898 rerum
1939 840 2091 895 auxi-

467 950 638 1003 liante
664 946 906 1001 Domino
939 946 998 999 in
1024 944 1262 999 meliora
1287 957 1583 1006 converso,
1609 936 1874 993 nonnulli
1895 950 2095 990 eorum

468 1042 568 1115 qui
599 1041 949 1112 putabantur
978 1038 1210 1110 periisse
1238 1034 1639 1099 remeaverint,
1674 1030 1878 1085 merito
1907 1028 2094 1083 chari-

469 1141 554 1191 tas
579 1140 675 1191 tua
712 1134 930 1188 videtur
968 1131 1262 1203 ambigere
1294 1129 1430 1201 quid
1477 1128 1547 1181 de
1592 1123 1929 1180 mulieribus
1971 1138 2099 1193 qua:

473 1230 598 1284 aliis
615 1229 831 1300 junctae
862 1230 996 1280 sunt
1019 1226 1174 1292 viris,
1204 1240 1235 1278 a
1261 1222 1429 1279 nobis
1456 1220 1661 1275 debeat
1687 1217 1956 1273 ordinari.
1992 1214 2102 1270 Sed

473 1324 606 1396 quia
636 1322 898 1377 novimus
921 1321 1217 1391 scriptum,
1245 1316 1402 1389 quod
1425 1333 1459 1371 a
1478 1316 1594 1369 Deo
1610 1312 1876 1384 jungitur
1895 1309 2103 1364 mulier

473 1419 613 1485 viro,
647 1421 705 1471 et
729 1416 939 1471 iterum
982 1415 1333 1485 praeceptum
1374 1408 1729 1480 agnovimus,
1773 1407 1837 1458 ut
1877 1424 1904 1455 (ι
1950 1402 2103 1475 quod

478 1512 629 1566 Deus
659 1509 868 1581 junxit,
906 1510 1078 1563 homo
1120 1522 1237 1563 non
1270 1508 1495 1576 separet
1529 1501 1749 1573 (Matth.
1802 1516 1914 1567 xxx,
1955 1498 2028 1569 6),
2073 1519 2099 1546 n

477 1621 707 1675 necesse
737 1608 822 1658 est
849 1608 913 1658 ut
936 1602 1321 1673 legitimarum
1351 1597 1566 1653 foedera
1593 1594 1927 1666 nuptiarum
1951 1592 2103 1647 rein-

484 1698 756 1771 tegranda
790 1696 1107 1763 credamus,
1137 1700 1194 1749 et
1222 1691 1455 1748 remotis
1482 1690 1641 1745 malis
1668 1705 1793 1760 quae
1832 1686 2108 1741 hostilitas

482 1792 695 1860 intulit,
725 1791 1031 1861 unicuique
1068 1790 1177 1843 hoc
1201 1787 1355 1860 quod
1390 1784 1645 1856 legitime
1676 1782 1894 1849 habuit,
1926 1780 2105 1835 refor-

2189 573 2415 625 manus,
2446 550 2864 610 communionis
2900 547 3181 619 recipiant
3216 543 3521 610 unitatem,
3552 537 3846 609 temporis

2191 648 2559 723 paenitudinis
2578 634 2774 701 habita
2796 640 3195 698 moderatione
3214 644 3315 694 tuo
3339 634 3720 692 constituente
3735 631 3843 703 ju-

2193 745 2358 812 dicio,
2406 747 2577 815 prout
2614 752 3016 795 conversorum
3060 733 3282 789 animos
3315 727 3677 804 perspexeris
3714 742 3847 780 esse

2195 840 2448 907 devotos,
2492 834 2703 907 pariter
2742 832 2917 888 etiam
2954 829 3171 885 habens
3208 825 3405 883 senilis
3436 821 3618 878 astatis
3666 819 3854 875 intui-

2197 937 2341 1002 tum,
2391 936 2449 985 et
2480 929 2866 1001 periculorum
2916 937 3279 996 quorumque
3323 922 3424 974 aut
3477 913 3852 987 aegritudinis

2197 1025 2502 1098 respiciens
2530 1021 2909 1087 necessitates,
2939 1018 2998 1072 in
3022 1015 3229 1089 quibus
3253 1013 3301 1068 si
3327 1011 3453 1085 quis
3480 1010 3559 1065 ita
3585 1008 3852 1081 graviter

2199 1130 2491 1197 urgeatur,
2538 1125 2602 1176 ut
2644 1120 2781 1175 dum
2828 1117 3015 1172 adhuc
3055 1113 3297 1187 poenitet
3338 1112 3410 1167 de
3451 1109 3633 1165 salute
3659 1106 3851 1178 ipsius

2203 1220 2550 1290 desperatur,
2589 1215 2812 1286 oportet
2849 1212 2899 1267 ei
2929 1226 3032 1283 per
3057 1206 3467 1290 sacerdotalem
3497 1199 3846 1257 sollicitudi-

2202 1329 2336 1368 nem
2381 1306 2798 1365 communionis
2850 1303 3031 1377 gratia
3086 1299 3396 1357 subveniri.
3424 1275 3587 1352 Nam
3630 1294 3690 1349 hi
3743 1292 3851 1365 qui

2202 1406 2549 1477 baptismum
2573 1402 2645 1456 ab
2682 1398 2967 1455 haereticis
3012 1397 3358 1467 acceperunt
3399 1407 3531 1446 cum
3571 1387 3852 1460 baptizati

2206 1503 2376 1555 antea
2403 1513 2520 1553 non
2558 1495 2816 1564 fuissent,
2848 1493 2968 1547 sola
3001 1489 3359 1545 invocatione
3390 1484 3636 1557 Spiritus
3667 1481 3852 1536 sancti

2206 1610 2309 1666 per
2341 1590 2763 1663 impositionem
2801 1601 3077 1641 manuum
3117 1578 3499 1637 conﬁrmandi
3524 1580 3677 1645 sunt,
3705 1574 3853 1646 quia

2206 1689 2450 1743 formam
2473 1689 2697 1739 tantum
2722 1680 2989 1753 baptismi
3007 1679 3130 1733 sine
3153 1670 3610 1732 sanctiﬁcationis
3632 1670 3850 1724 virtute

2208 1796 2517 1853 sumpsere.
2568 1779 2632 1833 Et
2678 1777 2822 1831 hanc
2868 1774 3122 1846 regulam
3172 1774 3233 1826 ut
3281 1768 3468 1824 sciatis
3507 1763 3851 1821 servandam

483 1891 688 1942 metur.
721 1884 1004 1955 Omnique
1030 1882 1215 1938 studio
1241 1879 1664 1955 procurandum
1685 1881 1768 1931 est
1790 1878 1851 1929 ut
1873 1873 2111 1945 recipiat
2129 1867 2186 1939 B
2211 1875 2476 1931 omnibus
2511 1871 2759 1928 ecclesiis
2793 1867 3193 1941 praedicamus,
3231 1876 3294 1918 ut
3332 1863 3622 1916 lavacrum
3664 1855 3850 1913 semel

482 1979 877 2050 unusquisque
897 1941 1048 2049 quod
1065 1941 1360 2048 proprium
1386 1941 1624 2051 est‘Nec
1640 1975 1835 2025 tamen
1861 1941 2110 2039 culpabi-
2211 1970 2414 2024 initum
2449 1967 2605 2022 nulla
2633 1963 2937 2021 iteratione
2966 1961 3227 2028 violetur,
3270 1957 3496 2012 dicente
3527 1951 3800 2025 Apostolo
3834 1967 3847 2004 :

485 2075 554 2129 lis
573 2072 883 2144 judicetur,
917 2074 975 2125 et
1002 2074 1277 2141 tanquam
1317 2066 1487 2122 alieni
1510 2064 1656 2136 juris
1686 2078 1970 2135 pervasor,
2016 2060 2113 2131 qui

485 2182 792 2240 personam
818 2165 941 2235 ejus
958 2163 1148 2219 mariti
1168 2162 1265 2234 qui
1279 2162 1402 2232 jam
1424 2176 1537 2214 non
1561 2174 1681 2213 esse
1701 2155 2111 2221 aestimabatur,

487 2261 811 2331 assumpsit.
844 2259 930 2313 Sic
961 2257 1114 2312 enim
1144 2257 1326 2311 multa
1345 2271 1472 2326 quae
1499 2253 1572 2308 ad
1599 2268 1695 2306 eos
1721 2250 1819 2322 qui
1846 2250 1903 2304 in
1935 2248 2111 2320 capti-

487 2355 721 2410 vitatem
777 2352 930 2407 ducti
984 2356 1135 2418 sunt,
1181 2347 1565 2421 pertinebant,
1617 2346 1676 2400 in
1713 2345 1808 2416 jus
1865 2342 2114 2398 alienum

488 2449 726 2504 transire
758 2449 1086 2519 potuerunt,
1114 2448 1171 2499 et
1200 2449 1389 2499 tamen
1415 2442 1650 2513 plenum
1661 2437 1899 2510 justitiaa
1926 2439 2029 2503 est,
2051 2440 2117 2490 ut

490 2543 687 2598 iisdem
729 2540 965 2595 reversis
1016 2538 1245 2610 propria
1291 2535 1692 2590 reformentur.
1744 2530 1905 2596 Quod
1955 2530 2002 2584 si
2056 2529 2117 2584 in

488 2634 786 2706 mancipiis
814 2634 899 2688 vel
925 2634 986 2687 in
1014 2632 1186 2704 agris,
1218 2635 1316 2685 aut
1341 2629 1513 2684 etiam
1540 2627 1598 2681 in
1623 2626 1887 2681 domibus
1907 2641 1971 2679 ac
1997 2624 2118 2695 pris-

490 2729 832 2785 sessionibus
858 2727 963 2782 rite
992 2728 1267 2792 servatur,
1310 2728 1522 2795 quanto
1545 2721 1728 2792 magis
1747 2719 1806 2773 in
1823 2717 2117 2789 conjugio-

495 2841 624 2879 rum
658 2820 1102 2893 reintegratione
1137 2816 1467 2873 faciendum
1505 2819 1606 2885 est,
1653 2819 1714 2869 ut
1742 2812 1895 2885 quod
1920 2812 2120 2867 bellica

494 2918 828 2974 necessitate
858 2914 1147 2969 turbatum
1174 2916 1260 2967 est
1283 2911 1437 2983 pacis
1462 2908 1713 2964 remedio
1739 2907 2078 2962 reformatur
2095 2907 2122 2961 ?

433 2987 459 3089 ι
497 3013 564 3067 Et
586 3010 718 3065 ideo
748 3009 795 3063 si
827 3008 925 3080 qui
951 3012 1077 3079 post
1100 3007 1335 3077 longam
1367 3002 1751 3074 captivitatem
1777 3000 2012 3066 reversi,
2044 3000 2121 3054 ita

495 3107 555 3161 in
576 3102 877 3160 dilectione
907 3117 1141 3156 suarum
1175 3100 1484 3170 conjngum
1513 3099 1901 3169 perseverant,
1935 3098 2002 3150 ut
2030 3111 2123 3149 eas

496 3198 731 3271 cupiant
769 3197 831 3251 in
874 3212 1041 3250 suum
1085 3193 1269 3249 redire
1318 3192 1685 3259 consortium,
1741 3189 2123 3246 omittendum

2215 2084 2242 2115 «
2275 2065 2429 2123 Unus
2453 2059 2745 2125 Dominus,
2767 2073 2883 2112 una
2910 2054 3074 2121 ﬁdes,
3106 2068 3291 2107 unum
3314 2047 3597 2121 baptisma
3625 2045 3850 2115 (Ephes.

2213 2174 2287 2225 1v,
2312 2159 2384 2227 5),
2412 2177 2439 2205 ››
2473 2154 2634 2225 cujus
2661 2151 2874 2207 ablutio
2912 2149 3064 2203 nulla
3102 2145 3409 2202 iteratione
3437 2140 3709 2197 tentanda
3738 2143 3850 2207 est,

2214 2251 2334 2321 sed,
2364 2253 2428 2304 ut
2452 2248 2721 2316 diximus,
2748 2247 2869 2301 sola
2893 2240 3261 2299 sanctiﬁcatio
3282 2236 3463 2293 sancti
3482 2234 3732 2307 Spiritus
3758 2233 3854 2286 in-

2216 2344 2465 2400 vocanda
2495 2345 2597 2410 est,
2627 2338 2865 2412 utquod
2884 2338 2954 2392 ab
2973 2334 3257 2391 haereticis
3279 2347 3448 2388 nemo
3467 2327 3690 2400 accipit,
3712 2345 3747 2382 a
3767 2343 3859 2382 ca-

2217 2438 2435 2494 tholicis
2465 2434 2852 2491 sacerdotibus
2876 2432 3275 2501 consequatur.
3319 2427 3471 2481 Hanc
3500 2426 3694 2479 autem
3724 2420 3856 2493 epi-

2218 2533 2423 2588 stolam
2444 2532 2699 2586 nostram
2725 2542 2903 2601 quam
2922 2526 2993 2580 ad
3013 2520 3483 2579 consultationem
3501 2520 3617 2572 tuae
3640 2515 3859 2570 frater-

2219 2626 2413 2682 nitatis
2440 2624 2753 2691 emisimus,
2788 2621 2863 2676 ad
2894 2634 3097 2675 omnes
3123 2618 3327 2672 fratres
3352 2609 3863 2684 comprovinciales

2219 2721 2511 2793 episcopos
2536 2718 2707 2773 facies
2743 2714 3061 2788 pervenire,
3093 2717 3158 2767 ut
3186 2708 3445 2765 omnium
3482 2703 3861 2761 observantim

2221 2815 2352 2870 data
2377 2812 2555 2886 prosit
2579 2810 2908 2867 auctoritas.

2334 2909 2439 2963 LX.
2467 2937 2535 2950 ——
2563 2906 2654 2963 Ad
2676 2906 2957 2961 Julianum
2982 2903 3288 2972 episcopum
3313 2897 3737 2968 Aquileiensem.

2294 3004 2405 3059 Leo
2435 3002 2733 3073 episcopus
2751 3001 2983 3055 JULIANO
3012 2995 3276 3067 episcopo
3302 2987 3672 3063 Aquileiensi.

2294 3096 2471 3152 Lectis
2514 3092 2885 3150 fraternitatis
2913 3095 3027 3146 tua;
3055 3088 3259 3144 litteris
3288 3085 3541 3157 vigorem
3573 3081 3707 3136 ﬁdei
3742 3085 3865 3134 tuae

2223 3207 2397 3263 quem
2422 3189 2557 3245 olim
2588 3202 2947 3254 noveramus,
2981 3181 3339 3256 agnovimus,
3369 3175 3864 3249 congratulantes,

497 3243 602 3349 estr
599 3298 655 3348 et
672 3290 1013 3363 inculpabile
1023 3287 1401 3361 judicandum
1420 3286 1569 3359 quod
1586 3243 1896 3363 necessitas
1910 3283 2121 3351 intulit,
2145 3243 2200 3318 C
2490 3243 2806 3338 custodiam
2824 3243 3065 3351 gregum
3081 3274 3287 3332 Christi
3307 3243 3646 3346 pastoralem
3662 3282 3867 3322 curam

493 3394 550 3447 et
579 3352 995 3443 restituendum
1023 3352 1179 3455 quod
1208 3382 1350 3436 fides
1378 3352 1667 3457 poscit.lSi
1695 3382 1889 3434 autem
1918 3379 2125 3451 aliquae

498 3481 763 3537 mulieres
789 3480 868 3534 ita
892 3477 1274 3550 posteriorum
1296 3475 1547 3530 virorum
1575 3464 1768 3529 amore
1788 3476 1921 3527 sunt
1945 3476 2126 3544 captae

500 3583 561 3631 ut
598 3575 807 3631 malint
836 3572 923 3627 his
951 3573 1258 3639 cohaarere,
1292 3586 1467 3642 quam
1500 3570 1556 3623 in
1592 3568 1910 3639 legitimum
1942 3566 2125 3621 redire

499 3669 868 3735 consortium,
914 3667 1120 3721 merito
1162 3670 1294 3720 sunt
1326 3663 1611 3731 notandae,
1642 3664 1718 3717 ita
1749 3666 1807 3717 ut
1836 3662 2006 3715 etiam
2036 3677 2128 3716 ec-

499 3763 810 3820 clesiastica
837 3761 1239 3817 communione
1270 3757 1585 3830 priveutur,
1617 3757 1749 3828 quia
1778 3755 2132 3811 inexcusabi-

503 3859 634 3914 liter
650 3855 1197 3911 contaminationem
1220 3851 1476 3907 criminis
1492 3846 2134 3954 elegerunt,\ostenden-

506 3958 593 4008 tes
635 3949 864 4004 sibimet
910 3963 1014 4018 pro
1059 3962 1161 4000 sua
1203 3944 1620 4000 incontinentia
1664 3942 1936 4014 placuisse
1979 3942 2135 4015 quod

499 4048 657 4117 justa
681 4040 937 4097 remissio
964 4040 1151 4111 potuit
1174 4039 1417 4110 expiare.
1454 4036 1706 4092 Redeant
1728 4054 1864 4108 ergo
1883 4038 1944 4093 in
1970 4054 2137 4093 suum

509 4143 717 4194 statum
767 4133 1084 4190 voluntaria
1131 4132 1575 4203 reintegratione
1624 4130 1905 4203 conjugis,
1950 4147 2137 4204 neque

509 4232 624 4288 ullo
644 4230 811 4286 modo
840 4229 911 4284 ad
943 4227 1318 4300 opprobrium
1341 4226 1509 4281 malae
1530 4225 1835 4281 voluntatis
1859 4225 2136 4293 trahatur,

511 4325 664 4399 quod
684 4324 932 4381 conditio
951 4321 1293 4377 necessitatis
1314 4320 1562 4389 extorsit,
1586 4319 1721 4391 quia
1742 4318 1885 4374 sicut
1905 4319 1997 4375 hee
2016 4337 2141 4375 mu-

512 4422 681 4477 lieres
708 4435 833 4491 qute
862 4416 1064 4472 reverti
1084 4415 1155 4471 ad
1173 4414 1323 4470 viros
1345 4430 1475 4469 suos
1494 4414 1698 4468 nolunt
1714 4413 1905 4485 impiae
1925 4414 2137 4469 haben-

517 4517 604 4571 dae
639 4519 788 4585 sunt,
836 4512 911 4566 ita
954 4511 1065 4565 illae
1111 4526 1241 4582 quas
1281 4509 1341 4563 in
1376 4508 1647 4563 affectum
1692 4508 1902 4563 initum
1927 4525 1992 4563 ex
2029 4511 2142 4564 Deo

2226 3379 2528 3451 vigilanter
2557 3373 2901 3447 exsequeris,
2933 3388 3005 3427 ne
3035 3369 3155 3442 lupi
3188 3368 3288 3441 qui
3317 3367 3419 3422 sub
3454 3363 3637 3436 specie
3663 3361 3869 3417 ovium

2222 3473 2551 3529 subintrant
2573 3469 2791 3526 bestiali
2819 3466 3031 3522 saevitia
3055 3463 3345 3536 simplices
3368 3474 3626 3532 quosque
3657 3455 3872 3511 dilaces

2228 3571 2378 3637 rent,
2407 3572 2464 3620 et
2489 3582 2607 3621 non
2634 3564 2816 3618 solum
2848 3561 2958 3633 ipsi
2984 3559 3143 3615 nulla
3171 3555 3514 3613 correctione
3536 3549 3869 3624 proﬁciant,

2232 3663 2328 3716 sed
2359 3661 2528 3716 etiam
2564 3675 2629 3714 ea
2666 3673 2796 3730 quae
2839 3658 2973 3710 sunt
3006 3670 3142 3708 sana
3173 3648 3563 3721 corrumpant.
3596 3642 3761 3709 Quod
3793 3657 3872 3696 ne

2232 3756 2462 3827 viperea
2502 3752 2682 3825 possit
2724 3750 2985 3806 obtinere
3020 3746 3262 3812 fallacia,
3300 3741 3667 3799 dilectionem
3704 3741 3873 3791 tuam

2234 3849 2499 3905 duximus
2527 3844 3034 3912 commonendam,
3064 3839 3418 3895 insinuantes
3446 3834 3517 3889 ad
3542 3832 3750 3888 animae
3774 3846 3874 3902 pe-

2234 3944 2479 3999 riculum
2504 3940 2813 4013 pertinere,
2842 3938 2888 3992 si
2909 3936 3211 4009 quisquam
3232 3932 3302 3988 de
3326 3930 3414 3985 his
3439 3927 3540 4001 qui
3566 3945 3597 3982 a
3622 3925 3789 3982 nobis
3808 3924 3874 3979 in

2238 4036 2637 4093 haereticorum
2665 4038 2876 4089 sectam
2896 4031 3180 4101 delapsus,
3210 4032 3267 4082 et
3293 4042 3351 4079 se
3378 4029 3669 4093 utcunque
3689 4020 3877 4074 haere-

2238 4132 2361 4186 tica:
2417 4127 2841 4185 communionis
2892 4123 3234 4195 contagione
3287 4117 3607 4184 macularit,
3666 4113 3874 4185 resipi-

2238 4242 2396 4282 scens
2418 4225 2478 4279 in
2515 4222 2917 4279 communione
2943 4217 3224 4274 catholica
3253 4215 3373 4270 sine
3399 4209 3762 4285 promotione
3790 4208 3874 4263 le-

2242 4320 2456 4393 gitimae
2488 4316 2881 4374 satisfactionis
2907 4313 3209 4370 habeatur.
3242 4306 3691 4366 Saluberrimum
3717 4302 3879 4358 enim

2243 4418 2299 4470 et
2324 4414 2599 4487 spirituali
2633 4409 2931 4467 medicinae
2969 4407 3211 4463 utilitate
3257 4400 3633 4476 plenissinum
3667 4402 3775 4465 est,
3813 4401 3885 4452 ut

2243 4510 2358 4564 sive
2388 4506 2724 4581 presbyteri,
2767 4505 2881 4560 sive
2909 4502 3150 4569 diaconi,
3190 4504 3291 4555 aut
3325 4494 3630 4568 cujuslibet
3659 4490 3885 4547 ordinis

515 4609 754 4665 redeunt
780 4605 986 4661 merito
1013 4608 1148 4701 sunt
1164 4603 1463 4659 laudanda:
1477 4592 1820 4691 judicio.\De
1841 4603 1930 4657 his
1950 4608 2142 4658 autem
2164 4629 2223 4701 D
2246 4602 2453 4673 clerici,
2479 4601 2577 4672 qui
2595 4617 2652 4656 se
2668 4603 2950 4655 correctos
2967 4595 3147 4651 videri
3164 4593 3380 4661 volunt,
3401 4594 3573 4660 atque
3590 4586 3666 4642 ad
3686 4585 3886 4641 catho-

517 4702 848 4760 Christianis
891 4700 987 4773 qui
1029 4699 1183 4753 inter
1225 4714 1322 4752 eos
1371 4715 1404 4751 a
1452 4697 1656 4769 quibus
1699 4698 1927 4752 fuerant
1969 4697 2143 4769 capti-

522 4800 629 4853 vati
664 4794 1041 4852 immolatitiis
1079 4792 1214 4846 cibis
1243 4797 1575 4846 asseruntur
1599 4790 1824 4862 polluti,
1857 4791 2145 4846 consulta-

520 4892 662 4947 tioni
691 4888 979 4945 charitalis
1016 4892 1127 4941 tum
1160 4886 1265 4939 hoc
1311 4884 1483 4939 etiam
1527 4884 1992 4955 respondendum
2028 4901 2149 4941 esse

524 4973 805 5041 credimus
857 4988 920 5037 nt
972 4979 1317 5053 pmnitentite
1371 4978 1753 5032 satisfactione
1808 4982 2147 5049 purgentur.

526 5081 662 5145 Quae
707 5095 819 5133 non
862 5081 981 5131 tam
1029 5073 1302 5146 temporis
1348 5070 1705 5143 longitudine
1749 5088 1921 5143 quam
1962 5073 2151 5128 cordis

526 5171 962 5244 compunctione
990 5168 1271 5242 pensanda
1294 5171 1394 5234 est,
1416 5169 1475 5221 et
1493 5165 1607 5221 sive
1630 5166 1737 5221 hoc
1758 5170 1942 5221 terror
1962 5171 2149 5222 extor-

528 5267 680 5333 serit,
712 5266 825 5320 sive
855 5266 1030 5319 fames
1056 5262 1310 5330 suaserit,
1336 5277 1450 5316 non
1473 5260 1764 5317 dubitetur
1782 5261 2150 5331 abolendum,

528 5378 658 5417 cum
686 5358 1008 5431 hujusmodi
1034 5358 1194 5413 cibus
1224 5373 1329 5427 pro
1361 5358 1536 5421 metu,
1564 5360 1671 5409 aut’
1689 5354 2013 5431 indigentia
2041 5372 2155 5410 non

530 5473 630 5528 pro
660 5452 952 5526 religionis
976 5451 1338 5507 veneratione
1371 5450 1441 5504 sit
1471 5454 1749 5520 sumptus.
1768 5424 1888 5532 ‘His
1924 5466 2058 5505 vero
2086 5450 2155 5507 de

528 5550 735 5624 quibus
766 5548 991 5604 dilectio
1027 5550 1119 5601 tua
1156 5543 1421 5597 similiter
1455 5560 1558 5597 nos
1592 5543 1832 5598 credidit
1862 5545 2156 5599 consulen-

531 5644 756 5716 dos,qui
766 5642 836 5697 ad
849 5638 1168 5695 iterandum
1184 5637 1533 5707 baptismum
1546 5638 1627 5693 vel
1644 5642 1799 5692 metu
1814 5639 1993 5693 coacti
2004 5642 2156 5706 sunt,

531 5742 618 5794 vel
649 5752 840 5792 errore
871 5732 1130 5801 traducti,
1150 5736 1207 5787 et
1234 5747 1383 5785 nunc
1405 5747 1463 5786 se
1488 5737 1683 5787 contra
1704 5732 1997 5787 catholicae
2028 5733 2161 5787 fidei

532 5833 956 5886 sacramentum
982 5823 1165 5896 egisse
1197 5829 1565 5894 cognoscunt,
1596 5841 1660 5880 ea
1690 5825 2063 5880 custodienda
2079 5829 2164 5880 est

535 5924 698 5981 ratio.
726 5936 839 5991 qua
869 5920 921 5972 in
953 5918 1274 5972 societatem
1307 5919 1552 5969 nostram
1582 5933 1697 5970 non
1726 5918 1827 5970 nisi
1858 5935 1961 5988 per
1988 5919 2163 5988 poeni-

2246 4697 2414 4753 licam
2447 4696 2642 4763 ﬁdem,
2685 4709 2856 4766 quam
2888 4688 3240 4764 jampridem
3279 4685 3606 4752 amiserant,
3646 4696 3885 4735 rursum

2248 4790 2453 4848 reverti
2480 4788 2760 4859 ambiunt,
2799 4786 2959 4859 prius
2992 4798 3211 4840 errores
3240 4797 3389 4848 suos,
3419 4782 3476 4834 et
3503 4777 3652 4848 ipsos
3679 4777 3885 4829 aucto-

2251 4901 2339 4941 res
2376 4899 2639 4940 errorum
2670 4879 2933 4937 damnari
2972 4895 3006 4932 a
3034 4894 3093 4932 se
3121 4877 3243 4932 sine
3268 4870 3639 4944 ambiguitate
3663 4868 3889 4924 fatean-

2250 4984 2363 5050 tur,
2404 4984 2467 5034 ut
2490 4976 2745 5033 sensibus
2772 4974 2956 5047 pravis
2981 4972 3152 5028 etiam
3186 4965 3519 5042 peremptis,
3549 4962 3707 5018 nulla
3750 4978 3884 5033 spe-

2250 5073 2418 5129 randi
2448 5070 2692 5144 supersit
2723 5069 2959 5136 occasio,
3002 5083 3075 5122 ne
3105 5065 3284 5120 ullum
3320 5059 3643 5116 membrum
3680 5056 3891 5111 talium

2252 5167 2427 5240 possit
2451 5165 2720 5221 societate
2744 5162 2962 5233 violari,
2987 5176 3118 5216 cum
3138 5174 3240 5231 per
3261 5154 3459 5212 omnia
3476 5152 3585 5208 illis
3606 5149 3889 5223 professio

2255 5261 2485 5335 propria
2516 5258 2747 5332 coeperit
2767 5258 3020 5313 obviare.
3048 5255 3209 5311 Circa
3233 5267 3378 5324 quos
3403 5248 3577 5304 etiam
3605 5246 3766 5301 illam
3791 5250 3888 5298 ca-

2255 5373 2475 5413 nonum
2506 5352 2972 5411 constitutionem
2999 5348 3364 5423 praecipimus
3393 5339 3686 5407 custodiri,
3735 5343 3801 5393 ut
3829 5339 3892 5393 in

2257 5468 2470 5523 magno
2512 5450 2765 5506 habeant
2798 5444 3095 5515 beneﬁcio,
3136 5443 3181 5498 si
3217 5440 3492 5511 adempta
3518 5434 3624 5491 sibi
3649 5433 3890 5489 omnino

2259 5563 2356 5617 spe
2382 5544 2773 5617 promotionis,
2805 5542 2865 5597 in
2891 5557 3006 5613 quo
3038 5535 3410 5593 inveniuntur
3441 5531 3641 5586 ordine
3674 5526 3889 5584 stabili-

2257 5642 2373 5696 tate
2410 5643 2687 5711 perpetua
2724 5639 3012 5705 maneant,
3057 5633 3104 5688 si
3142 5636 3336 5686 tamen
3373 5628 3578 5682 iterata
3613 5620 3893 5677 tinctione

2261 5750 2377 5790 non
2395 5733 2607 5788 fuerint
2630 5730 2913 5787 maculati.
2947 5730 3066 5784 Non
3086 5728 3270 5782 levem
3297 5722 3446 5796 apud
3468 5721 3646 5775 Deum
3675 5730 3893 5771 noxam

2261 5827 2519 5897 incurrit,
2563 5826 2663 5897 qui
2696 5826 2765 5881 de
2802 5824 3012 5880 talibus
3036 5822 3107 5878 ad
3135 5836 3322 5876 sacros
3350 5810 3770 5889 promovendos
3797 5826 3891 5864 or-

2263 5921 2420 5976 dines
2442 5920 2730 5993 judicarit.
2774 5917 2937 5983 Quod
2981 5917 3025 5971 si
3069 5931 3201 5970 cum
3229 5910 3434 5986 grandi
3478 5903 3895 5964 examinatione
