4034 6306
170 374 261 426 sca
1397 340 1863 420 DECRETALIUM
1902 363 2286 420 COLLECTIO.

3424 373 3525 424 870

168 477 439 549 promotio
485 472 813 531 conceditur
858 473 1181 545 inculpatis,
1217 473 1397 526 multo
1440 472 1619 543 magis
1667 490 1785 526 non
1808 482 2057 556 A‘quam
2091 473 2314 527 cedere.
2354 472 2632 527 Deformis
2670 477 2867 528 autem
2904 479 2959 528 et
3008 475 3211 545 ignava
3254 476 3530 546 subjectio

166 571 328 626 debet
378 570 548 624 licere
591 567 885 639 suspectis.
942 566 1182 621 Proinde
1229 566 1453 621 dilectio
1497 570 1594 620 tua
1635 566 1797 635 cujus

167 664 459 719 devotione
500 661 834 733 gaudemus,
857 661 1067 732 jungat
1108 660 1178 714 ad
1211 659 1386 714 totius
1413 675 1608 714 curam
1634 677 1795 715 suam

167 755 625 829 dispositionibus
668 753 896 822 nostris,
927 758 985 808 et
1024 753 1117 808 det
1163 768 1414 824 operam,
1440 758 1506 808 ut
1553 754 1794 809 circum-

165 856 345 923 specte
390 856 565 921 atque
610 849 880 904 velociter
926 847 1299 918 impleantur,
1339 863 1467 918 quae
1510 847 1584 901 ad
1627 848 1797 903 totius

167 945 414 1000 ecclesiie
442 943 917 1010 incolumitatem,
933 946 989 996 et
1008 940 1359 995 laudabiliter
1382 946 1651 1012 suggesta
1668 948 1799 997 sunt

170 1046 219 1095 et
240 1038 545 1094 salubriter
568 1036 849 1092 ordinata.
897 1037 1021 1090 Non
1052 1038 1244 1090 autem
1283 1034 1545 1090 debiliter
1573 1036 1797 1090 dilectio

167 1140 254 1188 tua
279 1149 406 1201 nos,
438 1131 504 1199 si,
536 1131 691 1202 quod
726 1145 843 1184 non
876 1129 1246 1197 arbitramur,
1274 1128 1534 1205 neglecta
1559 1129 1793 1197 fuerint,

169 1243 289 1299 quae
329 1242 435 1297 pro
461 1223 712 1280 custodia
754 1239 1056 1291 canonum,
1085 1228 1141 1277 et
1165 1239 1269 1294 pro
1298 1222 1431 1277 ﬁdei
1470 1222 1797 1293 integritate

170 1320 541 1385 decernimus,
571 1317 962 1372 vehementius
997 1315 1457 1383 commovendos,
1484 1315 1614 1387 quia
1646 1316 1796 1371 infe-

169 1415 382 1469 riorum
411 1412 677 1468 ordinum
706 1411 890 1482 culpae
931 1411 1002 1465 ad
1027 1410 1215 1465 nullos
1265 1411 1449 1481 magis
1482 1410 1799 1465 referendae

169 1513 314 1576 sunt,
360 1522 538 1579 quam
588 1505 662 1560 ad
717 1504 955 1571 desides,
1007 1504 1484 1576 negligentesque
1533 1506 1796 1571 rectores,

171 1603 263 1673 qui
287 1602 532 1657 multam
560 1615 710 1670 saepe
737 1598 1000 1652 nutriunt
1022 1598 1407 1669 pestilentiam
1437 1597 1577 1653 dum
1615 1615 1801 1653 neces-

171 1697 369 1750 sariam
386 1694 752 1749 dissimulant
773 1692 1045 1747 adhibere
1074 1690 1443 1746 medicinam.
1465 1693 1599 1746 Data
1616 1691 1800 1763 pridie

173 1789 450 1844 Kalendas
476 1788 628 1853 Julii,
656 1786 836 1857 Alipio
861 1790 918 1841 et
942 1786 1254 1841 Ardaburae
1281 1785 1620 1840 consulibus.

298 1884 429 1938 LXI.
460 1912 529 1922 ——
554 1882 646 1938 Ad
669 1885 868 1937 Dorum
895 1884 1321 1936 Beneventanum
1344 1883 1664 1951 episcopum.

237 1977 614 2032 Dilectissimo
639 1975 804 2031 fratri
829 1975 998 2041 Dono,
1026 1975 1136 2028 Leo
1167 1973 1486 2045 episcopus.

233 2070 519 2125 Iudicium
559 2069 713 2141 quod
756 2069 825 2123 de
868 2072 923 2122 te
962 2067 1326 2139 sperabamus
1374 2067 1638 2121 dolemus
1676 2073 1809 2120 esse

172 2165 522 2233 frustratum,
559 2163 786 2234 quando
820 2177 887 2216 ea
930 2165 985 2216 te
1026 2161 1378 2216 commisisse
1429 2159 1801 2232 perspicimus

174 2273 296 2329 quae
324 2272 559 2312 omnem
590 2254 977 2310 ecclesiasticae
1005 2254 1310 2309 sanctionis
1334 2254 1590 2325 regulam
1619 2236 1803 2325 culpa-

173 2352 263 2405 bili
314 2350 561 2406 novitate
626 2350 924 2417 foedarent,
977 2364 1106 2404 cum
1166 2348 1492 2418 plenissime
1553 2347 1798 2417 noveris,

174 2449 384 2516 quanta
445 2443 820 2499 sollicitudine
875 2459 976 2514 per
1022 2458 1219 2497 omnes
1264 2441 1493 2496 Domini
1538 2441 1803 2496 ecclesias

173 2545 541 2611 paternorum
564 2538 806 2592 velimus
827 2553 1111 2591 canonum
1158 2541 1445 2607 praecepta
1474 2551 1717 2603 servare,
1748 2539 1804 2589 et

174 2634 312 2687 hanc
341 2633 593 2687 maxime
619 2647 811 2686 curam
836 2631 904 2686 ad
926 2630 1248 2685 sacerdotes
1279 2631 1672 2684 universarum
1692 2629 1803 2700 ple-

1894 567 2040 621 beue
2067 567 2171 620 sibi
2199 567 2471 635 conscius,
2504 571 2560 620 et
2586 584 2703 621 non
2749 567 2971 623 irritam
3014 568 3351 622 facientibus
3404 586 3528 640 gra-

1897 660 2034 713 tiam
2071 659 2164 713 Dei
2191 660 2560 732 praejudicare
2598 678 2712 716 non
2756 662 2958 733 potuit,
2986 665 3053 715 ut
3088 662 3366 732 primatus
3406 681 3533 719 suos

1898 768 2235 824 quocunque
2281 755 2621 809 commercio
2652 755 2710 809 in
2747 756 3084 811 alterutrum
3119 757 3533 812 transferentes

1899 848 2366 918 subsequentium
2415 865 2651 903 suorum
2703 850 3029 905 minuerent
3079 850 3441 921 dignitatem,
3479 859 3536 907 et

1899 941 2035 1011 quia
2066 941 2331 995 ultimum
2360 942 2464 995 sibi
2497 946 2945 1015 anteposuerant
2973 944 3192 998 caeteris
3220 946 3532 1016 praemine-

1899 1038 2044 1090 rent.
2110 1036 2369 1090 Prmdicti
2420 1036 2597 1107 igitur
2638 1038 2955 1109 presbyteri
3012 1038 3111 1108 qui
3159 1038 3429 1111 indignos
3475 1059 3533 1096 se

1900 1129 2130 1183 honoris
2158 1129 2242 1183 sui
2271 1130 2468 1184 ordine
2511 1135 2643 1186 sunt
2687 1131 2925 1202 professi
2963 1131 3093 1185 licet
3122 1132 3327 1203 privari
3357 1134 3531 1189 etiam

1899 1223 2208 1277 sacerdotio
2234 1226 2613 1294 mererentur,
2631 1227 2822 1279 tamen
2838 1228 2902 1278 ut
2925 1241 3030 1297 pro
3052 1226 3369 1296 apostolicae
3390 1228 3536 1283 sedis

1900 1316 2110 1387 pietate
2159 1321 2447 1387 parcatur,
2473 1317 2665 1372 ultimi
2696 1318 2845 1372 inter
2879 1334 3077 1373 omnes
3113 1319 3362 1374 ecclesiae
3411 1334 3537 1392 pre-

1901 1410 2155 1481 sbyteros
2206 1410 2536 1466 habeantur.
2584 1413 2652 1466 Et
2697 1416 2759 1465 ut
2802 1411 3002 1482 judicii
3061 1412 3145 1466 sui
3190 1415 3532 1469 sententiam

1900 1504 2105 1571 ferant,
2124 1503 2423 1560 inferiores
2448 1505 2617 1560 etiam
2641 1505 2737 1560 illo
2766 1509 2933 1559 erunt
2956 1521 3124 1577 quem
3150 1508 3384 1579 propria
3405 1525 3532 1564 sen-

1905 1602 2082 1656 tentia
2105 1602 2329 1656 sibimet
2344 1602 2895 1673 praetulere,cmteris
2910 1603 3175 1658 omnibus
3196 1605 3536 1677 presbyteris

1901 1695 1959 1749 in
1981 1712 2048 1749 eo
2073 1695 2274 1749 ordine
2304 1696 2770 1767 permanentibus
2796 1712 2963 1768 quem
2986 1695 3296 1768 unicuique
3314 1699 3537 1754 ordina-

1901 1790 2072 1845 tionis
2102 1806 2217 1844 sua!
2261 1794 2489 1860 tempus
2534 1790 2815 1861 ascripsit.
2846 1787 3037 1863 215
3074 1791 3189 1844 Nec
3233 1792 3535 1863 quisquam

1822 1869 1877 1940 B
1903 1887 2108 1953 praeter
2127 1899 2195 1955 pr
2249 1882 2425 1937 dictos
2453 1882 2597 1937 duos
2627 1882 2944 1937 imminutae
2973 1883 3271 1956 dignitatis
3292 1886 3538 1956 patiatur

1902 1899 2329 2056 injuriam,Tsed
2378 1976 2435 2030 in
2483 1992 2683 2031 eorum
2731 1980 2941 2031 statum
2987 1979 3391 2034 tantummodo
3429 1980 3536 2034 hoc

1902 1976 2329 2047 injuriam,|sed
2378 1976 2435 2030 in
2483 1992 2683 2031 eorum
2731 1980 2941 2031 statum
2987 1979 3391 2034 tantummodo
3429 1980 3536 2034 hoc

1900 2074 2160 2125 recurrat
2187 2069 2555 2141 opprobrium
2587 2070 2739 2141 quod
2764 2071 2984 2125 novello
3017 2075 3073 2125 et
3105 2072 3409 2127 immature
3439 2090 3533 2127 or-

1901 2169 2035 2218 nato
2080 2163 2374 2219 inferiores
2419 2163 2541 2218 ﬁeri
2589 2164 2838 2235 elegere,
2864 2169 2929 2218 ut
2964 2164 3121 2219 illam
3150 2167 3535 2237 evangelicam

1904 2257 2242 2311 sententiam
2287 2258 2355 2312 ad
2402 2274 2476 2311 se-
2507 2258 2753 2311 sentiant
2795 2258 3100 2329 pertinere,
3131 2275 3246 2331 qua
3285 2261 3533 2318 dicitur:

1906 2374 1931 2399 ‹‹
1963 2350 2086 2415 Quo
2124 2350 2340 2421 judicio
2382 2351 2765 2421 judicaveritis
2792 2351 3145 2422 judicabitur
3169 2353 3238 2409 de
3267 2354 3445 2424 vobis,
3478 2360 3537 2409 et

1905 2461 2017 2516 qua
2046 2460 2312 2499 mensura
2331 2444 2515 2498 mensi
2536 2444 2776 2512 fueritis,
2800 2445 2999 2499 eadem
3026 2446 3354 2502 remetietur
3380 2448 3536 2503 vobis

1907 2539 2117 2607 (Matth.
2141 2554 2235 2605 vn,
2258 2539 2330 2609 2).
2348 2559 2373 2586 ››
2389 2539 2592 2592 Paulus
2615 2555 2747 2592 vero
2769 2538 3064 2609 presbyter
3084 2539 3342 2595 ordinem
3367 2557 3535 2597 suum

1904 2632 1973 2687 de
1994 2648 2107 2703 quo
2124 2631 2383 2686 laudabili
2400 2631 2669 2686 ﬁrmitate
2689 2648 2804 2686 non
2826 2632 3010 2702 cessit,
3024 2632 3298 2689 obtineat.
3320 2635 3431 2690 Nec
3454 2638 3538 2691 ul-

176 2727 327 2781 bium
346 2726 733 2799 pertinere,ut
750 2730 1078 2780 sanctarum
1098 2725 1567 2779 constitutionum
1585 2723 1803 2794 regula
1834 2718 1869 2808 Ἰ
1903 2725 2076 2781 terius
2111 2726 2325 2797 aliquid
2350 2725 2409 2780 in
2436 2726 2772 2797 cujusquam
2798 2730 3103 2797 praesumat
3137 2726 3428 2797 injuriam,
3458 2729 3534 2785 ita

174 2821 342 2876 nullis
387 2822 831 2892 corrumpantur
874 2818 1211 2873 excessibus.
1246 2819 1404 2873 Unde
1440 2818 1718 2872 miramur
1749 2823 1804 2871 te

173 2931 343 2987 quem
378 2915 781 2970 auctoritatum
826 2913 1148 2985 apostolicae
1177 2912 1336 2968 Sedis
1376 2911 1800 2967 observantissi-

177 3026 332 3063 mum
377 3026 499 3064 esse
543 3014 907 3077 convenerat,
939 3013 1056 3063 tam
1110 3007 1493 3077 negligenter,
1520 3023 1584 3061 ac
1617 3006 1803 3078 potius

175 3104 480 3158 insolenter
506 3103 710 3174 egisse,
743 3106 809 3156 ut
834 3103 1169 3157 traditarum
1198 3101 1299 3156 tibi
1326 3101 1522 3172 legiun
1564 3117 1683 3154 non
1706 3117 1802 3154 cu-

174 3204 281 3252 stos
306 3199 407 3252 sed
438 3201 821 3268 transgressor
847 3197 1131 3251 existeres.
1164 3195 1378 3249 Libello
1406 3194 1623 3250 etenim
1647 3194 1803 3248 Pauli

174 3291 491 3364 presbyteri
521 3291 604 3346 tui
631 3290 729 3362 qui
758 3291 815 3344 in
840 3290 1079 3344 subditis
1108 3291 1406 3356 habentur,
1437 3289 1805 3360 cognovimus

174 3387 325 3458 apud
351 3392 409 3441 te
434 3401 581 3441 novo
621 3385 860 3453 ambitu,
891 3385 1155 3456 foedoque
1186 3384 1424 3440 colluvio
1470 3383 1805 3455 presbyterii

174 3481 438 3535 ordinem
460 3480 630 3536 fuisse
654 3479 947 3534 turbatum
964 3479 1044 3534 ita
1067 3483 1134 3534 ut
1156 3480 1345 3547 unius,
1375 3478 1602 3546 festina,
1626 3480 1683 3531 et
1703 3478 1807 3531 im-

175 3581 394 3629 matura
424 3573 709 3645 provectio
734 3574 996 3646 quaedam
1033 3589 1233 3628 eorum
1275 3573 1511 3645 dejectio
1539 3573 1687 3627 facta
1715 3573 1803 3639 sit,

175 3670 326 3741 quod
354 3674 492 3723 tetas
527 3669 986 3737 commendabat,
1016 3674 1072 3727 et
1104 3669 1260 3721 nulla
1287 3668 1453 3739 culpa
1490 3667 1804 3722 minuebat.

172 3765 332 3828 Quod
379 3763 427 3818 si
473 3763 735 3818 ambietis
776 3762 1038 3830 intentio,
1072 3765 1169 3816 aut
1195 3762 1458 3834 imperita
1498 3761 1807 3817 faventium

174 3858 359 3913 studia
385 3858 443 3913 id
468 3858 622 3929 quod
658 3873 959 3927 nunquam
996 3856 1195 3911 habuit
1235 3856 1587 3911 consuetudo
1619 3873 1808 3928 posce-

174 3953 332 4023 bant,
362 3954 428 4006 ut
463 3951 739 4022 incipiens
781 3950 1052 4017 emeritis,
1082 3956 1137 4005 et
1167 3951 1419 4005 novellus
1444 3951 1810 4022 praeferretur

176 4046 483 4118 antiquius,
511 4051 622 4100 ture
647 4045 837 4100 fuerat
874 4045 1168 4099 industriae
1208 4048 1375 4117 atque
1421 4044 1713 4113 doctrinm,
1746 4050 1809 4098 ut

178 4141 385 4211 injuste
429 4140 743 4211 petentium
784 4138 1066 4194 desideria
1107 4139 1433 4194 rationabili
1471 4140 1807 4194 auctoritate

176 4235 495 4302 cohiberes,
516 4250 586 4289 ne
614 4250 785 4305 quem
810 4233 869 4287 in
901 4233 1239 4288 sacerdotali
1268 4249 1510 4305 propere
1541 4234 1809 4306 proveheo

179 4330 277 4383 bas
319 4330 538 4384 honore
577 4328 649 4383 ad
694 4328 958 4400 injuriam
999 4344 1195 4381 eorum
1245 4327 1451 4398 quibus
1494 4327 1811 4381 sociebatur

177 4423 474 4494 inciperet.
507 4422 677 4477 Miror
712 4423 810 4494 qui
839 4422 883 4476 si
921 4422 1080 4477 ﬁeret
1104 4422 1164 4476 in
1196 4422 1290 4476 illo
1319 4438 1432 4475 non
1470 4421 1811 4475 humilitatis

177 4517 375 4586 virtus,
396 4517 497 4572 sed
523 4516 782 4572 elationis
806 4516 1007 4571 vitium
1028 4517 1410 4571 roboraretur.
1440 4516 1631 4587 Neque
1654 4516 1809 4569 enim

1902 2825 1965 2874 ut
1978 2819 2202 2874 dilectio
2216 2826 2309 2873 tua
2322 2835 2499 2891 quam
2518 2836 2632 2873 non
2648 2818 2939 2874 immerito
2955 2823 3073 2875 tota
3086 2820 3217 2874 facti
3230 2821 3400 2893 hujus
3415 2824 3537 2895 pul-

1903 2917 1985 2967 sat
2013 2913 2220 2968 invidia
2248 2913 2357 2968 hoc
2376 2915 2574 2968 saltem
2599 2913 2849 2969 remedio
2876 2930 3072 2969 curare
3092 2931 3150 2968 se
3162 2920 3447 2988 properet,
3478 2925 3535 2973 ut

1904 3008 2025 3062 sine
2053 3008 2507 3063 dissimulatione
2533 3008 2655 3063 haec
2682 3024 2809 3079 quae
2853 3009 3211 3065 decernimus
3241 3010 3539 3066 tradantur

1903 3101 2149 3169 effectui,
2181 3119 2250 3157 ne
2281 3102 2324 3156 si
2369 3102 2570 3157 iterato
2597 3103 2668 3156 ad
2698 3119 2804 3157 nos
2846 3101 3169 3174 imploratio
3210 3104 3363 3176 justa
3403 3122 3538 3160 con-

1905 3197 2134 3267 fugerit,
2154 3212 2385 3251 necesse
2413 3195 2484 3250 sit
2504 3195 2750 3252 severius
2776 3197 3124 3252 commoveri
3150 3214 3278 3252 cum
3302 3199 3393 3253 his
3413 3216 3541 3271 quae

1907 3291 2057 3344 male
2092 3295 2225 3344 sunt
2246 3290 2390 3345 facta
2421 3289 2689 3345 correctis
2714 3290 2982 3345 malimus
3009 3292 3361 3362 reintegrare
3382 3293 3542 3349 disci-

1906 3385 2119 3455 plinam
2147 3400 2317 3455 quam
2346 3400 2555 3454 augere
2583 3383 2914 3438 vindictam.
2944 3385 3379 3441 Exsecutionem
3410 3404 3542 3443 vero

1906 3476 2358 3550 praeceptionum
2385 3481 2712 3532 nostrarum
2732 3476 2890 3531 fratri
2914 3482 2969 3533 et
2989 3478 3324 3550 coepiscopo
3344 3485 3538 3536 nostro

1906 3573 2049 3626 Julio
2079 3571 2427 3625 commisisse
2475 3588 2576 3625 nos
2620 3571 2865 3641 noveris,
2897 3574 2961 3625 ut
2995 3573 3189 3626 omnia
3228 3573 3308 3627 illi
3338 3590 3537 3645 quem-

1908 3665 2215 3721 admodum
2253 3664 2648 3720 constituimus
2684 3664 3041 3720 roborentur.
3075 3666 3211 3721 Data
3246 3667 3370 3722 Idus
3406 3668 3544 3724 Mar-

1911 3759 1992 3827 tii,
2023 3760 2426 3815 Posthumiano
2451 3758 2570 3814 viro
2609 3757 2925 3814 clarissimo
2950 3761 3196 3815 consule.

1907 3877 2054 3933 LXII.
2084 3909 2151 3917 ——
2192 3878 2282 3933 Ad
2306 3879 2585 3933 universos
2613 3879 2880 3949 episcopos
2917 3892 3019 3948 per
3055 3879 3302 3935 Siciliam
3339 3882 3540 3936 consti-

2650 3953 2808 4004 tutos.

1984 4044 2092 4097 Leo
2154 4044 2428 4097 universis
2491 4042 2769 4114 episcopis
2825 4059 2929 4113 per
2974 4041 3225 4098 Siciliam
3282 4045 3549 4099 constitu-

1910 4140 1998 4195 tis.

1984 4233 2191 4287 Divinis
2216 4232 2515 4304 prmceptis
2543 4237 2598 4286 et
2617 4231 2938 4302 apostolicis
2959 4231 3189 4285 monitis
3218 4231 3544 4300 incitamur,

1911 4331 1974 4381 ut
1998 4344 2100 4398 pro
2123 4326 2382 4380 omnium
2412 4324 2775 4379 ecclesiarum
2802 4328 2949 4377 statu
2973 4323 3224 4395 impigro
3247 4324 3549 4396 vigilemus

1910 4422 2133 4489 affectu,
2151 4423 2251 4473 aut
2270 4419 2314 4471 si
2335 4417 2473 4489 quid
2495 4433 2740 4489 usquam
2767 4417 3204 4489 reprehensioni
3224 4418 3549 4475 inveniatm'

1913 4513 2217 4569 obnoxium
2245 4512 2413 4567 celeri
2443 4511 2839 4578 sollicitudine,
2861 4514 2961 4565 aut
2983 4511 3053 4565 ab
3079 4510 3421 4583 ignorantiae
3446 4513 3548 4579 im-

176 4611 480 4683 ignorabas
521 4610 729 4664 dixisse
774 4610 1100 4677 Dominum,
1128 4609 1279 4682 quod
1306 4610 1405 4681 qui
1437 4626 1495 4663 se
1530 4610 1809 4678 humiliat,
1831 4627 1891 4700 D
1913 4608 2134 4681 peritia,
2156 4612 2299 4661 auta
2317 4605 2779 4678 praesumptionis
2802 4604 3167 4675 usurpatione
3193 4621 3543 4661 revocemus.

174 4706 530 4775 exaltabitur,
547 4704 789 4776 quivero
809 4721 865 4759 se
884 4705 1105 4774 exaltat,
1123 4704 1679 4776 humiliabitur(Lur.
1702 4721 1810 4772 xxv,

176 4806 227 4856 Η
242 4804 279 4871 ).
298 4800 687 4871 Eumdemque
704 4798 906 4854 dixisse
920 4816 1017 4854 vos
1036 4803 1230 4853 autem
1248 4798 1502 4869 quaeritis
1520 4799 1588 4853 de
1607 4799 1811 4869 pusillo

168 4910 442 4961 crescere,
463 4898 520 4948 et
543 4893 612 4949 de
633 4894 854 4948 honore
880 4894 1126 4964 majores
1154 4908 1296 4947 esse.
1318 4893 1634 4964 Utrumque
1658 4892 1812 4947 enim

168 4990 579 5056 inordinatum,
614 4993 923 5058 utrumque
964 4994 1372 5059 praeposterum
1401 4989 1505 5056 est,
1536 4992 1593 5041 et
1625 4987 1811 5041 omnis

173 5084 433 5138 laborum
450 5083 666 5137 fructus
681 5083 956 5150 aufertur,
976 5082 1162 5136 omnis
1182 5081 1515 5136 meritorum
1542 5097 1812 5135 mensura

176 5181 462 5243 vacuatur,
511 5177 556 5231 si
607 5180 832 5231 tantum
881 5177 1007 5248 quis
1056 5177 1157 5230 has
1205 5175 1462 5248 sequitur
1507 5175 1811 5246 dignitates

175 5276 459 5343 quantum
486 5271 823 5326 adulationis
850 5271 1113 5342 obtinuit,
1136 5277 1196 5326 ut
1223 5271 1499 5341 cupiditas
1525 5270 1812 5324 eminendi

176 5382 294 5421 non
324 5366 509 5421 solum
546 5365 971 5437 superbientem
1009 5366 1251 5431 minuat,
1285 5364 1381 5419 sed
1409 5365 1578 5419 etiam
1618 5364 1809 5418 convi-

176 5465 426 5516 ventem.
480 5460 537 5516 Si
580 5476 733 5531 vero,
775 5465 841 5515 ut
907 5461 1196 5528 asseritur,
1246 5459 1415 5530 primi
1466 5458 1812 5529 secundique

178 5556 493 5626 presbyteri
523 5555 668 5610 circa
692 5555 1055 5627 Epicarpium
1080 5554 1309 5608 sibimet
1336 5554 1811 5626 praeponendum,
1850 5632 1857 5635 θ

180 5654 295 5704 tem
325 5650 459 5704 huic
485 5649 787 5704 assentatio
819 5649 947 5717 fuit,
975 5652 1045 5702 ut
1076 5649 1238 5702 illum
1268 5665 1397 5703 cum
1430 5648 1519 5703 sui
1545 5649 1814 5704 dedecore

183 5748 484 5814 poscerent
509 5744 800 5799 honorari.
830 5745 941 5798 Nec
974 5743 1079 5798 hoc
1107 5742 1338 5815 quidem
1369 5744 1477 5799 illis
1503 5744 1733 5816 proprio
1757 5761 1813 5798 se

177 5836 397 5907 judicio
441 5837 837 5909 dejicientibus
878 5837 1049 5892 tribui
1095 5837 1307 5906 debuit,
1336 5838 1492 5910 quod
1532 5838 1813 5906 volebant,

186 5933 275 5986 cui
304 5935 420 5987 tam
449 5932 673 5987 miserae
698 5932 972 5987 voluntati
998 5936 1054 5987 te
1084 5933 1308 6005 dignius
1340 5934 1529 5987 fuerat
1565 5932 1813 6000 obviare,

1914 4705 2169 4759 Monente
2198 4701 2350 4755 enim
2379 4699 2687 4754 Dominicae
2706 4699 2858 4754 vocis
2878 4698 3139 4770 imperio,
3163 4715 3276 4771 quo
3293 4698 3547 4755 beatissi-

1912 4814 2039 4853 mus
2068 4797 2351 4868 apostolus
2378 4796 2577 4849 Petrus
2606 4793 2753 4848 trina
2772 4792 3115 4864 repetitione
3142 4793 3395 4864 mysticae
3422 4810 3548 4849 san-

1914 4890 2114 4946 ctionis
2158 4889 2451 4955 imbuitur,
2484 4892 2546 4942 ut
2575 4887 2778 4944 Christi
2809 4904 2941 4942 oves
2968 4886 3064 4960 qui
3102 4887 3388 4944 Christum
3418 4889 3541 4945 dili-

1915 4986 1998 5057 git
2025 4990 2238 5057 pascat,
2268 4983 2442 5056 ipsius
2474 4982 2618 5037 sedis
2652 4982 2741 5036 cui
2771 4999 2878 5054 per
2903 4982 3309 5037 abundantiam
3339 4983 3544 5039 divina?

1915 5081 2108 5153 gratiae
2120 5095 2441 5153 praesumus
2451 5077 2766 5133 reverentia
2777 5077 3222 5133 cohortamurut
3232 5078 3545 5149 periculum

1914 5174 2144 5230 desidiae
2161 5176 2437 5246 quantum
2460 5187 2765 5245 possumus
2792 5170 3156 5242 declinemus,
3175 5188 3248 5227 ne
3270 5173 3545 5244 professio

1913 5268 2121 5323 summi
2148 5267 2385 5338 apostoli
2411 5267 2506 5338 qui
2538 5284 2594 5321 se
2618 5268 2932 5321 amatorem
2967 5266 3189 5320 Domini
3225 5284 3347 5322 esse
3384 5272 3549 5324 testa-

1914 5366 2003 5417 tus
2029 5368 2113 5417 est
2149 5379 2263 5417 non
2294 5361 2620 5416 inveniatur
2654 5362 2712 5414 in
2750 5359 2929 5413 nobis.
2958 5358 3100 5424 Quia
3139 5362 3436 5435 negligens
3467 5369 3547 5420 to-

1914 5457 2020 5511 ties
2061 5456 2527 5511 commendatum
2569 5470 2802 5525 gregem
2833 5454 3184 5511 convincitur
3221 5474 3385 5512 suum
3432 5476 3541 5513 non

1914 5567 2106 5606 amare
2150 5555 2458 5622 pastorem.
2491 5550 2632 5603 Cum
2672 5564 2809 5619 ergo
2848 5548 2987 5603 mihi
3033 5549 3101 5605 de
3146 5550 3432 5605 charitatis
3459 5568 3545 5606 vc-

1916 5652 2047 5701 strae
2078 5645 2294 5699 actibus
2322 5643 2578 5699 fraterna
2604 5642 2824 5698 actione
2853 5643 3089 5698 sollicito
3132 5644 3298 5698 certis
3323 5644 3546 5700 indiciis

1916 5739 2248 5807 innotuerit,
2276 5754 2373 5793 vos
2403 5739 2458 5792 in
2499 5754 2565 5792 eo
2593 5737 2745 5809 quod
2773 5736 2927 5792 inter
2969 5743 3318 5792 sacramenta
3366 5739 3546 5795 Ecclc.

1918 5835 2013 5889 siae
2052 5832 2361 5906 principale
2393 5838 2497 5902 est,
2525 5832 2596 5887 ab
2640 5830 2961 5903 apostolicae
3004 5830 3374 5886 institutionis
3419 5849 3544 5890 con-

1919 5928 2219 5985 suetudine
2257 5927 2595 5999 discrepare,
2628 5927 2703 5981 ita
2732 5931 2796 5980 ut
2832 5922 3094 5994 baptismi
3126 5933 3544 5983 sacramentum
