4034 6318
476 353 570 417 8³71

1376 349 1658 412 APPEND.
1701 357 1787 410 AD
1825 356 1984 410 SzEC.
2029 351 2112 408 IX.
2146 382 2214 392 -—
2255 349 2504 409 lSlDORl
2542 347 2968 410 MERCATORIS

3759 353 3871 405 872

476 468 840 523 numerosius
867 467 922 520 in
945 467 1033 520 die
1053 465 1379 536 Epiphania
1401 481 1573 536 quam
1592 463 1842 535 paschali
1862 469 2116 533 tempore
2140 476 2196 546 Α
2223 463 2455 518 tinuatis
2500 468 2666 518 erunt
2711 462 3033 533 deputanda
3075 461 3252 527 festis,
3302 460 3436 530 quia
3483 459 3678 512 omnia
3724 460 3869 512 sunt

475 560 790 626 celebratis,
808 560 988 614 miror
1003 575 1098 612 vos
1116 558 1202 611 vel
1229 575 1600 629 pracessores
1613 562 1822 611 vestros
1837 561 1952 610 tam
1969 556 2112 610 irra-

477 653 810 708 tionabilem
848 651 1161 706 novitatem
1195 668 1467 722 usurpare
1497 651 1765 722 potuisse,
1798 654 1857 703 ut
1883 649 2116 703 confuso

474 747 746 816 temporis
779 745 1073 816 utriusque
1120 745 1396 816 mysterio
1428 745 1642 798 nullam
1681 759 1799 798 esse
1845 743 2113 797 differen-

480 843 610 894 tiam
638 839 946 893 crederetis
975 839 1126 893 inter
1153 839 1306 893 diem
1332 855 1444 909 quo
1469 838 1734 891 adoratus
1757 843 1839 891 est
1863 837 2115 892 Christus

417 918 448 1008 θ
478 951 509 986 a
541 934 746 1003 magis,
777 936 833 986 et
877 933 1031 986 diem
1081 949 1194 1002 quo
1244 932 1553 986 resurrexit
1580 948 1613 984 a
1641 931 1897 984 mortuis.
1933 930 2114 994 Quam

477 1027 699 1098 culpam
730 1027 884 1080 nullo
913 1025 1086 1080 modo
1115 1025 1441 1096 potuissetis
1464 1025 1713 1079 incidere
1741 1025 1786 1077 si
1814 1024 1962 1078 unde
1983 1041 2115 1077 con-

473 1120 846 1176 secrationem
877 1121 1114 1174 honoris
1137 1119 1414 1190 accipitis,
1443 1119 1576 1173 inde
1608 1120 1794 1188 legem
1819 1118 1988 1172 totius
2019 1117 2113 1171 ob—

474 1214 769 1269 servantia
791 1213 1109 1279 sumeretis,
1137 1216 1194 1268 et
1213 1213 1362 1266 beati
1382 1213 1530 1266 Petri
1550 1211 1789 1283 apostoli
1812 1211 1968 1266 sedes
1987 1228 2113 1281 qua

474 1309 631 1363 vobis
662 1307 1026 1362 sacerdotalis
1062 1310 1248 1361 mater
1285 1312 1369 1360 est
1412 1305 1721 1375 dignitatis,
1756 1309 1901 1359 esset
1937 1305 2108 1359 eccle-

474 1402 708 1456 siastica
738 1400 1208 1473 magistrationis.
1225 1405 1266 1454 A
1294 1401 1454 1470 cujus
1470 1417 1566 1454 vos
1591 1399 1803 1470 regulis
1824 1398 2112 1453 recessisse

475 1496 663 1550 minus
701 1499 887 1567 posset
937 1494 1332 1566 aequanimiter
1371 1493 1619 1560 tolerari,
1649 1494 1693 1546 si
1729 1493 1916 1564 aliqua
1954 1509 2108 1546 com-

473 1590 805 1644 monitionis
830 1593 1039 1643 nostra
1067 1588 1274 1660 pagina
1300 1588 1698 1658 praecessisset.
1731 1588 1889 1640 Nunc
1918 1591 2110 1640 autem

473 1685 609 1755 quia
631 1699 745 1737 non
770 1683 1107 1753 desperatur
1123 1681 1420 1750 correctio,
1439 1681 1814 1735 mansuetudo
1836 1680 2112 1735 servanda

476 1785 576 1832 est.
608 1778 673 1830 Et
717 1777 846 1830 licet
885 1776 977 1829 vix
1026 1775 1259 1830 ferenda
1301 1776 1373 1830 sit
1421 1773 1779 1828 sacerdotalis
1822 1773 2106 1828 excusatio

475 1887 601 1943 qua
617 1869 936 1941 pratendat
964 1869 1341 1937 inscientiam,
1363 1869 1671 1922 maluimus
1691 1873 1884 1922 tamen
1905 1873 1960 1922 et
1980 1884 2108 1920 cen-
2127 1850 2184 1921 B

475 1980 664 2018 suram
706 1964 1079 2018 necessariam
1124 1969 1465 2033 temperare,
1494 1965 1550 2016 et
1585 1962 1801 2016 ratione
1830 1978 1924 2015 vos
1953 1977 2108 2031 aper-

475 2057 702 2113 tissima
721 2057 969 2112 veritatis
985 2056 1263 2110 instruere
1273 2032 1543 2133 \Semper
1561 2055 1791 2126 quidem
1813 2055 1870 2109 in
1892 2059 2106 2109 aterno

474 2151 705 2206 consilio
719 2152 814 2206 Dei
833 2151 1046 2204 mansit
1065 2150 1301 2204 humani
1325 2149 1548 2220 generis
1565 2149 2108 2203 incommutabiliter

471 2245 851 2316 praordinata
895 2245 1202 2316 reparatio,
1235 2244 1333 2298 sed
1372 2244 1510 2298 ordo
1551 2259 1747 2305 rerum
1788 2259 1890 2313 per
1915 2244 2105 2298 Jesum

473 2340 762 2396 Christum
790 2339 1094 2393 Dominum
1122 2344 1383 2393 nostrum
1410 2337 1798 2408 temporaliter
1824 2336 2101 2407 gerenda-

472 2451 600 2488 rum
649 2433 1035 2487 incarnatione
1081 2433 1248 2486 Verbi
1299 2431 1541 2502 sumpsit
1585 2430 1902 2485 exordium.
1947 2431 2105 2484 Unde

471 2527 622 2580 aliud
645 2531 872 2597 tempus
895 2532 978 2580 est
998 2542 1111 2596 quo
1133 2525 1509 2580 annuntiante
1526 2524 1726 2595 angelo
1745 2523 1914 2577 beata
1936 2523 2106 2577 Maria

471 2619 883 2675 fecundandam
919 2636 977 2673 se
1024 2636 1128 2690 per
1156 2619 1429 2690 Spiritum
1475 2622 1732 2672 sanctum
1775 2617 2017 2672 credidit
2049 2621 2106 2671 et

469 2714 743 2784 concepit,
767 2713 918 2767 aliud
958 2730 1072 2784 quo
1112 2713 1264 2767 salva
1292 2713 1625 2784 integritate
1665 2711 1920 2782 virginea
1961 2727 2104 2780 puer

471 2808 675 2875 editus,
727 2808 1040 2861 exsultante
1093 2807 1301 2878 gaudio
1348 2806 1661 2860 coelestium
1709 2805 2102 2859 ministrorum

471 2900 791 2973 pastoribus
816 2901 1118 2967 indicatur,
1137 2901 1292 2954 aliud
1319 2916 1432 2970 quo
1453 2900 1640 2953 infans
1661 2899 2108 2966 circumciditur,

472 2994 627 3050 aliud
659 3011 770 3064 quo
797 2994 978 3048 hostia
1008 3010 1109 3064 pro
1136 3011 1202 3048 eo
1228 2993 1507 3064 regularis
1531 2992 1784 3060 offertur,
1806 2991 1959 3046 aliud
1991 3009 2102 3062 quo

475 3093 588 3143 tres
609 3088 764 3158 magi
791 3087 1047 3142 claritate
1069 3088 1201 3142 novi
1228 3087 1425 3141 sideris
1449 3086 1668 3141 incitati
1695 3087 1754 3140 in
1777 3086 2102 3140 Bethlehem

470 3183 541 3237 ab
569 3182 788 3236 oriente
833 3181 1189 3252 perveniunt,
1222 3186 1279 3235 et
1319 3180 1615 3235 adoratum
1653 3180 1948 3250 parvulum
1977 3196 2099 3251 my-

470 3278 608 3331 stica
634 3291 938 3330 munerum
968 3275 1255 3329 oblatione
1279 3278 1642 3328 venerantur.
1665 3275 1776 3328 Nec
1796 3273 1948 3328 idem
1972 3279 2105 3328 sunt

470 3371 589 3426 dies
645 3369 849 3442 quibus
913 3369 1088 3440 impio
1152 3369 1352 3424 Herodi
1409 3368 1672 3423 ordinata
1727 3368 1996 3422 divinitus
2042 3369 2100 3422 in

466 3466 773 3536 Egyptum
799 3463 1173 3518 translatione
1201 3463 1519 3518 subtractus
1551 3466 1656 3531 est,
1687 3463 1772 3517 vel
1802 3463 2007 3534 quibus
2032 3463 2102 3518 ab

469 3561 708 3631 .Egypto
734 3558 794 3612 in
824 3557 1109 3612 Galilaeam
1141 3561 1503 3628 persecutore
1542 3560 1764 3612 mortuo
1807 3561 2103 3612 revocatus

468 3657 569 3708 est.
592 3654 742 3708 lnter
767 3653 867 3706 has
893 3655 1086 3706 autem
1111 3651 1598 3722 dispensationum
1625 3652 1928 3707 varietates
1950 3668 2103 3706 acce-

470 3747 615 3801 dunt
666 3750 976 3816 augmenta
1026 3762 1322 3817 corporea,
1370 3746 1571 3800 crescit
1626 3745 1918 3813 Dominus,
1959 3746 2103 3800 sicut

469 3839 817 3911 evangelista
836 3842 1098 3908 testatur,
1114 3839 1459 3910 profectibus
1484 3840 1667 3894 atatis
1683 3845 1737 3895 et
1759 3839 1978 3910 gratia.
1998 3841 2102 3894 Per

471 3934 590 3988 dies
628 3932 852 3986 Pascha
893 3932 952 3985 in
983 3931 1264 4002 templum
1305 3948 1436 3986 cum
1480 3932 1809 4003 parentibus
1839 3933 2014 3999 venit,
2047 3939 2103 3988 et

469 4041 600 4081 cum
627 4025 846 4080 abesset
872 4023 1531 4091 societate,redeuntium
1549 4025 1752 4080 sedens
1770 4043 1898 4080 cum
1923 4026 2102 4080 senio-

472 4120 628 4174 ribus
647 4123 703 4174 et
724 4117 876 4172 inter
897 4117 1243 4172 admirantes
1276 4119 1582 4189 magistros
1608 4119 1915 4190 invenitur,
1935 4121 2101 4175 ratio-

471 4229 716 4285 nemque
741 4212 1112 4268 remansionis
1153 4228 1271 4266 sua
1298 4212 1562 4281 reddens,
1594 4213 1732 4285 quid
1761 4219 1863 4281 est,
1891 4213 2096 4287 inquit,

468 4307 621 4382 quod
655 4324 748 4362 me
779 4305 1156 4378 quarebatis?
1183 4306 1525 4362 Nesciebatis
1565 4307 1722 4380 quod
1764 4308 1822 4362 in
1853 4308 1942 4362 his
1972 4325 2098 4380 qua

468 4401 648 4457 Patris
679 4401 791 4456 mei
819 4406 952 4456 sunt
977 4404 1204 4472 oportet
1226 4417 1318 4455 me
1340 4401 1506 4456 esse?
1533 4403 1867 4473 Signiﬁcans
1892 4403 2015 4474 ejus
2039 4421 2098 4458 se

2123 3226 2178 3300 C

2217 558 2384 628 plena
2427 558 2730 612 miraculis.
2775 559 2982 610 Verum
3024 555 3155 626 quia
3192 553 3422 624 spiritus
3467 551 3764 622 sapientia
3803 555 3868 606 et

2218 652 2557 718 intellectus,
2588 651 2667 704 ita
2707 651 2993 722 apostolos
3019 653 3076 703 et
3112 647 3283 702 totius
3321 645 3579 701 Ecclesia
3613 644 3870 700 erudivit

2215 747 2541 816 magistros,
2567 750 2628 798 ut
2655 744 2711 798 in
2738 744 3058 799 Christiana
3086 741 3447 796 observantia
3473 739 3616 794 nihil
3644 738 3867 792 inordi-

2216 845 2434 906 natum,
2466 839 2607 892 nihil
2640 841 2930 908 pateretur
2958 853 3076 891 esse
3107 831 3864 901 confusum,.discernenda

2216 938 2383 987 erant
2410 949 2593 986 causa
2620 932 3068 999 solemnitatum,
3089 934 3146 984 et
3165 930 3224 984 in
3243 928 3513 983 omnibus
3535 925 3866 981 constitutis

2215 1030 2442 1081 Patrum
2487 1027 2932 1097 principumque
2977 1028 3302 1079 nostrorum
3342 1020 3692 1076 rationabilis
3743 1036 3865 1072 ser-

2214 1121 2395 1174 vanda
2429 1121 2717 1176 discretio.
2753 1119 2896 1184 Quia
2920 1135 3036 1173 non
3062 1118 3227 1172 aliter
3251 1133 3402 1171 unus
3426 1131 3586 1186 grex,
3619 1117 3677 1168 et
3706 1129 3863 1167 unus

2214 1219 2410 1286 pastor
2429 1231 2643 1281 sumus,
2668 1213 2796 1283 nisi,
2826 1213 3316 1285 quemadmodum
3345 1209 3641 1281 Apostolus
3663 1207 3857 1273 docet,

2213 1310 2462 1380 idipsum
2493 1309 2746 1363 dicamus
2791 1323 3010 1362 omnes.
3043 1306 3232 1361 Simus
3275 1309 3466 1380 aptem
3510 1301 3748 1374 perfecti
3795 1301 3859 1354 in

2213 1403 2411 1458 eodem
2439 1419 2628 1469 sensu,
2653 1405 2708 1456 et
2734 1402 2790 1455 in
2825 1401 3026 1456 eadem
3053 1373 3606 1474 scientia.‘Quam_vis
3630 1411 3773 1466 ergo
3795 1401 3857 1448 et

2212 1498 2308 1552 illa
2327 1514 2452 1568 qua
2469 1497 2541 1550 ad
2564 1496 2971 1564 humilitatem,
2991 1499 3049 1549 et
3065 1511 3194 1566 qua
3211 1493 3281 1548 ad
3299 1468 3541 1562 gloriam
3561 1489 3855 1562 pertinent

2211 1592 2415 1648 Christi
2444 1592 2500 1645 in
2536 1607 2706 1644 unam
2732 1594 3075 1661 percurrant
3109 1587 3488 1657 eamdemque
3517 1600 3849 1656 personam,

2212 1689 2511 1756 totumque
2545 1684 2821 1756 quidquid
2854 1683 2914 1738 in
2943 1683 3061 1752 illo,
3091 1688 3148 1736 et
3177 1680 3400 1734 virtutis
3427 1679 3631 1734 divina
3658 1682 3764 1745 est,
3798 1684 3856 1732 et

2211 1779 2553 1834 inﬁrmitatis
2591 1779 2858 1833 humana
2900 1777 2970 1832 ad
3010 1779 3219 1830 nostra
3253 1773 3628 1846 reparationis
3655 1771 3857 1827 tendat

2209 1873 2496 1939 effectum,
2524 1872 2752 1944 proprie
2780 1875 2976 1926 tamen
3003 1871 3062 1925 in
3095 1873 3282 1924 morte
3308 1867 3582 1935 cruciﬁxi,
3604 1869 3662 1920 et
3682 1867 3741 1920 in
3766 1881 3852 1920 re-

2208 1967 2554 2022 surrectione
2575 1966 2789 2021 mortui
2808 1965 3064 2036 potentia
3086 1962 3444 2034 baptismatis
3465 1976 3671 2016 novam
3696 1976 3851 2015 crea-

2211 2066 2394 2116 turam
2441 2061 2636 2116 condit
2675 2077 2745 2114 ex
2788 2059 2988 2126 veteri,
3021 2063 3083 2112 ut
3124 2056 3568 2122 renascentibus,
3599 2059 3656 2110 et
3693 2069 3852 2107 mors

2205 2155 2410 2210 Christi
2423 2159 2692 2226 operetur
2712 2157 2766 2209 et
2784 2154 2917 2220 vita,
2933 2153 3158 2207 dicente
3178 2151 3344 2205 beato
3365 2149 3624 2221 apostolo
3639 2147 3848 2202 Paulo:

2210 2269 2236 2300 ‹‹
2269 2251 2354 2302 An
2385 2249 2662 2320 ignoratis
2689 2247 2824 2319 quia
2869 2246 3198 2318 quicunque
3238 2244 3507 2315 baptizati
3548 2258 3744 2296 sumus
3793 2241 3851 2296 in

2205 2342 2426 2397 Christo
2453 2344 2605 2409 Jesu,
2635 2343 2694 2396 in
2724 2345 2908 2395 morte
2937 2341 3113 2412 ipsius
3136 2338 3409 2409 baptizati
3438 2352 3632 2391 sumus
3653 2336 3682 2389 ‘?
3707 2335 3852 2391 Con-

2207 2437 2410 2508 sepulti
2432 2437 2585 2491 enim
2613 2452 2807 2490 sumus
2832 2451 2962 2489 cum
2990 2434 3084 2488 illo
3109 2449 3214 2505 per
3233 2431 3585 2503 baptismum
3609 2429 3668 2483 in
3697 2445 3852 2484 mor-

2205 2534 2343 2597 tem,
2377 2535 2440 2584 ut
2483 2530 2765 2600 quomodo
2811 2529 3056 2583 surrexit
3099 2526 3353 2588 Christus
3393 2542 3426 2579 a
3462 2523 3704 2578 mortuis
3741 2541 3853 2594 per

2207 2624 2447 2694 gloriam
2478 2624 2678 2689 Patris,
2711 2623 2788 2677 ita
2817 2626 2874 2677 et
2901 2639 3005 2676 nos
3042 2622 3100 2676 in
3139 2621 3388 2675 novitate
3415 2619 3544 2673 vita
3575 2617 3840 2672 ambule-

2206 2733 2352 2772 mus.
2386 2717 2441 2773 Si
2473 2717 2628 2772 enim
2669 2716 3032 2787 complantati
3080 2714 3211 2769 facti
3248 2729 3445 2768 sumus
3483 2710 3851 2766 similitudini

2206 2811 2408 2865 mortis
2458 2811 2602 2881 ejus,
2635 2810 2806 2864 simul
2855 2813 2911 2864 et
2957 2807 3379 2864 resurrectionis
3425 2806 3643 2860 erimus
3670 2805 3844 2868 (Rom.

2205 2923 2276 2972 v1,
2306 2906 2434 2974 3-5).
2460 2927 2486 2954 ››
2513 2906 2578 2958 Et
2607 2909 2813 2958 catera
2841 2921 2969 2974 qua
2995 2903 3161 2957 latius
3193 2900 3462 2972 magister
3492 2899 3750 2969 gentium
3773 2899 3848 2952 ad

2203 2998 2724 3054 commendandum
2752 3003 3174 3051 sacramentum
3209 2993 3570 3065 baptismatis
3601 2993 3847 3064 deputa-

2204 3093 2299 3161 vit,
2317 3096 2384 3147 ut
2398 3095 2697 3162 appareret
2712 3108 2778 3146 ex
2797 3091 2969 3162 hujus
2986 3090 3262 3144 doctrina
3280 3088 3480 3160 spiritu
3502 3102 3851 3158 regeneran-

2204 3187 2292 3241 dis
2316 3186 2447 3239 ﬁliis
2476 3186 2799 3253 hominum,
2828 3190 2885 3240 et
2912 3185 2971 3238 in
3004 3183 3103 3238 Dei
3131 3183 3262 3238 ﬁliis
3305 3180 3640 3252 adoptandis
3677 3180 3847 3234 illum

2205 3280 2359 3334 diem
2390 3296 2530 3349 esse,
2566 3279 2705 3334 illud
2733 3284 2957 3350 tempus
2983 3278 3246 3346 electum,
3278 3277 3338 3330 in
3366 3291 3478 3347 quo
3507 3291 3608 3345 per
3633 3273 3839 3328 simili-

2203 3374 2459 3429 tudinem
2487 3375 2738 3445 mysterii
2755 3390 2822 3428 ea
2839 3377 3171 3444 quarantur
3197 3369 3474 3425 membris
3492 3385 3618 3440 qua
3639 3369 3698 3422 in
3719 3368 3846 3439 ipso

2204 3469 2382 3539 capite
2405 3473 2538 3523 sunt
2559 3474 2715 3540 gesta
2739 3483 3078 3538 congruere,
3100 3465 3238 3520 dum
3259 3463 3622 3537 baptismatis
3643 3463 3848 3533 regula

2203 3580 2355 3618 mors
2382 3563 2689 3617 intervenit
2729 3560 3109 3616 interfectioni
3139 3558 3376 3630 peccati,
3405 3561 3462 3613 et
3487 3556 3845 3628 sepulturam

2203 3657 2522 3712 triduanam
2547 3657 2802 3712 imitatur
2827 3656 2980 3710 trina
3007 3654 3298 3722 dimersio,
3330 3656 3387 3706 et
3408 3652 3477 3706 ab
3508 3651 3673 3722 aquis
3699 3651 3846 3704 lava-

2203 3751 2282 3806 tio
2308 3750 2656 3822 insurgcntis
2678 3750 2750 3804 ad
2779 3749 2958 3804 instar
2988 3754 3071 3803 cst
3101 3749 3171 3803 de
3201 3747 3483 3818 sepulcro.
3515 3746 3640 3816 Ipsa
3664 3744 3845 3815 igitur

2202 3845 2388 3916 operis
2417 3845 2654 3917 qualitas
2679 3845 2847 3900 docet
2880 3842 3236 3898 celebranda
3266 3839 3611 3912 generaliter
3639 3838 3843 3910 gratiae

2202 3956 2332 3994 eum
2361 3956 2483 3993 esse
2514 3938 2838 4010 legitimum
2867 3937 3044 4003 diem,
3072 3938 3132 3991 in
3155 3952 3266 4008 quo
3295 3940 3417 3989 orta
3445 3937 3549 4002 est,
3577 3936 3636 3986 et
3661 3932 3842 3986 virtus

2203 4033 2478 4098 muneris,
2506 4038 2562 4088 et
2589 4032 2801 4103 species
2830 4031 3084 4086 actionis.
3114 4029 3200 4085 Ad
3228 4030 3389 4100 cujus
3421 4027 3505 4082 rei
3535 4025 3838 4080 conﬁrma-

2201 4128 2421 4182 tionem
2468 4127 2781 4199 plurimum
2821 4126 2972 4180 valet
3010 4123 3165 4196 quod
3209 4124 3328 4194 ipse
3368 4121 3638 4176 Dominus
3679 4121 3843 4175 Jesus

2201 4221 2475 4290 Christus,
2489 4227 2687 4293 postea
2704 4237 2872 4291 quam
2888 4218 3195 4274 resurrexit
3213 4234 3245 4271 a
3268 4215 3529 4282 mortuis,
3549 4213 3842 4284 discipulis

2203 4317 2259 4370 in
2286 4316 2490 4387 quibus
2530 4331 2727 4370 omnes
2758 4313 3124 4369 ecclesiarum
3166 4310 3439 4383 prasules
3469 4308 3838 4376 docebantur,

2200 4416 2255 4480 et
2280 4410 2523 4464 formam
2548 4415 2603 4464 et
2623 4413 2963 4480 potestatem
2991 4406 3227 4462 tradidit
3243 4403 3586 4476 baptizandi,
3610 4402 3837 4456 dicens:

468 4513 588 4552 esse
608 4496 790 4552 ﬁlium
819 4495 980 4566 cujus
1011 4502 1157 4550 esset
1182 4500 1239 4550 et
1264 4497 1565 4567 templum.
1587 4498 1713 4552 Jam
1734 4514 1866 4553 vero
1889 4515 2020 4553 eum
2040 4499 2095 4553 in
2172 4472 2231 4580 [ιι
2267 4505 2472 4558 Euntes
2498 4519 2634 4573 ergo
2668 4520 2821 4557 nunc
2848 4502 3042 4556 docete
3069 4516 3265 4554 omnes
3296 4503 3512 4569 gentes,
3541 4496 3839 4566 baptizan-

470 4591 634 4646 annis
685 4590 993 4662 majoribus
1046 4591 1296 4660 apertius
1350 4590 1715 4646 declarandus
1753 4592 2178 4676 baptismumD
2204 4601 2285 4652 tes
2315 4613 2412 4652 eos
2439 4598 2498 4652 in
2531 4597 2761 4652 nomine
2809 4595 2988 4650 Patris
3034 4598 3090 4648 et
3137 4593 3257 4648 Filii
3293 4597 3348 4647 et
3376 4590 3617 4662 Spiritus
3656 4591 3842 4644 sancti

468 4685 832 4757 pracursoris
876 4684 962 4738 sui
999 4685 1229 4740 Joannis
1267 4685 1498 4755 expetiit
1536 4685 1675 4757 quid
1717 4686 1940 4741 deitatis
1979 4687 2100 4757 ejus

467 4779 738 4834 remansit
765 4777 1101 4849 ambiguum
1131 4779 1359 4850 quando
1389 4779 1630 4850 Spiritus
1665 4787 1890 4836 sanctus
1920 4781 1979 4835 in
2005 4798 2098 4836 co-

467 4873 676 4928 lumba
705 4872 890 4944 specie
911 4888 1084 4943 super
1104 4889 1235 4927 eum
1264 4872 1551 4928 descendit
1579 4877 1636 4928 et
1661 4875 1887 4942 mansit,
1907 4875 2101 4929 audita

469 4968 540 5022 de
567 4968 720 5022 calls
763 4966 941 5021 Patris
975 4983 1112 5021 voce
1153 4967 1391 5022 dicentis
1425 4964 1503 5058 ἐν(
1533 4969 1613 5023 Tu
1638 4986 1695 5024 es
1727 4969 1897 5023 Filius
1937 4986 2099 5024 meus

465 5061 722 5127 dilectus,
753 5061 810 5114 in
839 5063 893 5114 te
923 5060 1068 5116 bene
1099 5062 1457 5133 complacui?
1487 5082 1513 5114 »
1549 5065 1738 5133 (Marc.
1765 5080 1801 5132 ι,
1830 5063 1937 5134 li.)
1961 5064 2098 5128 Qua

467 5156 658 5210 omnia
676 5155 802 5210 ideo
820 5161 1031 5227 quanto
1041 5157 1332 5228 potuimus
1342 5157 1616 5212 brevitate
1637 5158 2094 5228 perstrinximus,

470 5256 529 5304 ut
554 5253 752 5304 notum
782 5249 855 5303 sit
890 5250 1176 5306 dilectioni
1201 5256 1399 5306 vestra
1432 5251 1720 5307 universos
1745 5252 1863 5308 dies
1891 5253 2097 5308 Christi

463 5343 783 5399 innumeris
804 5351 1159 5400 consecratos
1191 5345 1359 5399 fuisse
1379 5345 1680 5401 virtutibus
1709 5350 1766 5400 et
1793 5347 1849 5400 in
1879 5347 2096 5402 cunctis

464 5441 510 5510 ej
522 5456 585 5494 us
609 5439 925 5494 actionibus
951 5444 1434 5493 sacramentorum
1462 5443 1732 5512 mysteria
1752 5458 2091 5510 coruscasse,

463 5534 559 5589 sed
582 5534 748 5588 aliter
772 5534 948 5603 signis
973 5533 1314 5599 denuntiari,
1337 5533 1501 5590 aliter
1528 5536 1695 5590 rebus
1724 5536 1967 5607 impleri,
1991 5553 2094 5593 nec

463 5643 820 5699 quacunque
872 5632 1250 5680 numerantur
1275 5628 1332 5681 in
1365 5629 1630 5699 operibus
1662 5630 1988 5700 Salvatoris,
2022 5633 2093 5688 ad

463 5729 688 5792 tempus
708 5719 994 5791 pertinere
1015 5719 1388 5790 baptismatis.
1422 5724 1558 5778 Nam
1588 5725 1633 5778 si
1657 5726 1826 5780 etiam
1850 5727 1946 5780 illa
1964 5743 2093 5798 qua

467 5819 588 5881 post
605 5814 758 5866 beati
781 5814 1012 5866 Joannis
1039 5813 1325 5868 lavacrum
1345 5816 1414 5870 ab
1435 5832 1502 5871 eo
1522 5823 1676 5887 gesta
1698 5821 2090 5889 cognovimus,

463 5904 564 5958 sub
592 5905 895 5957 indism'eto
919 5907 1138 5960 honore
1168 5908 1432 5976 colamus.
1458 5910 1651 5963 omnia
1678 5915 1934 5980 tempora
1961 5929 2093 5965 con-

2206 4693 2417 4759 (Mutth.
2451 4709 2641 4758 xxvm,
2679 4694 2784 4761 19).
2818 4711 2845 4740 ››
2877 4690 2954 4743 De
2986 4705 3099 4760 quo
3144 4687 3336 4758 utique
3369 4702 3465 4740 eos
3501 4684 3672 4739 etiam
3708 4690 3844 4738 ante

2203 4787 2518 4857 passionem
2548 4785 2822 4858 potuisset
2845 4785 3150 4849 instruere,
3177 4781 3284 4835 nisi
3310 4779 3554 4852 propria
3575 4778 3843 4833 voluisset

2199 4880 2438 4951 intelligi
2460 4878 2915 4949 regenerationis
2938 4877 3178 4948 gratiam
3202 4893 3265 4930 ex
3293 4891 3392 4928 sua
3419 4872 3841 4928 resurrectione

2200 4975 2428 5045 cepisse.
2459 4973 2699 5028 Additur
2718 4988 2851 5027 sane
2878 4971 3010 5026 huic
3039 4968 3415 5025 observantia
3443 4966 3617 5021 etiam
3639 4967 3842 5021 Pente-

2199 5072 2376 5123 costes
2411 5086 2476 5122 ex
2521 5067 2766 5123 adventu
2798 5066 3037 5137 Spiritus
3063 5064 3242 5119 sancti
3273 5063 3597 5118 consecrata
3624 5060 3840 5116 solem-

2199 5162 2362 5230 nitas,
2395 5179 2521 5233 qua
2548 5163 2618 5216 de
2648 5161 2922 5233 paschalis
2953 5160 3081 5214 festi
3112 5158 3321 5229 pendet
3347 5155 3602 5222 articulo,
3625 5159 3840 5209 etcum

2199 5257 2269 5311 ad
2299 5257 2436 5310 alios
2475 5257 2593 5311 dies
2631 5256 2739 5309 alia
2780 5256 2926 5308 festa
2969 5253 3312 5324 pertineant,
3343 5251 3464 5304 hac
3502 5265 3734 5319 semper
3766 5250 3841 5303 ad

2197 5351 2463 5406 eumdem
2484 5350 2581 5422 qui
2597 5348 3012 5404 resurrectione
3032 5346 3254 5401 Domini
3270 5348 3355 5400 est
3372 5342 3632 5414 insignis,
3647 5359 3842 5396 occur-

2195 5445 2287 5513 rit,
2322 5446 2624 5516 porrigens
2654 5440 3078 5516 quodammodo
3125 5437 3455 5495 auxiliantis
3483 5436 3685 5507 gratia
3714 5453 3835 5490 ma-

2196 5555 2353 5606 num,
2384 5544 2445 5592 ut
2487 5539 2546 5593 hi
2585 5556 2730 5610 quos
2774 5555 2806 5591 a
2837 5537 2924 5591 die
2963 5535 3210 5603 Pascha,
3248 5537 3347 5588 aut
3382 5531 3643 5586 molestia
3670 5529 3836 5584 infir-

2194 5633 2423 5699 mitatis,
2459 5636 2556 5686 aut
2600 5631 2988 5702 longinquitas
3044 5629 3280 5696 itineris,
3309 5632 3407 5682 aut
3451 5623 3837 5695 navigationis

2193 5727 2490 5781 difﬁcultas
2518 5724 2840 5779 interclusit
2868 5725 3094 5792 invitos,
3127 5729 3226 5777 aut
3257 5719 3603 5792 quibuslibet
3632 5733 3832 5772 neces-

2193 5820 2452 5876 sitatibus
2478 5819 2802 5890 impeditos,
2833 5818 3104 5874 desiderii
3125 5817 3212 5872 sui
3237 5816 3501 5872 effectum
3531 5813 3682 5868 dono
3712 5812 3835 5883 Spi-

2193 5916 2333 5967 ritus
2358 5913 2529 5966 sancti
2565 5916 3004 5984 consequantur.
3039 5915 3160 5983 lpse
3192 5911 3346 5965 enim
3377 5906 3700 5979 unigenitns
3731 5905 3834 5966 Dei
